  <div class='ocr_page' id='page_1' title='image "/cluster/home/n/w/nwhite01/storage/ocr_20150623/135/hvd.32044054759956/480.png"; bbox 0 0 3994 6132; ppageno 0'>
   <div class='ocr_carea' id='block_1_1' title="bbox 252 200 376 283">
    <p class='ocr_par' dir='ltr' id='par_1_1' title="bbox 252 200 376 283">
     <span class='ocr_line' id='line_1_1' title="bbox 252 200 376 283; baseline -0.008 0"><span class='ocrx_word' id='word_1_1' title='bbox 252 229 359 283; x_wconf 66' lang='lat'>949</span> <span class='ocrx_word' id='word_1_2' title='bbox 374 200 376 203; x_wconf 73' lang='grc'><em>’</em></span> 
     </span>
    </p>
   </div>
   <div class='ocr_carea' id='block_1_2' title="bbox 1176 225 2672 285">
    <p class='ocr_par' dir='ltr' id='par_1_2' title="bbox 1176 225 2672 285">
     <span class='ocr_line' id='line_1_2' title="bbox 1176 225 2672 285; baseline -0.004 -1"><span class='ocrx_word' id='word_1_3' title='bbox 1176 228 1466 284; x_wconf 85' lang='lat' dir='ltr'><strong>JOANNES</strong></span> <span class='ocrx_word' id='word_1_4' title='bbox 1505 229 1622 284; x_wconf 83' lang='lat' dir='ltr'><strong>Xlll</strong></span> <span class='ocrx_word' id='word_1_5' title='bbox 1664 230 1852 284; x_wconf 82' lang='lat' dir='ltr'><strong>PAPA.</strong></span> <span class='ocrx_word' id='word_1_6' title='bbox 1893 228 2264 285; x_wconf 75' lang='grc' dir='ltr'><strong>--ΝΟἸῚΤΙΑ</strong></span> <span class='ocrx_word' id='word_1_7' title='bbox 2304 225 2672 281; x_wconf 80' lang='lat' dir='ltr'><strong>HlSTORlCA.</strong></span> 
     </span>
    </p>
   </div>
   <div class='ocr_carea' id='block_1_3' title="bbox 3485 224 3591 280">
    <p class='ocr_par' dir='ltr' id='par_1_3' title="bbox 3485 224 3591 280">
     <span class='ocr_line' id='line_1_3' title="bbox 3485 224 3591 280; baseline 0.009 -1"><span class='ocrx_word' id='word_1_8' title='bbox 3485 224 3591 280; x_wconf 82' lang='lat'><strong>950</strong></span> 
     </span>
    </p>
   </div>
   <div class='ocr_carea' id='block_1_4' title="bbox 249 352 3588 430">
    <p class='ocr_par' dir='ltr' id='par_1_4' title="bbox 249 352 3588 430">
     <span class='ocr_line' id='line_1_4' title="bbox 249 352 3588 430; baseline -0.001 -18"><span class='ocrx_word' id='word_1_9' title='bbox 249 356 558 423; x_wconf 77' lang='lat' dir='ltr'><strong>constituit,</strong></span> <span class='ocrx_word' id='word_1_10' title='bbox 591 357 722 411; x_wconf 89' lang='lat' dir='ltr'><strong>utin</strong></span> <span class='ocrx_word' id='word_1_11' title='bbox 751 357 989 412; x_wconf 90' lang='lat' dir='ltr'><strong>adventu</strong></span> <span class='ocrx_word' id='word_1_12' title='bbox 1041 357 1275 424; x_wconf 87' lang='lat' dir='ltr'><strong>Domini,</strong></span> <span class='ocrx_word' id='word_1_13' title='bbox 1319 364 1372 412; x_wconf 92' lang='lat' dir='ltr'><strong>et</strong></span> <span class='ocrx_word' id='word_1_14' title='bbox 1400 374 1430 411; x_wconf 89' lang='lat' dir='ltr'><strong>a</strong></span> <span class='ocrx_word' id='word_1_15' title='bbox 1456 357 1870 430; x_wconf 82' lang='lat' dir='ltr'><strong>Septuagesima</strong></span> <span class='ocrx_word' id='word_1_16' title='bbox 1893 363 1943 430; x_wconf 86' lang='grc' dir='ltr'><strong>Α</strong></span> <span class='ocrx_word' id='word_1_17' title='bbox 1970 357 2161 428; x_wconf 88' lang='lat' dir='ltr'><strong>cappis</strong></span> <span class='ocrx_word' id='word_1_18' title='bbox 2192 353 2500 419; x_wconf 89' lang='lat' dir='ltr'><strong>amiciatur,</strong></span> <span class='ocrx_word' id='word_1_19' title='bbox 2550 369 2617 409; x_wconf 90' lang='lat' dir='ltr'><strong>eo</strong></span> <span class='ocrx_word' id='word_1_20' title='bbox 2649 354 2794 426; x_wconf 91' lang='lat' dir='ltr'><strong>quod</strong></span> <span class='ocrx_word' id='word_1_21' title='bbox 2828 354 2986 427; x_wconf 81' lang='lat' dir='ltr'><strong>niger</strong></span> <span class='ocrx_word' id='word_1_22' title='bbox 3023 355 3194 417; x_wconf 90' lang='lat' dir='ltr'><strong>color,</strong></span> <span class='ocrx_word' id='word_1_23' title='bbox 3246 352 3588 424; x_wconf 67' lang='lat' dir='ltr'><strong>pmnitentize</strong></span> 
     </span>
    </p>
   </div>
   <div class='ocr_carea' id='block_1_5' title="bbox 251 447 1869 522">
    <p class='ocr_par' dir='ltr' id='par_1_5' title="bbox 251 447 1869 522">
     <span class='ocr_line' id='line_1_5' title="bbox 251 447 1869 522; baseline 0.002 -23"><span class='ocrx_word' id='word_1_24' title='bbox 251 463 429 516; x_wconf 87' lang='lat' dir='ltr'><strong>usque</strong></span> <span class='ocrx_word' id='word_1_25' title='bbox 462 447 516 501; x_wconf 92' lang='lat' dir='ltr'><strong>in</strong></span> <span class='ocrx_word' id='word_1_26' title='bbox 548 447 774 513; x_wconf 85' lang='lat' dir='ltr'><strong>Pascha,</strong></span> <span class='ocrx_word' id='word_1_27' title='bbox 833 447 1011 502; x_wconf 91' lang='lat' dir='ltr'><strong>clerus</strong></span> <span class='ocrx_word' id='word_1_28' title='bbox 1074 448 1223 518; x_wconf 91' lang='lat' dir='ltr'><strong>pulla</strong></span> <span class='ocrx_word' id='word_1_29' title='bbox 1257 459 1429 513; x_wconf 84' lang='lat' dir='ltr'><strong>veste,</strong></span> <span class='ocrx_word' id='word_1_30' title='bbox 1459 448 1631 522; x_wconf 82' lang='lat' dir='ltr'><strong>nigris</strong></span> <span class='ocrx_word' id='word_1_31' title='bbox 1659 449 1869 503; x_wconf 84' lang='lat' dir='ltr'><strong>scilicet</strong></span> 
     </span>
    </p>
   </div>
   <div class='ocr_carea' id='block_1_6' title="bbox 1973 445 3298 523">
    <p class='ocr_par' dir='ltr' id='par_1_6' title="bbox 1973 445 3298 523">
     <span class='ocr_line' id='line_1_6' title="bbox 1973 445 3298 523; baseline -0.003 -19"><span class='ocrx_word' id='word_1_32' title='bbox 1973 457 2026 504; x_wconf 90' lang='lat' dir='ltr'><strong>et</strong></span> <span class='ocrx_word' id='word_1_33' title='bbox 2057 450 2367 516; x_wconf 85' lang='lat' dir='ltr'><strong>aftlictioni,</strong></span> <span class='ocrx_word' id='word_1_34' title='bbox 2401 447 2576 523; x_wconf 88' lang='lat' dir='ltr'><strong>magis</strong></span> <span class='ocrx_word' id='word_1_35' title='bbox 2605 465 2766 519; x_wconf 89' lang='lat' dir='ltr'><strong>quam</strong></span> <span class='ocrx_word' id='word_1_36' title='bbox 2792 447 2949 502; x_wconf 85' lang='lat' dir='ltr'><strong>albus</strong></span> <span class='ocrx_word' id='word_1_37' title='bbox 2988 445 3298 501; x_wconf 86' lang='lat' dir='ltr'><strong>conveniat.</strong></span> 
     </span>
    </p>
   </div>
   <div class='ocr_carea' id='block_1_7' title="bbox 1431 758 2386 805">
    <p class='ocr_par' dir='ltr' id='par_1_7' title="bbox 1431 758 2386 805">
     <span class='ocr_line' id='line_1_7' title="bbox 1431 758 2386 805; baseline 0.001 -3"><span class='ocrx_word' id='word_1_38' title='bbox 1431 759 1564 802; x_wconf 77' lang='lat' dir='ltr'><strong>ANN</strong></span> <span class='ocrx_word' id='word_1_39' title='bbox 1574 760 1610 804; x_wconf 95' lang='grc' dir='ltr'>Ο</span> <span class='ocrx_word' id='word_1_40' title='bbox 1656 760 1897 805; x_wconf 82' lang='lat' dir='ltr'><strong>DOMINI</strong></span> <span class='ocrx_word' id='word_1_41' title='bbox 1939 758 2386 804; x_wconf 82' lang='lat' dir='ltr'><strong>DCCCCLXXIII.</strong></span> 
     </span>
    </p>
   </div>
   <div class='ocr_carea' id='block_1_8' title="bbox 485 911 3324 1072">
    <p class='ocr_par' dir='ltr' id='par_1_8' title="bbox 485 911 3324 1072">
     <span class='ocr_line' id='line_1_8' title="bbox 485 911 3324 1072; baseline -0.001 -1"><span class='ocrx_word' id='word_1_42' title='bbox 485 912 1722 1072; x_wconf 87' lang='lat' dir='ltr'><strong>JOANNES</strong></span> <span class='ocrx_word' id='word_1_43' title='bbox 1873 913 2387 1072; x_wconf 86' lang='lat' dir='ltr'>XIII</span> <span class='ocrx_word' id='word_1_44' title='bbox 2534 911 3324 1071; x_wconf 84' lang='lat' dir='ltr'><strong>PAPA.</strong></span> 
     </span>
    </p>
   </div>
   <div class='ocr_carea' id='block_1_9' title="bbox 1216 1175 2601 1266">
    <p class='ocr_par' dir='ltr' id='par_1_9' title="bbox 1216 1175 2601 1266">
     <span class='ocr_line' id='line_1_9' title="bbox 1216 1175 2601 1266; baseline -0.001 -1"><span class='ocrx_word' id='word_1_45' title='bbox 1216 1177 1679 1266; x_wconf 89' lang='lat' dir='ltr'><strong>NOTITI</strong></span> <span class='ocrx_word' id='word_1_46' title='bbox 1706 1183 1767 1263; x_wconf 90' lang='lat' dir='ltr'><strong>A</strong></span> <span class='ocrx_word' id='word_1_47' title='bbox 1850 1175 2601 1266; x_wconf 83' lang='lat' dir='ltr'><strong>HISTORICA.</strong></span> 
     </span>
    </p>
   </div>
   <div class='ocr_carea' id='block_1_10' title="bbox 1327 1337 2369 1428">
    <p class='ocr_par' dir='ltr' id='par_1_10' title="bbox 1327 1337 2369 1428">
     <span class='ocr_line' id='line_1_10' title="bbox 1327 1337 2369 1428; baseline -0.002 -16"><span class='ocrx_word' id='word_1_48' title='bbox 1327 1363 1334 1369; x_wconf 79' lang='grc'><strong>“</strong></span> <span class='ocrx_word' id='word_1_49' title='bbox 1381 1359 1556 1428; x_wconf 79' lang='lat' dir='ltr'><strong>(Apud</strong></span> <span class='ocrx_word' id='word_1_50' title='bbox 1590 1358 1780 1424; x_wconf 76' lang='lat' dir='ltr'><strong>MANSI,</strong></span> <span class='ocrx_word' id='word_1_51' title='bbox 1813 1359 2011 1414; x_wconf 81' lang='lat' dir='ltr'><strong>Concil.</strong></span> <span class='ocrx_word' id='word_1_52' title='bbox 2053 1363 2181 1411; x_wconf 89' lang='lat' dir='ltr'><strong>tom.</strong></span> <span class='ocrx_word' id='word_1_53' title='bbox 2213 1337 2369 1422; x_wconf 81' lang='lat' dir='ltr'><strong>XIX.)</strong></span> 
     </span>
    </p>
   </div>
   <div class='ocr_carea' id='block_1_11' title="bbox 311 1669 3578 1750">
    <p class='ocr_par' dir='ltr' id='par_1_11' title="bbox 311 1669 3578 1750">
     <span class='ocr_line' id='line_1_11' title="bbox 311 1669 3578 1750; baseline -0.003 -18"><span class='ocrx_word' id='word_1_54' title='bbox 311 1678 553 1732; x_wconf 80' lang='lat' dir='ltr'><strong>Joannes</strong></span> <span class='ocrx_word' id='word_1_55' title='bbox 600 1677 917 1732; x_wconf 86' lang='lat' dir='ltr'><strong>Narniensis</strong></span> <span class='ocrx_word' id='word_1_56' title='bbox 960 1679 1276 1750; x_wconf 85' lang='lat' dir='ltr'><strong>episcopus,</strong></span> <span class='ocrx_word' id='word_1_57' title='bbox 1316 1688 1441 1749; x_wconf 90' lang='lat' dir='ltr'><strong>post</strong></span> <span class='ocrx_word' id='word_1_58' title='bbox 1470 1678 1679 1733; x_wconf 91' lang='lat' dir='ltr'><strong>obitum</strong></span> <span class='ocrx_word' id='word_1_59' title='bbox 1713 1678 1855 1734; x_wconf 87' lang='lat' dir='ltr'><strong>Leo-</strong></span> <span class='ocrx_word' id='word_1_60' title='bbox 1885 1683 1931 1747; x_wconf 77' lang='grc' dir='ltr'>Β</span> <span class='ocrx_word' id='word_1_61' title='bbox 1957 1676 2058 1731; x_wconf 78' lang='lat' dir='ltr'><strong>tice</strong></span> <span class='ocrx_word' id='word_1_62' title='bbox 2091 1676 2418 1746; x_wconf 78' lang='lat' dir='ltr'><strong>excepisset,</strong></span> <span class='ocrx_word' id='word_1_63' title='bbox 2479 1675 2758 1749; x_wconf 82' lang='lat' dir='ltr'><strong>digneque</strong></span> <span class='ocrx_word' id='word_1_64' title='bbox 2798 1673 3102 1739; x_wconf 79' lang='lat' dir='ltr'><strong>habuisset,</strong></span> <span class='ocrx_word' id='word_1_65' title='bbox 3161 1681 3215 1725; x_wconf 91' lang='lat' dir='ltr'><strong>et</strong></span> <span class='ocrx_word' id='word_1_66' title='bbox 3254 1670 3322 1723; x_wconf 87' lang='lat' dir='ltr'><strong>ab</strong></span> <span class='ocrx_word' id='word_1_67' title='bbox 3357 1669 3578 1724; x_wconf 81' lang='lat' dir='ltr'><strong>insidiis</strong></span> 
     </span>
    </p>
   </div>
   <div class='ocr_carea' id='block_1_12' title="bbox 235 1767 1851 1841">
    <p class='ocr_par' dir='ltr' id='par_1_12' title="bbox 235 1767 1851 1841">
     <span class='ocr_line' id='line_1_12' title="bbox 235 1767 1851 1841; baseline 0.002 -19"><span class='ocrx_word' id='word_1_68' title='bbox 235 1769 328 1823; x_wconf 91' lang='lat' dir='ltr'><strong>nis</strong></span> <span class='ocrx_word' id='word_1_69' title='bbox 384 1767 660 1838; x_wconf 83' lang='lat' dir='ltr'><strong>pontificis</strong></span> <span class='ocrx_word' id='word_1_70' title='bbox 717 1771 1087 1841; x_wconf 74' lang='lat' dir='ltr'><strong>pseudOpapze</strong></span> <span class='ocrx_word' id='word_1_71' title='bbox 1143 1771 1406 1837; x_wconf 87' lang='lat' dir='ltr'><strong>(vivente,</strong></span> <span class='ocrx_word' id='word_1_72' title='bbox 1465 1788 1532 1825; x_wconf 89' lang='lat' dir='ltr'><strong>an</strong></span> <span class='ocrx_word' id='word_1_73' title='bbox 1593 1769 1851 1826; x_wconf 88' lang='lat' dir='ltr'><strong>defuncto</strong></span> 
     </span>
    </p>
   </div>
   <div class='ocr_carea' id='block_1_13' title="bbox 237 1862 1851 1935">
    <p class='ocr_par' dir='ltr' id='par_1_13' title="bbox 237 1862 1851 1935">
     <span class='ocr_line' id='line_1_13' title="bbox 237 1862 1851 1935; baseline 0.005 -20"><span class='ocrx_word' id='word_1_74' title='bbox 237 1862 536 1917; x_wconf 88' lang='lat' dir='ltr'><strong>Benedicto</strong></span> <span class='ocrx_word' id='word_1_75' title='bbox 558 1862 773 1933; x_wconf 86' lang='lat' dir='ltr'><strong>quinto,</strong></span> <span class='ocrx_word' id='word_1_76' title='bbox 803 1863 1090 1932; x_wconf 75' lang='lat' dir='ltr'><strong>incertum)</strong></span> <span class='ocrx_word' id='word_1_77' title='bbox 1124 1864 1298 1919; x_wconf 88' lang='lat' dir='ltr'><strong>factus</strong></span> <span class='ocrx_word' id='word_1_78' title='bbox 1328 1873 1408 1919; x_wconf 90' lang='lat' dir='ltr'><strong>est</strong></span> <span class='ocrx_word' id='word_1_79' title='bbox 1438 1866 1684 1935; x_wconf 82' lang='lat' dir='ltr'><strong>pontifex</strong></span> <span class='ocrx_word' id='word_1_80' title='bbox 1706 1883 1851 1923; x_wconf 85' lang='lat' dir='ltr'><strong>anno</strong></span> 
     </span>
    </p>
   </div>
   <div class='ocr_carea' id='block_1_14' title="bbox 234 1957 1850 2030">
    <p class='ocr_par' dir='ltr' id='par_1_14' title="bbox 234 1957 1850 2030">
     <span class='ocr_line' id='line_1_14' title="bbox 234 1957 1850 2030; baseline 0.004 -21"><span class='ocrx_word' id='word_1_81' title='bbox 234 1957 452 2011; x_wconf 90' lang='lat' dir='ltr'><strong>Domini</strong></span> <span class='ocrx_word' id='word_1_82' title='bbox 480 1957 604 2021; x_wconf 75' lang='lat'><strong>965,</strong></span> <span class='ocrx_word' id='word_1_83' title='bbox 641 1959 984 2027; x_wconf 85' lang='lat' dir='ltr'><strong>temporibus</strong></span> <span class='ocrx_word' id='word_1_84' title='bbox 1015 1959 1226 2014; x_wconf 92' lang='lat' dir='ltr'><strong>Ottonis</strong></span> <span class='ocrx_word' id='word_1_85' title='bbox 1258 1967 1310 2013; x_wconf 80' lang='lat' dir='ltr'><strong>et</strong></span> <span class='ocrx_word' id='word_1_86' title='bbox 1338 1961 1630 2030; x_wconf 80' lang='lat' dir='ltr'><strong>Nicephori</strong></span> <span class='ocrx_word' id='word_1_87' title='bbox 1656 1962 1850 2017; x_wconf 70' lang='lat' dir='ltr'><strong>Phocze</strong></span> 
     </span>
    </p>
   </div>
   <div class='ocr_carea' id='block_1_15' title="bbox 229 2045 1850 2119">
    <p class='ocr_par' dir='ltr' id='par_1_15' title="bbox 229 2045 1850 2119">
     <span class='ocr_line' id='line_1_15' title="bbox 229 2045 1850 2119; baseline 0.003 -20"><span class='ocrx_word' id='word_1_88' title='bbox 229 2045 649 2115; x_wconf 84' lang='lat' dir='ltr'><strong>imperatorum.</strong></span> <span class='ocrx_word' id='word_1_89' title='bbox 685 2047 783 2110; x_wconf 87' lang='lat' dir='ltr'><strong>Qui</strong></span> <span class='ocrx_word' id='word_1_90' title='bbox 813 2063 934 2101; x_wconf 90' lang='lat' dir='ltr'><strong>cum</strong></span> <span class='ocrx_word' id='word_1_91' title='bbox 970 2047 1123 2103; x_wconf 92' lang='lat' dir='ltr'><strong>initio</strong></span> <span class='ocrx_word' id='word_1_92' title='bbox 1148 2048 1499 2119; x_wconf 85' lang='lat' dir='ltr'><strong>pontificatus</strong></span> <span class='ocrx_word' id='word_1_93' title='bbox 1555 2050 1850 2119; x_wconf 86' lang='lat' dir='ltr'><strong>optimates</strong></span> 
     </span>
    </p>
   </div>
   <div class='ocr_carea' id='block_1_16' title="bbox 229 2135 1850 2208">
    <p class='ocr_par' dir='ltr' id='par_1_16' title="bbox 229 2135 1850 2208">
     <span class='ocr_line' id='line_1_16' title="bbox 229 2135 1850 2208; baseline 0.002 -19"><span class='ocrx_word' id='word_1_94' title='bbox 229 2135 607 2190; x_wconf 82' lang='lat' dir='ltr'><strong>Romanorum</strong></span> <span class='ocrx_word' id='word_1_95' title='bbox 665 2136 844 2191; x_wconf 90' lang='lat' dir='ltr'><strong>acrius</strong></span> <span class='ocrx_word' id='word_1_96' title='bbox 898 2136 1129 2192; x_wconf 80' lang='lat' dir='ltr'><strong>fortasse</strong></span> <span class='ocrx_word' id='word_1_97' title='bbox 1185 2154 1347 2208; x_wconf 89' lang='lat' dir='ltr'><strong>quam</strong></span> <span class='ocrx_word' id='word_1_98' title='bbox 1382 2139 1669 2207; x_wconf 75' lang='lat' dir='ltr'><strong>Oportebat</strong></span> <span class='ocrx_word' id='word_1_99' title='bbox 1701 2139 1850 2193; x_wconf 86' lang='lat' dir='ltr'><strong>inse-</strong></span> 
     </span>
    </p>
   </div>
   <div class='ocr_carea' id='block_1_17' title="bbox 224 2229 1845 2302">
    <p class='ocr_par' dir='ltr' id='par_1_17' title="bbox 224 2229 1845 2302">
     <span class='ocr_line' id='line_1_17' title="bbox 224 2229 1845 2302; baseline 0.002 -20"><span class='ocrx_word' id='word_1_100' title='bbox 224 2236 717 2298; x_wconf 89' lang='lat' dir='ltr'><strong>queretur,eorum</strong></span> <span class='ocrx_word' id='word_1_101' title='bbox 748 2229 960 2284; x_wconf 91' lang='lat' dir='ltr'><strong>monitu</strong></span> <span class='ocrx_word' id='word_1_102' title='bbox 1010 2230 1078 2283; x_wconf 88' lang='lat' dir='ltr'><strong>ab</strong></span> <span class='ocrx_word' id='word_1_103' title='bbox 1135 2229 1297 2284; x_wconf 85' lang='lat' dir='ltr'><strong>Urbis</strong></span> <span class='ocrx_word' id='word_1_104' title='bbox 1339 2229 1597 2300; x_wconf 66' lang='lat' dir='ltr'><strong>praefecto</strong></span> <span class='ocrx_word' id='word_1_105' title='bbox 1632 2238 1845 2302; x_wconf 87' lang='lat' dir='ltr'><strong>captus,</strong></span> 
     </span>
    </p>
   </div>
   <div class='ocr_carea' id='block_1_18' title="bbox 227 2316 1846 2388">
    <p class='ocr_par' dir='ltr' id='par_1_18' title="bbox 227 2316 1846 2388">
     <span class='ocr_line' id='line_1_18' title="bbox 227 2316 1846 2388; baseline 0.002 -19"><span class='ocrx_word' id='word_1_106' title='bbox 227 2316 506 2388; x_wconf 75' lang='lat' dir='ltr'><strong>relegatus</strong></span> <span class='ocrx_word' id='word_1_107' title='bbox 535 2324 619 2371; x_wconf 90' lang='lat' dir='ltr'><strong>est</strong></span> <span class='ocrx_word' id='word_1_108' title='bbox 669 2317 724 2370; x_wconf 93' lang='lat' dir='ltr'><strong>in</strong></span> <span class='ocrx_word' id='word_1_109' title='bbox 775 2317 1144 2388; x_wconf 85' lang='lat' dir='ltr'><strong>Campaniam.</strong></span> <span class='ocrx_word' id='word_1_110' title='bbox 1199 2317 1306 2372; x_wconf 90' lang='lat' dir='ltr'><strong>Sed</strong></span> <span class='ocrx_word' id='word_1_111' title='bbox 1366 2318 1494 2370; x_wconf 92' lang='lat' dir='ltr'><strong>dum</strong></span> <span class='ocrx_word' id='word_1_112' title='bbox 1529 2318 1846 2387; x_wconf 86' lang='lat' dir='ltr'><strong>imperatori</strong></span> 
     </span>
    </p>
   </div>
   <div class='ocr_carea' id='block_1_19' title="bbox 226 2408 1843 2478">
    <p class='ocr_par' dir='ltr' id='par_1_19' title="bbox 226 2408 1843 2478">
     <span class='ocr_line' id='line_1_19' title="bbox 226 2408 1843 2478; baseline 0.001 -16"><span class='ocrx_word' id='word_1_113' title='bbox 226 2408 412 2462; x_wconf 89' lang='lat' dir='ltr'><strong>Ottoni</strong></span> <span class='ocrx_word' id='word_1_114' title='bbox 444 2409 562 2464; x_wconf 64' lang='lat' dir='ltr'><strong>hazc</strong></span> <span class='ocrx_word' id='word_1_115' title='bbox 616 2409 1004 2476; x_wconf 88' lang='lat' dir='ltr'><strong>innotuissent,</strong></span> <span class='ocrx_word' id='word_1_116' title='bbox 1054 2410 1122 2464; x_wconf 91' lang='lat' dir='ltr'><strong>ad</strong></span> <span class='ocrx_word' id='word_1_117' title='bbox 1171 2409 1553 2464; x_wconf 89' lang='lat' dir='ltr'><strong>vindicandam</strong></span> <span class='ocrx_word' id='word_1_118' title='bbox 1590 2409 1843 2478; x_wconf 89' lang='lat' dir='ltr'><strong>injuriam</strong></span> 
     </span>
    </p>
   </div>
   <div class='ocr_carea' id='block_1_20' title="bbox 227 2495 1843 2568">
    <p class='ocr_par' dir='ltr' id='par_1_20' title="bbox 227 2495 1843 2568">
     <span class='ocr_line' id='line_1_20' title="bbox 227 2495 1843 2568; baseline 0.002 -19"><span class='ocrx_word' id='word_1_119' title='bbox 227 2495 480 2566; x_wconf 83' lang='lat' dir='ltr'><strong>pontifici</strong></span> <span class='ocrx_word' id='word_1_120' title='bbox 501 2497 722 2565; x_wconf 90' lang='lat' dir='ltr'><strong>illatam,</strong></span> <span class='ocrx_word' id='word_1_121' title='bbox 761 2498 878 2568; x_wconf 91' lang='lat' dir='ltr'><strong>ipse</strong></span> <span class='ocrx_word' id='word_1_122' title='bbox 927 2498 980 2551; x_wconf 88' lang='lat' dir='ltr'><strong>in</strong></span> <span class='ocrx_word' id='word_1_123' title='bbox 1032 2498 1239 2551; x_wconf 87' lang='lat' dir='ltr'><strong>Italiam</strong></span> <span class='ocrx_word' id='word_1_124' title='bbox 1289 2497 1566 2568; x_wconf 87' lang='lat' dir='ltr'><strong>profectus</strong></span> <span class='ocrx_word' id='word_1_125' title='bbox 1614 2509 1718 2564; x_wconf 87' lang='lat' dir='ltr'><strong>est,</strong></span> <span class='ocrx_word' id='word_1_126' title='bbox 1754 2516 1843 2553; x_wconf 83' lang='lat' dir='ltr'><strong>re-</strong></span> 
     </span>
    </p>
   </div>
   <div class='ocr_carea' id='block_1_21' title="bbox 226 2587 1840 2659">
    <p class='ocr_par' dir='ltr' id='par_1_21' title="bbox 226 2587 1840 2659">
     <span class='ocr_line' id='line_1_21' title="bbox 226 2587 1840 2659; baseline 0.004 -19"><span class='ocrx_word' id='word_1_127' title='bbox 226 2587 540 2659; x_wconf 86' lang='lat' dir='ltr'><strong>stitutoque</strong></span> <span class='ocrx_word' id='word_1_128' title='bbox 595 2589 828 2655; x_wconf 83' lang='lat' dir='ltr'><strong>Joanne,</strong></span> <span class='ocrx_word' id='word_1_129' title='bbox 873 2589 940 2644; x_wconf 88' lang='lat' dir='ltr'><strong>de</strong></span> <span class='ocrx_word' id='word_1_130' title='bbox 1019 2589 1168 2644; x_wconf 92' lang='lat' dir='ltr'><strong>illius</strong></span> <span class='ocrx_word' id='word_1_131' title='bbox 1253 2590 1503 2644; x_wconf 86' lang='lat' dir='ltr'><strong>hostibus</strong></span> <span class='ocrx_word' id='word_1_132' title='bbox 1546 2590 1840 2647; x_wconf 77' lang='lat' dir='ltr'><strong>vindictam</strong></span> 
     </span>
    </p>
   </div>
   <div class='ocr_carea' id='block_1_22' title="bbox 222 2677 1846 2748">
    <p class='ocr_par' dir='ltr' id='par_1_22' title="bbox 222 2677 1846 2748">
     <span class='ocr_line' id='line_1_22' title="bbox 222 2677 1846 2748; baseline 0.004 -18"><span class='ocrx_word' id='word_1_133' title='bbox 222 2677 463 2746; x_wconf 88' lang='lat' dir='ltr'><strong>sumpsit</strong></span> <span class='ocrx_word' id='word_1_134' title='bbox 515 2677 693 2745; x_wconf 88' lang='lat' dir='ltr'><strong>istam,</strong></span> <span class='ocrx_word' id='word_1_135' title='bbox 744 2677 1062 2748; x_wconf 65' lang='lat' dir='ltr'><strong>praefectum</strong></span> <span class='ocrx_word' id='word_1_136' title='bbox 1119 2678 1276 2733; x_wconf 90' lang='lat' dir='ltr'><strong>Urbis</strong></span> <span class='ocrx_word' id='word_1_137' title='bbox 1326 2680 1600 2734; x_wconf 85' lang='lat' dir='ltr'><strong>viventem</strong></span> <span class='ocrx_word' id='word_1_138' title='bbox 1635 2683 1846 2736; x_wconf 88' lang='lat' dir='ltr'><strong>curavit</strong></span> 
     </span>
    </p>
   </div>
   <div class='ocr_carea' id='block_1_23' title="bbox 224 2767 1840 2841">
    <p class='ocr_par' dir='ltr' id='par_1_23' title="bbox 224 2767 1840 2841">
     <span class='ocr_line' id='line_1_23' title="bbox 224 2767 1840 2841; baseline 0.004 -20"><span class='ocrx_word' id='word_1_139' title='bbox 224 2767 522 2834; x_wconf 86' lang='lat' dir='ltr'><strong>denudari,</strong></span> <span class='ocrx_word' id='word_1_140' title='bbox 556 2769 988 2841; x_wconf 90' lang='lat' dir='ltr'><strong>impositumque</strong></span> <span class='ocrx_word' id='word_1_141' title='bbox 1038 2770 1194 2825; x_wconf 75' lang='lat' dir='ltr'><strong>asino</strong></span> <span class='ocrx_word' id='word_1_142' title='bbox 1245 2779 1297 2826; x_wconf 87' lang='lat' dir='ltr'><strong>et</strong></span> <span class='ocrx_word' id='word_1_143' title='bbox 1351 2778 1470 2825; x_wconf 90' lang='lat' dir='ltr'><strong>utre</strong></span> <span class='ocrx_word' id='word_1_144' title='bbox 1502 2772 1840 2838; x_wconf 91' lang='lat' dir='ltr'><strong>redimitum,</strong></span> 
     </span>
    </p>
   </div>
   <div class='ocr_carea' id='block_1_24' title="bbox 222 2861 1840 2934">
    <p class='ocr_par' dir='ltr' id='par_1_24' title="bbox 222 2861 1840 2934">
     <span class='ocr_line' id='line_1_24' title="bbox 222 2861 1840 2934; baseline 0.005 -21"><span class='ocrx_word' id='word_1_145' title='bbox 222 2861 292 2914; x_wconf 87' lang='lat' dir='ltr'><strong>ad</strong></span> <span class='ocrx_word' id='word_1_146' title='bbox 322 2861 620 2916; x_wconf 86' lang='lat' dir='ltr'><strong>ludibrium</strong></span> <span class='ocrx_word' id='word_1_147' title='bbox 668 2862 1027 2928; x_wconf 89' lang='lat' dir='ltr'><strong>circumduci,</strong></span> <span class='ocrx_word' id='word_1_148' title='bbox 1097 2862 1374 2934; x_wconf 82' lang='lat' dir='ltr'><strong>virgisque</strong></span> <span class='ocrx_word' id='word_1_149' title='bbox 1419 2865 1574 2927; x_wconf 71' lang='lat' dir='ltr'><strong>caedi,</strong></span> <span class='ocrx_word' id='word_1_150' title='bbox 1634 2883 1698 2921; x_wconf 88' lang='lat' dir='ltr'><strong>ac</strong></span> <span class='ocrx_word' id='word_1_151' title='bbox 1740 2867 1840 2921; x_wconf 88' lang='lat' dir='ltr'><strong>de-</strong></span> 
     </span>
    </p>
   </div>
   <div class='ocr_carea' id='block_1_25' title="bbox 1956 1765 3572 1839">
    <p class='ocr_par' dir='ltr' id='par_1_25' title="bbox 1956 1765 3572 1839">
     <span class='ocr_line' id='line_1_25' title="bbox 1956 1765 3572 1839; baseline -0.002 -17"><span class='ocrx_word' id='word_1_152' title='bbox 1956 1769 2264 1839; x_wconf 88' lang='lat' dir='ltr'><strong>Pandulphi</strong></span> <span class='ocrx_word' id='word_1_153' title='bbox 2299 1767 2564 1837; x_wconf 86' lang='lat' dir='ltr'><strong>principis</strong></span> <span class='ocrx_word' id='word_1_154' title='bbox 2617 1767 2859 1837; x_wconf 75' lang='lat' dir='ltr'><strong>(lapuani</strong></span> <span class='ocrx_word' id='word_1_155' title='bbox 2904 1765 3140 1820; x_wconf 84' lang='lat' dir='ltr'><strong>fideliter</strong></span> <span class='ocrx_word' id='word_1_156' title='bbox 3165 1765 3572 1829; x_wconf 86' lang='lat' dir='ltr'><strong>custodivissct,</strong></span> 
     </span>
    </p>
   </div>
   <div class='ocr_carea' id='block_1_26' title="bbox 1955 1855 3572 1933">
    <p class='ocr_par' dir='ltr' id='par_1_26' title="bbox 1955 1855 3572 1933">
     <span class='ocr_line' id='line_1_26' title="bbox 1955 1855 3572 1933; baseline -0.004 -18"><span class='ocrx_word' id='word_1_157' title='bbox 1955 1860 2466 1930; x_wconf 88' lang='lat' dir='ltr'><strong>archiepiscopatus</strong></span> <span class='ocrx_word' id='word_1_158' title='bbox 2509 1859 2776 1933; x_wconf 81' lang='lat' dir='ltr'><strong>dignitate</strong></span> <span class='ocrx_word' id='word_1_159' title='bbox 2834 1857 3186 1930; x_wconf 85' lang='lat' dir='ltr'><strong>gratitudinis</strong></span> <span class='ocrx_word' id='word_1_160' title='bbox 3242 1872 3372 1928; x_wconf 86' lang='lat' dir='ltr'><strong>ergo</strong></span> <span class='ocrx_word' id='word_1_161' title='bbox 3432 1855 3572 1909; x_wconf 91' lang='lat' dir='ltr'><strong>insi-</strong></span> 
     </span>
    </p>
   </div>
   <div class='ocr_carea' id='block_1_27' title="bbox 1954 1951 3572 2029">
    <p class='ocr_par' dir='ltr' id='par_1_27' title="bbox 1954 1951 3572 2029">
     <span class='ocr_line' id='line_1_27' title="bbox 1954 1951 3572 2029; baseline -0.002 -21"><span class='ocrx_word' id='word_1_162' title='bbox 1954 1956 2146 2029; x_wconf 88' lang='lat' dir='ltr'><strong>gnivit.</strong></span> <span class='ocrx_word' id='word_1_163' title='bbox 2179 1955 2267 2008; x_wconf 83' lang='lat' dir='ltr'><strong>llis</strong></span> <span class='ocrx_word' id='word_1_164' title='bbox 2295 1955 2528 2025; x_wconf 88' lang='lat' dir='ltr'><strong>peractis</strong></span> <span class='ocrx_word' id='word_1_165' title='bbox 2582 1953 2836 2026; x_wconf 83' lang='lat' dir='ltr'><strong>contigit,</strong></span> <span class='ocrx_word' id='word_1_166' title='bbox 2889 1969 3012 2007; x_wconf 93' lang='lat' dir='ltr'><strong>cum</strong></span> <span class='ocrx_word' id='word_1_167' title='bbox 3059 1951 3126 2006; x_wconf 88' lang='lat' dir='ltr'><strong>ad</strong></span> <span class='ocrx_word' id='word_1_168' title='bbox 3159 1951 3355 2006; x_wconf 90' lang='lat' dir='ltr'><strong>urbem</strong></span> <span class='ocrx_word' id='word_1_169' title='bbox 3384 1967 3572 2004; x_wconf 88' lang='lat' dir='ltr'><strong>rever-</strong></span> 
     </span>
    </p>
   </div>
   <div class='ocr_carea' id='block_1_28' title="bbox 1954 2043 3570 2116">
    <p class='ocr_par' dir='ltr' id='par_1_28' title="bbox 1954 2043 3570 2116">
     <span class='ocr_line' id='line_1_28' title="bbox 1954 2043 3570 2116; baseline -0.002 -18"><span class='ocrx_word' id='word_1_170' title='bbox 1954 2047 2128 2110; x_wconf 85' lang='lat' dir='ltr'><strong>tisset,</strong></span> <span class='ocrx_word' id='word_1_171' title='bbox 2160 2045 2475 2116; x_wconf 89' lang='lat' dir='ltr'><strong>primariam</strong></span> <span class='ocrx_word' id='word_1_172' title='bbox 2501 2044 2885 2097; x_wconf 89' lang='lat' dir='ltr'><strong>Lateranensis</strong></span> <span class='ocrx_word' id='word_1_173' title='bbox 2944 2043 3190 2097; x_wconf 64' lang='lat' dir='ltr'><strong>ecclesiae</strong></span> <span class='ocrx_word' id='word_1_174' title='bbox 3225 2058 3570 2112; x_wconf 88' lang='lat' dir='ltr'><strong>campanam,</strong></span> 
     </span>
    </p>
   </div>
   <div class='ocr_carea' id='block_1_29' title="bbox 1952 2135 3572 2212">
    <p class='ocr_par' dir='ltr' id='par_1_29' title="bbox 1952 2135 3572 2212">
     <span class='ocr_line' id='line_1_29' title="bbox 1952 2135 3572 2212; baseline -0.002 -20"><span class='ocrx_word' id='word_1_175' title='bbox 1952 2139 2104 2192; x_wconf 68' lang='lat' dir='ltr'><strong>mirae</strong></span> <span class='ocrx_word' id='word_1_176' title='bbox 2136 2136 2557 2212; x_wconf 81' lang='lat' dir='ltr'><strong>magnitudinis,</strong></span> <span class='ocrx_word' id='word_1_177' title='bbox 2591 2151 2786 2190; x_wconf 91' lang='lat' dir='ltr'><strong>recens</strong></span> <span class='ocrx_word' id='word_1_178' title='bbox 2814 2135 3008 2197; x_wconf 87' lang='lat' dir='ltr'><strong>fusam,</strong></span> <span class='ocrx_word' id='word_1_179' title='bbox 3053 2151 3220 2203; x_wconf 83' lang='lat' dir='ltr'><strong>super</strong></span> <span class='ocrx_word' id='word_1_180' title='bbox 3260 2135 3572 2206; x_wconf 89' lang='lat' dir='ltr'><strong>campanile</strong></span> 
     </span>
    </p>
   </div>
   <div class='ocr_carea' id='block_1_30' title="bbox 1952 2225 3576 2300">
    <p class='ocr_par' dir='ltr' id='par_1_30' title="bbox 1952 2225 3576 2300">
     <span class='ocr_line' id='line_1_30' title="bbox 1952 2225 3576 2300; baseline -0.001 -17"><span class='ocrx_word' id='word_1_181' title='bbox 1952 2229 2176 2294; x_wconf 81' lang='lat' dir='ltr'><strong>elevari,</strong></span> <span class='ocrx_word' id='word_1_182' title='bbox 2210 2245 2372 2300; x_wconf 88' lang='lat' dir='ltr'><strong>quam</strong></span> <span class='ocrx_word' id='word_1_183' title='bbox 2403 2229 2640 2299; x_wconf 91' lang='lat' dir='ltr'><strong>primum</strong></span> <span class='ocrx_word' id='word_1_184' title='bbox 2674 2227 2819 2281; x_wconf 90' lang='lat' dir='ltr'><strong>idem</strong></span> <span class='ocrx_word' id='word_1_185' title='bbox 2876 2225 3126 2297; x_wconf 80' lang='lat' dir='ltr'><strong>pontifex</strong></span> <span class='ocrx_word' id='word_1_186' title='bbox 3156 2226 3326 2279; x_wconf 91' lang='lat' dir='ltr'><strong>sacris</strong></span> <span class='ocrx_word' id='word_1_187' title='bbox 3377 2226 3576 2282; x_wconf 76' lang='lat' dir='ltr'><strong>ritibus</strong></span> 
     </span>
    </p>
   </div>
   <div class='ocr_carea' id='block_1_31' title="bbox 1949 2317 3571 2392">
    <p class='ocr_par' dir='ltr' id='par_1_31' title="bbox 1949 2317 3571 2392">
     <span class='ocr_line' id='line_1_31' title="bbox 1949 2317 3571 2392; baseline -0.001 -17"><span class='ocrx_word' id='word_1_188' title='bbox 1949 2322 2060 2375; x_wconf 91' lang='lat' dir='ltr'><strong>Deo</strong></span> <span class='ocrx_word' id='word_1_189' title='bbox 2118 2321 2482 2387; x_wconf 87' lang='lat' dir='ltr'><strong>consecravit,</strong></span> <span class='ocrx_word' id='word_1_190' title='bbox 2535 2327 2701 2392; x_wconf 91' lang='lat' dir='ltr'><strong>atque</strong></span> <span class='ocrx_word' id='word_1_191' title='bbox 2750 2318 2975 2373; x_wconf 90' lang='lat' dir='ltr'><strong>nomine</strong></span> <span class='ocrx_word' id='word_1_192' title='bbox 3031 2317 3259 2371; x_wconf 82' lang='lat' dir='ltr'><strong>Joannis</strong></span> <span class='ocrx_word' id='word_1_193' title='bbox 3312 2318 3571 2388; x_wconf 71' lang='lat' dir='ltr'><strong>Baptistae</strong></span> 
     </span>
    </p>
   </div>
   <div class='ocr_carea' id='block_1_32' title="bbox 1950 2412 3571 2485">
    <p class='ocr_par' dir='ltr' id='par_1_32' title="bbox 1950 2412 3571 2485">
     <span class='ocr_line' id='line_1_32' title="bbox 1950 2412 3571 2485; baseline -0.001 -16"><span class='ocrx_word' id='word_1_194' title='bbox 1950 2414 2426 2480; x_wconf 67' lang='lat' dir='ltr'><strong>hauddubie,~cui</strong></span> <span class='ocrx_word' id='word_1_195' title='bbox 2470 2415 2591 2485; x_wconf 89' lang='lat' dir='ltr'><strong>ipsa</strong></span> <span class='ocrx_word' id='word_1_196' title='bbox 2652 2413 2885 2468; x_wconf 90' lang='lat' dir='ltr'><strong>ecclesia</strong></span> <span class='ocrx_word' id='word_1_197' title='bbox 2941 2412 3124 2467; x_wconf 89' lang='lat' dir='ltr'><strong>dicata</strong></span> <span class='ocrx_word' id='word_1_198' title='bbox 3162 2419 3299 2476; x_wconf 90' lang='lat' dir='ltr'><strong>erat,</strong></span> <span class='ocrx_word' id='word_1_199' title='bbox 3354 2428 3571 2468; x_wconf 88' lang='lat' dir='ltr'><strong>nuncu-</strong></span> 
     </span>
    </p>
   </div>
   <div class='ocr_carea' id='block_1_33' title="bbox 1948 2498 3570 2582">
    <p class='ocr_par' dir='ltr' id='par_1_33' title="bbox 1948 2498 3570 2582">
     <span class='ocr_line' id='line_1_33' title="bbox 1948 2498 3570 2582; baseline -0.002 -19"><span class='ocrx_word' id='word_1_200' title='bbox 1948 2498 2132 2580; x_wconf 46' lang='lat' dir='ltr'><strong>pavitf</strong></span> <span class='ocrx_word' id='word_1_201' title='bbox 2184 2509 2501 2582; x_wconf 85' lang='lat' dir='ltr'><strong>Agnoscunt</strong></span> <span class='ocrx_word' id='word_1_202' title='bbox 2558 2506 2696 2561; x_wconf 89' lang='lat' dir='ltr'><strong>illud</strong></span> <span class='ocrx_word' id='word_1_203' title='bbox 2749 2512 2804 2560; x_wconf 87' lang='lat' dir='ltr'><strong>et</strong></span> <span class='ocrx_word' id='word_1_204' title='bbox 2872 2505 3212 2578; x_wconf 78' lang='lat' dir='ltr'><strong>redarguunt</strong></span> <span class='ocrx_word' id='word_1_205' title='bbox 3275 2512 3570 2560; x_wconf 86' lang='lat' dir='ltr'><strong>novatores</strong></span> 
     </span>
    </p>
   </div>
   <div class='ocr_carea' id='block_1_34' title="bbox 1947 2601 3566 2674">
    <p class='ocr_par' dir='ltr' id='par_1_34' title="bbox 1947 2601 3566 2674">
     <span class='ocr_line' id='line_1_34' title="bbox 1947 2601 3566 2674; baseline -0.003 -15"><span class='ocrx_word' id='word_1_206' title='bbox 1947 2604 2217 2668; x_wconf 66' lang='lat' dir='ltr'><strong>haeretici,</strong></span> <span class='ocrx_word' id='word_1_207' title='bbox 2247 2603 2400 2674; x_wconf 92' lang='lat' dir='ltr'><strong>quasi</strong></span> <span class='ocrx_word' id='word_1_208' title='bbox 2431 2602 2525 2657; x_wconf 91' lang='lat' dir='ltr'><strong>ille</strong></span> <span class='ocrx_word' id='word_1_209' title='bbox 2557 2603 2663 2656; x_wconf 80' lang='lat' dir='ltr'><strong>hoc</strong></span> <span class='ocrx_word' id='word_1_210' title='bbox 2692 2617 2792 2657; x_wconf 90' lang='lat' dir='ltr'><strong>suo</strong></span> <span class='ocrx_word' id='word_1_211' title='bbox 2821 2601 3073 2671; x_wconf 77' lang='lat' dir='ltr'><strong>exemplo</strong></span> <span class='ocrx_word' id='word_1_212' title='bbox 3097 2606 3351 2670; x_wconf 89' lang='lat' dir='ltr'><strong>posteros</strong></span> <span class='ocrx_word' id='word_1_213' title='bbox 3371 2615 3566 2655; x_wconf 89' lang='lat' dir='ltr'><strong>omnes</strong></span> 
     </span>
    </p>
   </div>
   <div class='ocr_carea' id='block_1_35' title="bbox 1946 2687 3566 2766">
    <p class='ocr_par' dir='ltr' id='par_1_35' title="bbox 1946 2687 3566 2766">
     <span class='ocr_line' id='line_1_35' title="bbox 1946 2687 3566 2766; baseline -0.004 -18"><span class='ocrx_word' id='word_1_214' title='bbox 1946 2693 2239 2766; x_wconf 86' lang='lat' dir='ltr'><strong>pontifices</strong></span> <span class='ocrx_word' id='word_1_215' title='bbox 2282 2698 2336 2746; x_wconf 89' lang='lat' dir='ltr'><strong>et</strong></span> <span class='ocrx_word' id='word_1_216' title='bbox 2390 2692 2682 2762; x_wconf 87' lang='lat' dir='ltr'><strong>episcopos</strong></span> <span class='ocrx_word' id='word_1_217' title='bbox 2730 2689 2786 2743; x_wconf 89' lang='lat' dir='ltr'><strong>in</strong></span> <span class='ocrx_word' id='word_1_218' title='bbox 2831 2687 2982 2742; x_wconf 90' lang='lat' dir='ltr'><strong>illum</strong></span> <span class='ocrx_word' id='word_1_219' title='bbox 3015 2701 3257 2743; x_wconf 84' lang='lat' dir='ltr'><strong>errorem</strong></span> <span class='ocrx_word' id='word_1_220' title='bbox 3314 2687 3566 2742; x_wconf 84' lang='lat' dir='ltr'><strong>induxis-</strong></span> 
     </span>
    </p>
   </div>
   <div class='ocr_carea' id='block_1_36' title="bbox 1945 2782 3563 2858">
    <p class='ocr_par' dir='ltr' id='par_1_36' title="bbox 1945 2782 3563 2858">
     <span class='ocr_line' id='line_1_36' title="bbox 1945 2782 3563 2858; baseline -0.004 -14"><span class='ocrx_word' id='word_1_221' title='bbox 1945 2797 2050 2854; x_wconf 88' lang='lat' dir='ltr'><strong>set,</strong></span> <span class='ocrx_word' id='word_1_222' title='bbox 2083 2787 2440 2858; x_wconf 88' lang='lat' dir='ltr'><strong>uteampanis</strong></span> <span class='ocrx_word' id='word_1_223' title='bbox 2493 2791 2892 2840; x_wconf 88' lang='lat' dir='ltr'><strong>sacramentum</strong></span> <span class='ocrx_word' id='word_1_224' title='bbox 2940 2783 3288 2853; x_wconf 86' lang='lat' dir='ltr'><strong>baptismatis</strong></span> <span class='ocrx_word' id='word_1_225' title='bbox 3349 2782 3563 2852; x_wconf 90' lang='lat' dir='ltr'><strong>impen—</strong></span> 
     </span>
    </p>
   </div>
   <div class='ocr_carea' id='block_1_37' title="bbox 1944 2873 3564 2936">
    <p class='ocr_par' dir='ltr' id='par_1_37' title="bbox 1944 2873 3564 2936">
     <span class='ocr_line' id='line_1_37' title="bbox 1944 2873 3564 2936; baseline -0.005 0"><span class='ocrx_word' id='word_1_226' title='bbox 1944 2881 2186 2936; x_wconf 88' lang='lat' dir='ltr'><strong>dendum</strong></span> <span class='ocrx_word' id='word_1_227' title='bbox 2237 2896 2360 2935; x_wconf 85' lang='lat' dir='ltr'><strong>esse</strong></span> <span class='ocrx_word' id='word_1_228' title='bbox 2407 2878 2698 2933; x_wconf 86' lang='lat' dir='ltr'><strong>crederent</strong></span> <span class='ocrx_word' id='word_1_229' title='bbox 2731 2884 2785 2930; x_wconf 90' lang='lat' dir='ltr'><strong>et</strong></span> <span class='ocrx_word' id='word_1_230' title='bbox 2813 2875 3079 2930; x_wconf 88' lang='lat' dir='ltr'><strong>docerent</strong></span> <span class='ocrx_word' id='word_1_231' title='bbox 3113 2893 3124 2928; x_wconf 88' lang='lat'>:</span> <span class='ocrx_word' id='word_1_232' title='bbox 3170 2875 3266 2929; x_wconf 90' lang='lat' dir='ltr'><strong>sed</strong></span> <span class='ocrx_word' id='word_1_233' title='bbox 3297 2873 3564 2929; x_wconf 90' lang='lat' dir='ltr'><strong>falluntur</strong></span> 
     </span>
    </p>
   </div>
   <div class='ocr_carea' id='block_1_38' title="bbox 221 2956 3564 3072">
    <p class='ocr_par' dir='ltr' id='par_1_38' title="bbox 221 2956 3564 3072">
     <span class='ocr_line' id='line_1_38' title="bbox 221 2956 3564 3072; baseline 0.001 -63"><span class='ocrx_word' id='word_1_234' title='bbox 221 2972 376 3009; x_wconf 89' lang='lat' dir='ltr'><strong>mum</strong></span> <span class='ocrx_word' id='word_1_235' title='bbox 404 2956 720 3011; x_wconf 89' lang='lat' dir='ltr'><strong>carceribus</strong></span> <span class='ocrx_word' id='word_1_236' title='bbox 766 2958 1065 3029; x_wconf 90' lang='lat' dir='ltr'><strong>mancipari</strong></span> <span class='ocrx_word' id='word_1_237' title='bbox 1111 2960 1390 3014; x_wconf 87' lang='lat' dir='ltr'><strong>:cadaver</strong></span> <span class='ocrx_word' id='word_1_238' title='bbox 1415 2958 1659 3014; x_wconf 89' lang='lat' dir='ltr'><strong>defuncti</strong></span> <span class='ocrx_word' id='word_1_239' title='bbox 1694 2976 1838 3029; x_wconf 57' lang='grc' dir='ltr'>ιιι-ιθ-</span> <span class='ocrx_word' id='word_1_240' title='bbox 1865 3005 1912 3072; x_wconf 78' lang='lat' dir='ltr'><strong>C</strong></span> <span class='ocrx_word' id='word_1_241' title='bbox 1945 2975 2182 3046; x_wconf 52' lang='lat' dir='ltr'><strong>imperiti</strong></span> <span class='ocrx_word' id='word_1_242' title='bbox 2237 2991 2358 3029; x_wconf 72' lang='lat' dir='ltr'><strong>cum</strong></span> <span class='ocrx_word' id='word_1_243' title='bbox 2422 2988 2532 3027; x_wconf 75' lang='lat' dir='ltr'><strong>non</strong></span> <span class='ocrx_word' id='word_1_244' title='bbox 2585 2979 2699 3027; x_wconf 64' lang='lat' dir='ltr'><strong>tam</strong></span> <span class='ocrx_word' id='word_1_245' title='bbox 2747 2970 3096 3041; x_wconf 62' lang='lat' dir='ltr'><strong>baptizemur</strong></span> <span class='ocrx_word' id='word_1_246' title='bbox 3147 2984 3310 3040; x_wconf 82' lang='lat' dir='ltr'><strong>quam</strong></span> <span class='ocrx_word' id='word_1_247' title='bbox 3353 2968 3564 3039; x_wconf 70' lang='grc' dir='ltr'>ριιεενίει</span> 
     </span>
     <span class='ocr_line' id='line_1_39' title="bbox 222 3047 3370 3072; baseline 0 0"><span class='ocrx_word' id='word_1_248' title='bbox 222 3047 352 3072; x_wconf 66' lang='grc' dir='ltr'><strong>ι’..-ιε</strong></span> <span class='ocrx_word' id='word_1_249' title='bbox 438 3065 461 3072; x_wconf 65' lang='grc' dir='ltr'>,ι</span> <span class='ocrx_word' id='word_1_250' title='bbox 513 3063 615 3072; x_wconf 66' lang='grc' dir='ltr'><strong>---Α</strong></span> <span class='ocrx_word' id='word_1_251' title='bbox 679 3048 910 3072; x_wconf 63' lang='grc'><strong>1..-....,.-</strong></span> <span class='ocrx_word' id='word_1_252' title='bbox 971 3066 1105 3072; x_wconf 51' lang='grc' dir='ltr'>μΑ..-</span> <span class='ocrx_word' id='word_1_253' title='bbox 1172 3050 1308 3072; x_wconf 54' lang='grc' dir='ltr'>Ιιμι..-</span> <span class='ocrx_word' id='word_1_254' title='bbox 1363 3051 1568 3072; x_wconf 64' lang='grc' dir='ltr'><strong>-2--ι---</strong></span> <span class='ocrx_word' id='word_1_255' title='bbox 1629 3057 1736 3072; x_wconf 55' lang='grc' dir='ltr'>-..Αι</span> <span class='ocrx_word' id='word_1_256' title='bbox 1815 3066 1834 3072; x_wconf 57' lang='grc' dir='ltr'><strong>Α</strong></span> <span class='ocrx_word' id='word_1_257' title='bbox 1941 3066 1953 3072; x_wconf 92' lang='grc'><strong>-</strong></span> <span class='ocrx_word' id='word_1_258' title='bbox 2106 3065 2138 3072; x_wconf 86' lang='grc'><strong>..</strong></span> <span class='ocrx_word' id='word_1_259' title='bbox 2188 3065 2214 3072; x_wconf 35' lang='grc' dir='ltr'><strong>ν.</strong></span> <span class='ocrx_word' id='word_1_260' title='bbox 2483 3061 2494 3072; x_wconf 76' lang='grc' dir='ltr'><strong><em>ο</em></strong></span> <span class='ocrx_word' id='word_1_261' title='bbox 2716 3059 2791 3072; x_wconf 66' lang='grc' dir='ltr'>..ιι</span> <span class='ocrx_word' id='word_1_262' title='bbox 2971 3059 2981 3069; x_wconf 78' lang='grc' dir='ltr'><strong>ι</strong></span> <span class='ocrx_word' id='word_1_263' title='bbox 3062 3063 3071 3072; x_wconf 88' lang='grc'><strong>.</strong></span> <span class='ocrx_word' id='word_1_264' title='bbox 3142 3058 3174 3072; x_wconf 79' lang='grc' dir='ltr'><strong><em>,ο</em></strong></span> <span class='ocrx_word' id='word_1_265' title='bbox 3337 3057 3370 3072; x_wconf 69' lang='lat'><strong>‘-</strong></span> 
     </span>
    </p>
   </div>
   <div class='ocr_carea' id='block_1_39' title="bbox 219 3047 1839 3121">
    <p class='ocr_par' dir='ltr' id='par_1_39' title="bbox 219 3047 1839 3121">
     <span class='ocr_line' id='line_1_40' title="bbox 219 3047 1839 3121; baseline 0.003 -21"><span class='ocrx_word' id='word_1_266' title='bbox 219 3047 379 3111; x_wconf 85' lang='lat' dir='ltr'><strong>fecti,</strong></span> <span class='ocrx_word' id='word_1_267' title='bbox 435 3065 464 3101; x_wconf 91' lang='lat' dir='ltr'><strong>a</strong></span> <span class='ocrx_word' id='word_1_268' title='bbox 509 3063 618 3119; x_wconf 92' lang='lat' dir='ltr'><strong>quo</strong></span> <span class='ocrx_word' id='word_1_269' title='bbox 671 3048 913 3104; x_wconf 84' lang='lat' dir='ltr'><strong>Joannes</strong></span> <span class='ocrx_word' id='word_1_270' title='bbox 971 3066 1110 3121; x_wconf 89' lang='lat' dir='ltr'><strong>papa</strong></span> <span class='ocrx_word' id='word_1_271' title='bbox 1172 3050 1312 3104; x_wconf 88' lang='lat' dir='ltr'><strong>Urbe</strong></span> <span class='ocrx_word' id='word_1_272' title='bbox 1359 3051 1571 3118; x_wconf 88' lang='lat' dir='ltr'><strong>ejectus</strong></span> <span class='ocrx_word' id='word_1_273' title='bbox 1623 3057 1758 3117; x_wconf 86' lang='lat' dir='ltr'><strong>erat,</strong></span> <span class='ocrx_word' id='word_1_274' title='bbox 1809 3066 1839 3105; x_wconf 93' lang='lat' dir='ltr'><strong>e</strong></span> 
     </span>
    </p>
   </div>
   <div class='ocr_carea' id='block_1_40' title="bbox 219 3135 1839 3205">
    <p class='ocr_par' dir='ltr' id='par_1_40' title="bbox 219 3135 1839 3205">
     <span class='ocr_line' id='line_1_41' title="bbox 219 3135 1839 3205; baseline 0.004 -18"><span class='ocrx_word' id='word_1_275' title='bbox 219 3135 481 3205; x_wconf 83' lang='lat' dir='ltr'><strong>sepulcro</strong></span> <span class='ocrx_word' id='word_1_276' title='bbox 507 3143 805 3192; x_wconf 80' lang='lat' dir='ltr'><strong>extractum</strong></span> <span class='ocrx_word' id='word_1_277' title='bbox 843 3137 897 3192; x_wconf 89' lang='lat' dir='ltr'><strong>in</strong></span> <span class='ocrx_word' id='word_1_278' title='bbox 931 3139 1148 3194; x_wconf 81' lang='lat' dir='ltr'><strong>diversa</strong></span> <span class='ocrx_word' id='word_1_279' title='bbox 1205 3139 1322 3194; x_wconf 91' lang='lat' dir='ltr'><strong>loca</strong></span> <span class='ocrx_word' id='word_1_280' title='bbox 1373 3140 1600 3194; x_wconf 90' lang='lat' dir='ltr'><strong>distrahi</strong></span> <span class='ocrx_word' id='word_1_281' title='bbox 1631 3156 1695 3194; x_wconf 88' lang='lat' dir='ltr'><strong>ac</strong></span> <span class='ocrx_word' id='word_1_282' title='bbox 1725 3139 1839 3193; x_wconf 86' lang='lat' dir='ltr'><strong>dis-</strong></span> 
     </span>
    </p>
   </div>
   <div class='ocr_carea' id='block_1_41' title="bbox 217 3231 1838 3304">
    <p class='ocr_par' dir='ltr' id='par_1_41' title="bbox 217 3231 1838 3304">
     <span class='ocr_line' id='line_1_42' title="bbox 217 3231 1838 3304; baseline 0.004 -20"><span class='ocrx_word' id='word_1_283' title='bbox 217 3231 392 3300; x_wconf 90' lang='lat' dir='ltr'><strong>sipari</strong></span> <span class='ocrx_word' id='word_1_284' title='bbox 445 3233 726 3302; x_wconf 85' lang='lat' dir='ltr'><strong>praecepit.</strong></span> <span class='ocrx_word' id='word_1_285' title='bbox 779 3232 1052 3304; x_wconf 74' lang='lat' dir='ltr'><strong>(REGINO.)</strong></span> <span class='ocrx_word' id='word_1_286' title='bbox 1104 3235 1181 3289; x_wconf 85' lang='lat' dir='ltr'><strong>Ad</strong></span> <span class='ocrx_word' id='word_1_287' title='bbox 1213 3235 1634 3290; x_wconf 86' lang='lat' dir='ltr'><strong>conversionem</strong></span> <span class='ocrx_word' id='word_1_288' title='bbox 1679 3236 1838 3291; x_wconf 84' lang='lat' dir='ltr'><strong>Polo-</strong></span> 
     </span>
    </p>
   </div>
   <div class='ocr_carea' id='block_1_42' title="bbox 219 3323 1834 3398">
    <p class='ocr_par' dir='ltr' id='par_1_42' title="bbox 219 3323 1834 3398">
     <span class='ocr_line' id='line_1_43' title="bbox 219 3323 1834 3398; baseline 0.003 -23"><span class='ocrx_word' id='word_1_289' title='bbox 219 3339 419 3376; x_wconf 92' lang='lat' dir='ltr'><strong>norum</strong></span> <span class='ocrx_word' id='word_1_290' title='bbox 479 3323 754 3398; x_wconf 57' lang='lat' dir='ltr'><strong>IEgidium</strong></span> <span class='ocrx_word' id='word_1_291' title='bbox 798 3325 1162 3380; x_wconf 84' lang='lat' dir='ltr'><strong>Tusculanum</strong></span> <span class='ocrx_word' id='word_1_292' title='bbox 1226 3325 1545 3397; x_wconf 83' lang='lat' dir='ltr'><strong>episcOpum</strong></span> <span class='ocrx_word' id='word_1_293' title='bbox 1597 3328 1834 3397; x_wconf 81' lang='lat' dir='ltr'><strong>legatum</strong></span> 
     </span>
    </p>
   </div>
   <div class='ocr_carea' id='block_1_43' title="bbox 215 3412 1832 3490">
    <p class='ocr_par' dir='ltr' id='par_1_43' title="bbox 215 3412 1832 3490">
     <span class='ocr_line' id='line_1_44' title="bbox 215 3412 1832 3490; baseline 0.002 -25"><span class='ocrx_word' id='word_1_294' title='bbox 215 3429 247 3465; x_wconf 85' lang='lat' dir='ltr'><strong>a</strong></span> <span class='ocrx_word' id='word_1_295' title='bbox 279 3412 450 3467; x_wconf 89' lang='lat' dir='ltr'><strong>latere</strong></span> <span class='ocrx_word' id='word_1_296' title='bbox 483 3413 650 3478; x_wconf 89' lang='lat' dir='ltr'><strong>misit,</strong></span> <span class='ocrx_word' id='word_1_297' title='bbox 685 3414 810 3468; x_wconf 88' lang='lat' dir='ltr'><strong>data</strong></span> <span class='ocrx_word' id='word_1_298' title='bbox 856 3414 1236 3485; x_wconf 53' lang='lat' dir='ltr'><strong>illiﬁpotcstate</strong></span> <span class='ocrx_word' id='word_1_299' title='bbox 1269 3431 1452 3490; x_wconf 82' lang='lat' dir='ltr'><strong>regem</strong></span> <span class='ocrx_word' id='word_1_300' title='bbox 1482 3416 1832 3484; x_wconf 83' lang='lat' dir='ltr'><strong>Miezislaum,</strong></span> 
     </span>
    </p>
   </div>
   <div class='ocr_carea' id='block_1_44' title="bbox 216 3504 1834 3575">
    <p class='ocr_par' dir='ltr' id='par_1_44' title="bbox 216 3504 1834 3575">
     <span class='ocr_line' id='line_1_45' title="bbox 216 3504 1834 3575; baseline 0.003 -17"><span class='ocrx_word' id='word_1_301' title='bbox 216 3504 316 3575; x_wconf 82' lang='lat' dir='ltr'><strong>qui</strong></span> <span class='ocrx_word' id='word_1_302' title='bbox 352 3519 449 3574; x_wconf 87' lang='lat' dir='ltr'><strong>per</strong></span> <span class='ocrx_word' id='word_1_303' title='bbox 495 3505 833 3560; x_wconf 89' lang='lat' dir='ltr'><strong>connubium</strong></span> <span class='ocrx_word' id='word_1_304' title='bbox 895 3505 1213 3562; x_wconf 83' lang='lat' dir='ltr'><strong>Christianae</strong></span> <span class='ocrx_word' id='word_1_305' title='bbox 1267 3508 1451 3562; x_wconf 81' lang='lat' dir='ltr'><strong>uxoris</strong></span> <span class='ocrx_word' id='word_1_306' title='bbox 1485 3508 1834 3563; x_wconf 79' lang='lat' dir='ltr'><strong>Dambronw-</strong></span> 
     </span>
    </p>
   </div>
   <div class='ocr_carea' id='block_1_45' title="bbox 214 3593 1831 3665">
    <p class='ocr_par' dir='ltr' id='par_1_45' title="bbox 214 3593 1831 3665">
     <span class='ocr_line' id='line_1_46' title="bbox 214 3593 1831 3665; baseline 0.002 -17"><span class='ocrx_word' id='word_1_307' title='bbox 214 3593 336 3648; x_wconf 74' lang='lat' dir='ltr'><strong>clue</strong></span> <span class='ocrx_word' id='word_1_308' title='bbox 371 3593 734 3648; x_wconf 90' lang='lat' dir='ltr'><strong>Bohemorum</strong></span> <span class='ocrx_word' id='word_1_309' title='bbox 792 3595 951 3665; x_wconf 91' lang='lat' dir='ltr'><strong>primi</strong></span> <span class='ocrx_word' id='word_1_310' title='bbox 1007 3595 1164 3649; x_wconf 87' lang='lat' dir='ltr'><strong>ducis</strong></span> <span class='ocrx_word' id='word_1_311' title='bbox 1215 3594 1340 3651; x_wconf 76' lang='lat' dir='ltr'><strong>filiae</strong></span> <span class='ocrx_word' id='word_1_312' title='bbox 1365 3611 1666 3651; x_wconf 86' lang='lat' dir='ltr'><strong>conversus</strong></span> <span class='ocrx_word' id='word_1_313' title='bbox 1693 3605 1831 3664; x_wconf 89' lang='lat' dir='ltr'><strong>erat,</strong></span> 
     </span>
    </p>
   </div>
   <div class='ocr_carea' id='block_1_46' title="bbox 214 3686 1832 3762">
    <p class='ocr_par' dir='ltr' id='par_1_46' title="bbox 214 3686 1832 3762">
     <span class='ocr_line' id='line_1_47' title="bbox 214 3686 1832 3762; baseline 0.005 -24"><span class='ocrx_word' id='word_1_314' title='bbox 214 3686 271 3739; x_wconf 87' lang='lat' dir='ltr'><strong>in</strong></span> <span class='ocrx_word' id='word_1_315' title='bbox 309 3686 416 3740; x_wconf 82' lang='lat' dir='ltr'><strong>fide</strong></span> <span class='ocrx_word' id='word_1_316' title='bbox 471 3703 594 3741; x_wconf 87' lang='lat' dir='ltr'><strong>cum</strong></span> <span class='ocrx_word' id='word_1_317' title='bbox 653 3689 857 3758; x_wconf 91' lang='lat' dir='ltr'><strong>p0pulo</strong></span> <span class='ocrx_word' id='word_1_318' title='bbox 915 3689 1256 3756; x_wconf 88' lang='lat' dir='ltr'><strong>stabiliendi,</strong></span> <span class='ocrx_word' id='word_1_319' title='bbox 1314 3691 1668 3762; x_wconf 85' lang='lat' dir='ltr'><strong>episcOpatus</strong></span> <span class='ocrx_word' id='word_1_320' title='bbox 1725 3693 1832 3746; x_wconf 88' lang='lat' dir='ltr'><strong>eri-</strong></span> 
     </span>
    </p>
   </div>
   <div class='ocr_carea' id='block_1_47' title="bbox 209 3775 1836 3852">
    <p class='ocr_par' dir='ltr' id='par_1_47' title="bbox 209 3775 1836 3852">
     <span class='ocr_line' id='line_1_48' title="bbox 209 3775 1836 3852; baseline 0.005 -24"><span class='ocrx_word' id='word_1_321' title='bbox 209 3775 405 3850; x_wconf 84' lang='lat' dir='ltr'><strong>gendi,</strong></span> <span class='ocrx_word' id='word_1_322' title='bbox 440 3791 615 3846; x_wconf 88' lang='lat' dir='ltr'><strong>eaque</strong></span> <span class='ocrx_word' id='word_1_323' title='bbox 656 3775 892 3832; x_wconf 89' lang='lat' dir='ltr'><strong>faciendi</strong></span> <span class='ocrx_word' id='word_1_324' title='bbox 943 3794 1064 3850; x_wconf 65' lang='lat' dir='ltr'><strong>quae</strong></span> <span class='ocrx_word' id='word_1_325' title='bbox 1110 3778 1178 3831; x_wconf 87' lang='lat' dir='ltr'><strong>ad</strong></span> <span class='ocrx_word' id='word_1_326' title='bbox 1229 3779 1396 3834; x_wconf 89' lang='lat' dir='ltr'><strong>totius</strong></span> <span class='ocrx_word' id='word_1_327' title='bbox 1418 3780 1573 3852; x_wconf 83' lang='lat' dir='ltr'><strong>regni</strong></span> <span class='ocrx_word' id='word_1_328' title='bbox 1605 3795 1836 3836; x_wconf 90' lang='lat' dir='ltr'><strong>conver-</strong></span> 
     </span>
    </p>
   </div>
   <div class='ocr_carea' id='block_1_48' title="bbox 207 3871 1831 3944">
    <p class='ocr_par' dir='ltr' id='par_1_48' title="bbox 207 3871 1831 3944">
     <span class='ocr_line' id='line_1_49' title="bbox 207 3871 1831 3944; baseline 0.003 -18"><span class='ocrx_word' id='word_1_329' title='bbox 207 3871 430 3926; x_wconf 88' lang='lat' dir='ltr'><strong>sionem</strong></span> <span class='ocrx_word' id='word_1_330' title='bbox 497 3872 800 3944; x_wconf 92' lang='lat' dir='ltr'><strong>populique</strong></span> <span class='ocrx_word' id='word_1_331' title='bbox 855 3873 1270 3930; x_wconf 88' lang='lat' dir='ltr'><strong>instructionem</strong></span> <span class='ocrx_word' id='word_1_332' title='bbox 1323 3875 1600 3944; x_wconf 88' lang='lat' dir='ltr'><strong>pertinere</strong></span> <span class='ocrx_word' id='word_1_333' title='bbox 1633 3876 1831 3931; x_wconf 83' lang='lat' dir='ltr'><strong>viden-</strong></span> 
     </span>
    </p>
   </div>
   <div class='ocr_carea' id='block_1_49' title="bbox 207 3972 319 4018">
    <p class='ocr_par' dir='ltr' id='par_1_49' title="bbox 207 3972 319 4018">
     <span class='ocr_line' id='line_1_50' title="bbox 207 3972 319 4018; baseline -0.018 0"><span class='ocrx_word' id='word_1_334' title='bbox 207 3972 319 4018; x_wconf 87' lang='lat' dir='ltr'><strong>tur.</strong></span> 
     </span>
    </p>
   </div>
   <div class='ocr_carea' id='block_1_50' title="bbox 287 4061 1827 4130">
    <p class='ocr_par' dir='ltr' id='par_1_50' title="bbox 287 4061 1827 4130">
     <span class='ocr_line' id='line_1_51' title="bbox 287 4061 1827 4130; baseline 0.004 -15"><span class='ocrx_word' id='word_1_335' title='bbox 287 4061 439 4116; x_wconf 84' lang='lat' dir='ltr'><strong>Idem</strong></span> <span class='ocrx_word' id='word_1_336' title='bbox 487 4062 556 4116; x_wconf 89' lang='lat' dir='ltr'><strong>ad</strong></span> <span class='ocrx_word' id='word_1_337' title='bbox 607 4062 1013 4118; x_wconf 71' lang='lat' dir='ltr'><strong>convertendos</strong></span> <span class='ocrx_word' id='word_1_338' title='bbox 1060 4062 1374 4130; x_wconf 82' lang='lat' dir='ltr'><strong>Wandalos,</strong></span> <span class='ocrx_word' id='word_1_339' title='bbox 1429 4064 1827 4128; x_wconf 84' lang='lat' dir='ltr'><strong>Willibaldum,</strong></span> 
     </span>
    </p>
   </div>
   <div class='ocr_carea' id='block_1_51' title="bbox 205 4153 1822 4225">
    <p class='ocr_par' dir='ltr' id='par_1_51' title="bbox 205 4153 1822 4225">
     <span class='ocr_line' id='line_1_52' title="bbox 205 4153 1822 4225; baseline 0.003 -19"><span class='ocrx_word' id='word_1_340' title='bbox 205 4153 568 4208; x_wconf 89' lang='lat' dir='ltr'><strong>Prochorium</strong></span> <span class='ocrx_word' id='word_1_341' title='bbox 631 4153 878 4225; x_wconf 89' lang='lat' dir='ltr'><strong>aliosque</strong></span> <span class='ocrx_word' id='word_1_342' title='bbox 954 4154 1103 4208; x_wconf 87' lang='lat' dir='ltr'><strong>viros</strong></span> <span class='ocrx_word' id='word_1_343' title='bbox 1177 4155 1527 4211; x_wconf 92' lang='lat' dir='ltr'><strong>doctissimos</strong></span> <span class='ocrx_word' id='word_1_344' title='bbox 1592 4157 1822 4212; x_wconf 84' lang='lat' dir='ltr'><strong>emisit:</strong></span> 
     </span>
    </p>
   </div>
   <div class='ocr_carea' id='block_1_52' title="bbox 210 4239 1826 4304">
    <p class='ocr_par' dir='ltr' id='par_1_52' title="bbox 210 4239 1826 4304">
     <span class='ocr_line' id='line_1_53' title="bbox 210 4239 1826 4304; baseline 0.006 -15"><span class='ocrx_word' id='word_1_345' title='bbox 210 4262 230 4289; x_wconf 77' lang='grc' dir='ltr'><strong>ι</strong></span> <span class='ocrx_word' id='word_1_346' title='bbox 279 4239 384 4304; x_wconf 87' lang='lat' dir='ltr'><strong>Qui</strong></span> <span class='ocrx_word' id='word_1_347' title='bbox 423 4247 477 4294; x_wconf 92' lang='lat' dir='ltr'><strong>et</strong></span> <span class='ocrx_word' id='word_1_348' title='bbox 528 4240 856 4296; x_wconf 83' lang='lat' dir='ltr'><strong>Meisconem</strong></span> <span class='ocrx_word' id='word_1_349' title='bbox 927 4243 1281 4296; x_wconf 89' lang='lat' dir='ltr'><strong>monarcham</strong></span> <span class='ocrx_word' id='word_1_350' title='bbox 1332 4243 1517 4304; x_wconf 77' lang='lat' dir='ltr'><strong>{verba</strong></span> <span class='ocrx_word' id='word_1_351' title='bbox 1567 4244 1826 4300; x_wconf 90' lang='lat' dir='ltr'><strong>Stanislai</strong></span> 
     </span>
    </p>
   </div>
   <div class='ocr_carea' id='block_1_53' title="bbox 1941 3057 3560 3132">
    <p class='ocr_par' dir='ltr' id='par_1_53' title="bbox 1941 3057 3560 3132">
     <span class='ocr_line' id='line_1_54' title="bbox 1941 3057 3560 3132; baseline -0.006 -12"><span class='ocrx_word' id='word_1_352' title='bbox 1941 3065 2331 3120; x_wconf 87' lang='lat' dir='ltr'><strong>benedictione</strong></span> <span class='ocrx_word' id='word_1_353' title='bbox 2355 3061 2637 3132; x_wconf 87' lang='lat' dir='ltr'><strong>sacrisque</strong></span> <span class='ocrx_word' id='word_1_354' title='bbox 2686 3059 2902 3119; x_wconf 87' lang='lat' dir='ltr'><strong>ritibus,</strong></span> <span class='ocrx_word' id='word_1_355' title='bbox 2938 3059 3079 3113; x_wconf 88' lang='lat' dir='ltr'><strong>sicut</strong></span> <span class='ocrx_word' id='word_1_356' title='bbox 3105 3058 3269 3112; x_wconf 85' lang='lat' dir='ltr'><strong>etiam</strong></span> <span class='ocrx_word' id='word_1_357' title='bbox 3302 3057 3410 3112; x_wconf 90' lang='lat' dir='ltr'><strong>alia</strong></span> <span class='ocrx_word' id='word_1_358' title='bbox 3431 3073 3560 3112; x_wconf 81' lang='lat' dir='ltr'><strong>vasa</strong></span> 
     </span>
    </p>
   </div>
   <div class='ocr_carea' id='block_1_54' title="bbox 1939 3143 3559 3219">
    <p class='ocr_par' dir='ltr' id='par_1_54' title="bbox 1939 3143 3559 3219">
     <span class='ocr_line' id='line_1_55' title="bbox 1939 3143 3559 3219; baseline -0.006 -12"><span class='ocrx_word' id='word_1_359' title='bbox 1939 3171 2112 3219; x_wconf 90' lang='lat' dir='ltr'><strong>sacra,</strong></span> <span class='ocrx_word' id='word_1_360' title='bbox 2163 3151 2335 3208; x_wconf 90' lang='lat' dir='ltr'><strong>cultui</strong></span> <span class='ocrx_word' id='word_1_361' title='bbox 2385 3150 2571 3204; x_wconf 91' lang='lat' dir='ltr'><strong>divino</strong></span> <span class='ocrx_word' id='word_1_362' title='bbox 2626 3147 2877 3202; x_wconf 88' lang='lat' dir='ltr'><strong>dicentur</strong></span> <span class='ocrx_word' id='word_1_363' title='bbox 2911 3153 2965 3201; x_wconf 89' lang='lat' dir='ltr'><strong>et</strong></span> <span class='ocrx_word' id='word_1_364' title='bbox 3009 3151 3448 3210; x_wconf 89' lang='lat' dir='ltr'><strong>censeerentur;</strong></span> <span class='ocrx_word' id='word_1_365' title='bbox 3503 3143 3559 3199; x_wconf 91' lang='lat' dir='ltr'><strong>in</strong></span> 
     </span>
    </p>
   </div>
   <div class='ocr_carea' id='block_1_55' title="bbox 1939 3238 3560 3324">
    <p class='ocr_par' dir='ltr' id='par_1_55' title="bbox 1939 3238 3560 3324">
     <span class='ocr_line' id='line_1_56' title="bbox 1939 3238 3560 3324; baseline -0.009 -17"><span class='ocrx_word' id='word_1_366' title='bbox 1939 3269 2046 3324; x_wconf 89' lang='lat' dir='ltr'><strong>qua</strong></span> <span class='ocrx_word' id='word_1_367' title='bbox 2076 3246 2489 3306; x_wconf 87' lang='lat' dir='ltr'><strong>consecratione</strong></span> <span class='ocrx_word' id='word_1_368' title='bbox 2549 3243 2909 3313; x_wconf 91' lang='lat' dir='ltr'><strong>imponuntur</strong></span> <span class='ocrx_word' id='word_1_369' title='bbox 2963 3241 3029 3295; x_wconf 89' lang='lat' dir='ltr'><strong>iis</strong></span> <span class='ocrx_word' id='word_1_370' title='bbox 3082 3238 3560 3304; x_wconf 84' lang='lat' dir='ltr'><strong>nomina,veluta</strong></span> 
     </span>
    </p>
   </div>
   <div class='ocr_carea' id='block_1_56' title="bbox 1937 3329 3557 3406">
    <p class='ocr_par' dir='ltr' id='par_1_56' title="bbox 1937 3329 3557 3406">
     <span class='ocr_line' id='line_1_57' title="bbox 1937 3329 3557 3406; baseline -0.007 -11"><span class='ocrx_word' id='word_1_371' title='bbox 1937 3339 2153 3403; x_wconf 48' lang='lat' dir='ltr'><strong>casteria</strong></span> <span class='ocrx_word' id='word_1_372' title='bbox 2211 3337 2494 3406; x_wconf 88' lang='lat' dir='ltr'><strong>campanis</strong></span> <span class='ocrx_word' id='word_1_373' title='bbox 2561 3335 2972 3397; x_wconf 88' lang='lat' dir='ltr'><strong>dicernantur;</strong></span> <span class='ocrx_word' id='word_1_374' title='bbox 3021 3330 3104 3386; x_wconf 88' lang='lat' dir='ltr'><strong>vel</strong></span> <span class='ocrx_word' id='word_1_375' title='bbox 3161 3331 3372 3393; x_wconf 85' lang='lat' dir='ltr'><strong>saltem,</strong></span> <span class='ocrx_word' id='word_1_376' title='bbox 3407 3329 3557 3401; x_wconf 89' lang='lat' dir='ltr'><strong>quod</strong></span> 
     </span>
    </p>
   </div>
   <div class='ocr_carea' id='block_1_57' title="bbox 1937 3419 3558 3502">
    <p class='ocr_par' dir='ltr' id='par_1_57' title="bbox 1937 3419 3558 3502">
     <span class='ocr_line' id='line_1_58' title="bbox 1937 3419 3558 3502; baseline -0.008 -17"><span class='ocrx_word' id='word_1_377' title='bbox 1937 3430 2112 3502; x_wconf 89' lang='lat' dir='ltr'><strong>magis</strong></span> <span class='ocrx_word' id='word_1_378' title='bbox 2165 3428 2231 3482; x_wconf 90' lang='lat' dir='ltr'><strong>ad</strong></span> <span class='ocrx_word' id='word_1_379' title='bbox 2285 3427 2543 3497; x_wconf 86' lang='lat' dir='ltr'><strong>pietatem</strong></span> <span class='ocrx_word' id='word_1_380' title='bbox 2624 3423 2980 3487; x_wconf 89' lang='lat' dir='ltr'><strong>conduceret,</strong></span> <span class='ocrx_word' id='word_1_381' title='bbox 3035 3421 3078 3473; x_wconf 90' lang='lat' dir='ltr'><strong>si</strong></span> <span class='ocrx_word' id='word_1_382' title='bbox 3134 3436 3268 3475; x_wconf 88' lang='lat' dir='ltr'><strong>voce</strong></span> <span class='ocrx_word' id='word_1_383' title='bbox 3324 3419 3558 3488; x_wconf 71' lang='lat' dir='ltr'><strong>alicujus</strong></span> 
     </span>
    </p>
   </div>
   <div class='ocr_carea' id='block_1_58' title="bbox 1935 3505 3445 3594">
    <p class='ocr_par' dir='ltr' id='par_1_58' title="bbox 1935 3505 3445 3594">
     <span class='ocr_line' id='line_1_59' title="bbox 1935 3505 3445 3594; baseline -0.009 -13"><span class='ocrx_word' id='word_1_384' title='bbox 1935 3525 2108 3581; x_wconf 89' lang='lat' dir='ltr'><strong>sancti</strong></span> <span class='ocrx_word' id='word_1_385' title='bbox 2143 3521 2382 3594; x_wconf 90' lang='lat' dir='ltr'><strong>populus</strong></span> <span class='ocrx_word' id='word_1_386' title='bbox 2412 3519 2480 3574; x_wconf 91' lang='lat' dir='ltr'><strong>ad</strong></span> <span class='ocrx_word' id='word_1_387' title='bbox 2504 3505 2792 3573; x_wconf 87' lang='lat' dir='ltr'><strong>ecclesiam</strong></span> <span class='ocrx_word' id='word_1_388' title='bbox 2825 3514 3116 3571; x_wconf 86' lang='lat' dir='ltr'><strong>convocari</strong></span> <span class='ocrx_word' id='word_1_389' title='bbox 3149 3514 3445 3569; x_wconf 89' lang='lat' dir='ltr'><strong>diceretur.</strong></span> 
     </span>
    </p>
   </div>
   <div class='ocr_carea' id='block_1_59' title="bbox 2008 3605 3557 3685">
    <p class='ocr_par' dir='ltr' id='par_1_59' title="bbox 2008 3605 3557 3685">
     <span class='ocr_line' id='line_1_60' title="bbox 2008 3605 3557 3685; baseline -0.008 -15"><span class='ocrx_word' id='word_1_390' title='bbox 2008 3617 2082 3670; x_wconf 80' lang='lat' dir='ltr'><strong>Ad</strong></span> <span class='ocrx_word' id='word_1_391' title='bbox 2109 3614 2503 3685; x_wconf 89' lang='lat' dir='ltr'><strong>Theophanem</strong></span> <span class='ocrx_word' id='word_1_392' title='bbox 2531 3608 2826 3680; x_wconf 87' lang='lat' dir='ltr'><strong>Nicephori</strong></span> <span class='ocrx_word' id='word_1_393' title='bbox 2875 3606 3241 3677; x_wconf 64' lang='lat' dir='ltr'><strong>imperatoris?</strong></span> <span class='ocrx_word' id='word_1_394' title='bbox 3268 3605 3557 3659; x_wconf 86' lang='lat' dir='ltr'><strong>Orientalis</strong></span> 
     </span>
    </p>
   </div>
   <div class='ocr_carea' id='block_1_60' title="bbox 1935 3695 3551 3772">
    <p class='ocr_par' dir='ltr' id='par_1_60' title="bbox 1935 3695 3551 3772">
     <span class='ocr_line' id='line_1_61' title="bbox 1935 3695 3551 3772; baseline -0.008 -11"><span class='ocrx_word' id='word_1_395' title='bbox 1935 3706 2102 3761; x_wconf 76' lang='lat' dir='ltr'><strong>tiliam</strong></span> <span class='ocrx_word' id='word_1_396' title='bbox 2173 3704 2353 3760; x_wconf 90' lang='lat' dir='ltr'><strong>Ottoni</strong></span> <span class='ocrx_word' id='word_1_397' title='bbox 2426 3699 2744 3772; x_wconf 83' lang='lat' dir='ltr'><strong>imperatori</strong></span> <span class='ocrx_word' id='word_1_398' title='bbox 2814 3697 3022 3764; x_wconf 90' lang='lat' dir='ltr'><strong>juniori</strong></span> <span class='ocrx_word' id='word_1_399' title='bbox 3107 3695 3551 3766; x_wconf 88' lang='lat' dir='ltr'><strong>desponsandam</strong></span> 
     </span>
    </p>
   </div>
   <div class='ocr_carea' id='block_1_61' title="bbox 1935 3784 3545 3871">
    <p class='ocr_par' dir='ltr' id='par_1_61' title="bbox 1935 3784 3545 3871">
     <span class='ocr_line' id='line_1_62' title="bbox 1935 3784 3545 3871; baseline -0.009 -21"><span class='ocrx_word' id='word_1_400' title='bbox 1935 3795 2268 3871; x_wconf 81' lang='lat' dir='ltr'><strong>legationem</strong></span> <span class='ocrx_word' id='word_1_401' title='bbox 2288 3791 2460 3858; x_wconf 92' lang='lat' dir='ltr'><strong>misit,</strong></span> <span class='ocrx_word' id='word_1_402' title='bbox 2501 3807 2607 3862; x_wconf 90' lang='lat' dir='ltr'><strong>qua</strong></span> <span class='ocrx_word' id='word_1_403' title='bbox 2642 3788 2862 3842; x_wconf 90' lang='lat' dir='ltr'><strong>functus</strong></span> <span class='ocrx_word' id='word_1_404' title='bbox 2891 3793 2974 3841; x_wconf 91' lang='lat' dir='ltr'><strong>est</strong></span> <span class='ocrx_word' id='word_1_405' title='bbox 3013 3784 3385 3855; x_wconf 85' lang='lat' dir='ltr'><strong>Luitprandus</strong></span> <span class='ocrx_word' id='word_1_406' title='bbox 3411 3784 3545 3839; x_wconf 86' lang='lat' dir='ltr'><strong>Cre-</strong></span> 
     </span>
    </p>
   </div>
   <div class='ocr_carea' id='block_1_62' title="bbox 1935 3877 3546 3958">
    <p class='ocr_par' dir='ltr' id='par_1_62' title="bbox 1935 3877 3546 3958">
     <span class='ocr_line' id='line_1_63' title="bbox 1935 3877 3546 3958; baseline -0.009 -14"><span class='ocrx_word' id='word_1_407' title='bbox 1935 3888 2219 3946; x_wconf 78' lang='lat' dir='ltr'><strong>monensis</strong></span> <span class='ocrx_word' id='word_1_408' title='bbox 2248 3885 2565 3958; x_wconf 90' lang='lat' dir='ltr'><strong>episcopus.</strong></span> <span class='ocrx_word' id='word_1_409' title='bbox 2615 3882 2721 3936; x_wconf 89' lang='lat' dir='ltr'><strong>Sed</strong></span> <span class='ocrx_word' id='word_1_410' title='bbox 2780 3897 2904 3936; x_wconf 90' lang='lat' dir='ltr'><strong>cum</strong></span> <span class='ocrx_word' id='word_1_411' title='bbox 2937 3877 3277 3948; x_wconf 87' lang='lat' dir='ltr'><strong>Nicephorus</strong></span> <span class='ocrx_word' id='word_1_412' title='bbox 3307 3893 3546 3933; x_wconf 84' lang='lat' dir='ltr'><strong>corona-</strong></span> 
     </span>
    </p>
   </div>
   <div class='ocr_carea' id='block_1_63' title="bbox 1935 3970 3549 4049">
    <p class='ocr_par' dir='ltr' id='par_1_63' title="bbox 1935 3970 3549 4049">
     <span class='ocr_line' id='line_1_64' title="bbox 1935 3970 3549 4049; baseline -0.007 -12"><span class='ocrx_word' id='word_1_413' title='bbox 1935 3983 2086 4037; x_wconf 89' lang='lat' dir='ltr'><strong>tione</strong></span> <span class='ocrx_word' id='word_1_414' title='bbox 2131 3980 2360 4034; x_wconf 93' lang='lat' dir='ltr'><strong>duorum</strong></span> <span class='ocrx_word' id='word_1_415' title='bbox 2418 3977 2675 4031; x_wconf 90' lang='lat' dir='ltr'><strong>Ottonum</strong></span> <span class='ocrx_word' id='word_1_416' title='bbox 2732 3972 2971 4049; x_wconf 89' lang='lat' dir='ltr'><strong>graviter</strong></span> <span class='ocrx_word' id='word_1_417' title='bbox 3013 3970 3370 4025; x_wconf 75' lang='lat' dir='ltr'><strong>exacerbatus</strong></span> <span class='ocrx_word' id='word_1_418' title='bbox 3417 3970 3549 4025; x_wconf 90' lang='lat' dir='ltr'><strong>huic</strong></span> 
     </span>
    </p>
   </div>
   <div class='ocr_carea' id='block_1_64' title="bbox 1932 4058 3546 4141">
    <p class='ocr_par' dir='ltr' id='par_1_64' title="bbox 1932 4058 3546 4141">
     <span class='ocr_line' id='line_1_65' title="bbox 1932 4058 3546 4141; baseline -0.007 -17"><span class='ocrx_word' id='word_1_419' title='bbox 1932 4070 2196 4141; x_wconf 83' lang='lat' dir='ltr'><strong>legationi</strong></span> <span class='ocrx_word' id='word_1_420' title='bbox 2227 4067 2365 4123; x_wconf 90' lang='lat' dir='ltr'><strong>nihil</strong></span> <span class='ocrx_word' id='word_1_421' title='bbox 2420 4065 2730 4129; x_wconf 91' lang='lat' dir='ltr'><strong>detulisset,</strong></span> <span class='ocrx_word' id='word_1_422' title='bbox 2791 4063 2973 4116; x_wconf 80' lang='lat' dir='ltr'><strong>Graeca</strong></span> <span class='ocrx_word' id='word_1_423' title='bbox 3035 4070 3218 4114; x_wconf 90' lang='lat' dir='ltr'><strong>tamen</strong></span> <span class='ocrx_word' id='word_1_424' title='bbox 3283 4058 3413 4126; x_wconf 87' lang='lat' dir='ltr'><strong>ﬁde,</strong></span> <span class='ocrx_word' id='word_1_425' title='bbox 3444 4059 3546 4114; x_wconf 90' lang='lat' dir='ltr'><strong>sub</strong></span> 
     </span>
    </p>
   </div>
   <div class='ocr_carea' id='block_1_65' title="bbox 1933 4152 3547 4232">
    <p class='ocr_par' dir='ltr' id='par_1_65' title="bbox 1933 4152 3547 4232">
     <span class='ocr_line' id='line_1_66' title="bbox 1933 4152 3547 4232; baseline -0.007 -15"><span class='ocrx_word' id='word_1_426' title='bbox 1933 4163 2072 4217; x_wconf 90' lang='lat' dir='ltr'><strong>falso</strong></span> <span class='ocrx_word' id='word_1_427' title='bbox 2104 4166 2372 4232; x_wconf 61' lang='lat' dir='ltr'><strong>prmtextu</strong></span> <span class='ocrx_word' id='word_1_428' title='bbox 2401 4156 2738 4228; x_wconf 73' lang='lat' dir='ltr'><strong>nuptiarum,</strong></span> <span class='ocrx_word' id='word_1_429' title='bbox 2772 4153 3105 4229; x_wconf 87' lang='lat' dir='ltr'><strong>legationem</strong></span> <span class='ocrx_word' id='word_1_430' title='bbox 3146 4152 3265 4222; x_wconf 92' lang='lat' dir='ltr'><strong>ipse</strong></span> <span class='ocrx_word' id='word_1_431' title='bbox 3299 4152 3366 4206; x_wconf 89' lang='lat' dir='ltr'><strong>ad</strong></span> <span class='ocrx_word' id='word_1_432' title='bbox 3399 4152 3547 4207; x_wconf 87' lang='lat' dir='ltr'><strong>Otto-</strong></span> 
     </span>
    </p>
   </div>
   <div class='ocr_carea' id='block_1_66' title="bbox 1929 4243 3544 4313">
    <p class='ocr_par' dir='ltr' id='par_1_66' title="bbox 1929 4243 3544 4313">
     <span class='ocr_line' id='line_1_67' title="bbox 1929 4243 3544 4313; baseline -0.004 -8"><span class='ocrx_word' id='word_1_433' title='bbox 1929 4268 2055 4306; x_wconf 90' lang='lat' dir='ltr'><strong>nem</strong></span> <span class='ocrx_word' id='word_1_434' title='bbox 2102 4248 2332 4312; x_wconf 90' lang='lat' dir='ltr'><strong>remisit,</strong></span> <span class='ocrx_word' id='word_1_435' title='bbox 2387 4246 2648 4301; x_wconf 90' lang='lat' dir='ltr'><strong>nuntians</strong></span> <span class='ocrx_word' id='word_1_436' title='bbox 2703 4243 2780 4298; x_wconf 89' lang='lat' dir='ltr'><strong>illi</strong></span> <span class='ocrx_word' id='word_1_437' title='bbox 2847 4252 2907 4298; x_wconf 92' lang='lat' dir='ltr'><strong>ut</strong></span> <span class='ocrx_word' id='word_1_438' title='bbox 2953 4243 3177 4313; x_wconf 82' lang='lat' dir='ltr'><strong>nuptias</strong></span> <span class='ocrx_word' id='word_1_439' title='bbox 3221 4250 3452 4312; x_wconf 88' lang='lat' dir='ltr'><strong>pararet,</strong></span> <span class='ocrx_word' id='word_1_440' title='bbox 3483 4251 3544 4298; x_wconf 67' lang='lat' dir='ltr'><strong>Se</strong></span> 
     </span>
    </p>
   </div>
   <div class='ocr_carea' id='block_1_67' title="bbox 203 4332 3544 4446">
    <p class='ocr_par' dir='ltr' id='par_1_67' title="bbox 203 4332 3544 4446">
     <span class='ocr_line' id='line_1_68' title="bbox 203 4332 3544 4446; baseline 0.001 -60"><span class='ocrx_word' id='word_1_441' title='bbox 203 4332 484 4388; x_wconf 88' lang='lat' dir='ltr'><strong>Orichovii</strong></span> <span class='ocrx_word' id='word_1_442' title='bbox 524 4334 670 4402; x_wconf 90' lang='lat' dir='ltr'><strong>apud</strong></span> <span class='ocrx_word' id='word_1_443' title='bbox 723 4334 1029 4389; x_wconf 90' lang='lat' dir='ltr'><strong>Sanderum</strong></span> <span class='ocrx_word' id='word_1_444' title='bbox 1107 4335 1178 4389; x_wconf 89' lang='lat' dir='ltr'><strong>De</strong></span> <span class='ocrx_word' id='word_1_445' title='bbox 1235 4335 1435 4390; x_wconf 89' lang='lat' dir='ltr'><strong>visibili</strong></span> <span class='ocrx_word' id='word_1_446' title='bbox 1484 4339 1899 4446; x_wconf 86' lang='lat' dir='ltr'><strong>monarcbia,D</strong></span> <span class='ocrx_word' id='word_1_447' title='bbox 1928 4360 2051 4399; x_wconf 85' lang='lat' dir='ltr'><strong>cum</strong></span> <span class='ocrx_word' id='word_1_448' title='bbox 2085 4342 2194 4396; x_wconf 84' lang='lat' dir='ltr'><strong>ﬁlia</strong></span> <span class='ocrx_word' id='word_1_449' title='bbox 2215 4340 2370 4395; x_wconf 90' lang='lat' dir='ltr'><strong>brevi</strong></span> <span class='ocrx_word' id='word_1_450' title='bbox 2421 4337 2757 4394; x_wconf 89' lang='lat' dir='ltr'><strong>adfuturum.</strong></span> <span class='ocrx_word' id='word_1_451' title='bbox 2792 4335 3038 4408; x_wconf 90' lang='lat' dir='ltr'><strong>Cumque</strong></span> <span class='ocrx_word' id='word_1_452' title='bbox 3088 4335 3192 4389; x_wconf 87' lang='lat' dir='ltr'><strong>hac</strong></span> <span class='ocrx_word' id='word_1_453' title='bbox 3250 4334 3544 4389; x_wconf 88' lang='lat' dir='ltr'><strong>occasione</strong></span> 
     </span>
     <span class='ocr_line' id='line_1_69' title="bbox 203 4422 3540 4446; baseline 0 0"><span class='ocrx_word' id='word_1_454' title='bbox 203 4439 333 4446; x_wconf 69' lang='lat'><strong>_..-...</strong></span> <span class='ocrx_word' id='word_1_455' title='bbox 393 4422 496 4446; x_wconf 58' lang='lat' dir='ltr'><strong>anu</strong></span> <span class='ocrx_word' id='word_1_456' title='bbox 557 4422 753 4446; x_wconf 52' lang='grc' dir='ltr'><strong>-..ἔρ-Δὶ</strong></span> <span class='ocrx_word' id='word_1_457' title='bbox 793 4430 841 4446; x_wconf 64' lang='grc' dir='ltr'><strong>ΑΔ.</strong></span> <span class='ocrx_word' id='word_1_458' title='bbox 886 4439 1052 4446; x_wconf 72' lang='lat'><strong>..-...-_</strong></span> <span class='ocrx_word' id='word_1_459' title='bbox 1103 4431 1344 4446; x_wconf 62' lang='lat'><strong>..__:_.__._</strong></span> <span class='ocrx_word' id='word_1_460' title='bbox 1405 4425 1475 4446; x_wconf 75' lang='lat' dir='ltr'><strong>2H!</strong></span> <span class='ocrx_word' id='word_1_461' title='bbox 1516 4426 1813 4446; x_wconf 56' lang='lat' dir='ltr'><strong>___l_!__.,___</strong></span> <span class='ocrx_word' id='word_1_462' title='bbox 2091 4429 2121 4446; x_wconf 78' lang='grc' dir='ltr'><strong>ἰ</strong></span> <span class='ocrx_word' id='word_1_463' title='bbox 2180 4445 2183 4446; x_wconf 67' lang='lat'>,</span> <span class='ocrx_word' id='word_1_464' title='bbox 2229 4427 2436 4446; x_wconf 39' lang='lat' dir='ltr'><strong>n.._,_!4</strong></span> <span class='ocrx_word' id='word_1_465' title='bbox 2508 4427 2555 4446; x_wconf 71' lang='lat'><strong>!_-</strong></span> <span class='ocrx_word' id='word_1_466' title='bbox 2614 4425 2819 4446; x_wconf 54' lang='grc' dir='ltr'><strong>..η-ΑΗ..</strong></span> <span class='ocrx_word' id='word_1_467' title='bbox 2874 4423 3129 4446; x_wconf 66' lang='lat'><strong>__-_._._.12-</strong></span> <span class='ocrx_word' id='word_1_468' title='bbox 3181 4430 3540 4446; x_wconf 47' lang='grc' dir='ltr'><strong>...........ι..Δ</strong></span> 
     </span>
    </p>
   </div>
   <div class='ocr_carea' id='block_1_68' title="bbox 202 4422 1820 4495">
    <p class='ocr_par' dir='ltr' id='par_1_68' title="bbox 202 4422 1820 4495">
     <span class='ocr_line' id='line_1_70' title="bbox 202 4422 1820 4495; baseline 0.002 -19"><span class='ocrx_word' id='word_1_469' title='bbox 202 4439 360 4476; x_wconf 91' lang='lat' dir='ltr'><strong>num.</strong></span> <span class='ocrx_word' id='word_1_470' title='bbox 393 4422 520 4487; x_wconf 77' lang='lat'><strong>695,</strong></span> <span class='ocrx_word' id='word_1_471' title='bbox 555 4422 754 4492; x_wconf 92' lang='lat' dir='ltr'><strong>refero)</strong></span> <span class='ocrx_word' id='word_1_472' title='bbox 789 4430 844 4477; x_wconf 91' lang='lat' dir='ltr'><strong>et</strong></span> <span class='ocrx_word' id='word_1_473' title='bbox 881 4439 1055 4494; x_wconf 83' lang='lat' dir='ltr'><strong>genus</strong></span> <span class='ocrx_word' id='word_1_474' title='bbox 1103 4431 1349 4479; x_wconf 89' lang='lat' dir='ltr'><strong>nostrum</strong></span> <span class='ocrx_word' id='word_1_475' title='bbox 1405 4425 1478 4479; x_wconf 89' lang='lat' dir='ltr'><strong>illi</strong></span> <span class='ocrx_word' id='word_1_476' title='bbox 1513 4426 1820 4495; x_wconf 89' lang='lat' dir='ltr'><strong>subjectum</strong></span> 
     </span>
    </p>
   </div>
   <div class='ocr_carea' id='block_1_69' title="bbox 199 4513 1820 4589">
    <p class='ocr_par' dir='ltr' id='par_1_69' title="bbox 199 4513 1820 4589">
     <span class='ocr_line' id='line_1_71' title="bbox 199 4513 1820 4589; baseline 0.001 -20"><span class='ocrx_word' id='word_1_477' title='bbox 199 4514 345 4569; x_wconf 89' lang='lat' dir='ltr'><strong>sacri</strong></span> <span class='ocrx_word' id='word_1_478' title='bbox 395 4513 744 4583; x_wconf 87' lang='lat' dir='ltr'><strong>baptismatis</strong></span> <span class='ocrx_word' id='word_1_479' title='bbox 795 4513 958 4568; x_wconf 92' lang='lat' dir='ltr'><strong>undis</strong></span> <span class='ocrx_word' id='word_1_480' title='bbox 1012 4514 1080 4567; x_wconf 92' lang='lat' dir='ltr'><strong>ab</strong></span> <span class='ocrx_word' id='word_1_481' title='bbox 1136 4514 1393 4589; x_wconf 87' lang='lat' dir='ltr'><strong>originali</strong></span> <span class='ocrx_word' id='word_1_482' title='bbox 1429 4516 1590 4586; x_wconf 88' lang='lat' dir='ltr'><strong>culpa</strong></span> <span class='ocrx_word' id='word_1_483' title='bbox 1618 4517 1820 4572; x_wconf 87' lang='lat' dir='ltr'><strong>ablue-</strong></span> 
     </span>
    </p>
   </div>
   <div class='ocr_carea' id='block_1_70' title="bbox 197 4604 1822 4670">
    <p class='ocr_par' dir='ltr' id='par_1_70' title="bbox 197 4604 1822 4670">
     <span class='ocr_line' id='line_1_72' title="bbox 197 4604 1822 4670; baseline 0.003 -12"><span class='ocrx_word' id='word_1_484' title='bbox 197 4611 346 4670; x_wconf 90' lang='lat' dir='ltr'><strong>rent,</strong></span> <span class='ocrx_word' id='word_1_485' title='bbox 372 4612 426 4658; x_wconf 90' lang='lat' dir='ltr'><strong>et</strong></span> <span class='ocrx_word' id='word_1_486' title='bbox 452 4621 515 4659; x_wconf 87' lang='lat' dir='ltr'><strong>ex</strong></span> <span class='ocrx_word' id='word_1_487' title='bbox 542 4604 760 4660; x_wconf 89' lang='lat' dir='ltr'><strong>civitate</strong></span> <span class='ocrx_word' id='word_1_488' title='bbox 791 4604 994 4658; x_wconf 89' lang='lat' dir='ltr'><strong>diaboli</strong></span> <span class='ocrx_word' id='word_1_489' title='bbox 1029 4604 1247 4660; x_wconf 88' lang='lat' dir='ltr'><strong>ablutos</strong></span> <span class='ocrx_word' id='word_1_490' title='bbox 1297 4614 1350 4659; x_wconf 93' lang='lat' dir='ltr'><strong>et</strong></span> <span class='ocrx_word' id='word_1_491' title='bbox 1405 4608 1697 4662; x_wconf 87' lang='lat' dir='ltr'><strong>mundatos</strong></span> <span class='ocrx_word' id='word_1_492' title='bbox 1767 4609 1822 4662; x_wconf 91' lang='lat' dir='ltr'><strong>in</strong></span> 
     </span>
    </p>
   </div>
   <div class='ocr_carea' id='block_1_71' title="bbox 192 4695 1822 4768">
    <p class='ocr_par' dir='ltr' id='par_1_71' title="bbox 192 4695 1822 4768">
     <span class='ocr_line' id='line_1_73' title="bbox 192 4695 1822 4768; baseline 0.002 -17"><span class='ocrx_word' id='word_1_493' title='bbox 192 4695 478 4751; x_wconf 84' lang='lat' dir='ltr'><strong>civitatem</strong></span> <span class='ocrx_word' id='word_1_494' title='bbox 513 4695 605 4750; x_wconf 88' lang='lat' dir='ltr'><strong>Dei</strong></span> <span class='ocrx_word' id='word_1_495' title='bbox 638 4697 1015 4762; x_wconf 89' lang='lat' dir='ltr'><strong>transferrent,</strong></span> <span class='ocrx_word' id='word_1_496' title='bbox 1077 4697 1130 4750; x_wconf 89' lang='lat' dir='ltr'><strong>in</strong></span> <span class='ocrx_word' id='word_1_497' title='bbox 1184 4696 1492 4768; x_wconf 89' lang='lat' dir='ltr'><strong>Christique</strong></span> <span class='ocrx_word' id='word_1_498' title='bbox 1529 4699 1822 4754; x_wconf 89' lang='lat' dir='ltr'><strong>Ecclesiam</strong></span> 
     </span>
    </p>
   </div>
   <div class='ocr_carea' id='block_1_72' title="bbox 193 4787 1823 4859">
    <p class='ocr_par' dir='ltr' id='par_1_72' title="bbox 193 4787 1823 4859">
     <span class='ocr_line' id='line_1_74' title="bbox 193 4787 1823 4859; baseline 0.002 -17"><span class='ocrx_word' id='word_1_499' title='bbox 193 4789 502 4852; x_wconf 83' lang='lat' dir='ltr'><strong>dicarem;</strong></span> <span class='ocrx_word' id='word_1_500' title='bbox 562 4789 708 4859; x_wconf 91' lang='lat' dir='ltr'><strong>quod</strong></span> <span class='ocrx_word' id='word_1_501' title='bbox 761 4789 926 4843; x_wconf 90' lang='lat' dir='ltr'><strong>etiam</strong></span> <span class='ocrx_word' id='word_1_502' title='bbox 990 4787 1188 4844; x_wconf 89' lang='lat' dir='ltr'><strong>factum</strong></span> <span class='ocrx_word' id='word_1_503' title='bbox 1256 4800 1357 4844; x_wconf 91' lang='lat' dir='ltr'><strong>est.</strong></span> <span class='ocrx_word' id='word_1_504' title='bbox 1396 4791 1526 4843; x_wconf 86' lang='lat' dir='ltr'><strong>Nam</strong></span> <span class='ocrx_word' id='word_1_505' title='bbox 1588 4792 1668 4844; x_wconf 89' lang='lat' dir='ltr'><strong>illi</strong></span> <span class='ocrx_word' id='word_1_506' title='bbox 1723 4793 1823 4846; x_wconf 86' lang='lat' dir='ltr'><strong>viri</strong></span> 
     </span>
    </p>
   </div>
   <div class='ocr_carea' id='block_1_73' title="bbox 190 4875 1819 4946">
    <p class='ocr_par' dir='ltr' id='par_1_73' title="bbox 190 4875 1819 4946">
     <span class='ocr_line' id='line_1_75' title="bbox 190 4875 1819 4946; baseline 0.001 -14"><span class='ocrx_word' id='word_1_507' title='bbox 190 4875 535 4932; x_wconf 85' lang='lat' dir='ltr'><strong>sanctissimi</strong></span> <span class='ocrx_word' id='word_1_508' title='bbox 583 4875 922 4932; x_wconf 86' lang='lat' dir='ltr'><strong>Wandaliam</strong></span> <span class='ocrx_word' id='word_1_509' title='bbox 1001 4879 1137 4946; x_wconf 86' lang='lat' dir='ltr'><strong>(sive</strong></span> <span class='ocrx_word' id='word_1_510' title='bbox 1221 4887 1276 4933; x_wconf 89' lang='lat' dir='ltr'><strong>tu</strong></span> <span class='ocrx_word' id='word_1_511' title='bbox 1323 4879 1478 4933; x_wconf 91' lang='lat' dir='ltr'><strong>malis</strong></span> <span class='ocrx_word' id='word_1_512' title='bbox 1541 4879 1819 4934; x_wconf 74' lang='lat' dir='ltr'><strong>l‘oloniam</strong></span> 
     </span>
    </p>
   </div>
   <div class='ocr_carea' id='block_1_74' title="bbox 190 4965 1821 5038">
    <p class='ocr_par' dir='ltr' id='par_1_74' title="bbox 190 4965 1821 5038">
     <span class='ocr_line' id='line_1_76' title="bbox 190 4965 1821 5038; baseline 0.002 -18"><span class='ocrx_word' id='word_1_513' title='bbox 190 4965 333 5035; x_wconf 89' lang='lat' dir='ltr'><strong>dici)</strong></span> <span class='ocrx_word' id='word_1_514' title='bbox 404 4965 658 5038; x_wconf 89' lang='lat' dir='ltr'><strong>ingressi:</strong></span> <span class='ocrx_word' id='word_1_515' title='bbox 735 4967 1107 5036; x_wconf 73' lang='lat' dir='ltr'><strong>praedicabant</strong></span> <span class='ocrx_word' id='word_1_516' title='bbox 1174 4967 1337 5022; x_wconf 90' lang='lat' dir='ltr'><strong>nobis</strong></span> <span class='ocrx_word' id='word_1_517' title='bbox 1409 4967 1704 5035; x_wconf 87' lang='lat' dir='ltr'><strong>Christum,</strong></span> <span class='ocrx_word' id='word_1_518' title='bbox 1765 4976 1821 5024; x_wconf 90' lang='lat' dir='ltr'><strong>ct</strong></span> 
     </span>
    </p>
   </div>
   <div class='ocr_carea' id='block_1_75' title="bbox 186 5057 1814 5133">
    <p class='ocr_par' dir='ltr' id='par_1_75' title="bbox 186 5057 1814 5133">
     <span class='ocr_line' id='line_1_77' title="bbox 186 5057 1814 5133; baseline 0.002 -21"><span class='ocrx_word' id='word_1_519' title='bbox 186 5057 430 5133; x_wconf 89' lang='lat' dir='ltr'><strong>gratiam</strong></span> <span class='ocrx_word' id='word_1_520' title='bbox 487 5057 628 5126; x_wconf 83' lang='lat' dir='ltr'><strong>ejus,</strong></span> <span class='ocrx_word' id='word_1_521' title='bbox 669 5075 778 5130; x_wconf 93' lang='lat' dir='ltr'><strong>quo</strong></span> <span class='ocrx_word' id='word_1_522' title='bbox 829 5075 928 5115; x_wconf 90' lang='lat' dir='ltr'><strong>nos</strong></span> <span class='ocrx_word' id='word_1_523' title='bbox 980 5060 1035 5114; x_wconf 91' lang='lat' dir='ltr'><strong>in</strong></span> <span class='ocrx_word' id='word_1_524' title='bbox 1079 5060 1527 5116; x_wconf 90' lang='lat' dir='ltr'><strong>communionem</strong></span> <span class='ocrx_word' id='word_1_525' title='bbox 1589 5076 1814 5115; x_wconf 90' lang='lat' dir='ltr'><strong>suorum</strong></span> 
     </span>
    </p>
   </div>
   <div class='ocr_carea' id='block_1_76' title="bbox 186 5151 1814 5218">
    <p class='ocr_par' dir='ltr' id='par_1_76' title="bbox 186 5151 1814 5218">
     <span class='ocr_line' id='line_1_78' title="bbox 186 5151 1814 5218; baseline 0.002 -14"><span class='ocrx_word' id='word_1_526' title='bbox 186 5151 341 5204; x_wconf 91' lang='lat' dir='ltr'><strong>Deus</strong></span> <span class='ocrx_word' id='word_1_527' title='bbox 398 5156 816 5218; x_wconf 88' lang='lat' dir='ltr'><strong>convocaverat,</strong></span> <span class='ocrx_word' id='word_1_528' title='bbox 868 5151 1220 5206; x_wconf 89' lang='lat' dir='ltr'><strong>celebrabant</strong></span> <span class='ocrx_word' id='word_1_529' title='bbox 1254 5153 1548 5208; x_wconf 88' lang='lat' dir='ltr'><strong>:homines</strong></span> <span class='ocrx_word' id='word_1_530' title='bbox 1606 5161 1814 5207; x_wconf 84' lang='lat' dir='ltr'><strong>turma-</strong></span> 
     </span>
    </p>
   </div>
   <div class='ocr_carea' id='block_1_77' title="bbox 185 5237 1816 5312">
    <p class='ocr_par' dir='ltr' id='par_1_77' title="bbox 185 5237 1816 5312">
     <span class='ocr_line' id='line_1_79' title="bbox 185 5237 1816 5312; baseline 0.001 -19"><span class='ocrx_word' id='word_1_531' title='bbox 185 5237 288 5293; x_wconf 90' lang='lat' dir='ltr'><strong>tim</strong></span> <span class='ocrx_word' id='word_1_532' title='bbox 339 5238 407 5291; x_wconf 88' lang='lat' dir='ltr'><strong>ad</strong></span> <span class='ocrx_word' id='word_1_533' title='bbox 463 5237 694 5293; x_wconf 86' lang='lat' dir='ltr'><strong>ﬂumina</strong></span> <span class='ocrx_word' id='word_1_534' title='bbox 741 5240 1090 5295; x_wconf 73' lang='lat' dir='ltr'><strong>confluentes</strong></span> <span class='ocrx_word' id='word_1_535' title='bbox 1135 5242 1511 5312; x_wconf 85' lang='lat' dir='ltr'><strong>baptizabant,</strong></span> <span class='ocrx_word' id='word_1_536' title='bbox 1573 5242 1718 5297; x_wconf 89' lang='lat' dir='ltr'><strong>idola</strong></span> <span class='ocrx_word' id='word_1_537' title='bbox 1749 5257 1816 5295; x_wconf 89' lang='lat' dir='ltr'><strong>ex</strong></span> 
     </span>
    </p>
   </div>
   <div class='ocr_carea' id='block_1_78' title="bbox 181 5330 1809 5405">
    <p class='ocr_par' dir='ltr' id='par_1_78' title="bbox 181 5330 1809 5405">
     <span class='ocr_line' id='line_1_80' title="bbox 181 5330 1809 5405; baseline 0.004 -22"><span class='ocrx_word' id='word_1_538' title='bbox 181 5330 478 5385; x_wconf 85' lang='lat' dir='ltr'><strong>Wandalia</strong></span> <span class='ocrx_word' id='word_1_539' title='bbox 535 5332 1000 5387; x_wconf 85' lang='lat' dir='ltr'><strong>exterminabant.</strong></span> <span class='ocrx_word' id='word_1_540' title='bbox 1081 5354 1104 5384; x_wconf 82' lang='lat'>»</span> <span class='ocrx_word' id='word_1_541' title='bbox 1189 5335 1439 5391; x_wconf 89' lang='lat' dir='ltr'><strong>Ottonem</strong></span> <span class='ocrx_word' id='word_1_542' title='bbox 1503 5337 1809 5405; x_wconf 89' lang='lat' dir='ltr'><strong>juniorem,</strong></span> 
     </span>
    </p>
   </div>
   <div class='ocr_carea' id='block_1_79' title="bbox 183 5422 1806 5496">
    <p class='ocr_par' dir='ltr' id='par_1_79' title="bbox 183 5422 1806 5496">
     <span class='ocr_line' id='line_1_81' title="bbox 183 5422 1806 5496; baseline 0.006 -21"><span class='ocrx_word' id='word_1_543' title='bbox 183 5422 377 5494; x_wconf 85' lang='lat' dir='ltr'><strong>magni</strong></span> <span class='ocrx_word' id='word_1_544' title='bbox 416 5422 566 5477; x_wconf 93' lang='lat' dir='ltr'><strong>illius</strong></span> <span class='ocrx_word' id='word_1_545' title='bbox 595 5422 807 5478; x_wconf 87' lang='lat' dir='ltr'><strong>Ottonis</strong></span> <span class='ocrx_word' id='word_1_546' title='bbox 851 5423 1045 5488; x_wconf 82' lang='lat' dir='ltr'><strong>ﬁlium,</strong></span> <span class='ocrx_word' id='word_1_547' title='bbox 1083 5426 1469 5496; x_wconf 90' lang='lat' dir='ltr'><strong>imperatorem</strong></span> <span class='ocrx_word' id='word_1_548' title='bbox 1504 5428 1806 5484; x_wconf 87' lang='lat' dir='ltr'><strong>coronavit.</strong></span> 
     </span>
    </p>
   </div>
   <div class='ocr_carea' id='block_1_80' title="bbox 187 5509 1808 5586">
    <p class='ocr_par' dir='ltr' id='par_1_80' title="bbox 187 5509 1808 5586">
     <span class='ocr_line' id='line_1_82' title="bbox 187 5509 1808 5586; baseline 0.005 -23"><span class='ocrx_word' id='word_1_549' title='bbox 187 5509 365 5564; x_wconf 81' lang='lat' dir='ltr'><strong>Roma</strong></span> <span class='ocrx_word' id='word_1_550' title='bbox 395 5526 519 5564; x_wconf 92' lang='lat' dir='ltr'><strong>cum</strong></span> <span class='ocrx_word' id='word_1_551' title='bbox 554 5510 885 5581; x_wconf 87' lang='lat' dir='ltr'><strong>imperatore</strong></span> <span class='ocrx_word' id='word_1_552' title='bbox 945 5510 1179 5582; x_wconf 88' lang='lat' dir='ltr'><strong>Capuam</strong></span> <span class='ocrx_word' id='word_1_553' title='bbox 1227 5513 1526 5584; x_wconf 90' lang='lat' dir='ltr'><strong>profectus,</strong></span> <span class='ocrx_word' id='word_1_554' title='bbox 1555 5517 1808 5586; x_wconf 90' lang='lat' dir='ltr'><strong>Capuen-</strong></span> 
     </span>
    </p>
   </div>
   <div class='ocr_carea' id='block_1_81' title="bbox 183 5599 1814 5677">
    <p class='ocr_par' dir='ltr' id='par_1_81' title="bbox 183 5599 1814 5677">
     <span class='ocr_line' id='line_1_83' title="bbox 183 5599 1814 5677; baseline 0.004 -24"><span class='ocrx_word' id='word_1_555' title='bbox 183 5616 307 5654; x_wconf 89' lang='lat' dir='ltr'><strong>sem</strong></span> <span class='ocrx_word' id='word_1_556' title='bbox 335 5599 655 5666; x_wconf 82' lang='lat' dir='ltr'><strong>Ecclesiam,</strong></span> <span class='ocrx_word' id='word_1_557' title='bbox 705 5616 772 5657; x_wconf 92' lang='lat' dir='ltr'><strong>eo</strong></span> <span class='ocrx_word' id='word_1_558' title='bbox 816 5603 962 5673; x_wconf 91' lang='lat' dir='ltr'><strong>quod</strong></span> <span class='ocrx_word' id='word_1_559' title='bbox 1002 5619 1062 5657; x_wconf 89' lang='lat' dir='ltr'><strong>se</strong></span> <span class='ocrx_word' id='word_1_560' title='bbox 1090 5602 1260 5658; x_wconf 80' lang='lat' dir='ltr'><strong>Roma</strong></span> <span class='ocrx_word' id='word_1_561' title='bbox 1313 5603 1551 5677; x_wconf 81' lang='lat' dir='ltr'><strong>fugatum</strong></span> <span class='ocrx_word' id='word_1_562' title='bbox 1582 5605 1814 5662; x_wconf 87' lang='lat' dir='ltr'><strong>honori-</strong></span> 
     </span>
    </p>
   </div>
   <div class='ocr_carea' id='block_1_82' title="bbox 1924 4423 3542 4497">
    <p class='ocr_par' dir='ltr' id='par_1_82' title="bbox 1924 4423 3542 4497">
     <span class='ocr_line' id='line_1_84' title="bbox 1924 4423 3542 4497; baseline -0.003 -13"><span class='ocrx_word' id='word_1_563' title='bbox 1924 4429 2196 4485; x_wconf 88' lang='lat' dir='ltr'><strong>exercitns</strong></span> <span class='ocrx_word' id='word_1_564' title='bbox 2227 4427 2440 4482; x_wconf 90' lang='lat' dir='ltr'><strong>Ottonis</strong></span> <span class='ocrx_word' id='word_1_565' title='bbox 2507 4427 2561 4480; x_wconf 91' lang='lat' dir='ltr'><strong>in</strong></span> <span class='ocrx_word' id='word_1_566' title='bbox 2614 4425 2823 4497; x_wconf 90' lang='lat' dir='ltr'><strong>nuptiis</strong></span> <span class='ocrx_word' id='word_1_567' title='bbox 2874 4423 3131 4493; x_wconf 89' lang='lat' dir='ltr'><strong>parandis</strong></span> <span class='ocrx_word' id='word_1_568' title='bbox 3177 4430 3542 4493; x_wconf 88' lang='lat' dir='ltr'><strong>occuparetur</strong></span> 
     </span>
    </p>
   </div>
   <div class='ocr_carea' id='block_1_83' title="bbox 1925 4514 3543 4591">
    <p class='ocr_par' dir='ltr' id='par_1_83' title="bbox 1925 4514 3543 4591">
     <span class='ocr_line' id='line_1_85' title="bbox 1925 4514 3543 4591; baseline -0.002 -18"><span class='ocrx_word' id='word_1_569' title='bbox 1925 4519 2226 4574; x_wconf 87' lang='lat' dir='ltr'><strong>Orientales</strong></span> <span class='ocrx_word' id='word_1_570' title='bbox 2275 4533 2339 4570; x_wconf 87' lang='lat' dir='ltr'><strong>ex</strong></span> <span class='ocrx_word' id='word_1_571' title='bbox 2390 4515 2688 4586; x_wconf 90' lang='lat' dir='ltr'><strong>improviso</strong></span> <span class='ocrx_word' id='word_1_572' title='bbox 2744 4514 2971 4567; x_wconf 91' lang='lat' dir='ltr'><strong>militem</strong></span> <span class='ocrx_word' id='word_1_573' title='bbox 3006 4514 3384 4583; x_wconf 87' lang='lat' dir='ltr'><strong>&#39;imperatoris</strong></span> <span class='ocrx_word' id='word_1_574' title='bbox 3443 4531 3543 4591; x_wconf 87' lang='lat' dir='ltr'><strong>ag-</strong></span> 
     </span>
    </p>
   </div>
   <div class='ocr_carea' id='block_1_84' title="bbox 1925 4603 3539 4686">
    <p class='ocr_par' dir='ltr' id='par_1_84' title="bbox 1925 4603 3539 4686">
     <span class='ocr_line' id='line_1_86' title="bbox 1925 4603 3539 4686; baseline -0.002 -22"><span class='ocrx_word' id='word_1_575' title='bbox 1925 4611 2121 4686; x_wconf 78' lang='lat' dir='ltr'><strong>gressi,</strong></span> <span class='ocrx_word' id='word_1_576' title='bbox 2175 4608 2430 4663; x_wconf 90' lang='lat' dir='ltr'><strong>eumdem</strong></span> <span class='ocrx_word' id='word_1_577' title='bbox 2511 4621 2709 4677; x_wconf 89' lang='lat' dir='ltr'><strong>magna</strong></span> <span class='ocrx_word' id='word_1_578' title='bbox 2759 4610 2938 4676; x_wconf 85' lang='lat' dir='ltr'><strong>strage</strong></span> <span class='ocrx_word' id='word_1_579' title='bbox 3005 4603 3282 4677; x_wconf 91' lang='lat' dir='ltr'><strong>fugarunt.</strong></span> <span class='ocrx_word' id='word_1_580' title='bbox 3341 4605 3539 4660; x_wconf 81' lang='lat' dir='ltr'><strong>Verum</strong></span> 
     </span>
    </p>
   </div>
   <div class='ocr_carea' id='block_1_85' title="bbox 1927 4691 3537 4775">
    <p class='ocr_par' dir='ltr' id='par_1_85' title="bbox 1927 4691 3537 4775">
     <span class='ocr_line' id='line_1_87' title="bbox 1927 4691 3537 4775; baseline -0.009 -17"><span class='ocrx_word' id='word_1_581' title='bbox 1927 4702 2148 4775; x_wconf 89' lang='lat' dir='ltr'><strong>quando</strong></span> <span class='ocrx_word' id='word_1_582' title='bbox 2172 4716 2236 4754; x_wconf 89' lang='lat' dir='ltr'><strong>ea</strong></span> <span class='ocrx_word' id='word_1_583' title='bbox 2265 4696 2496 4753; x_wconf 91' lang='lat' dir='ltr'><strong>victoria</strong></span> <span class='ocrx_word' id='word_1_584' title='bbox 2519 4694 2646 4748; x_wconf 89' lang='lat' dir='ltr'><strong>elati</strong></span> <span class='ocrx_word' id='word_1_585' title='bbox 2673 4693 2918 4747; x_wconf 90' lang='lat' dir='ltr'><strong>secundo</strong></span> <span class='ocrx_word' id='word_1_586' title='bbox 2950 4691 3204 4745; x_wconf 91' lang='lat' dir='ltr'><strong>eumdem</strong></span> <span class='ocrx_word' id='word_1_587' title='bbox 3238 4691 3537 4746; x_wconf 87' lang='lat' dir='ltr'><strong>exercitum</strong></span> 
     </span>
    </p>
   </div>
   <div class='ocr_carea' id='block_1_86' title="bbox 1927 4783 3538 4867">
    <p class='ocr_par' dir='ltr' id='par_1_86' title="bbox 1927 4783 3538 4867">
     <span class='ocr_line' id='line_1_88' title="bbox 1927 4783 3538 4867; baseline -0.007 -17"><span class='ocrx_word' id='word_1_588' title='bbox 1927 4795 2380 4867; x_wconf 75' lang='lat' dir='ltr'><strong>aggrederentur,</strong></span> <span class='ocrx_word' id='word_1_589' title='bbox 2441 4789 2731 4842; x_wconf 89' lang='lat' dir='ltr'><strong>innumera</strong></span> <span class='ocrx_word' id='word_1_590' title='bbox 2790 4783 3081 4840; x_wconf 80' lang='lat' dir='ltr'><strong>multitudo</strong></span> <span class='ocrx_word' id='word_1_591' title='bbox 3115 4783 3354 4838; x_wconf 87' lang='lat' dir='ltr'><strong>hostium</strong></span> <span class='ocrx_word' id='word_1_592' title='bbox 3400 4800 3538 4839; x_wconf 71' lang='lat' dir='ltr'><strong>caesa</strong></span> 
     </span>
    </p>
   </div>
   <div class='ocr_carea' id='block_1_87' title="bbox 1926 4873 3536 4956">
    <p class='ocr_par' dir='ltr' id='par_1_87' title="bbox 1926 4873 3536 4956">
     <span class='ocr_line' id='line_1_89' title="bbox 1926 4873 3536 4956; baseline -0.008 -17"><span class='ocrx_word' id='word_1_593' title='bbox 1926 4885 2038 4940; x_wconf 91' lang='lat' dir='ltr'><strong>fuit.</strong></span> <span class='ocrx_word' id='word_1_594' title='bbox 2074 4882 2315 4956; x_wconf 89' lang='lat' dir='ltr'><strong>Contigit</strong></span> <span class='ocrx_word' id='word_1_595' title='bbox 2371 4880 2473 4933; x_wconf 90' lang='lat' dir='ltr'><strong>hac</strong></span> <span class='ocrx_word' id='word_1_596' title='bbox 2521 4877 2588 4930; x_wconf 91' lang='lat' dir='ltr'><strong>de</strong></span> <span class='ocrx_word' id='word_1_597' title='bbox 2642 4891 2808 4929; x_wconf 89' lang='lat' dir='ltr'><strong>causa</strong></span> <span class='ocrx_word' id='word_1_598' title='bbox 2854 4873 3220 4945; x_wconf 77' lang='lat' dir='ltr'><strong>Nicephorum</strong></span> <span class='ocrx_word' id='word_1_599' title='bbox 3278 4873 3536 4938; x_wconf 82' lang='lat' dir='ltr'><strong>interfici,</strong></span> 
     </span>
    </p>
   </div>
   <div class='ocr_carea' id='block_1_88' title="bbox 1923 4963 3532 5045">
    <p class='ocr_par' dir='ltr' id='par_1_88' title="bbox 1923 4963 3532 5045">
     <span class='ocr_line' id='line_1_90' title="bbox 1923 4963 3532 5045; baseline -0.011 -15"><span class='ocrx_word' id='word_1_600' title='bbox 1923 4975 2084 5045; x_wconf 92' lang='lat' dir='ltr'><strong>eique</strong></span> <span class='ocrx_word' id='word_1_601' title='bbox 2149 4972 2418 5026; x_wconf 89' lang='lat' dir='ltr'><strong>Joannem</strong></span> <span class='ocrx_word' id='word_1_602' title='bbox 2476 4965 2769 5038; x_wconf 90' lang='lat' dir='ltr'><strong>quemdam</strong></span> <span class='ocrx_word' id='word_1_603' title='bbox 2830 4971 3197 5038; x_wconf 88' lang='lat' dir='ltr'><strong>cognomento</strong></span> <span class='ocrx_word' id='word_1_604' title='bbox 3242 4963 3532 5027; x_wconf 84' lang='lat' dir='ltr'><strong>Zemisces,</strong></span> 
     </span>
    </p>
   </div>
   <div class='ocr_carea' id='block_1_89' title="bbox 1920 5051 3538 5132">
    <p class='ocr_par' dir='ltr' id='par_1_89' title="bbox 1920 5051 3538 5132">
     <span class='ocr_line' id='line_1_91' title="bbox 1920 5051 3538 5132; baseline -0.009 -16"><span class='ocrx_word' id='word_1_605' title='bbox 1920 5065 1986 5118; x_wconf 88' lang='lat' dir='ltr'><strong>ad</strong></span> <span class='ocrx_word' id='word_1_606' title='bbox 2020 5061 2310 5132; x_wconf 90' lang='lat' dir='ltr'><strong>imperium</strong></span> <span class='ocrx_word' id='word_1_607' title='bbox 2341 5057 2566 5113; x_wconf 87' lang='lat' dir='ltr'><strong>elevari.</strong></span> <span class='ocrx_word' id='word_1_608' title='bbox 2602 5055 2701 5120; x_wconf 87' lang='lat' dir='ltr'><strong>Qui</strong></span> <span class='ocrx_word' id='word_1_609' title='bbox 2746 5054 2909 5125; x_wconf 90' lang='lat' dir='ltr'><strong>paulo</strong></span> <span class='ocrx_word' id='word_1_610' title='bbox 2951 5061 3073 5124; x_wconf 92' lang='lat' dir='ltr'><strong>post</strong></span> <span class='ocrx_word' id='word_1_611' title='bbox 3103 5068 3264 5124; x_wconf 89' lang='lat' dir='ltr'><strong>quam</strong></span> <span class='ocrx_word' id='word_1_612' title='bbox 3297 5051 3538 5120; x_wconf 89' lang='lat' dir='ltr'><strong>impera-</strong></span> 
     </span>
    </p>
   </div>
   <div class='ocr_carea' id='block_1_90' title="bbox 1921 5137 3531 5215">
    <p class='ocr_par' dir='ltr' id='par_1_90' title="bbox 1921 5137 3531 5215">
     <span class='ocr_line' id='line_1_92' title="bbox 1921 5137 3531 5215; baseline -0.011 -8"><span class='ocrx_word' id='word_1_613' title='bbox 1921 5162 2002 5208; x_wconf 92' lang='lat' dir='ltr'><strong>tor</strong></span> <span class='ocrx_word' id='word_1_614' title='bbox 2034 5152 2208 5205; x_wconf 89' lang='lat' dir='ltr'><strong>factus</strong></span> <span class='ocrx_word' id='word_1_615' title='bbox 2239 5157 2404 5214; x_wconf 90' lang='lat' dir='ltr'><strong>esset,</strong></span> <span class='ocrx_word' id='word_1_616' title='bbox 2437 5146 2605 5202; x_wconf 90' lang='lat' dir='ltr'><strong>occisi</strong></span> <span class='ocrx_word' id='word_1_617' title='bbox 2639 5144 2986 5215; x_wconf 88' lang='lat' dir='ltr'><strong>imperatoris</strong></span> <span class='ocrx_word' id='word_1_618' title='bbox 3038 5137 3330 5209; x_wconf 86' lang='lat' dir='ltr'><strong>Nicephori</strong></span> <span class='ocrx_word' id='word_1_619' title='bbox 3366 5137 3531 5191; x_wconf 85' lang='lat' dir='ltr'><strong>filiam</strong></span> 
     </span>
    </p>
   </div>
   <div class='ocr_carea' id='block_1_91' title="bbox 1918 5227 3536 5308">
    <p class='ocr_par' dir='ltr' id='par_1_91' title="bbox 1918 5227 3536 5308">
     <span class='ocr_line' id='line_1_93' title="bbox 1918 5227 3536 5308; baseline -0.011 -8"><span class='ocrx_word' id='word_1_620' title='bbox 1918 5246 1985 5300; x_wconf 88' lang='lat' dir='ltr'><strong>ad</strong></span> <span class='ocrx_word' id='word_1_621' title='bbox 2015 5245 2266 5298; x_wconf 88' lang='lat' dir='ltr'><strong>Ottonem</strong></span> <span class='ocrx_word' id='word_1_622' title='bbox 2298 5239 2448 5293; x_wconf 89' lang='lat' dir='ltr'><strong>misit</strong></span> <span class='ocrx_word' id='word_1_623' title='bbox 2482 5255 2494 5291; x_wconf 96' lang='lat'>:</span> <span class='ocrx_word' id='word_1_624' title='bbox 2533 5252 2699 5308; x_wconf 88' lang='lat' dir='ltr'><strong>quam</strong></span> <span class='ocrx_word' id='word_1_625' title='bbox 2754 5236 2894 5307; x_wconf 89' lang='lat' dir='ltr'><strong>ipse,</strong></span> <span class='ocrx_word' id='word_1_626' title='bbox 2941 5242 2999 5287; x_wconf 93' lang='lat' dir='ltr'><strong>ut</strong></span> <span class='ocrx_word' id='word_1_627' title='bbox 3029 5231 3102 5286; x_wconf 90' lang='lat' dir='ltr'><strong>ait</strong></span> <span class='ocrx_word' id='word_1_628' title='bbox 3143 5227 3536 5294; x_wconf 87' lang='lat' dir='ltr'><strong>Witichindus,</strong></span> 
     </span>
    </p>
   </div>
   <div class='ocr_carea' id='block_1_92' title="bbox 1911 5317 3528 5393">
    <p class='ocr_par' dir='ltr' id='par_1_92' title="bbox 1911 5317 3528 5393">
     <span class='ocr_line' id='line_1_94' title="bbox 1911 5317 3528 5393; baseline -0.009 -7"><span class='ocrx_word' id='word_1_629' title='bbox 1911 5331 2091 5387; x_wconf 90' lang='lat' dir='ltr'><strong>statim</strong></span> <span class='ocrx_word' id='word_1_630' title='bbox 2134 5329 2245 5384; x_wconf 84' lang='lat' dir='ltr'><strong>filio</strong></span> <span class='ocrx_word' id='word_1_631' title='bbox 2303 5327 2545 5393; x_wconf 87' lang='lat' dir='ltr'><strong>tradidit,</strong></span> <span class='ocrx_word' id='word_1_632' title='bbox 2601 5323 3006 5391; x_wconf 90' lang='lat' dir='ltr'><strong>celebratisque</strong></span> <span class='ocrx_word' id='word_1_633' title='bbox 3064 5317 3356 5392; x_wconf 83' lang='lat' dir='ltr'><strong>magnifice</strong></span> <span class='ocrx_word' id='word_1_634' title='bbox 3417 5334 3528 5373; x_wconf 89' lang='lat' dir='ltr'><strong>nu-</strong></span> 
     </span>
    </p>
   </div>
   <div class='ocr_carea' id='block_1_93' title="bbox 1913 5405 3530 5492">
    <p class='ocr_par' dir='ltr' id='par_1_93' title="bbox 1913 5405 3530 5492">
     <span class='ocr_line' id='line_1_95' title="bbox 1913 5405 3530 5492; baseline -0.01 -17"><span class='ocrx_word' id='word_1_635' title='bbox 1913 5420 2041 5492; x_wconf 87' lang='lat' dir='ltr'><strong>ptiis</strong></span> <span class='ocrx_word' id='word_1_636' title='bbox 2069 5433 2290 5474; x_wconf 91' lang='lat' dir='ltr'><strong>omnem</strong></span> <span class='ocrx_word' id='word_1_637' title='bbox 2318 5417 2525 5471; x_wconf 87' lang='lat' dir='ltr'><strong>Italiam</strong></span> <span class='ocrx_word' id='word_1_638' title='bbox 2555 5429 2723 5484; x_wconf 91' lang='lat' dir='ltr'><strong>super</strong></span> <span class='ocrx_word' id='word_1_639' title='bbox 2771 5412 2875 5465; x_wconf 92' lang='lat' dir='ltr'><strong>hoc</strong></span> <span class='ocrx_word' id='word_1_640' title='bbox 2907 5405 3254 5462; x_wconf 87' lang='lat' dir='ltr'><strong>Germaniam</strong></span> <span class='ocrx_word' id='word_1_641' title='bbox 3287 5406 3530 5461; x_wconf 68' lang='lat' dir='ltr'><strong>lzetiores</strong></span> 
     </span>
    </p>
   </div>
   <div class='ocr_carea' id='block_1_94' title="bbox 1913 5495 3523 5570">
    <p class='ocr_par' dir='ltr' id='par_1_94' title="bbox 1913 5495 3523 5570">
     <span class='ocr_line' id='line_1_96' title="bbox 1913 5495 3523 5570; baseline -0.011 -4"><span class='ocrx_word' id='word_1_642' title='bbox 1913 5509 2174 5566; x_wconf 88' lang='lat' dir='ltr'><strong>reddidit.</strong></span> <span class='ocrx_word' id='word_1_643' title='bbox 2213 5508 2468 5563; x_wconf 89' lang='lat' dir='ltr'><strong>Eamdem</strong></span> <span class='ocrx_word' id='word_1_644' title='bbox 2510 5521 2541 5558; x_wconf 92' lang='lat' dir='ltr'><strong>a</strong></span> <span class='ocrx_word' id='word_1_645' title='bbox 2575 5505 2784 5560; x_wconf 89' lang='lat' dir='ltr'><strong>Joanne</strong></span> <span class='ocrx_word' id='word_1_646' title='bbox 2825 5513 2966 5570; x_wconf 86' lang='lat' dir='ltr'><strong>papa</strong></span> <span class='ocrx_word' id='word_1_647' title='bbox 2993 5504 3309 5551; x_wconf 89' lang='lat' dir='ltr'><strong>coronatam</strong></span> <span class='ocrx_word' id='word_1_648' title='bbox 3346 5495 3523 5567; x_wconf 89' lang='lat' dir='ltr'><strong>impe-</strong></span> 
     </span>
    </p>
   </div>
   <div class='ocr_carea' id='block_1_95' title="bbox 1915 5595 2985 5669">
    <p class='ocr_par' dir='ltr' id='par_1_95' title="bbox 1915 5595 2985 5669">
     <span class='ocr_line' id='line_1_97' title="bbox 1915 5595 2985 5669; baseline -0.012 -9"><span class='ocrx_word' id='word_1_649' title='bbox 1915 5606 2168 5660; x_wconf 89' lang='lat' dir='ltr'><strong>ratricem</strong></span> <span class='ocrx_word' id='word_1_650' title='bbox 2194 5604 2359 5658; x_wconf 90' lang='lat' dir='ltr'><strong>fuisse</strong></span> <span class='ocrx_word' id='word_1_651' title='bbox 2392 5606 2619 5656; x_wconf 89' lang='lat' dir='ltr'><strong>testatur</strong></span> <span class='ocrx_word' id='word_1_652' title='bbox 2648 5595 2985 5669; x_wconf 86' lang='lat' dir='ltr'><strong>Sigebertus.</strong></span> 
     </span>
    </p>
   </div>
  </div>
