4062 6164
491 269 586 324 951

1822 277 2090 335 JOANNIS
2130 281 2247 337 XIII
2287 283 2493 337 ΡΑΡιΕ.

3721 296 3827 350 952

560 398 659 451 Per
683 404 933 452 catenam
964 399 1137 453 sancti
1168 399 1332 466 Petri,
1365 402 1636 471 arreptitii
1684 404 1825 460 collo
1860 406 2095 461 circum-
2123 414 2170 480 Α
2197 410 2301 476 Qui
2320 412 2560 480 prudens
2574 417 2787 481 pastor,
2814 415 3119 483 persoluam
3146 418 3327 474 debita
3356 425 3571 487 mortis,

486 486 688 551 datam,
720 485 1030 541 daamouem
1050 487 1282 557 expulit.
1316 490 1372 542 In
1386 489 1848 566 Magdeburgensi
1879 494 2095 550 civitate

486 592 679 632 recens
709 577 776 631 ab
799 577 991 632 Ottone
1043 578 1266 635 condita
1306 582 1542 652 primum
1574 584 1901 656 episcopum
1932 588 2096 642 Adel-

484 671 699 726 bertum
747 671 1052 727 constituit.
1112 672 1351 745 Cumque
1379 677 1567 732 sedem
1610 681 1969 749 apostolicam
1997 698 2096 736 an—

485 777 587 816 nos
611 777 728 825 sex,
768 778 987 816 menses
1027 763 1307 831 undecim,
1367 774 1422 821 et
1479 766 1599 822 dies
1623 768 1815 843 viginti
1847 769 2094 841 quinque

484 857 771 924 tenuisset,
826 858 1074 913 vuildus
1118 860 1465 932 Septembris
1518 863 1675 920 obiit.
1729 865 1988 937 Sepultus
2011 875 2095 923 est

484 950 539 1003 in
566 950 794 1006 basilica
813 952 995 1008 Sancti
1018 953 1184 1021 Petri,
1235 962 1296 1010 ut
1325 956 1515 1012 videre
1564 967 1650 1012 est
1671 958 1725 1013 in
1765 960 1886 1028 ejus
1916 961 2095 1032 epita-

484 1042 632 1112 pllio.

484 1133 755 1201 Pontiﬁcis
773 1138 972 1189 summi
986 1137 1070 1191 hic
1088 1137 1418 1192 clauduntur
1435 1140 1675 1195 membra
1698 1142 1944 1209 Joannis,

2195 506 2361 559 Isthic
2389 512 2709 575 pramonwt
2727 511 2963 564 moriens
2981 524 3080 564 sua
3108 514 3351 568 membra
3381 517 3557 571 locari
3586 534 3601 580 ;

2197 583 2309 665 Quo
2336 602 2535 669 pietate
2570 604 2671 657 Dei
2692 604 2954 658 resolutus
2993 608 3223 662 nexibus
3252 613 3389 665 atris

2195 699 2418 764 Egregii
2438 699 2597 752 Pauli
2629 702 2835 754 meritis
2865 703 3186 758 conscendat
3208 707 3266 759 in
3294 708 3488 762 cethra.

2194 789 2342 841 Inter
2370 789 2691 856 apostolicos
2721 790 2973 844 calorum
3000 794 3207 859 gaudia
3234 800 3421 863 metat,

2197 875 2460 943 Gaudeat,
2490 878 2715 933 exsultet
2736 882 2971 935 sociatus
2993 883 3212 938 cratibus
3241 887 3421 940 almis.

2197 966 2365 1018 Dicite
2392 965 2549 1019 corde
2570 968 2665 1035 pio
2693 969 2978 1034 relegentes
3012 973 3260 1026 carmina
3288 978 3489 1042 cuncti,

2201 1056 2410 1110 Christe
2438 1058 2524 1111 tui
2545 1059 2746 1124 famuli
2763 1061 3041 1129 misertus,
3079 1065 3278 1119 scelera
3298 1081 3502 1135 purga,

2200 1144 2475 1212 Sanguine
2494 1149 2591 1216 qui
2618 1153 2803 1203 sancto
2829 1150 3108 1207 redemisti
3131 1156 3356 1209 crimine
3385 1157 3677 1211 mundam.

482 1307 3807 1348 Μῄ-

1116 1449 1978 1588 ,ΙΟΑΝΝΙΞ

2180 1454 2512 1592 {III
2626 1360 3177 1599 ῬἈΡΑῑ

1414 1670 2014 1785 ΕΡΙδνΓΟιλΈ
2076 1699 2231 1786 ΕΤ
2294 1702 2869 1792 DECRETA.

1957 1921 2343 1935 ——-—

1265 2060 1307 2117 1.

669 2166 905 2204 JOANNES
945 2168 1041 2204 XIII
1081 2167 1462 2207 CANONICORUM
1505 2169 1910 2211 BONONIENSIUM

919 2238 1286 2277 IMMUNITATEM
1333 2240 1655 2280 CONFIRMAT.

1111 2317 1283 2384 (Anno
1311 2314 1459 2379 967.)

872 2411 1083 2483 [MANSI,
1112 2415 1308 2469 Concil.
1342 2415 1524 2482 XVIII,
1554 2417 1703 2489 509.]

540 2538 781 2594 Joannes
794 2540 1111 2612 episcopus,
1126 2558 1317 2598 servus
1340 2559 1621 2600 servorum
1651 2546 1767 2602 Dei.

542 2630 672 2685 Cum
702 2646 805 2703 ego
836 2632 1096 2699 Joannes,
1146 2641 1349 2690 sancta:
1380 2644 1435 2690 et
1476 2639 1790 2708 apostolicae
1823 2641 2081 2698 Romanae

375 2743 383 2751 ο
474 2718 726 2774 Ecclesiae
763 2721 957 2775 tertius
987 2721 1234 2778 decimus
1250 2740 1413 2795 papa,
1438 2727 1741 2783 resideiem
1775 2729 1831 2784 in
1867 2731 2078 2786 Raven—

469 2815 593 2860 nate
635 2807 854 2863 civitate
906 2826 1015 2864 una
1073 2827 1195 2866 cum
1243 2814 1381 2868 meis
1427 2821 1481 2870 et
1544 2816 1748 2873 Italicis
1776 2819 2075 2891 episcopis,

465 2897 761 2954 adfuerunt
799 2902 1106 2970 praesentiae
1147 2911 1346 2959 nostrze
1386 2906 1631 2980 religiosi
1676 2910 1981 2982 presbyteri
2022 2920 2079 2967 et

467 2988 687 3043 diaconi
738 2998 943 3045 sanctae
976 2993 1343 3048 Bononiensis
1400 2996 1676 3062 Ecclesiae,
1709 3014 1773 3053 ac
1800 3016 1897 3069 pro
1948 3003 2076 3056 unia

467 3096 623 3134 verso
653 3081 800 3136 clero
818 3083 1099 3139 canonica:
1132 3087 1579 3160 congregationis
1600 3089 1767 3144 humo
1793 3094 2067 3161 prostrati,

470 3179 684 3227 nostros
723 3173 1035 3228 osculantes
1064 3176 1257 3245 pedes,
1275 3177 1599 3234 obtulerunt
1640 3181 1931 3250 epistolam
1966 3186 2077 3239 tui-

469 3264 633 3318 tionis
655 3274 857 3320 sanctae
880 3266 1283 3324 recordationis
1315 3270 1526 3326 domini
1579 3271 1775 3328 Leonis
1829 3274 1867 3327 V
1897 3292 2073 3348 papae,

2119 2073 2169 2140 Β
2195 2069 2454 2139 paticum,
2486 2080 2581 2127 aut
2611 2072 2909 2142 teloneum,
2941 2076 3056 2132 sive
3086 2079 3400 2148 ostaticum,
3438 2098 3626 2155 neque
3659 2103 3823 2157 para-

2192 2168 2324 2231 tam,
2356 2162 2442 2216 vel
2473 2172 2897 2230 sacramentum,
2925 2169 3075 2239 quod
3099 2168 3209 2225 dici
3238 2169 3396 2226 nefas
3455 2180 3561 2241 est,
3587 2175 3817 2233 faciant.

2189 2250 2296 2304 Sed
2323 2251 2443 2306 sine
2469 2253 2782 2324 aliquorum
2832 2256 3139 2326 hominum,
3196 2261 3456 2330 publicas
3475 2265 3582 2319 sibi
3611 2283 3821 2341 geren-

2190 2342 2326 2397 tium
2357 2345 2627 2413 actiones,
2684 2348 3100 2417 perturbatione
3152 2359 3320 2425 atque
3377 2356 3641 2412 molestia
3673 2376 3813 2430 per-

2187 2436 2382 2491 sistere
2411 2438 2613 2505 securi,
2648 2439 2932 2512 quietique
2968 2444 3171 2499 nullam
3214 2447 3561 2504 sustinentes
3587 2452 3818 2507 violen-

2185 2529 2313 2584 tiam
2372 2530 2427 2583 in
2470 2530 2585 2585 suis
2651 2531 3021 2601 facultatibus,
3079 2538 3163 2592 vel
3193 2540 3453 2594 omnibus
3484 2543 3660 2599 rebus
3696 2552 3810 2599 tam

2184 2617 2483 2673 mobilibus
2513 2636 2676 2691 quam
2708 2621 3102 2689 immobilibus,
3133 2632 3239 2681 tam
3282 2628 3351 2683 de
3389 2629 3509 2684 suis
3563 2635 3814 2703 prOpriis

2182 2725 2345 2781 quam
2376 2710 2541 2766 etiam
2595 2713 2663 2767 de
2695 2714 3105 2783 ecclesiasticis,
3152 2719 3251 2773 sed
3309 2720 3364 2773 in
3426 2721 3520 2776 Dei
3578 2726 3813 2782 servitio

2181 2806 2234 2853 et
2262 2798 2516 2854 laudibus
2554 2803 2726 2872 quieti
2781 2812 2835 2858 et
2864 2804 3079 2875 paciﬁci
3112 2817 3489 2878 perseverent,
3522 2822 3814 2884 quatenus

2179 2909 2277 2963 pro
2307 2894 2466 2948 nobis
2498 2902 2553 2950 et
2582 2905 2781 2952 cuncto
2814 2900 3018 2969 pOpulo
3041 2902 3349 2959 Christiano
3398 2910 3578 2961 securi
3610 2909 3811 2964 Domi-

2179 2998 2306 3036 num
2340 2984 2589 3054 quotidie
2620 2996 2872 3042 exorent.

2247 3074 2438 3128 Datum
2469 3091 2597 3129 xvm
2623 3077 2734 3131 Kal.
2774 3078 2914 3144 Maii,
2969 3081 3323 3150 pontiﬁcatus
3352 3087 3527 3140 nostri
3560 3103 3711 3144 anno
3744 3091 3805 3155 2,

2178 3161 2388 3217 Ottonis
2437 3163 2784 3234 imperatoris
2835 3183 2925 3221 an.
2969 3169 3003 3221 6
3055 3168 3360 3227 indictione
3391 3178 3798 3249 suprascripta.

2954 3275 3029 3330 II.

464 3360 522 3407 ut
551 3352 755 3407 nullam
790 3354 1144 3411 donationem
1180 3358 1262 3413 vel
1296 3359 1570 3416 redditum
1609 3363 1889 3434 publicum
1929 3366 2077 3423 face-
2104 3387 2152 3455 ρ
2176 3376 2411 3416 JOANNES
2454 3379 2601 3416 PA”!
2647 3379 2743 3418 VIII
2782 3382 2947 3421 BULLA
2999 3384 3099 3423 PRO
3154 3387 3530 3455 INSTITUyoNE
3579 3396 3811 3435 uenia-

465 3449 602 3497 rent.
647 3443 798 3499 Unde
849 3447 1165 3517 compuncti
1217 3449 1401 3504 divina
1459 3452 1837 3511 misericordia
1866 3457 1934 3512 ad
1977 3475 2077 3515 eo-

460 3548 578 3586 rum
603 3533 925 3603 petitionem
983 3538 1453 3595 commodavimus
1490 3558 1712 3597 sensum
1749 3563 1762 3610 ;
1796 3553 1851 3600 et
1889 3546 2015 3604 ideo
2044 3566 2076 3604 a

461 3628 721 3697 praesenti
759 3629 973 3685 decima
1001 3630 1303 3688 indictione
1343 3636 1602 3692 omnibus
1641 3639 1896 3704 ducibus,
1930 3659 2078 3698 mar-

460 3719 777 3787 chionibus,
858 3723 1153 3783 comitibus
1231 3726 1650 3801 judicibusque,
1707 3737 1761 3786 et
1818 3733 2076 3792 universo

458 3812 663 3884 populo
704 3827 737 3865 a
788 3827 988 3885 magno
1039 3830 1214 3886 usque
1265 3816 1334 3871 ad
1390 3834 1618 3888 parvum
1645 3820 1696 3876 in
1736 3823 2073 3882 Bononiensi

457 3899 664 3972 Oppido
717 3902 1211 3971 commorantibus,
1279 3905 1498 3961 dilectis
1552 3906 1815 3966 ﬁdelibus
1874 3915 2076 3972 nostris

459 3997 650 4045 notum
672 4008 793 4047 esse
820 3992 1170 4062 volumus,ut
1188 4011 1383 4052 omnes
1413 3998 1785 4057 Bononiensis
1815 4004 2074 4063 Ecclesia

459 4080 577 4155 filii,
604 4082 656 4137 id
688 4092 770 4138 est
805 4086 1142 4154 sacerdotes,
1174 4094 1229 4142 et
1258 4088 1457 4156 levitas,
1492 4108 1592 4146 seu
1631 4102 1863 4150 cunctus
1894 4096 2074 4153 clerus

457 4175 803 4248 ingesserunt
850 4186 1036 4235 nostro
1093 4183 1446 4251 apostolatui,
1503 4186 1610 4240 vim
1649 4204 1713 4242 ac
1752 4189 2071 4246 violentiam

458 4269 672 4339 perpeti
735 4268 788 4323 in
845 4270 959 4324 suis
1016 4269 1389 4343 facultatibus,
1450 4283 1503 4330 et
1532 4276 1718 4344 rebus,
1767 4286 1820 4333 et
1852 4297 2073 4351 posses-

456 4357 728 4425 sionibus,
761 4367 815 4415 et
844 4361 1065 4432 publica
1123 4363 1192 4417 ab
1248 4364 1357 4420 illis
1398 4368 1542 4441 exigi
1597 4370 1839 4440 servitia,
1874 4378 1981 4428 tam
2015 4375 2069 4431 in

455 4452 843 4509 ecclesiasticis
868 4472 1031 4528 quam
1064 4456 1118 4512 in
1138 4458 1255 4514 suis
1279 4461 1584 4518 mobilibus
1606 4471 1659 4519 et
1687 4464 2070 4525 immobilibus

456 4544 828 4615 substantiis;
873 4550 1023 4621 quod
1077 4561 1267 4608 contra
1310 4556 1556 4611 omnium
1616 4566 1817 4615 statuta
1847 4570 2065 4618 sancto-

456 4646 573 4685 rum
605 4631 821 4689 Patrum
871 4642 927 4691 et
979 4640 1303 4696 canonicam
1356 4645 1735 4701 auctoritatem
1798 4664 1922 4704 esse
1943 4666 2069 4705 cer-

2514 3450 2832 3491 mscoruus
2862 3455 3336 3498 MAGDEBURGENSIS
3367 3447 3463 3515 (1).

2716 3530 2717 3533 “
2806 3532 2981 3594 (ληιιο
3009 3528 3161 3600 967.)

2348 3614 2519 3685 [Apud
2541 3616 2729 3684 Maus],
2762 3619 2961 3674 Concil.
2997 3626 3130 3675 tom.
3172 3622 3310 3691 Vlll,
3336 3626 3442 3681 col.
3471 3626 3622 3700 509.]

2248 3725 2487 3780 Joannes
2516 3728 2827 3800 episcOpus,
2859 3746 3050 3785 servus
3102 3749 3387 3789 servorum
3418 3737 3536 3804 Dei,
3572 3742 3803 3812 episco-

2179 3831 2280 3883 pus
2306 3814 2461 3869 urbis
2516 3816 2721 3883 Romae,
2763 3819 3220 3891 archiepiscopis,
3253 3824 3543 3898 episcOpis
3574 3838 3633 3885 et
3665 3847 3805 3887 cun-

2177 3907 2278 3960 ctis
2306 3907 2631 3963 timentibus
2684 3910 2874 3974 Deum,
2921 3914 3187 3984 omnique
3241 3917 3409 3971 caatui
3455 3918 3805 3979 Christiano-

2177 4015 2318 4056 t‘um.

2249 4091 2443 4146 Notum
2500 4108 2622 4148 esse
2653 4094 2908 4151 volumus
2962 4098 3219 4168 qualiter,
3254 4100 3564 4171 inspirante
3599 4115 3799 4163 sancto

2176 4181 2739 4259 Spiritu,meritisque
2765 4190 3142 4259 apostolorum
3204 4193 3474 4266 principis
3517 4197 3690 4263 Petri,
3741 4208 3801 4256 et

2173 4274 2317 4329 vasis
2345 4275 2632 4331 electionis
2660 4279 2989 4334 sanctissimi
3030 4280 3203 4346 Pauli,
3246 4299 3310 4338 ac
3339 4284 3515 4339 millia
3563 4288 3799 4343 millium

2171 4375 2468 4437 martyrum
2509 4368 2728 4434 Christi,
2788 4372 2958 4427 Roma
3010 4381 3178 4444 caput
3222 4376 3392 4430 totius
3457 4380 3675 4444 mundi,
3737 4391 3800 4437 et

2174 4457 2414 4513 Ecclesia
2444 4460 2768 4516 universalis
2813 4462 2881 4516 ab
2937 4463 3143 4536 iniquis
3174 4482 3317 4537 pone
3345 4472 3723 4538 pessumdata,
3760 4489 3795 4526 a

2170 4554 2401 4610 Domino
2462 4555 2656 4612 Ottone
2709 4559 2951 4631 Augusto
2992 4560 3342 4631 imperatore.
3375 4579 3408 4616 a
3476 4564 3590 4619 Deo
3618 4581 3792 4621 coro-

2170 4652 2297 4697 nato
2319 4643 2549 4711 Caesare,
2582 4653 2637 4700 et
2689 4663 2888 4722 magno
2916 4656 2969 4702 et
3009 4656 3092 4703 ter
3130 4649 3451 4718 benedicta,
3482 4669 3633 4709 anno
3654 4670 3800 4726 apo—

455 4730 698 4778 neretur.
752 4727 924 4791 Quare
965 4729 1180 4785 illorum
1238 4734 1643 4792 calamitatibus
1673 4740 2058 4809 condolentes,
2098 4736 2397 4828 DSIOIaIUS
2449 4738 2619 4792 nostri
2676 4739 2942 4805 secundo,
3026 4740 3314 4813 ipsiusque
3394 4747 3791 4814 ρτεεηοιηὶηειί

454 4826 553 4883 per
608 4813 704 4868 has
766 4826 980 4873 nostras
1020 4819 1229 4875 litteras
1287 4823 1517 4880 omnino
1577 4825 1977 4881 interdicimus
2013 4813 2339 4884 etunostri
2396 4829 2699 4901 spiritualis
2755 4829 2853 4885 ﬁlii
2910 4832 3242 4888 sanctissimi
3315 4835 3536 4906 imperii
3610 4848 3794 4901 sexto.

453 4900 831 4971 prohibemus,
874 4921 1063 4961 eorum
1096 4907 1234 4962 nihil
1274 4910 1343 4963 ab
1397 4911 1480 4965 eis
1527 4913 1611 4967 vel
1651 4914 2065 4970 successoribus

449 4991 666 5048 illorum
698 4995 845 5070 exigi
883 4997 952 5051 ab
1006 4998 1193 5071 aliqua
1231 5016 1427 5077 magna
1484 5021 1761 5077 parvaque
1801 5022 2058 5077 persona,

449 5101 571 5156 quae
602 5085 710 5142 illis
728 5087 851 5157 jure
882 5096 936 5144 et
961 5090 1213 5164 legaliter
1237 5103 1578 5166 compertum
1614 5097 1956 5169 [competunt
1987 5098 2056 5171 η.

448 5175 1075 5250 Insuperinterdicimus
1122 5192 1182 5241 ut
1217 5202 1322 5243 nec
1369 5189 1720 5258 portaticum,
1762 5206 1945 5263 neque
1987 5191 2061 5246 ri-

632 5366 1154 5451 Archiepiscopatus
1200 5372 1691 5451 Magdcburgensis
1732 5379 2053 5435 instituendi

444 5446 585 5519 opus
612 5436 937 5519 subloanne
958 5436 1690 5519 X'llcoeptuni'sednovndum
1714 5450 2048 5519 absolutum,

443 5504 665 5593 We“?
701 5506 754 5593 i"
787 5509 992 5580 ί¹⁰Ρ¹ί⁰ί
1018 5504 1443 5593 ieiunamus;
1488 5520 1733 5593 ,οοηρίιίο
1765 5504 2050 5593 peragas

441 5572 591 5660 fuit.
621 5574 818 5660 Horum
867 5572 1234 5660 conciliorum
1290 5588 1440 5642 aliud
1470 5572 1636 5660 Aprili
1917 5595 2047 5649 anni

442 5642 843 5737 ἓῗῖῘῖῗῖἾίίῖω.
876 5658 980 5716 θείη
1038 5655 1335 5737 εἰάθηιςιιξθ
1385 5642 2046 5737 matremfoiian'i

446 5722 773 5785 unperatore
817 5720 1059 5779 Joannes
1117 5720 1385 5797 pontifex,
1434 5747 1467 5785 a
1520 5748 1629 5804 quo
1666 5733 1794 5789 data
1832 5742 1916 5790 est
1946 5752 2045 5805 pro

2167 4930 2349 4975 erecta
2377 4931 2479 4989 est,
2512 4930 2567 4975 et
2598 4921 2653 4975 in
2685 4921 2978 4993 pristinum
3032 4925 3299 4980 honorem
3333 4929 3487 4983 omni
3524 4945 3796 4986 reveren-

2166 5010 2241 5064 tia
2293 5010 2533 5066 rodacta.
2594 5011 2718 5081 lpso
2768 5027 3007 5083 namque
3090 5030 3237 5069 anno
3289 5031 3399 5071 una
3468 5018 3791 5087 nobiscum,

2164 5102 2381 5158 favente
2410 5109 2465 5157 et
2488 5103 2873 5158 consentiente
2932 5103 3290 5161 invictissimo
3350 5109 3617 5179 praedicto
3673 5110 3793 5166 im-

2164 5200 2436 5262 peratore,
2492 5198 2610 5248 acta
2666 5202 2751 5247 est
2802 5208 3003 5267 magna
3075 5195 3321 5265 synodus
3380 5197 3655 5254 Ravennae
3708 5217 3788 5255 xu

2156 5397 2221 5465 ea
2277 5382 2557 5439 erectione
2615 5382 2764 5465 bulla
2797 5383 3188 5465 subsequens.
3276 5384 3585 5465 Conciliare
3637 5404 3787 5465 vero

2155 5452 2458 5529 decretum,
2496 5455 2669 5529 quod
2718 5454 2902 5529 potius
2960 5452 3264 5529 dicendum
3293 5464 3442 5512 esset
3485 5458 3783 5529 stipulatio

2153 5525 2553 5579 conventionis
2592 5526 2736 5581 inter
2777 5526 3099 5596 episcopum
3155 5525 3669 5585 Halberstadensem
3726 5543 3785 5589 et

2151 5610 2246 5650 eos
2277 5611 2514 5671 quorum
2572 5598 2835 5671 intererat
2882 5605 2941 5671 u_t
2987 5598 3500 5671 archiepiscopatus
3537 5602 3622 5656 ille
3656 5606 3747 5659 eri

2144 5675 2391 5794 ﬁgatur,
2442 5668 2509 5721 ad
2563 5668 2858 5724 concilium
2900 5668 3591 5728 Ravennalense'alterum
3619 5679 3769 5732 anni

2279 5739 2543 5794 pertinet.
3222 5785 3239 5792 -

2181 5738 2250 5794 68
2277 5739 2543 5809 pertinet.
