4062 6164
303 295 412 350 953

1566 288 1902 344 EPISTOLIE
1940 289 2017 343 ET
2056 287 2372 342 DECRETA.

3532 289 3638 344 954

309 422 423 476 Kal.
454 421 602 488 Maii,
656 418 1118 475 convenientibus
1145 417 1578 488 archiepiscOpis
1626 425 1681 472 et
1718 417 1928 488 episco—
1951 425 2081 492 Aet
2131 417 2405 472 scriniarii
2454 424 2656 473 sancta
2716 418 2976 473 Romana
3031 419 3285 474 Ecclesia
3346 419 3400 472 in
3448 434 3638 474 mense

306 515 394 585 pis
423 515 855 584 circumquaque
878 529 943 566 ex
969 511 1120 566 omni
1160 511 1332 577 Italia,
1362 510 1732 564 residentibus
1759 508 1922 565 nobis

306 604 363 656 in
423 601 657 657 ecclesia
715 601 860 654 beati
890 600 1075 654 Severi
1130 599 1466 655 confessoris
1497 597 1714 664 Christi,
1747 607 1802 652 et
1845 597 1920 651 ibi

306 694 530 760 statutis
599 692 857 748 omnibus
917 693 1082 746 rebus
1143 692 1556 756 ecclesiasticis,
1614 691 1920 746 secundum

306 790 510 838 statuta
541 798 835 838 canonum.
886 788 940 836 et
985 782 1205 836 decreta
1247 789 1658 835 antecessorum
1711 787 1924 835 nostro-

311 892 471 940 rum,
537 875 682 928 idem
742 874 1124 928 sanctissimus
1187 873 1487 943 imperator
1536 871 1923 927 ardentissimo

309 967 477 1037 capit
517 983 702 1022 amore
732 965 1076 1037 perquirere,
1099 965 1379 1035 quomodo
1406 972 1593 1019 nostra
1622 963 1924 1034 apostolica

309 1055 632 1110 auctoritate
699 1071 731 1108 a
778 1053 1081 1124 primordio
1131 1068 1336 1108 nomen
1390 1052 1812 1106 Christianitatis
1867 1052 1922 1106 in

311 1143 732 1214 aquilonaribus
783 1142 1028 1214 partibus
1083 1141 1421 1196 dilateretur.
1472 1141 1580 1196 Nos
1617 1156 1749 1196 vero
1805 1141 1927 1210 ejus

311 1233 556 1287 animum
606 1233 663 1286 in
716 1232 810 1286 Dei
861 1232 1085 1286 servitio
1117 1231 1189 1285 ita
1233 1230 1468 1285 miriﬁce
1507 1230 1790 1285 detentum
1821 1229 1925 1283 mi-

313 1335 520 1393 rantes,
572 1326 869 1382 connivere
899 1325 950 1380 ei
984 1326 1212 1396 dignum
1261 1324 1538 1390 duximus,
1596 1330 1923 1389 statuentes,

312 1426 569 1489 presente
598 1425 654 1470 et
681 1415 1060 1470 consentiente
1086 1420 1274 1469 sancta
1311 1414 1544 1484 synodo,
1586 1419 1640 1466 et
1671 1413 1791 1483 ipso
1823 1413 1925 1466 im-

310 1515 589 1576 peratore,
622 1511 682 1558 ut
722 1503 1056 1578 Magdeburg
1085 1502 1189 1557 sita
1228 1502 1384 1570 juxta
1412 1502 1622 1557 Albiam
1673 1500 1924 1569 ﬂuvium,

309 1597 406 1650 ubi
454 1597 572 1666 ipse
601 1612 633 1650 a
658 1597 770 1651 Deo
801 1595 1130 1650 benedictus
1186 1594 1487 1663 imperator
1513 1609 1712 1664 corpus
1753 1594 1927 1649 sancti

316 1685 548 1740 Mauritii
605 1701 728 1740 cum
780 1685 968 1741 multis
1022 1683 1355 1754 martyribus
1407 1683 1816 1748 collocaverat,
1873 1691 1929 1738 et

315 1781 469 1834 mira
500 1778 897 1853 magnitudinis
922 1778 1213 1834 ecclesiam
1245 1786 1646 1843 construxerat,
1664 1778 1930 1848 deinceps

314 1873 636 1942 metropolis
669 1872 741 1927 sit
771 1880 826 1927 et
855 1871 1172 1926 nominetur
1213 1871 1535 1927 auctoritate
1585 1870 1732 1924 beati
1786 1871 1926 1926 Petri

311 1963 684 2034 apostolorum
741 1960 1026 2031 principis,
1089 1969 1144 2016 et
1200 1977 1266 2015 ea
1327 1976 1438 2031 qua
1494 1959 1928 2030 pradecessores

313 2051 484 2107 nostri
549 2049 1102 2120 Constantinopolim,
1179 2057 1505 2105 statuerunt.
1593 2049 1720 2104 Ideo
1797 2050 1927 2121 quia

307 2142 454 2198 ﬁlius
502 2149 707 2208 noster,
764 2157 911 2212 sape
951 2142 1064 2210 jam
1116 2142 1433 2196 nominatus
1479 2141 1623 2209 Otto,
1675 2141 1924 2196 omnium

306 2238 674 2310 Augustorum
724 2233 1174 2308 augustissimus,
1234 2235 1427 2288 tertius
1490 2242 1612 2304 post
1669 2233 1928 2289 Constan-

308 2330 508 2394 tinum,
572 2328 806 2382 maxime
873 2328 1172 2384 Romanam
1264 2327 1560 2382 Ecclesiam
1624 2328 1925 2394 exaltavit,

305 2420 686 2475 concessimus
719 2427 777 2473 ut
813 2435 922 2473 non
980 2418 1259 2488 posterior
1305 2419 1377 2472 sit
1421 2419 1635 2473 caeteris
1690 2418 1923 2473 urbibus

303 2511 762 2582 metropolitanis,
798 2512 897 2565 sed
923 2527 1048 2565 cum
1105 2511 1299 2581 primis
1339 2510 1535 2580 prima,
1569 2518 1622 2564 et
1671 2526 1793 2564 cum
1831 2526 1924 2563 an-

301 2603 471 2674 tiquis
524 2603 749 2673 antiqua
780 2603 1101 2657 inconvulsa
1147 2608 1486 2672 permaneat.
1535 2599 1924 2675 Suffraganeos

301 2710 432 2749 vero
462 2694 642 2748 eidem
675 2694 964 2764 metropoli
992 2710 1190 2750 omnes
1220 2693 1554 2747 unanimiter
1587 2693 1924 2763 praeordina-

305 2782 507 2846 vimus,
538 2781 1127 2855 Brandenburgensem
1157 2782 1502 2853 episcopum,
1544 2792 1598 2836 et
1630 2781 1920 2836 llavelber-

307 2890 559 2946 gensem,
591 2873 659 2926 iis
699 2875 911 2928 cunctis
957 2874 1382 2946 quibuscunque
1428 2875 1728 2944 imperator
1753 2874 1926 2928 voluit

302 2971 360 3023 in
414 2971 547 3024 urbe
632 2969 967 3044 Magdeburg
1030 2970 1484 3040 archiepiscopus
1547 2978 1919 3024 consecretur.

304 3066 502 3120 Postea
532 3083 660 3121 vero
690 3067 836 3121 idem
867 3067 1319 3136 archiepiscopus
1345 3074 1399 3120 et
1433 3079 1782 3120 successores
1810 3064 1928 3133 ejus

306 3160 550 3217 habeant
583 3169 908 3232 potestatem
945 3178 1042 3232 per
1069 3178 1315 3232 congrua
1347 3161 1488 3226 loca,
1532 3161 1622 3214 ubi
1683 3177 1780 3230 per
1809 3160 1930 3214 illo-

305 3270 426 3308 rum
479 3253 928 3323 pradicationem
985 3250 1364 3305 Christianitas
1408 3250 1663 3316 creverit,
1717 3249 1932 3318 episco-

304 3364 405 3417 pos
449 3344 707 3399 ordinare
764 3344 1112 3408 nominatim,
1175 3359 1323 3397 nunc
1389 3351 1444 3397 et
1504 3343 1930 3413 praesentialiter

301 3440 623 3511 Merseburg
653 3439 785 3505 Cici,
819 3446 873 3492 et
921 3438 1103 3504 Misni,
1153 3455 1184 3492 a
1214 3437 1472 3508 prasenti
1527 3435 1742 3490 decima
1770 3435 1912 3490 indi-

304 3536 456 3590 tione
529 3533 921 3604 perpetualiter
985 3530 1372 3586 confirmamus
1455 3528 1892 3600 permanendum

304 3625 566 3678 Statuens
634 3622 937 3692 apostolica
993 3636 1248 3686 censura,
1315 3621 1417 3674 sub
1478 3619 1650 3673 divini
1729 3617 1921 3689 judicii

305 3711 696 3776 obtestatione,
729 3718 782 3763 et
839 3708 1201 3764 anathematis
1240 3706 1743 3773 interdictionibus,
1791 3705 1924 3760 nulli

309 3804 477 3858 licere
536 3811 848 3858 nostrorum
916 3816 1293 3856 successorum
1355 3809 1522 3872 atque
1580 3799 1924 3871 pontificum,

310 3893 394 3948 vel
449 3893 542 3947 alii
597 3893 828 3947 cuilibet
883 3907 1152 3962 persona,
1215 3892 1331 3944 hac
1387 3906 1510 3960 qua
1549 3906 1580 3944 a
1634 3889 1796 3944 nobis
1841 3889 1929 3960 pia

305 3985 618 4040 intentione
655 3990 861 4037 statuta
910 3988 1037 4036 sunt
1075 3981 1130 4034 in
1171 3996 1534 4051 quoscunque
1589 3980 1926 4045 convellere,

306 4079 406 4133 scd
468 4077 650 4147 potius
731 4075 884 4130 firma
953 4073 1252 4129 stabilitate
1318 4073 1640 4128 inconvulsa
1705 4089 1929 4127 manere

307 4167 626 4222 definimus.
687 4165 741 4220 Si
805 4165 930 4237 quis
985 4173 1190 4229 autem,
1260 4164 1407 4235 quod
1481 4180 1591 4220 non
1650 4163 1930 4218 credimus

310 4257 607 4312 temerario
657 4273 790 4310 ausu
850 4263 1039 4310 contra
1098 4256 1204 4309 hoc
1255 4262 1500 4309 nostrum
1564 4253 1929 4325 apostolicum

309 4364 478 4422 agere
506 4345 915 4416 prasumpserit
946 4345 1248 4412 decretum,
1282 4345 1416 4400 sciat
1461 4361 1522 4399 se
1566 4345 1930 4400 anathematis
1950 4377 2007 4444 D

309 4441 549 4494 vinculis
571 4440 914 4505 innodatum,
948 4447 1000 4493 et
1026 4457 1058 4493 a
1090 4455 1259 4514 regno
1299 4440 1392 4494 Dei
1424 4439 1686 4503 alienum,
1717 4447 1774 4493 et
1804 4455 1928 4493 cum

315 4530 505 4601 impiis
532 4537 740 4584 aterno
767 4529 1041 4600 supplicio
1079 4529 1420 4599 deputatum.
1460 4529 1517 4582 Et
1545 4543 1674 4582 vero
1715 4528 1808 4598 qui
1841 4526 1932 4596 pio

311 4637 503 4677 amore
533 4621 853 4676 observator
906 4622 1068 4689 hujus
1108 4622 1278 4676 nostri
1314 4621 1586 4694 privilegii
1641 4621 1929 4683 exstiterit,

312 4712 767 4766 benedictionem
824 4728 855 4764 a
919 4712 1436 4767 misericordissimo
1516 4711 1744 4766 Domino
1821 4710 1933 4764 Deo

314 4812 506 4859 nostro
536 4803 802 4875 consequi
837 4812 1131 4870 mereatur,
1164 4811 1217 4858 et
1247 4804 1370 4858 vitae
1411 4811 1630 4858 atcrna
1663 4803 1934 4873 particeps

310 4901 482 4963 atque
510 4910 634 4948 cum
665 4891 869 4947 sanctis
898 4893 1159 4947 omnibus
1184 4895 1306 4948 sine
1337 4893 1444 4947 fine
1475 4896 1709 4948 latetur.

388 4981 667 5052 Scriptum
700 4999 800 5053 per
830 4999 1050 5038 manum
1079 4984 1340 5054 Stephani
1384 4985 1605 5050 notarii,
1640 4984 1935 5058 regionarii

397 5176 468 5241 (Ξ)
511 5175 586 5228 De
611 5175 713 5228 hac
741 5174 952 5245 synodo
985 5175 1043 5228 fit
1075 5173 1281 5228 mentio
1320 5173 1465 5244 apud
1495 5172 1934 5245 continuatorem

323 5246 630 5300 Reeinonis
679 5243 1028 5300 his'verbis:
1077 5267 1096 5294 α
1141 5247 1296 5300 Anno
1364 5243 1658 5299 Dominicae
1725 5243 1931 5298 incarn.

316 5315 452 5382 967,
497 5318 619 5372 Otto
652 5317 954 5388 imperator
982 5318 1216 5371 natalem
1263 5315 1477 5388 Domini
1511 5315 1840 5388 celebravit:
1885 5321 1939 5367 et

317 5396 554 5459 excepto
584 5387 842 5458 prafecto
871 5389 1048 5455 Urbis,
1101 5388 1194 5460 qui
1221 5387 1540 5460 aufugerat,
1575 5387 1838 5460 tredecim
1874 5402 1939 5460 ex

320 5457 628 5528 majoribus
683 5460 1076 5526 Romanorum,
1121 5457 1232 5530 'qui
1289 5457 1544 5513 auctores
1587 5457 1939 5530 expulsionis

318 5532 532 5587 domini
581 5531 809 5586 Joannis
876 5548 1029 5600 papa
1075 5528 1309 5593 fuerant,
1359 5528 1659 5599 suspendio
1714 5528 1938 5582 interire

311 5604 500 5671 jussit.
538 5603 670 5657 Inde
702 5603 1062 5675 progrediens
1155 5619 1214 5656 er
1261 5602 1564 5672 Spoletum,
1627 5600 1937 5654 Ravennam

316 5673 484 5728 adiit:
520 5674 708 5728 ibique
747 5675 954 5728 Pascha
987 5621 1276 5728 celegrans
1313 5689 1437 5728 cum
1475 5671 1699 5728 domino
1727 5670 1937 5726 Joanne

316 5670 484 5730 adiit:
520 5670 716 5746 ibique
747 5670 954 5729 Pascha
987 5670 1276 5730 celebrans
1302 5670 1437 5728 cum
1475 5671 1699 5728 domino
1727 5670 1938 5726 Joanne

2023 507 2212 577 Aprili,
2269 517 2324 562 et
2379 507 2568 562 indict.
2617 525 2667 561 χ.
2707 509 2952 562 Joannes
3008 515 3215 563 sancta
3266 509 3553 564 catholica
3585 518 3638 564 et

2021 597 2337 667 apostolica
2393 597 2651 652 Romana
2688 598 2944 652 Ecclesia
2996 599 3194 668 prasul
3236 600 3363 654 huic
3415 600 3636 656 decreto

2023 702 2054 738 a
2084 685 2243 740 nobis
2273 684 2414 741 facto
2445 702 2543 755 pro
2565 686 2982 742 confirmatione
3002 688 3325 760 subscripsi.

2093 777 2320 845 Signum
2349 779 2556 833 domini
2577 779 2785 834 Giton-is
2810 782 3048 849 piissimi
3074 783 3443 850 imperatoris.

2096 871 2206 945 Ego
2267 873 2582 928 Rudoaldus
2632 874 2941 944 patriarcha
3005 884 3207 930 sancta
3269 877 3638 948 Aquileiensis

2027 963 2282 1019 Ecclesia
2314 965 2560 1030 interfui,
2583 967 2841 1021 consensi
2872 973 2926 1021 et
2954 967 3275 1038 subscripsi.

2788 1072 2880 1126 Ill.

2028 1182 2263 1221 DIPLOMA
2309 1183 2528 1223 JOANNIS
2583 1185 2731 1223 ΡΛΡΒ
2768 1187 2883 1236 XIII,
2941 1187 2994 1224 IN
3053 1186 3447 1225 RAV’ENNATENSI
3497 1187 3636 1225 CON-

2096 1254 2238 1293 CILIO
2293 1240 2357 1309 (2)
2418 1256 2624 1306 unum,
2673 1257 2782 1304 ouo
2835 1257 3125 1296 HEROLDUM
3177 1258 3637 1297 sausnuaceusnu

2099 1327 2560 1367 ARCHIEPISCOPUI
2592 1329 2819 1367 DEPONIT
2849 1330 2912 1366 ET
2953 1328 3410 1379 EXCOMMUNICAT;
3453 1330 3641 1368 FRIDB-

2101 1397 2264 1437 RICUM
2294 1399 2568 1438 VEROEJUS
2597 1400 2733 1440 LOCO
2762 1400 3226 1440 ARCHIEPISCOPUM
3257 1401 3442 1440 CREAT.

2650 1485 2826 1549 (Anno
2865 1482 2967 1537 967
2998 1484 3012 1549 )

2173 1575 2349 1645 [Apud
2377 1575 2568 1640 Mansr,
2600 1576 2800 1632 Concil.
2831 1584 2940 1632 tom
2995 1575 3177 1643 XVIII,
3207 1577 3314 1632 col.
3341 1576 3489 1647 499.]

2099 1690 2358 1755 Joannes,
2396 1698 2600 1744 sancta
2627 1690 2888 1745 Romana
2939 1698 2993 1744 et
3037 1690 3354 1760 apostolica
3381 1689 3636 1745 Ecclesia

2031 1779 2231 1848 prasul
2259 1779 2519 1834 omnibus
2557 1779 2992 1849 archiepiscOpis
3017 1788 3072 1834 et
3101 1778 3400 1848 episcOpis,
3434 1779 3639 1833 nostris

2029 1874 2247 1931 dilectis
2275 1877 2331 1930 in
2359 1876 2570 1932 Christo
2601 1876 2880 1941 fratribus,
2911 1877 3055 1946 apud
3094 1882 3337 1930 sanctam
3368 1876 3637 1944 synodum

2031 1967 2305 2023 Ravenna
2336 1968 2624 2024 nobiscum
2655 1967 2984 2040 aggregatis,
3016 1975 3233 2023 aterna
3277 1966 3641 2022 beatitudinis
3689 1953 3695 1958 ’

2026 2062 2246 2134 gaudia.

2100 2153 2381 2209 Sanctitati
2421 2169 2486 2208 ac
2537 2153 2818 2208 dilectioni
2876 2159 3063 2208 notum
3094 2161 3294 2207 vestra
3333 2167 3458 2206 esse
3486 2153 3643 2208 volu-

2028 2258 2171 2308 mus,
2200 2243 2349 2313 quod
2383 2243 2649 2298 Heroldus
2679 2242 2888 2297 dudum
2911 2241 3345 2315 Salisburgensis
3385 2240 3643 2296 Ecclesia

2028 2333 2499 2404 archiepiscOpus,
2558 2339 2746 2387 contra
2792 2332 3112 2386 canonicam
3168 2338 3222 2385 et
3286 2331 3642 2402 apostolicam

2023 2426 2406 2480 auctoritatem
2483 2424 2691 2479 nefaria
2734 2425 3166 2496 prasumptione
3238 2432 3363 2494 post
3421 2439 3646 2478 suorum

2024 2514 2307 2568 oculorum
2369 2513 2725 2568 amissionem
2782 2513 3031 2567 videatur
3091 2528 3306 2567 sacrum
3365 2510 3646 2567 celebrare

2025 2605 2346 2676 mysterium
2376 2623 2389 2658 :
2432 2612 2506 2671 et,
2540 2607 2689 2676 quod
2720 2605 3012 2660 ridiculum
3046 2613 3148 2669 est,
3181 2605 3401 2675 pallium
3431 2610 3645 2676 gestare

2027 2695 2366 2750 solemniter.
2404 2695 2513 2750 Hoc
2545 2711 2783 2766 namque
2812 2710 2920 2750 non
2964 2695 3031 2748 ad
3067 2694 3339 2748 modicam
3374 2695 3646 2748 hareseos

2027 2788 2306 2842 vesaniam
2360 2788 2574 2854 attinet,
2607 2799 2662 2843 et
2706 2789 2869 2843 nobis
2899 2787 3258 2858 omniumque
3291 2787 3518 2841 fratrum
3555 2802 3644 2842 or-

2031 2878 2394 2933 tliodoxorum
2455 2879 2761 2948 prudentia
2811 2879 2977 2932 debet
3033 2878 3206 2932 videri
3258 2876 3647 2941 exsecrabile;

2030 2972 2332 3041 praesertim
2360 2988 2482 3026 cum
2508 2972 2626 3042 ipse
2653 2987 2750 3041 pro
2777 2987 2876 3025 sua
2916 2970 3079 3040 culpa
3107 2980 3164 3024 et
3196 2968 3442 3039 perfidia
3473 2978 3648 3023 teme-

1993 3065 2007 3088 ‘
2031 3060 2189 3114 ritate
2231 3061 2548 3115 exoculatus
2605 3063 2698 3126 sit,
2731 3075 2799 3114 co
2839 3059 2986 3129 quod
3018 3058 3281 3112 ecclesias
3311 3057 3406 3110 Dei
3448 3072 3650 3127 exspo-

2033 3147 2265 3216 liaverit,
2295 3149 2613 3202 thesaurum
2655 3149 2884 3222 paganis
2929 3145 3262 3220 erogaverit,
3294 3162 3531 3218 seseque
3570 3146 3652 3200 eis

2025 3242 2290 3313 junxerit,
2331 3245 2386 3298 in
2443 3243 2872 3299 Christianorum
2924 3257 3118 3298 necem
3176 3250 3231 3295 et
3283 3240 3655 3311 depraedatio-

2032 3362 2178 3410 nem,
2218 3350 2409 3398 contra
2455 3338 2743 3393 dominum
2784 3345 2840 3390 et
2895 3334 3202 3405 piissimum
3263 3333 3648 3402 imperatorem

2016 3451 2178 3490 suum
2219 3430 2496 3486 seniorem
2552 3425 2777 3481 rebellis
2831 3431 2886 3478 et
2925 3422 3166 3477 infidelis
3231 3422 3535 3476 exstiterit:
3595 3421 3656 3475 et

2022 3525 2255 3599 proinde
2284 3540 2315 3578 a
2336 3519 2722 3576 decessoribus
2752 3517 2954 3573 nostris
2985 3521 3188 3570 sancta
3209 3514 3486 3568 memoria
3514 3529 3651 3583 pon-

2025 3613 2267 3670 tificibus
2292 3625 2455 3666 omne
2514 3605 2857 3663 sacerdotale
2903 3603 3146 3660 officium
3176 3618 3326 3673 sape
3379 3603 3431 3657 ei
3461 3603 3532 3658 sit
3563 3603 3653 3656 in-

2031 3703 2362 3763 terdictum;
2401 3705 2568 3769 atque
2598 3696 2873 3750 electione
2903 3702 2958 3748 et
2999 3693 3370 3764 postulatione
3401 3691 3647 3746 omnium

2032 3812 2172 3867 pene
2228 3792 2520 3856 nobilium,
2573 3788 2941 3843 Bawariorum
2974 3786 3186 3841 scilicet
3237 3783 3567 3838 clericorum
3599 3792 3655 3837 et

2030 3887 2319 3950 laicorum,
2349 3889 2538 3937 sancta
2571 3881 2815 3934 Romana
2836 3884 3011 3931 mater
3041 3875 3304 3938 Ecclesia,
3337 3889 3449 3928 sua
3471 3879 3654 3927 aucto-

2033 3977 2206 4033 ritatis
2237 3974 2526 4048 privilegio
2566 3970 2900 4026 Fridericum
2959 3969 3136 4022 virum
3193 3965 3567 4022 venerabilem
3599 3971 3655 4019 et

2031 4066 2244 4121 cunctis
2275 4063 2608 4118 laudabilem
2643 4059 2765 4115 loco
2806 4057 3057 4126 ejusdem
3109 4057 3329 4112 Reroldi
3360 4054 3481 4109 ﬁeri
3509 4068 3656 4108 esse-

2032 4176 2139 4233 que
2171 4157 2656 4227 archiepiscopum
2689 4153 2914 4208 omnino
2953 4149 3273 4206 decreverit.
3310 4150 3654 4220 Quapropter

2034 4251 2219 4321 itaque
2254 4257 2568 4302 nostrorum
2601 4245 2956 4299 decessorum
3000 4240 3383 4296 auctoritatem
3413 4253 3650 4309 sequen-

2035 4346 2136 4405 tes,
2155 4344 2463 4407 vestraque
2483 4335 2730 4391 omnium
2760 4331 3122 4386 fraternitatis
3143 4329 3467 4384 assensione
3489 4327 3654 4381 robo-

2036 4430 2159 4495 rati,
2195 4429 2367 4499 ipsius
2408 4424 2628 4479 Heroldi
2682 4422 2996 4478 hareticam
3039 4429 3093 4475 et
3147 4418 3492 4474 temerariam
3529 4433 3652 4487 pra-

2034 4523 2261 4577 vitatem
2300 4520 2499 4575 amodo
2550 4534 2612 4572 ac
2642 4517 2927 4586 deinceips
2979 4516 3300 4569 damnamus
3329 4531 3393 4569 ac
3434 4514 3656 4584 penitus

2035 4615 2386 4672 confutamus
2436 4629 2501 4667 ex
2534 4612 2652 4667 vice
2695 4609 2843 4665 beati
2873 4608 3016 4663 Petri
3048 4606 3314 4678 principis
3371 4605 3652 4676 apostolo-

2037 4724 2178 4773 rum,
2209 4719 2425 4760 necnon
2451 4719 2646 4760 omnes
2675 4707 2974 4771 sequentes
2997 4698 3296 4754 cacitatem
3322 4697 3571 4768 corporis
3600 4703 3657 4752 et

2036 4799 2238 4853 mentis
2272 4797 2393 4864 ejus
2425 4795 2479 4848 in
2513 4794 2605 4851 tali
2635 4791 3105 4863 prasumptione:
3139 4788 3303 4860 eique
3345 4788 3651 4844 communi-

2037 4902 2226 4948 cantes
2253 4889 2796 4946 excommunicamus
2822 4885 3002 4955 primo
3040 4891 3096 4938 et
3125 4881 3654 4938 anathematizamus

2037 4999 2214 5054 usque
2240 4983 2308 5037 ad
2341 4980 2716 5052 plenissimam
2759 4975 3225 5032 emendationem.
3288 4974 3518 5043 Insuper
3537 4972 3651 5040 jam

2039 5185 2180 5250 papa
2227 5168 2588 5250 plurim_os_ex
2623 5163 2780 5220 Italia
2799 5173 2865 5250 ‘et
2895 5163 3168 5250 Bouiania
3200 5158 3493 5250 episcopos
3523 5169 3650 5209 coa-

2039 5228 2296 5304 dunavit;
2331 5246 2384 5292 et
2424 5237 2610 5293 habita
2641 5237 2872 5307 synodo,
2905 5237 3076 5288 multa
3099 5231 3172 5307 ad
3200 5228 3491 5307 utilitatem
3523 5242 3650 5307 san-

2040 5323 2139 5368 cta
2171 5297 2426 5366 Ecclesia
2463 5297 2761 5364 adinvcnit,
2802 5297 2868 5361 Et
2899 5303 3204 5375 apostolico
3233 5297 3429 5376 Joanni
3458 5297 3652 5376 urbem

2041 5393 2094 5438 et
2126 5391 2322 5438 terram
2375 5380 2796 5443 Ravennatium,
2851 5368 3082 5446 aliaque
3110 5371 3420 5446 cemplura,
3470 5368 3656 5446 multis

2039 5463 2184 5509 retro
2214 5453 2559 5525 temporibus
2590 5438 2850 5525 Romanis
2895 5438 3253 5525 pontificibus
3291 5440 3491 5525 ablata,
3539 5438 3658 5492 red-

2039 5526 2180 5580 didit
2209 5527 2307 5592 (uel
2330 5515 2514 5595 potius
2570 5515 2962 5595 restitutionem
2984 5518 3105 5587 jam
3137 5519 3262 5567 ante
3304 5515 3509 5595 factam
3539 5525 3659 5595 con-

2036 5583 2596 5667 ﬁrmauit),‘eumque
2631 5594 2757 5648 inde
2791 5583 3014 5645 Romam
3068 5603 3191 5642 cum
3223 5599 3421 5658 magna
3471 5583 3657 5636 latitia

2039 5669 2267 5724 remisit.
2315 5690 2335 5718 ι
