4062 6164
411 257 519 314 955

411 387 557 442 dicto
611 389 887 446 Friderico
933 409 1033 462 per
1087 398 1463 456 auctoritatem
1495 404 1646 459 sedis
1698 410 2017 478 apostolicae
2043 415 2095 482 Α

410 483 733 556 dignissimo
793 488 1214 563 archiepiscOpo
1273 497 1538 555 honorem
1588 511 1642 557 et
1696 504 2017 580 dignitatem

413 575 832 652 Salzburgensis
857 583 1368 658 archiepisc0patus
1397 575 1788 654 confirmamus
1815 609 1868 656 et
1899 619 2038 658 cor-‘

411 664 756 734 roboramus,
823 675 878 723 et
937 673 1221 730 universos
1289 679 1582 737 humilitati
1632 687 1751 754 ejus
1817 690 2022 746 allube-

411 764 647 825 scentes,
707 760 1110 833 benedicimus,
1180 777 1234 824 et
1287 774 1588 832 catholicos
1630 783 2018 850 approbemus.

413 846 566 901 Unde
608 857 864 920 rogantes
892 853 1172 911 hortamur
1210 862 1552 918 sanctitatem
1596 846 1788 922 vestrae
1830 869 2023 927 frater-

412 938 614 1003 nitatis,
675 947 728 994 et
760 941 814 995 in
861 944 965 999 hoc
1021 948 1305 1004 nobiscum
1346 954 1554 1023 pariter
1605 960 1938 1028 assentiatis,
1970 971 2023 1019 et

413 1031 540 1086 huic
570 1040 768 1089 nostrae
815 1040 1130 1106 apostolicae
1161 1043 1432 1102 sanctiOni
1465 1058 1698 1108 vestram
1730 1053 2019 1112 conﬁrma-

346 1122 348 1125 ’
415 1119 619 1176 tionem
653 1125 963 1192 praebeatis.

483 1213 558 1281 (3)
595 1214 837 1270 Joannes
867 1229 1071 1276 sanctae
1116 1224 1397 1282 catholicae
1453 1237 1506 1284 et
1535 1233 1855 1301 apostolicae
1917 1237 2022 1292 Ro-

414 1319 588 1359 manae
613 1305 867 1362 Ecclesiae
898 1311 1020 1367 huic
1049 1316 1314 1372 sanctioni
1349 1321 1510 1376 editae
1540 1339 1571 1377 a
1601 1340 1688 1378 me
1713 1324 1766 1378 in
1801 1325 2021 1397 Synodo

411 1393 556 1462 apud
590 1396 900 1453 Ravennam
932 1403 1253 1478 subscripsi.

485 1485 711 1560 Signum
739 1490 946 1547 domini
978 1494 1188 1551 Ottonis
1209 1501 1545 1559 serenissimi
1582 1507 1945 1580 imperatoris.

486 1575 799 1634 Rodoaldus
829 1583 1139 1652 patriarcha
1168 1588 1533 1659 Aquileiensis
1563 1575 1819 1654 Ecclesiae
1849 1601 2016 1658 inter-

417 1666 488 1721 fui
523 1676 575 1722 et
601 1671 920 1743 subscripsi.

488 1755 679 1812 Petrus
763 1773 964 1819 sancta
1024 1767 1360 1827 Ravennatis
1437 1775 1690 1832 Ecclesiae
1753 1783 2102 1874 archiepi-B

412 1862 633 1916 scopus.

484 1940 795 2011 Walpertus
823 1956 1027 2001 sanctae
1062 1949 1492 2012 Mediolanensis
1523 1960 1783 2018 Ecclesiae
1815 1966 2027 2022 archie-

418 2044 694 2100 plSCOpllS.

493 2122 820 2182 Lanwardus
857 2139 1058 2188 sancta:
1086 2135 1384 2194 Mindensis
1424 2142 1679 2199 Ecclesiae
1711 2148 2024 2220 episcopus.

492 2216 702 2272 Otkeris
730 2230 930 2278 sanctae
957 2226 1229 2296 Spirensis
1248 2231 1502 2289 Ecclesiae
1535 2238 1847 2311 episcopus.

491 2305 688 2362 Windo
760 2319 961 2367 sanctae
1027 2315 1186 2371 Silvae
1257 2319 1510 2377 Candida:
1571 2305 1834 2384 Ecclesiae
1911 2334 2029 2404 epi-

417 2410 638 2466 SCOpllS,
670 2406 725 2453 et
763 2399 1222 2462 bibliothecarius
1251 2413 1569 2480 apostolicae
1597 2418 1766 2472 sedis.

489 2488 756 2546 Martinus
783 2503 985 2551 sanctae
1001 2498 1298 2557 Sutriensis
1327 2504 1580 2562 Ecclesiae
1607 2511 1918 2583 episcopus.

493 2581 820 2640 Benedictus
849 2597 1051 2644 sanctae
1081 2591 1397 2651 Portuensis
1429 2599 1684 2658 Ecclesiae
1716 2581 2029 2678 cpi—scoiius,

493 2676 795 2737 Everardus
824 2685 1120 2756 episcopus
1140 2688 1499 2747 Aretinensis.

493 2776 804 2835 Sichelmus
843 2783 1137 2854 episcopus
1163 2787 1511 2851 Florentinae.

495 2867 685 2923 Petrus
717 2873 1012 2944 episcOpus
1040 2885 1242 2932 sanctae
1285 2881 1656 2940 Volternensis
1680 2889 1953 2946 Ecclesiae.

491 2958 734 3015 Joannes
763 2972 965 3019 sanctae
1006 2967 1368 3026 Ariminensis
1409 2975 1661 3032 Ecclesiae
1719 2982 2027 3053 episc0pus.

498 3050 772 3107 llubertus
822 3055 1187 3131 [Adalbcrtus]
1222 3071 1423 3119 sanctae
1477 3067 1745 3124 Lunensis
1783 3050 2034 3130 Ecclesiae
2064 3107 2107 3131 μ

424 3138 739 3210 episcopus.

500 3232 769 3288 Honestus
787 3237 1085 3309 episcolius
1114 3250 1314 3298 sanctae
1348 3245 1628 3304 Perusinae
1661 3251 1936 3310 Ecclesiae.

497 3321 686 3378 Petrus
711 3332 913 3381 sanctae
941 3327 1238 3386 Camerinae
1268 3334 1548 3392 Ecclesiae.

494 3417 680 3491 Ingizo
721 3421 1015 3494 episcOpus
1035 3435 1233 3482 sanctae
1262 3430 1542 3488 Asisinatae
1578 3435 1854 3492 Ecclesiae.

493 3508 599 3587 Lep
631 3511 929 3583 episcopus
949 3524 1154 3571 sanctae
1185 3519 1418 3574 Asinatae
1450 3522 1723 3579 Ecclesiae.

489 3596 732 3653 Joannes
762 3600 1056 3674 episcopus
1085 3613 1287 3661 sanctae
1332 3607 1616 3667 Calliensis
1651 3615 1934 3682 Ecclesiae,

493 3687 824 3743 Erfemarius
845 3693 1199 3750 Anconitanae
1242 3697 1496 3754 Ecclesiae
1535 3701 1850 3774 episcopus.

491 3776 745 3851 Attingus
776 3779 1073 3850 episcopus
1104 3785 1522 3844 Auximanensis
1535 3790 1805 3847 Ecclesiae.

495 3871 828 3926 Benedictus
858 3873 1176 3930 Humanatae
1211 3876 1468 3934 Ecclesiae
1501 3881 1814 3953 episcopus.

494 3963 803 4019 Eberardus
834 3963 1376 4043 l'Isinatae[./Esinatm]
1420 3973 1676 4030 Ecclesiae
1713 3976 2027 4048 episcopus.

497 4055 824 4111 Benedictus
857 4057 1115 4134 Fuliginae
1149 4063 1402 4119 Ecclesiae
1431 4067 1744 4138 cpiscopus.

493 4147 743 4204 Julianus
775 4151 1054 4208 Lucerniae
1096 4155 1349 4212 Ecclesiae
1377 4159 1691 4230 episc0pus.

493 4239 784 4315 Gregorius
815 4243 1184 4301 Comaclensis
1218 4249 1473 4304 Ecclesim
1501 4253 1815 4325 episcopus.

494 4331 684 4388 Ruodo
713 4341 916 4387 sanctae
939 4335 1207 4391 Cesinatae
1236 4339 1488 4396 Ecclesiae
1519 4343 1811 4415 episcopus

439 4425 444 4432 “
491 4426 760 4481 Arualdus
787 4428 1118 4498 Popiliensis
1148 4432 1440 4506 episcopus

494 4519 769 4574 Radaldus
795 4521 1118 4578 Rosiliensis
1148 4525 1462 4598 episcopus.

492 4609 753 4666 Martinus
782 4611 1154 4670 Matuanensis
1180 4616 1494 4688 episc0pus.

492 4702 803 4772 Stephanus
830 4704 1149 4760 Ficodensis
1189 4707 1503 4778 episcopus.

492 4793 735 4847 Joannes
759 4793 1106 4849 Bellunensis
1127 4797 1443 4869 episcopus.

492 4885 776 4940 Albericus
817 4886 1206 4944 Perufunensis
1233 4891 1547 4962 episcopus.

494 4979 819 5049 Rodulphus
846 4980 1164 5037 Vicentinus
1195 4984 1508 5055 cpiscopus.

421 5091 436 5101 ν
492 5068 802 5124 Gerhardus
831 5070 1140 5127 Faventinae
1172 5073 1423 5129 Ecclesiae
1450 5075 1764 5147 episcopus.

492 5160 681 5216 Patrus
714 5162 1209 5219 Metaumaucensis
1235 5165 1548 5238 episcopus.

493 5247 765 5305 llubertus
791 5251 1106 5307 Parmensis
1127 5253 1438 5325 episcopus.

491 5341 655 5396 Luizo
689 5343 1093 5400 Cremonensis.

489 5433 847 5489 Ermenaldus
869 5436 1236 5511 Regionensis
1263 5438 1580 5510 episcopus.

490 5528 800 5584 Gorboldus
823 5530 1145 5588 Polonensis
1175 5534 1490 5606 episcopus.

492 5621 786 5678 Gauslinus
822 5622 1138 5682 Patavensis
1177 5626 1494 5699 episcopus.

496 5753 562 5818 (3)
591 5752 1022 5812 Mendosissimae
1052 5757 1504 5830 subscriptiones.

1771 279 2039 333 JOANNIS
2079 282 2193 334 XIII
2235 281 2419 335 PAPZE

2062 3111 2109 3172 (ἶ

3637 286 3753 340 956

2195 411 2462 466 Arnaldus
2487 411 2848 467 Tridentinus
2871 414 3184 485 episc0pus.

2191 505 2514 576 Teutpertus
2548 506 2647 576 [vel
2673 507 2962 579 Rupertus]
2993 509 3288 563 Feltrensis
3315 511 3642 581 episcopus.

2193 598 2467 653 Zenobius
2498 598 2800 653 Fesulanus
2827 601 3141 671 episcOpus.

2196 688 2561 744 Gothofredus
2590 691 2862 761 Aquensis
2891 691 3206 761 episcOpus.

2197 779 2354 833 Roilo
2386 779 2634 833 Astensis
2674 778 2989 849 episcopus.

2196 872 2367 926 Luido
2399 871 2736 925 Glosinensis
2767 871 3082 942 episcopus.

2196 960 2520 1013 Adalbertus
2563 959 2825 1014 Bonensis
2863 959 3264 1030 [Bononiensis]
3308 960 3636 1031 episcopus.

2195 1048 2355 1102 Wido
2381 1048 2701 1102 Mutinensis
2723 1049 3020 1119 episcopus

2192 1141 2432 1196 Joannes
2467 1140 2753 1194 lmolensis
2785 1140 3102 1211 episcOpus.

2197 1229 2485 1283 Ratherius
2512 1229 2843 1284 Veronensis
2881 1229 3196 1300 episcopus.

2197 1322 2462 1376 Antonius
2490 1320 2802 1374 Brisnensis
2827 1320 3140 1392 episcopus.

2195 1409 2480 1463 Udalricus
2507 1408 2891 1483 Bergomensis
2919 1408 3233 1479 episcopus.

2191 1500 2430 1555 Joannes
2458 1499 2818 1554 Jordanensis
2853 1499 3168 1569 episcopus,

2193 1595 2470 1665 Aupaldus
2511 1593 2861 1648 Novariensis
2883 1594 3197 1665 episcOpus.

2205 1686 2387 1754 Lupus
2418 1685 2716 1756 Spoletinae
2749 1685 3025 1740 Ecclesiae.

2201 1777 2524 1850 Sigihardus
2550 1775 2793 1830 Cctensis
2823 1775 3138 1846 episcopus.

2202 1871 2525 1926 Rihelardus
2545 1869 2806 1925 Fanensis
2829 1870 3082 1924 Ecclesiae
3108 1869 3280 1939 episc.
3312 1869 3640 1938 subscripsi.

2198 1966 2425 2020 Auctum
2480 1964 2750 2019 Ravennae
2781 1980 2852 2016 vn
2909 1963 3021 2016 Kal.
3053 1962 3198 2028 Maii,
3233 1977 3330 2032 per
3356 1978 3587 2016 manum
3631 1963 3752 2015 Ste-

2131 2055 2296 2126 phani
2323 2053 2594 2109 scriniarii
2626 2057 2826 2106 sanctae
2860 2051 3119 2106 Romanae
3152 2049 3429 2111 Ecclesiae,
3461 2051 3520 2104 in
3554 2065 3753 2104 mense

2132 2146 2321 2217 Aprili,
2353 2157 2407 2200 et
2460 2144 2760 2200 indictione
2791 2143 3007 2199 decima
3059 2142 3115 2196 in
3149 2141 3442 2212 praesentia
3497 2142 3753 2195 omnium

2132 2247 2443 2296 sanctorum
2477 2237 2888 2308 episcoporum.

2896 2322 2979 2376 ιν,

2272 2436 2492 2476 JOANNIS
2531 2435 2677 2473 PAPxE
2709 2433 2803 2470 XIII
2831 2430 3174 2469 Ριιινιιεδιωιι
3214 2427 3314 2467 PRO
3354 2427 3609 2465 ECCLESIA

2764 2502 3125 2541 FERRARIENSI.

2763 2582 2934 2646 (Anno
2966 2579 3115 2645 967.)

2319 2678 2490 2750 [Apud
2531 2676 2723 2742 Massa,
2764 2673 2962 2730 Concil.
3003 2677 3134 2725 tom.
3170 2668 3303 2732 XIX,
3332 2683 3457 2739 pag.
3490 2665 3564 2735 1.]

2205 2776 2261 2828 ln
2285 2771 2509 2827 nomine
2537 2764 2776 2828 Domini,
2806 2763 3046 2817 .lomses
3077 2758 3390 2829 episcOpus,
3415 2771 3610 2810 servus
3634 2771 3762 2808 ser-

2132 2883 2325 2927 vorum
2382 2861 2495 2928 Dei,
2537 2856 2796 2915 omnibus
2840 2852 2933 2906 Dei
2973 2861 3029 2906 et
3080 2857 3282 2904 sanctae
3323 2846 3578 2902 Ecclesiae
3623 2845 3763 2900 tide-

2136 2965 2280 3018 libus
2798 3037 2806 3039 _
3121 3033 3154 3039 __
3401 3037 3406 3039 _
3455 3029 3466 3039 ,

2209 3046 2604 3106 Denuntiantes
2648 3037 2971 3094 mandamus
3011 3033 3248 3104 qualiter
3293 3037 3416 3102 post
3448 3033 3662 3098 justam
3694 3044 3766 3082 ac

2137 3141 2368 3217 legalem
2400 3133 2728 3190 electionem
2783 3135 2839 3182 et
2866 3121 3338 3181 consecrationem
3380 3117 3596 3217 Martini
3628 3117 3768 3213 ἐερί-

2135 3205 2291 3299 scopi
2358 3217 2745 3284 Ferrariensis,
2791 3216 2845 3269 in
2899 3220 3087 3268 sancta
3141 3211 3382 3264 Romana
3433 3205 3680 3299 ecclesia
3738 3220 3771 3256 a

2139 3297 2299 3378 nobis
2357 3317 2577 3378 factam,
2619 3311 2674 3365 in
2713 3307 2934 3364 civitate
2990 3304 3265 3358 Ravennae
3322 3297 3574 3396 venimus
3636 3312 3768 3349 cum

2139 3413 2256 3483 ipso
2305 3402 2618 3463 venerando
2675 3397 2904 3453 Martino
2963 3393 3247 3463 episcopo,
3288 3387 3520 3486 aliisque
3562 3401 3766 3486 quam:

2137 3475 2388 3574 pluribus
2445 3497 2515 3550 de
2567 3497 2754 3547 nostra
2798 3487 2933 3543 urbe
2989 3480 3267 3544 Romanis,
3309 3487 3364 3532 et
3408 3478 3462 3530 in
3497 3475 3758 3548 generali

2138 3572 2337 3670 placito
2369 3609 2491 3649 cum
2525 3590 2728 3644 domno
2759 3583 2955 3638 Ottone
2983 3579 3316 3648 imperatore
3345 3572 3596 3670 diversas
3635 3586 3766 3624 can-

2137 3662 2246 3757 sas,
2273 3688 2400 3742 lites
2429 3678 2806 3753 inspiciendas
2837 3682 2890 3729 et
2930 3666 3339 3729 deliberandas,
3368 3672 3421 3718 et
3460 3662 3764 3757 nobiscum

2136 3751 2246 3839 tum
2317 3751 2676 3832 residentium
2734 3779 2955 3837 quoque
3037 3757 3344 3853 astantium.
3418 3751 3765 3853 pepulorum

2134 3845 2431 3927 multitudo
2471 3861 2818 3922 clericorum,
2851 3861 2906 3908 et
2937 3851 3224 3943 laicorum,
3259 3845 3686 3943 episcortorn‘m,
3711 3847 3772 3892 et

2134 3961 2396 4017 abbatum
2418 3956 2488 4009 de
2505 3946 2928 4024 quampluribus
2951 3937 3274 4014 regionibus
3299 3932 3439 3987 infra
3463 3930 3767 4032 basilicam

2134 4053 2280 4108 beati
2305 4044 2632 4120 Apollinaris
2683 4042 3044 4126 convocatur;
3076 4043 3250 4126 novus
3301 4031 3535 4124 occurrit
3562 4036 3760 4126 sermo

2134 4109 2381 4214 praedicti
2433 4131 2644 4189 Martini
2683 4123 2932 4199 episcopi
2991 4115 3379 4177 Ferrariensis,
3419 4109 3757 4214 supplicans

2133 4199 2188 4288 et
2239 4236 2432 4302 petens
2461 4242 2491 4278 a
2536 4220 2699 4276 nobis
2725 4224 2785 4272 ut
2829 4212 3013 4269 omnia
3060 4222 3261 4302 quaeua
3292 4208 3477 4257 sancta
3505 4199 3768 4302 Romana

2131 4294 2428 4382 universali
2456 4315 2698 4373 Ecclesia
2725 4327 2822 4383 per
2845 4322 3043 4380 papam
3064 4299 3440 4396 Vitellia-num,
3468 4302 3538 4396 .et
3561 4294 3767 4396 Adria-

2133 4434 2287 4482 num,
2317 4421 2371 4468 et
2425 4412 2666 4465 Leonem
2704 4408 2908 4459 sanctae
2958 4399 3214 4452 Romanae
3276 4387 3530 4486 Ecclesiae
3570 4387 3765 4486 ponti-

2133 4512 2264 4568 lices
2284 4516 2661 4564 antecessores
2687 4503 2904 4553 nostros
2935 4492 2991 4545 in
3022 4497 3274 4588 tempore
3303 4483 3671 4588 Gonstantiui,
3700 4485 3765 4588 et

2135 4604 2311 4661 Caroli
2367 4594 2735 4670 imperatoris,
2769 4605 2867 4661 per
2915 4585 3139 4654 antiqua
3197 4575 3483 4650 privilegia
3538 4572 3769 4670 fuerant

2133 4697 2348 4769 largita,
2389 4664 2588 4747 tradita
2646 4691 2700 4741 et
2743 4680 3098 4740 conﬁrmata;
3132 4673 3205 4727 ita
3255 4679 3310 4724 et
3364 4683 3467 4765 nos
3508 4664 3769 4769 per'lioc

2135 4753 2382 4844 nostrum
2437 4777 2888 4837 conﬁrmaremus
2929 4771 3294 4860 praeceptum;
3339 4755 3496 4854 cujus
3533 4753 3768 4852 scilicet

2135 4877 2417 4952 precibus,
2477 4879 2533 4926 et
2571 4862 2954 4940 petitionibus,
3011 4863 3066 4911 et
3107 4859 3353 4908 omnium
3412 4859 3763 4952 principum,

2135 4938 2521 5044 episcoporum
2570 4938 2625 5016 et
2654 4957 2940 5018 abbatum,
2996 4948 3341 5044 aliorumque
3389 4938 3760 5044 clericorum,

2133 5030 2187 5120 et
2217 5030 2478 5117 laicorum
2510 5048 2779 5113 inclinati,
2820 5059 2918 5116 pro
2949 5039 3041 5095 Dei
3072 5037 3273 5136 timore.
3295 5038 3350 5085 et
3394 5030 3540 5129 illius
3585 5040 3766 5136 vene:

2133 5211 2338 5305 sanctis
2365 5239 2566 5298 nostris
2594 5226 3058 5290 antecessoribus,
3109 5222 3368 5307 Romanae
3415 5211 3564 5266 sedis
3607 5224 3761 5307 pen.-

2430 5345 2527 5401 per
2573 5323 2795 5394 antiqua
2828 5311 3112 5389 privilegia
3163 5323 3263 5378 per
3293 5297 3762 5401 Urs-encanjudi-

2136 5392 2255 5486 cem
2336 5392 2738 5480 Ferrariensem
2794 5408 3040 5483 perlecta
3101 5403 3301 5499 sanctae
3339 5489 3348 5498 Ι
3384 5392 3761 5499 Ferrariensis

2136 5483 2385 5584 ecclesiae
2411 5516 2559 5572 beati
2591 5507 2831 5582 Georgii,
2866 5512 3113 5571 tempore
3139 5491 3376 5553 Martini,
3409 5494 3465 5584 et
3497 5483 3756 5581 sudus-ac.

2244 5618 2262 5621 “
2641 5606 2678 5621 ’ν
2707 5611 2975 5621 ----ι-·--“
3012 5583 3257 5621 ηνωτὶὶιιιί
3299 5579 3512 5621 Marum
3553 5568 3758 5621 tradua

2136 5577 2480 5675 ctVJ—oannes
2509 5577 2976 5681 praedecessorum
3012 5583 3261 5663 praedicti
3299 5579 3513 5634 Martini
3553 5577 3696 5624 tradi
