4042 6156
319 261 394 315 95
405 261 432 314 7

1600 262 1931 320 EPISTOL/E
1971 267 2051 320 ET
2093 267 2407 321 DECRETA.

3570 269 3676 323 958

323 405 450 445 esse
471 386 856 462 cognovimus,
914 399 1014 454 per
1067 385 1174 440 hoc
1227 394 1475 442 nostrum
1507 406 1538 444 a
1569 398 1719 461 parte
1749 400 1953 448 sanctae
1979 399 2027 466 Α
2055 395 2324 461 oratione,
2384 401 2440 448 et
2490 392 2848 448 investitione
2897 401 3100 446 sanctae
3159 393 3416 448 Ecclesiae
3444 402 3498 447 et
3523 393 3676 447 sedis

321 481 584 536 Romanae
629 475 891 532 Ecclesiae
921 474 1072 528 beati
1126 475 1275 530 Petri
1323 480 1556 547 apostoli
1610 481 1664 535 in
1695 484 1954 552 praedicta

325 575 520 624 sancta
546 564 885 622 Ferrariensi
941 563 1184 618 ecclesia
1235 564 1382 620 beati
1431 569 1670 640 Georgii,
1701 571 1955 626 similiter

323 674 509 714 coram
528 655 740 712 cunctis
768 652 1098 709 astantibus
1126 659 1182 706 et
1207 653 1524 712 videntibus
1562 659 1952 716 confirmamus

324 757 680 821 praceptum,
740 762 981 801 massam
1041 744 1307 802 videlicet
1361 749 1732 806 Babilonicam
1782 753 1948 820 illam,

326 860 452 916 quae
501 849 722 898 vocatur
771 839 1042 906 Ferraria,
1087 838 1144 892 in
1179 855 1290 910 qua
1319 841 1442 911 ipsa
1481 851 1672 900 sancta
1717 847 1953 903 ecclesia

327 933 474 988 beati
523 931 736 1005 Georgii
780 930 886 985 sita
916 937 973 986 et
1014 937 1343 984 consecrata
1385 939 1469 987 est
1499 949 1624 988 cum
1653 935 1950 992 duodecim

329 1023 513 1077 fundis
533 1022 647 1076 suis
677 1039 692 1086 ;
725 1021 815 1076 cui
833 1020 971 1075 alias
1000 1035 1200 1075 omnes
1230 1035 1447 1077 massas
1479 1025 1724 1080 minores
1747 1028 1953 1098 positas

331 1114 475 1169 infra
501 1120 746 1169 nostrum
777 1113 1034 1168 ducatum
1065 1119 1120 1166 et
1167 1112 1502 1170 comitatum
1548 1118 1953 1175 Ferrariensem

289 1221 454 1293 ocum
494 1203 647 1259 omni
693 1203 1012 1268 obedientia
1059 1208 1115 1256 et
1163 1203 1463 1263 securitate
1517 1207 1878 1280 subjugamus
1937 1227 1951 1275 ;

330 1313 558 1352 massam
607 1296 821 1351 scilicet
875 1301 929 1350 et
985 1296 1160 1366 ripam
1222 1294 1579 1366 Pullariolus,
1634 1317 1754 1356 cum
1815 1304 1956 1359 duo—

330 1390 509 1445 decim
541 1389 727 1444 fundis
781 1391 914 1453 suis,
978 1399 1032 1445 et
1079 1405 1316 1444 massam
1384 1391 1805 1452 Constantiacus
1833 1415 1956 1453 cum

334 1477 627 1532 duodecim
658 1477 844 1533 fundis
873 1479 1008 1546 suis,
1040 1486 1094 1533 et
1123 1494 1367 1534 massam
1410 1484 1803 1552 quartisianam
1831 1505 1955 1542 cum

334 1569 629 1625 duodecim
659 1567 844 1624 fundis
884 1570 999 1625 suis
1020 1577 1101 1636 ;et
1143 1585 1388 1625 massam
1421 1573 1632 1630 Doncro
1657 1592 1780 1631 cum
1811 1579 1956 1633 duo-

331 1661 511 1715 decim
560 1660 746 1716 fundis
793 1662 954 1728 suis;
992 1663 1181 1733 sicque
1239 1679 1492 1719 massam
1549 1667 1804 1723 Petriculi
1834 1686 1957 1725 cum

332 1750 625 1830 duodecim
671 1749 856 1806 fundis
911 1752 1026 1806 suis
1057 1770 1071 1819 ;
1101 1760 1155 1806 et
1208 1768 1455 1808 massam
1490 1755 1802 1827 Popularis-
1829 1775 1952 1814 cum

334 1843 628 1898 duodecim
670 1842 856 1898 fundis
884 1844 1037 1910 suis;
1083 1845 1344 1899 similiter
1391 1864 1629 1903 massam
1663 1850 1866 1918 Curuli,
1901 1860 1956 1907 et

325 1956 564 1994 massam
593 1939 1016 2009 Salectamlcum
1052 1941 1245 2015 viginti
1294 1951 1538 2012 quatuor
1577 1943 1764 2000 fundis
1790 1947 1905 2001 suis
1939 1967 1953 2013 ;

325 2038 636 2084 etmassam
675 2030 1009 2097 Seneticam,
1068 2038 1123 2085 et
1175 2031 1528 2088 Castilionem
1595 2051 1719 2089 cum
1771 2037 1954 2090 omni-

328 2120 434 2172 bus
492 2118 678 2172 fundis
735 2119 896 2182 suis;
930 2118 1188 2173 similiter
1243 2127 1298 2173 et
1346 2133 1584 2176 massam
1616 2123 1953 2178 Firmianum

325 2225 452 2264 cum
475 2207 735 2263 omnibus
781 2207 990 2275 fundis,
1031 2215 1086 2263 et
1136 2209 1491 2279 pertinentiis
1521 2212 1655 2268 suis.
1687 2213 1790 2268 Has
1819 2214 1952 2283 qui-

323 2302 455 2356 dem
487 2317 682 2356 omnes
711 2318 920 2357 massas
942 2319 1068 2357 cum
1100 2303 1596 2372 omnibusjuribus
1629 2307 1737 2362 sibi
1778 2310 1954 2378 perti-

326 2391 610 2454 nentibus,
644 2391 786 2446 sicut
807 2408 837 2445 a
867 2393 1073 2446 sanctis
1104 2393 1310 2447 nostris
1337 2395 1670 2464 supradictis
1698 2408 1955 2452 anteces-

324 2483 550 2540 soribus
589 2484 646 2538 in
687 2482 911 2554 praefata
937 2493 1126 2540 sancta
1155 2485 1491 2541 Ferrariensi
1525 2489 1760 2544 ecclesia
1804 2491 1951 2547 beati

323 2573 548 2647 Georgii
587 2571 841 2645 largitum
894 2572 1011 2628 fore
1074 2574 1438 2649 cognovimus
1469 2593 1481 2629 :
1519 2576 1595 2631 ita
1634 2585 1687 2632 et
1718 2595 1818 2634 nos
1851 2598 1953 2651 per

327 2668 434 2721 hoc
467 2675 735 2732 nostrum,
765 2667 908 2721 sicut
939 2683 1106 2738 supra
1145 2667 1351 2720 dictum
1403 2675 1505 2733 est,
1538 2669 1594 2722 in
1625 2679 1813 2726 sancta
1845 2688 1951 2728 no-

326 2767 443 2814 stra
473 2758 733 2823 ecclesia,
775 2766 830 2814 et
859 2758 958 2812 tibi
1003 2758 1267 2830 praedicto
1292 2759 1520 2815 Martino
1577 2763 1860 2832 confratri,
1895 2775 1952 2822 et

325 2853 598 2924 epise0po
643 2861 850 2919 nostro,
896 2861 951 2907 et
998 2851 1415 2907 successoribus
1461 2855 1568 2908 tuis
1600 2855 1741 2910 infra
1775 2865 1946 2914 totum

320 2945 584 2999 ducatum
614 2954 776 3015 atque
807 2945 1150 3011 comitatum,
1195 2951 1250 2999 et
1277 2945 1662 3016 episcopatum
1697 2957 1946 3005 nostrum

323 3033 734 3087 Ferrariensem
783 3033 838 3086 in
869 3033 1102 3105 singulis
1136 3033 1353 3098 massis,
1385 3034 1675 3102 ecclesias,
1697 3038 1945 3106 clericos,
1975 3070 2023 3138 Ο

323 3126 697 3196 presbyteros,
730 3126 991 3180 diaconos
1016 3125 1277 3180 ordinare
1307 3134 1363 3180 et
1391 3141 1738 3182 consecrare.
1772 3131 1950 3202 Super

281 3247 286 3252 -
322 3225 438 3277 haec
456 3222 685 3293 quidem
717 3221 922 3288 omnia,
955 3222 1216 3277 omnibus
1246 3231 1354 3277 tam
1386 3225 1755 3294 prmsentibus
1782 3245 1946 3299 quam

318 3313 671 3378 absentibus,
733 3323 918 3368 notum
979 3313 1099 3368 fieri
1140 3315 1419 3380 volumus,
1480 3332 1580 3386 per
1624 3319 1946 3387 praedictum

321 3406 708 3477 episcopatum
737 3405 1165 3473 Ferrariensem,
1190 3413 1244 3460 et
1289 3407 1583 3463 ecclesiam
1616 3409 1669 3463 S.
1703 3410 1946 3486 Georgii,

325 3504 379 3550 et
409 3503 463 3550 te
497 3494 788 3549 Martinum
819 3495 1162 3564 episcopum,
1192 3501 1426 3565 tuosque
1475 3494 1688 3551 futuros
1717 3511 1948 3552 succes-

323 3600 504 3649 cores,
548 3584 861 3653 episcopos,
917 3589 1208 3653 utramque
1289 3584 1605 3653 parochiam
1654 3596 1944 3656 perpetuo.

326 3680 468 3734 sicut
495 3676 812 3748 ’supradicti
871 3675 1041 3730 nostri
1091 3682 1474 3730 antecessores
1530 3676 1843 3733 habuerunt
1897 3687 1951 3734 et

324 3777 628 3824 tenuerunt
668 3767 723 3820 in
765 3783 864 3821 suo
905 3766 1154 3821 dominio
1197 3786 1212 3828 ;
1275 3766 1348 3821 ita
1408 3773 1461 3821 et
1494 3783 1594 3823 nos
1623 3768 1678 3823 in
1702 3770 1850 3840 jure,
1898 3778 1952 3825 et

321 3860 598 3924 dominio,
633 3875 730 3913 seu
749 3859 1038 3932 privilegio
1057 3866 1259 3914 sanctae
1305 3866 1504 3915 nostrae
1553 3861 1811 3916 Romanae
1843 3864 1948 3919 Ec-

323 3951 514 4007 clesia
537 3949 688 4004 beati
733 3948 876 4003 Petri
909 3948 1167 4018 apostoli,
1200 3957 1254 4003 et
1282 3957 1468 4005 nostro
1526 3959 1951 4023 nostrorumque

321 4058 713 4100 successorum
768 4057 989 4112 semper
1033 4047 1307 4096 tenemus.
1356 4041 1421 4096 Ut
1470 4043 1514 4096 si
1569 4058 1788 4113 semper
1840 4044 1944 4098 sub

325 4143 513 4190 nostra
536 4132 831 4198 electione,
859 4132 1230 4198 ordinatione,
1256 4132 1627 4200 investitione,
1657 4140 1711 4188 et
1757 4149 1950 4188 conse-

325 4227 600 4295 cratione,
631 4233 686 4279 et
717 4225 994 4281 districtu.
1027 4224 1086 4278 Et
1116 4239 1227 4279 non
1259 4223 1418 4278 liceat
1467 4239 1707 4294 unquam
1739 4225 1948 4280 nemini

329 4326 398 4379 de
431 4322 544 4378 tuis
581 4321 998 4376 successoribus
1026 4319 1242 4386 futuris,
1277 4319 1553 4393 eligendis
1583 4319 1639 4374 in
1677 4320 1797 4392 ipso
1827 4321 1950 4392 epi-

326 4416 521 4486 scepio
556 4414 836 4487 episc0pis
863 4413 932 4468 ad
959 4411 1166 4467 nullius
1187 4411 1520 4468 electionem
1534 4429 1715 4484 neque
1729 4415 1953 4470 investi-

325 4508 540 4562 tionem
599 4505 684 4559 vel
738 4503 1204 4559 consecrationem
1257 4502 1356 4566 ire,
1419 4501 1527 4556 nisi
1580 4503 1648 4556 ad
1709 4511 1948 4559 nostram

322 4595 734 4653 sanctissimam
764 4595 951 4649 sedem
985 4594 1282 4649 Romanam
1325 4599 1380 4647 et
1407 4593 1766 4661 apostolicam
1799 4595 1947 4650 beati

326 4687 473 4744 Petri
519 4685 757 4757 apostoli
800 4691 1224 4754 nostrorumque
1275 4699 1662 4738 successorum
1699 4702 1712 4750 ;
1746 4693 1800 4739 et
1831 4701 1944 4740 non

322 4783 494 4838 liceat
549 4777 756 4834 nemini
812 4785 1122 4832 nostrorum
1180 4792 1589 4841 successorum,
1643 4778 1728 4833 vel
1783 4777 1946 4834 alicui

327 4869 489 4946 regni
521 4883 736 4939 magnae
757 4881 1029 4937 personae,
1084 4865 1230 4938 regis
1249 4865 1463 4920 scilicet
1501 4867 1586 4919 vel
1619 4866 1797 4932 ducis,
1818 4867 1945 4937 epi-

325 4960 484 5030 scopi
545 4973 725 5027 neque
777 4955 1202 5026 archiepiscopi,
1236 4956 1382 5010 hunc
1412 4955 1697 5025 praelatum
1729 4958 1947 5028 episco-

327 5072 464 5127 pum
496 5060 552 5108 et
583 5051 871 5107 ecclesiam
914 5050 1088 5105 sancti
1137 5049 1372 5123 Georgii,
1426 5066 1606 5121 neque
1657 5052 1950 5123 episc0pos

325 5161 354 5198 a
387 5143 663 5202 dominio.
697 5149 752 5196 et
777 5141 923 5209 jure,
957 5148 1012 5194 et
1055 5138 1348 5207 electione,
1383 5139 1761 5208 ordinatione,
1794 5142 1950 5198 inve-

324 5237 576 5301 stitione,
623 5233 1062 5297 consecratione,
1115 5231 1368 5287 districtu
1431 5239 1633 5288 sanctae
1692 5234 1948 5291 Romanae

329 5331 592 5387 Ecclesiae
622 5329 765 5384 beati
809 5329 950 5383 Petri
989 5327 1223 5399 apostoli
1255 5344 1530 5398 separare.
1587 5329 1640 5383 Si
1675 5346 1798 5401 qua:
1819 5347 1951 5391 vero

329 5436 571 5493 persona
626 5421 787 5488 hujus
831 5420 1002 5474 nostri
1062 5420 1238 5490 regni,
1290 5419 1437 5493 regis
1464 5421 1548 5474 vel
1577 5421 1754 5489 ducis,
1785 5439 1951 5492 parva

325 5512 410 5565 vel
434 5526 658 5584 magna,
693 5510 833 5564 hanc
862 5509 1232 5580 supradictam
1266 5515 1505 5562 nostram
1539 5509 1948 5568 Ferrariensem

330 5614 578 5660 sanctam
602 5605 890 5660 ecclesiam
941 5605 1083 5659 beati
1131 5603 1346 5678 Georgii
1403 5621 1432 5658 a
1457 5605 1582 5676 jure
1614 5613 1669 5661 et
1701 5607 1949 5665 dominio

329 5703 385 5751 et
409 5703 686 5768 potestate
707 5697 1095 5768 episcoporum
1144 5711 1392 5764 suorum,
1424 5697 1720 5766 electione,
1750 5714 1950 5758 conse-

2056 486 2314 542 Romanze
2337 485 2481 540 beati
2517 485 2657 540 Petri
2680 485 2914 555 apostoli
2945 485 3304 555 separaverit,
3338 484 3423 538 vel
3453 485 3672 538 aliena-

2055 578 2215 644 verit,
2265 586 2358 632 aut
2406 577 2450 631 si
2511 577 2579 632 de
2634 576 2893 631 omnibus
2941 592 3062 647 qua:
3116 593 3147 630 a
3209 583 3396 630 sancta
3425 576 3671 630 Romana

2057 666 2297 721 Ecclesia
2325 665 2432 719 sibi
2456 671 2584 719 sunt
2612 665 2736 719 data
2770 672 2822 718 et
2847 665 3045 718 tradita
3075 665 3388 718 diminuere
3430 663 3514 718 vel
3547 677 3668 716 mo-

2053 757 2250 813 lestare
2276 755 2512 811 tentabit
2542 753 2652 808 ullo
2709 755 2894 818 modo,
2944 755 3027 808 vel
3070 755 3295 828 ingenio
3335 769 3579 824 unquam
3611 751 3667 804 in

2054 849 2240 920 aliquo
2268 855 2515 917 tempore
2561 846 2924 900 anathematis
2974 846 3192 901 vinculo
3251 863 3280 900 a
3311 853 3462 916 parte
3493 841 3674 899 omni-

2055 938 2294 1009 potentis
2325 937 2442 1002 Dei,
2501 943 2554 990 et
2593 937 2766 990 beatae
2798 935 3027 1009 virginis
3059 935 3258 998 Mariae,
3290 941 3342 988 et
3382 935 3671 988 beatorum

2056 1025 2427 1096 apostolorum
2462 1025 2607 1078 Petri
2647 1031 2700 1078 et
2752 1024 2926 1089 Pauli,
2961 1032 3016 1078 et
3040 1024 3283 1078 omnium
3333 1029 3675 1077 sanctorum.

2057 1125 2113 1172 et
2146 1126 2325 1172 nostra
2383 1122 2646 1187 perpetuo
2701 1116 3010 1189 alligamus,
3071 1117 3157 1170 cui
3203 1130 3398 1168 omnes
3444 1111 3536 1184 qui
3581 1107 3681 1160 ad-

2056 1216 2212 1262 erant
2243 1206 2319 1260 ibi
2353 1206 2755 1276 responderunt
2785 1204 3036 1260 dicentes
3065 1221 3077 1257 :
3111 1204 3244 1268 Fiat,
3276 1202 3388 1256 iiat.
3435 1202 3682 1265 Quorum

2058 1295 2282 1349 nomina
2332 1301 2460 1348 sunt
2521 1293 2612 1347 hic
2634 1293 2689 1346 in
2734 1302 2890 1363 parte
2935 1293 3232 1362 descripta,
3266 1291 3322 1345 id
3353 1300 3440 1345 est
3472 1291 3531 1343 in
3563 1283 3685 1354 pri-

2060 1386 2196 1440 mis:

2131 1475 2392 1530 Martinus
2438 1474 2735 1545 episcOpus
2759 1483 2962 1528 sanctae
3007 1473 3346 1527 Sutrinensis
3402 1471 3702 1542 Ecclesia},

2130 1569 2291 1624 Wido
2315 1567 2609 1637 episcopus
2631 1575 2831 1621 sanctae
2849 1566 3159 1621 Serscnatis
3190 1564 3494 1620 Ecclesiae.

2131 1655 2689 1726 Joannesepiscopus
2712 1661 2913 1709 sanctae
2941 1653 3309 1709 Corneliensis
3329 1654 3640 1717 Ecclesiae.

2133 1750 2264 1803 Azio
2311 1747 2771 1819 protoscrinarius
2824 1754 2879 1801 et
2925 1745 3292 1817 apocrisarius
3321 1756 3561 1805 sanctze
3603 1755 3712 1812 Ro-

2059 1859 2233 1898 manze
2267 1842 2545 1896 Ecclesiae.

2127 1933 2370 1987 Joannes
2391 1931 2500 1984 dux
2531 1930 2685 1985 urbis
2705 1930 2914 1991 Romae,
2939 1928 3032 1999 qui
3064 1933 3287 1982 vocatur
3317 1927 3693 1990 Gambaruto.

2128 2023 2438 2092 Stephanus
2468 2022 2764 2076 iniculalor
2793 2020 2948 2074 urbis
2962 2021 3165 2075 Romae.

2128 2118 2238 2171 Nec
2257 2133 2365 2172 non
2400 2117 2600 2171 Paulus
2627 2116 2902 2190 gloriosus
2923 2114 3112 2181 judex.

2127 2207 2438 2282 Vigojudex
2470 2205 2854 2260 Ferrariensis.

2125 2299 2317 2352 Petrus
2347 2298 2562 2353 dativus
2589 2297 2750 2352 istius
2781 2295 3017 2350 civitatis
3050 2295 3348 2348 Ravenna.

2126 2391 2368 2445 Joannes
2397 2389 2612 2444 dativus
2629 2387 3011 2443 Ferrariensis.

2127 2479 2234 2533 Leo
2261 2478 2478 2532 dativus
2496 2478 2564 2532 de
2596 2477 2814 2532 civitate
2855 2474 3136 2529 Faventia.

2126 2572 2318 2626 Petrus
2345 2580 2398 2625 et
2420 2571 2735 2641 Stephanus
2764 2567 2927 2623 dativi
2962 2567 3171 2622 Ferrar.

2128 2668 2317 2722 Petrus
2349 2681 2553 2720 comes.

2097 2759 2418 2825 aGarardus,
2451 2767 2509 2813 et
2536 2757 2796 2811 Hirardus
2824 2757 2890 2810 de
2921 2755 3239 2809 comitibus.

2125 2857 2441 2918 Arderatus,
2475 2861 2528 2908 et
2559 2853 2885 2908 Rambertus
2907 2849 3155 2926 germani
3181 2847 3475 2903 comitibus

2123 2945 2366 3000 Joannes
2396 2944 2504 2998 dux
2536 2943 2606 2996 de
2629 2943 2875 2998 Romano

2120 3042 2363 3096 Joannes
2394 3046 2448 3094 et
2480 3039 2780 3092 Almericus
2808 3033 3056 3110 germani
3084 3031 3180 3086 filii
3209 3033 3311 3085 sui.

2125 3129 2323 3183 Paulus
2354 3136 2408 3182 et
2437 3127 2632 3181 Petrus
2659 3127 2898 3181 ducibus
2923 3121 3258 3180 Travesaria.

2123 3221 2314 3275 Petrus
2345 3219 2491 3273 filius
2521 3218 2629 3289 ipsi
2651 3218 2826 3272 Pauli.

2125 3312 2460 3367 Romualdus
2500 3312 2629 3365 dux.

2123 3401 2324 3455 Paulus
2349 3399 2496 3454 filius
2525 3399 2825 3454 Vitabiani.

2121 3495 2365 3549 Joannes
2386 3491 2653 3548 consulet
2685 3491 2968 3561 patricius.

2127 3587 2389 3643 Heraldus
2423 3585 2567 3639 filius
2592 3584 2796 3639 Jaraldi
2820 3601 2884 3639 ex
2915 3600 3120 3656 genere
3153 3587 3378 3642 ducum.

2124 3682 2432 3737 Atelhcrtus
2462 3686 2516 3734 et
2536 3680 2761 3754 Sergius
2791 3681 3036 3752 germani
3071 3681 3303 3736 ducibus

2123 3775 2370 3829 Andreas
2402 3771 2544 3825 ﬁlius
2571 3772 2851 3842 quondam
2884 3773 3105 3828 amabil.
3143 3772 3359 3827 dativus

2125 3865 2427 3921 Deusdedit
2456 3863 2524 3917 de
2558 3864 2726 3918 Ponte
2758 3865 3024 3938 Augusto.

2126 3957 2367 4012 Gasirius
2393 3955 2538 4010 ﬁlius
2562 3955 2797 4010 Joannis
2827 3955 3091 4010 consulis.

2120 4049 2308 4104 Vitalis
2333 4051 2403 4104 de
2426 4049 2602 4104 Liuto.

2119 4139 2363 4194 Joannes
2404 4145 2458 4192 et
2505 4137 2689 4192 Luicio
2740 4135 3009 4211 germani,
3076 4134 3173 4188 lilii
3203 4134 3484 4205 quondam
3520 4134 3667 4188 Ana-

2051 4229 2202 4284 stasii
2236 4227 2497 4283 consulis.

2126 4322 2426 4378 Leotarius.

2126 4412 2319 4467 Petrus
2349 4412 2416 4464 de
2446 4409 2609 4465 Malo.

2125 4503 2422 4558 Mauricius
2451 4502 2623 4572 Spaza
2655 4499 2894 4554 inferno.

2126 4595 2316 4651 Vitalis
2346 4593 2494 4649 ﬁlius
2520 4593 2709 4648 Vitalis
2748 4592 2815 4645 de
2842 4590 3050 4644 Marino

2295 4689 2367 4740 De
2397 4683 2773 4738 tabellionibus
2803 4684 2981 4734 autem
3023 4680 3161 4732 cives
3190 4682 3428 4742 Raveun.

2119 4776 2360 4830 Joannes
2392 4772 2587 4828 consul
2615 4772 2682 4826 de
2705 4769 2950 4836 tabellio,
2991 4767 3084 4840 qui
3113 4773 3338 4822 vocatur
3377 4768 3520 4822 Uter.

2122 4863 2698 4937 Stephanustabellio.
3117 4902 3124 4908 .
3476 4847 3480 4850 ’

2122 4957 2437 5014 Dominicus
2468 4953 2711 5020 tabellio,
2741 4951 3108 5024 Appollinaris
3138 4950 3381 5015 tabellio,

2124 5050 2345 5124 Sergius
2373 5046 2616 5112 tabellio,

2514 5141 2587 5192 De
2633 5137 2970 5190 cancellariis
3002 5138 3196 5187 autem.

2124 5231 2311 5286 Vitalis
2334 5229 2696 5285 cancellarius

2126 5323 2388 5379 Martinus
2414 5320 2780 5377 cancellarius
2810 5327 2862 5373 et
2891 5331 3124 5371 sarsore.

2125 5417 2232 5470 Leo
2259 5414 2644 5470 cancellarius.

2124 5512 2310 5566 Sarius
2330 5511 2401 5565 de
2429 5510 2698 5564 Cisterno.

2123 5605 2441 5662 Dominicus
2490 5611 2544 5658 et
2599 5597 2910 5657 Bernandus
2964 5593 3287 5650 cancellarii
3345 5592 3414 5647 de
3464 5589 3664 5645 arbore

2051 5699 2338 5756 Gaudenti.
2362 5697 2456 5753 Isti
2491 5709 2686 5752 omnes
2706 5693 2774 5748 de
2802 5689 3023 5747 civitate
3044 5683 3348 5755 Ravenna.]
