4038 6178
374 255 481 309 959

1713 257 1982 314 JOANNIS
2023 257 2142 311 XIII
2184 255 2370 310 PAPlE

3611 250 3724 308 960

448 376 523 430 De
553 375 991 430 Ferrariensibus
1043 383 1248 444 autem,
1281 379 1520 436 Joannes
1547 381 1991 453 archipresbyter
2020 387 2064 450 Α
2092 380 2236 454 regis
2268 379 2547 436 abbatissa
2575 378 2828 448 ejusdem
2868 377 3211 444 monasterii,
3240 386 3296 433 et
3325 377 3581 432 subditas
3619 377 3722 431 tibi

377 473 581 523 sanctae
611 468 975 523 Ferrariensis
1007 470 1280 525 Ecclesiae.

449 557 744 628 L0picinus
779 557 1221 614 archidiaconus.

451 647 642 701 Petrus
706 647 1007 716 presbyter,
1081 648 1350 722 Georgius
1427 651 1736 721 presbyter,
1790 652 1993 708 Bonizo

384 737 690 808 presbyter,
760 743 814 791 et
868 737 1236 808 primicerius,
1300 740 1544 795 Joannes
1601 741 1992 797 arehisubdia-

383 845 528 884 CODI.

1047 905 1122 956 De
1145 903 1301 957 laicis

455 1014 561 1068 Leo
589 1013 659 1068 de
684 1015 902 1072 Andrea
927 1017 1137 1072 consul.

460 1105 694 1161 Refredo
735 1107 848 1163 ﬁlio
877 1108 1018 1176 ejus,
1052 1109 1160 1164 Leo
1191 1111 1405 1166 consul.

457 1198 752 1272 Gregorius
771 1200 838 1254 de
879 1201 1140 1270 Danielis,
1190 1210 1245 1257 et
1288 1204 1428 1258 alius
1459 1204 1754 1278 Gregorius
1779 1203 1992 1268 consul,

387 1293 579 1347 Petrus
601 1295 795 1348 consul
824 1294 970 1350 filius
1004 1297 1200 1352 Leonis
1237 1299 1502 1363 consulis,
1535 1299 1823 1354 Anselmus
1860 1314 1997 1353 con-

385 1383 467 1436 sul
499 1382 644 1437 filius
675 1385 1014 1448 Raimbaldo,
1052 1388 1251 1443 Paulus
1303 1389 1516 1456 consul,
1550 1390 1643 1460 qui
1671 1397 1898 1444 vocatur
1927 1390 1994 1443 de

389 1473 654 1540 Nastasia,
682 1476 922 1531 Joannes
953 1480 1046 1550 qui
1074 1488 1298 1536 vocatur
1351 1482 1421 1536 de
1443 1481 1700 1536 Cristinia
1725 1500 1738 1547 ;
1772 1492 1826 1536 et
1856 1481 1998 1537 alio-

390 1577 506 1614 rum
541 1563 825 1618 hominum
856 1567 1170 1635 multitudo,
1195 1585 1427 1640 quorum
1460 1571 1685 1626 nomina
1705 1578 1854 1626 esset
1882 1571 1998 1627 lon-

387 1665 515 1721 gum
551 1651 619 1704 ad
650 1653 1024 1708 scribendum.

1166 1765 1223 1820 V.

395 1867 619 1906 JOANNIS
650 1870 800 1907 ΡΑΡᾸΞ
848 1871 943 1908 XIII
975 1873 1143 1910 BULLA
1180 1875 1247 1910 AD
1308 1875 1620 1914 GERBERGAM
1677 1879 2000 1918 ABBATISSAM

921 1944 1462 1984 GANDERSBEIMENSEM

1032 2021 1202 2089 (Anno
1228 2022 1378 2093 968.)

399 2109 951 2189 AbAOtto-ne‘majore
988 2118 1037 2167 et
1082 2117 1290 2189 minore
1328 2121 1570 2184 rogatus,
1623 2123 2008 2189 parthenonem

469 2180 1307 2262 Gttudei'shez'mensmtuendum
1329 2180 1641 2259 suscipit'et‘
1655 2193 1770 2261 ejus
1793 2208 2007 2262 posses-

466 2259 638 2305 siones
658 2259 895 2323 juraque
922 2259 1220 2324 conﬁrmat.

543 2345 715 2414 [Apud
745 2345 936 2410 MANSI,
973 2349 1195 2415 Concil.,
1231 2358 1360 2406 tom.
1391 2352 1573 2420 XVIII,
1605 2357 1710 2410 col.
1738 2356 1884 2428 529.]

467 2447 708 2504 Joannes
739 2451 1054 2522 episcopus,
1096 2471 1288 2513 servus
1339 2476 1621 2516 servorum
1654 2464 1770 2526 Dei,
1801 2465 2010 2519 meritis

400 2541 453 2589 et
493 2537 780 2609 sanguinis
833 2540 1080 2597 claritate
1131 2547 1397 2613 rutilanti,
1439 2549 1818 2607 dilectissime
1850 2553 2010 2607 nobis

403 2626 455 2678 in
491 2627 703 2684 Christo
722 2629 848 2685 lilia:
880 2633 1195 2702 Ganncnoaz,
1227 2641 1532 2694 venerabili
1563 2643 1856 2698 abbatissa
1894 2661 2014 2700 mo-

401 2724 625 2776 nasterii
653 2733 964 2782 sanctorum
1023 2734 1403 2791 conl‘essorum
1457 2734 2014 2796 InnocentiietAna-

402 2811 575 2876 stasii,
609 2817 755 2885 quod
787 2817 1179 2877 Gandersheim
1234 2836 1600 2897 nuncupatur,
1633 2837 1796 2901 atque
1828 2839 2012 2901 poste-

407 2905 482 2957 ris
529 2907 645 3000 suis
704 2909 758 2962 in
803 2921 1120 2982 perpetuam
1178 2919 1410 2974 salutem
1453 2922 2013 3000 benedictionemque

409 2994 785 3061 apostolicam.

481 3085 531 3136 Si
568 3085 673 3155 piis
725 3089 864 3143 votis
913 3107 976 3146 ac
1033 3094 1286 3163 petitioni
1339 3113 1623 3154 assensum
1684 3104 2013 3172 praebemus,

408 3174 774 3274 omnipotenti
830 3179 939 3234 Deo
963 3196 1063 3236 nos
1095 3184 1311 3253 placere
1341 3189 1638 3244 credimus.
1675 3191 2018 3264 Quapropter

409 3271 680 3352 universis
707 3275 911 3322 sanctae
943 3271 1228 3328 catholica
1277 3276 1534 3333 Ecclesiae
1563 3277 1712 3347 filiis,
1741 3283 2018 3352 presenti-

409 3349 512 3404 bus
537 3357 590 3404 et
609 3351 824 3420 futuris,
856 3363 1041 3411 notum
1075 3376 1196 3415 esse
1237 3363 1489 3420 volumus
1532 3370 1680 3440 quod
1715 3349 1771 3424 in
1804 3372 2014 3442 synodo

406 3457 529 3540 quae
556 3445 700 3514 apud
732 3462 931 3540 corpus
958 3451 1258 3509 beatissimi
1291 3457 1432 3514 Petri
1464 3465 1839 3531 apostolorum
1870 3465 2019 3535 prin—

408 3537 550 3600 cipis
575 3541 692 3586 acta
721 3543 805 3589 est
834 3537 890 3590 in
919 3555 1108 3596 mense
1141 3543 1554 3614 Decembris,et
1587 3551 1888 3607 indictione
1917 3570 2018 3608 un-

408 3619 642 3688 decima,
676 3625 940 3681 amabiles
965 3629 1078 3685 Deo
1108 3647 1172 3686 ac
1199 3634 1510 3703 spirituales
1549 3637 1648 3708 filii
1681 3641 1874 3708 nostri,
1899 3641 2018 3698 Otto

411 3712 586 3780 major
609 3723 668 3810 et
696 3717 896 3785 minor,
952 3725 1320 3781 serenisssimi
1369 3729 1730 3801 imperatores
1769 3736 2018 3810 Augusti,

411 3805 766 3873 apostolicam
798 3814 1182 3880 paternitatem
1248 3829 1487 3876 nostram
1543 3825 1820 3882 humiliter
1848 3805 2018 3883 obse-

414 3912 567 3991 crare
597 3898 806 3991 dignati
854 3915 1002 3971 sunt,
1059 3923 1241 3964 coram
1274 3914 1704 3989 archiepiscOpis
1734 3921 2022 3991 etepisco-

417 3989 525 4059 pis,
571 3989 827 4047 videlicet
871 3995 1073 4052 Italicis
1105 4007 1160 4054 et
1202 4002 1642 4074 ultramontanis,
1676 3989 1906 4066 nume—ro
1935 4012 2032 4066 tri-

414 4081 566 4153 ginta
596 4089 650 4135 et
680 4099 796 4150 sex,
823 4095 1096 4156 quatenus
1127 4093 1409 4161 praefatum
1443 4102 1837 4156 monasterium
1892 4104 2034 4158 Gan-

415 4171 677 4275 derseim,
718 4179 865 4247 quod
897 4189 1111 4237 constat
1132 4201 1255 4239 esse
1299 4189 1400 4242 sub
1433 4197 1538 4244 tuae
1579 4191 1860 4249 ﬁliationis
1891 4199 2034 4272 regi-

416 4268 566 4321 mine
596 4268 762 4324 situm
793 4272 845 4324 in
880 4290 1047 4346 regno
1065 4278 1336 4334 citerioris
1361 4285 1607 4340 Saxoniae
1638 4289 1705 4342 ad
1769 4268 2033 4348 honorem

419 4360 802 4426 j‘imdietorum
831 4366 1210 4424 confessorum
1239 4373 1436 4430 Christi
1468 4378 1776 4437 Innocentii
1807 4391 1862 4439 et
1887 4386 2032 4440 Ana-

416 4449 590 4546 stasii,
636 4455 974 4512 auctoritatis
1025 4468 1226 4518 nostrae
1259 4467 1520 4536 praesidio
1575 4474 1942 4546 muniremus,
1974 4489 2029 4535 et

417 4541 1042 4641 subotuitionejurequc
1081 4564 1282 4612 sanctae
1327 4561 1476 4616 sedis
1522 4567 1838 4635 apostolica:
1893 4541 2024 4641 per-

419 4635 587 4730 petim
646 4635 1077 4730 susciperemus.
1141 4644 1380 4709 Quorum
1456 4651 1563 4722 piis
1617 4635 2028 4730 congaudentes

419 4721 779 4819 petitionibus
808 4730 971 4785 alacri
1021 4746 1205 4792 mente
1245 4738 1298 4793 id
1333 4721 1853 4818 ﬁeridecrevimus,
1888 4769 2028 4822 pl“th-

419 4818 690 4916 cipientes
745 4831 808 4870 ex
875 4834 959 4886 ea,
1003 4839 1111 4893 qua
1142 4826 1257 4881 vice
1305 4829 1565 4906 clavigeri
1596 4837 1840 4894 caelestis
1872 4818 2027 4916 regni

418 4900 696 4971 fulcimur,
743 4911 1092 4981 auctoritate,
1124 4924 1183 4971 ut
1222 4900 1680 4988 przenominatum
1712 4900 2027 4990 venerabile

418 4996 732 5053 caanobium
793 5017 956 5059 nemo
1015 5024 1258 5080 unquam
1317 5017 1660 5076 sascularium
1722 5027 2025 5094 possideat,

420 5107 601 5162 neque
629 5097 1037 5195 eadecimiset
1067 5109 1515 5174 possessionibus
1558 5117 1805 5186 ejusdem
1863 5124 2025 5195 quid-

417 5199 580 5253 quam
621 5185 727 5242 sibi
761 5191 964 5263 aliquis
1027 5207 1277 5269 usurpet,
1310 5218 1419 5259 non
1468 5185 1726 5276 rex,rnon
1757 5185 2024 5284 marchio,

418 5286 530 5325 non
560 5288 765 5344 comes,
801 5295 910 5336 non
967 5284 1282 5358 episcopus,
1336 5309 1440 5350 nec
1487 5299 1720 5369 quilibet
1771 5305 2030 5377 princeps

417 5378 744 5436 quacunque
786 5377 1052 5440 potestate
1106 5382 1389 5451 prazditus,
1445 5389 1548 5443 nisi
1580 5388 1720 5447 forte
1750 5397 2028 5453 tuendiac

417 5457 758 5564 defendendi
817 5481 1006 5564 causa,
1038 5479 1093 5526 et
1124 5474 1226 5532 hoc
1277 5483 1498 5538 nonnisi
1521 5493 1613 5541 tua
1641 5497 1696 5542 et
1734 5489 1872 5558 ejus,
1904 5510 2027 5564 quae

421 5564 520 5618 pro
551 5555 800 5651 tempore
832 5558 1100 5651 regularis
1158 5565 1344 5638 fuerit,
1395 5572 1689 5643 abbatissa,
1721 5555 2028 5640 sobriafiat

427 5643 811 5740 permissione.
858 5648 986 5708 Esto
1042 5653 1209 5730 igitur
1256 5662 1324 5716 ad
1380 5663 1602 5724 laudem
1630 5673 2028 5745 omnipotentis

2093 484 2308 524 sorores
2337 469 2405 523 ad
2445 469 2686 523 cmlestis
2737 468 2928 538 patria:
2956 467 3162 542 gaudia
3210 467 3520 538 expetenda
3553 466 3720 521 iusti-

2094 577 2221 634 gare
2250 559 2508 630 prudenti
2539 558 2860 632 magisterio
2918 573 3029 613 non
3095 564 3293 612 cesset.
3355 557 3436 612 Sit
3489 572 3722 627 semper

2094 651 2302 706 eisdem
2333 650 2614 706 sororibus
2662 649 2891 705 facultas
2915 649 3031 703 sive
3087 649 3309 703 licentia
3345 665 3410 702 ex
3464 649 3587 719 ipsa
3623 663 3727 702 sua

2095 739 2524 814 congregatione
2553 744 2677 809 post
2707 737 2918 792 obitum
2947 738 3238 792 abbatissae
3268 738 3428 791 aliam
3462 737 3572 791 sibi
3606 753 3727 789 ma-

2095 837 2270 906 trem,’
2302 826 2608 881 secundum
2689 825 2936 899 regulam
3013 841 3192 892 suam,
3249 825 3613 888 substituere,
3671 831 3728 878 et

2096 937 2260 993 quam
2289 919 2599 994 digniorem
2635 917 2876 972 viderint
2929 917 3046 988 pari
3075 917 3265 972 animo
3294 926 3348 971 et
3387 932 3673 972 consensu
3709 933 3722 969 :

2099 1011 2335 1065 habeant
2373 1014 2702 1080 potestatem
2751 1008 2978 1082 eligere.
3050 1004 3457 1062 Conﬁrmamus
3503 1021 3641 1062 vero
3673 1013 3729 1060 et

2097 1101 2522 1158 corroboramus
2553 1100 2656 1170 ipsi
2695 1106 2886 1155 sancto
2938 1100 3275 1154 monasterio
3305 1114 3504 1154 omnes
3534 1114 3628 1152 res
3670 1103 3727 1152 et

2097 1192 2482 1264 possessiones
2531 1191 2766 1247 mobiles
2791 1200 2847 1246 et
2896 1190 3236 1258 immobiles,
3268 1207 3408 1261 quas
3438 1205 3589 1244 nunc
3619 1189 3756 1268 ha-_

2098 1286 2210 1351 bet,
2233 1293 2287 1339 et
2320 1285 2375 1338 in
2397 1291 2578 1348 antea,
2612 1283 2724 1337 Deo
2752 1282 3080 1352 Opitulante,
3114 1281 3323 1335 habere
3381 1281 3548 1335 debet
3577 1295 3727 1351 quo-

2099 1375 2232 1429 libet
2257 1375 2380 1439 jure
2411 1369 2813 1443 acquisitionis,
2847 1370 2919 1423 ita
2957 1379 3018 1424 ut
3065 1369 3286 1424 amodo‘
3345 1375 3402 1422 et
3456 1383 3638 1438 usque
3671 1368 3728 1422 in

2098 1465 2264 1520 finem
2312 1463 2515 1519 saecula
2563 1461 2929 1534 [smeulorum]
2990 1461 3221 1516 licenter
3275 1477 3368 1515 eas
3416 1467 3605 1514 teneat
3670 1469 3728 1514 et

2099 1556 2403 1628 possideat,
2436 1555 2685 1609 omnium
2718 1554 3004 1609 hominum
3061 1551 3507 1607 contradictione
3538 1565 3727 1606 remo-

2101 1659 2170 1705 ta.
2202 1650 2259 1703 Si
2289 1650 2416 1722 quis
2445 1656 2630 1704 autem
2660 1655 2852 1703 contra
2885 1647 3048 1715 hujus
3080 1646 3251 1702 nostri
3283 1645 3577 1717 apostolici
3607 1645 3727 1716 pri-

2101 1743 2288 1819 vilegii
2347 1743 2575 1798 tutelam
2633 1757 2798 1815 agere
2853 1741 3166 1806 tentaverit,
3216 1749 3270 1794 et
3318 1755 3384 1794 ex
3418 1739 3506 1793 his
3549 1754 3732 1810 quaaa

2105 1834 2268 1889 nobis
2296 1833 2518 1888 decreta
2539 1840 2687 1898 sunt,
2721 1832 2906 1904 aliqua
2934 1837 3252 1902 pervertere
3285 1829 3509 1885 molitus
3535 1829 3728 1893 fuerit,

2105 1928 2254 1980 hunc
2287 1941 2413 1980 cum
2443 1923 2647 1979 auxilio
2710 1930 2916 1980 sanctae
2961 1931 3016 1978 et
3071 1921 3374 1977 individuae
3422 1920 3730 1984 Trinitatis,

2107 2021 2162 2068 et
2194 2013 2502 2067 interventu
2550 2012 2725 2066 beatae
2778 2011 2956 2067 Maria;
3013 2027 3234 2081 semper
3292 2009 3543 2084 virginis,
3604 2025 3729 2064 om-

2110 2106 2373 2176 niumque
2417 2111 2755 2170 sanctorum,
2783 2119 2847 2158 ex
2886 2103 3211 2158 auctoritate
3240 2100 3547 2156 beatissimi
3583 2100 3730 2155 Petri

2109 2193 2482 2264 apostolorum
2522 2191 2795 2262 principis
2827 2208 2951 2246 cum
2996 2207 3231 2245 assensu
3283 2190 3734 2260 comprovincia-

2111 2284 2242 2339 lium
2277 2282 2619 2354 pontiﬁcum,
2674 2289 2727 2337 et
2781 2283 3030 2338 omnium
3071 2282 3238 2350 hujus
3291 2290 3495 2338 nostra:
3527 2289 3736 2336 sanctae

2110 2379 2260 2434 sedis
2291 2377 2761 2452 suifraganeorum
2824 2377 3210 2448 episcoporum
3277 2377 3737 2431 excommunica-

2111 2487 2252 2536 mus,
2296 2477 2351 2524 et
2381 2488 2412 2524 ει
2444 2469 2728 2523 liminibus
2758 2477 2961 2524 sancta;
3008 2469 3105 2524 Dei
3138 2467 3419 2532 Ecclesia,
3450 2468 3737 2522 omnium-

2112 2578 2217 2633 que
2273 2561 2705 2616 Christianorum
2759 2561 3022 2616 societate
3072 2567 3397 2632 separantes
3431 2567 3736 2630 perpetua-

2114 2655 2238 2709 liter
2266 2653 2814 2708 anathematizamus.

2184 2744 2458 2812 Scriptum
2520 2759 2617 2812 per
2670 2757 2866 2796 manus
2909 2741 3173 2811 Stephani
3205 2741 3481 2797 scriniarii
3517 2748 3732 2795 sach

2117 2836 2373 2891 Romana:
2406 2835 2681 2898 Ecclesiae,
2710 2834 2765 2888 in
2797 2849 2990 2888 mense
3020 2840 3074 2887 et
3105 2834 3411 2890 indictione
3442 2850 3619 2903 supra
3648 2833 3740 2887 di-

2114 2934 2200 2980 cta
2227 2925 2520 2979 undecima
2578 2924 2720 2978 Bene
2770 2923 2968 2978 valete.
3015 2923 3132 2977 Dat.
3192 2923 3310 2978 Kal.
3337 2923 3586 2978 Januarii
3633 2939 3734 2993 per

2042 3026 2308 3092 Cmanus
2362 3013 2613 3068 Widonis
2665 3011 2915 3082 episcopi
2963 3019 3165 3066 sanctae
3225 3012 3399 3082 Sylva}
3472 3012 3740 3066 Candidas

2118 3105 2396 3168 Ecclesiae,
2426 3113 2481 3159 et
2508 3102 2914 3158 bibliothecarii
2953 3109 3158 3157 sanctae
3204 3103 3356 3157 sedis
3393 3103 3741 3173 apostolicae,

2117 3213 2282 3262 anno,
2334 3197 2443 3251 Deo
2498 3195 2759 3265 prepitio,
2829 3193 3181 3264 pontificatus
3239 3194 3449 3248 domini
3509 3194 3745 3248 Joannis

2119 3288 2318 3344 summi
2350 3286 2628 3358 pontiﬁcis
2681 3292 2736 3340 et
2781 3284 3112 3340 universalis
3141 3285 3287 3340 tertii
3340 3285 3546 3340 decimi
3589 3303 3745 3356 papae

2120 3376 2175 3430 in
2229 3375 2600 3431 sacratissima
2642 3375 2776 3428 sede
2857 3373 3003 3427 beati
3057 3373 3200 3428 Petri
3253 3374 3490 3444 apostoli
3551 3375 3740 3438 tertio,

2120 3466 2514 3538 imperatoribu
2590 3464 2960 3520 serenissimis
3003 3464 3241 3519 dominis
3299 3465 3498 3520 Ottone
3531 3466 3744 3532 majore

2120 3570 2175 3617 et
2226 3562 2460 3615 minore.
2517 3561 2674 3614 Anno
2731 3559 2945 3629 imperii
2998 3558 3224 3626 majoris
3271 3565 3444 3621 sexto,
3507 3559 3746 3615 minoris

2121 3671 2251 3711 vero
2283 3655 2480 3726 primo.
2517 3656 2576 3708 ln
2606 3669 2798 3709 mense
2831 3660 2884 3708 et
2908 3653 3211 3708 indictione
3239 3652 3542 3708 undecima

2889 3762 2974 3815 Vl.

2119 3872 2342 3912 JOANNIS
2364 3871 2513 3909 PAPE
2542 3870 2635 3907 XIII
2678 3869 2844 3907 BULLA
2886 3866 2988 3906 PRO
3017 3867 3352 3907 MONASTBRIO
3396 3868 3440 3908 S.
3489 3869 3745 3907 IAXIlI-NI

2765 3939 3094 3978 TREV’IRENSI.

2761 4018 2937 4086 (Anno
2966 4015 3114 4085 968.)

2421 4107 2596 4178 [Apud
2622 4106 2814 4172 MANSI,
2837 4107 2928 4160 ubi
2955 4121 3145 4174 supra,
3177 4105 3284 4160 col.
3311 4103 3458 4175 53-1.]

2204 4225 2440 4280 Joannes
2469 4222 2785 4293 episcopus,
2817 4237 3013 4276 servus
3040 4236 3326 4276 servorum
3357 4221 3477 4288 Dei,
3520 4238 3754 4277 venera-

2137 4319 2231 4373 bili
2266 4318 2473 4381 abbati,
2507 4316 2731 4371 amabili
2759 4315 2923 4371 nobis
2961 4315 3016 4369 in
3046 4313 3259 4370 Christo
3290 4315 3751 4372 filio'I‘nnm-‘mno

2050 4429 2106 4495 Β
2131 4410 2491 4482 apostolicam
2519 4408 2962 4464 benedictionem
2982 4417 3037 4462 et
3063 4407 3316 4462 salutem.

2199 4501 2460 4577 Congruit
2514 4501 2818 4572 apostolico
2877 4499 3261 4565 moderamini,
3330 4500 3424 4570 pia
3467 4501 3745 4571 religione

2130 4590 2472 4661 pollentibus
2522 4589 2789 4644 benevola
2834 4587 3218 4659 compassione
3272 4603 3629 4655 succurrere,
3701 4596 3752 4643 et

2129 4679 2472 4750 poscentium
2503 4677 2702 4732 animis
2739 4677 2902 4732 alacri
2955 4676 3250 4731 devotione
3303 4676 3598 4746 impartire
3661 4694 3747 4731 as.

2127 4786 2349 4826 sensum
2383 4789 2396 4835 ;
2427 4787 2494 4825 ex
2521 4771 2626 4825 hoc
2647 4768 2793 4824 enim
2822 4768 2974 4823 lucri.
3019 4768 3363 4838 potissimum
3397 4783 3428 4821 a
3459 4768 3750 4824 conditore

2129 4860 2375 4915 omnium
2406 4861 2518 4913 Deo
2549 4857 2738 4929 procul
2762 4856 2934 4911 dubio
2975 4864 3382 4925 promerentur,
3414 4854 3552 4908 dum
3585 4869 3753 4909 vene-

2130 4953 2328 5009 rabilia
2361 4953 2480 5006 loca
2507 4958 2822 5021 Opportune
2851 4947 3107 5002 ordinata
3131 4947 3200 5001 ad
3229 4946 3520 5000 meliorem
3543 4945 3752 5000 fuerint

2128 5053 2328 5103 statum
2362 5045 2607 5099 reducta.
2643 5043 2812 5114 Igitur
2863 5041 2992 5112 quia
3025 5039 3356 5110 religiositas
3395 5046 3493 5093 tua
3524 5040 3666 5110 petit
3695 5046 3751 5094 ut

2131 5137 2464 5194 monasterio
2519 5143 2632 5198 tuo,
2703 5133 2848 5205 quod
2910 5127 2967 5186 in
3035 5130 3304 5186 subnrbio
3343 5130 3665 5186 Trevirensi
3699 5131 3747 5184 in

2131 5229 2397 5283 honorem
2443 5222 2747 5279 beatissimi
2802 5219 3137 5277 confessoris
3194 5217 3393 5273 Christi
3460 5219 3742 5274 Maximini

2129 5319 2502 5370 constructum
2551 5327 2670 5366 esse
2731 5310 3098 5385 dignoscitur,
3160 5309 3231 5363 ob
3299 5309 3741 5364 conservandam

2129 5405 2227 5460 ﬁlii
2255 5414 2420 5477 atque
2452 5404 2709 5460 fratribus
2729 5404 2812 5459 vel
2844 5400 3254 5458 successoribus
3271 5401 3388 5455 suis
3417 5402 3742 5456 monasticae

2129 5494 2540 5567 tranquillitatis
2617 5508 2862 5549 normam
2916 5498 3122 5546 sanctae
3157 5490 3476 5560 apostolicae
3527 5498 3745 5552 nostrae,

2128 5588 2216 5643 cui
2248 5593 2470 5643 auctore
2504 5587 2615 5642 Deo
2658 5585 3043 5657 praesidemus,
3107 5582 3364 5641 Ecclesiae
3394 5582 3744 5656 privilegium

2128 5679 2524 5746 concedamus,
2551 5683 2658 5734 tuae
2704 5677 2954 5748 petitioni
2995 5676 3270 5734 benevola
3320 5675 3636 5732 intentione
3661 5690 3745 5730 as-
