4062 6164
296 273 398 329 961

1566 266 1898 323 ΕΡΙὸΤΟΗΕ
1942 265 2018 320 ΕΤ
2057 263 2376 321 DECRETA.

3530 263 3638 333 962

298 422 524 462 sensum
574 402 990 459 accommodare
1019 401 1352 468 curavimus,
1375 400 1743 456 decernentes
1785 413 1918 469 apo-
1945 397 2253 469 Aecclesia
2283 399 2341 452 B.
2385 399 2528 454 Petri
2581 401 2849 473 principis
2895 403 3294 473 apostolorum,
3340 405 3638 462 assidenti-

299 495 507 550 stolicaa
550 491 895 548 auctoritatis
952 499 1252 560 praecepto,
1302 496 1362 545 ut
1417 488 1774 563 congregatio
1805 488 1916 542 Deo

299 590 605 652 sanctoque
659 579 952 634 Maximino
1012 578 1272 652 religiose
1322 577 1666 642 deserviens,
1695 575 1856 630 sicuti
1888 591 1919 628 a

303 671 633 728 charissimo
671 663 802 722 filio
834 674 1022 723 nostro
1075 667 1290 732 Ottone,
1336 667 1665 737 caeterisque
1693 665 1920 739 regibus

305 761 737 834 imperatoribus
791 759 1121 815 Francorum
1188 775 1508 815 concessum
1556 766 1659 824 est,
1691 758 1918 811 liberam

307 854 574 923 deinceps
603 851 846 906 habeant
877 856 1208 920 potestatem
1252 849 1476 903 creandi
1517 847 1659 901 inter
1673 861 1733 900 se
1754 861 1920 916 quem

307 947 614 1003 secundum
646 945 818 999 Deum
845 943 952 997 sibi
979 942 1236 997 abbatem
1286 941 1577 1016 elegerint,
1611 955 1715 994 nec
1741 939 1925 1009 aliqua

307 1041 609 1111 cujuslibet
628 1038 914 1111 dignitatis
942 1052 1178 1108 persona
1200 1035 1342 1090 infra
1367 1034 1783 1099 monasterium,
1817 1032 1923 1086 nisi

309 1151 341 1189 a
367 1140 422 1188 te
452 1132 630 1186 aliove
663 1130 864 1184 abbate
885 1143 1206 1184 successore
1235 1136 1330 1182 tuo
1360 1133 1606 1192 vocatus,
1654 1121 1924 1195 quidquid

313 1239 412 1296 pro
437 1239 540 1278 suo
585 1222 742 1277 libitu
796 1220 1054 1276 ordinare
1105 1224 1191 1273 vel
1254 1227 1460 1273 temere
1492 1232 1752 1272 exercere
1783 1230 1927 1287 prae-

311 1322 510 1367 sumat.
560 1311 828 1365 Praeterea
884 1307 1186 1379 apostolica
1217 1314 1400 1362 nostra
1440 1305 1766 1361 auctoritate
1797 1319 1925 1359 om-

315 1403 558 1460 nimodis
580 1400 963 1457 interdicimus
1015 1415 1086 1454 ne
1138 1399 1226 1454 cui
1271 1414 1513 1470 unquam
1563 1397 1817 1453 Ecclesiae
1847 1396 1933 1451 vel

313 1494 434 1549 sedi
465 1492 813 1558 concambio,
870 1491 955 1544 vel
1005 1489 1112 1544 alio
1142 1489 1328 1560 aliquo
1379 1488 1602 1560 negotio
1642 1487 1932 1552 subdatur,

315 1587 416 1642 sed
449 1584 542 1640 tali
595 1584 852 1638 libertate
898 1587 952 1636 et
999 1561 1370 1644 immunitate,
1421 1580 1564 1635 sicut
1615 1578 1937 1633 Prumiense

320 1676 722 1734 monasterium
769 1683 1080 1745 caeteraque
1122 1673 1242 1728 loca
1286 1671 1512 1746 regalia,
1568 1669 1839 1725 inoffense
1885 1675 1939 1724 et

322 1766 720 1840 perpetualiter
742 1781 967 1836 semper
996 1763 1223 1819 fruatur.
1257 1765 1380 1834 lpse
1423 1771 1604 1818 autem
1638 1763 1792 1817 locus
1814 1775 1932 1814 mo-

321 1855 548 1910 nasterii
582 1853 902 1926 perenniter
967 1852 1071 1907 sub
1137 1851 1538 1906 mundiburdio
1596 1865 1790 1924 regum
1847 1848 1934 1902 vel

324 1949 718 2018 imperatorum
747 1943 1009 2008 filiorum,
1039 1945 1249 2000 scilicet
1275 1950 1479 1998 sancta;
1531 1943 1788 1997 Romana
1836 1941 1936 1995 Ec-

317 2037 502 2094 clesiae
521 2042 795 2107 praecepto
850 2034 1154 2106 apostolico
1207 2033 1468 2101 jubemus
1519 2037 1577 2086 ut
1617 2039 1937 2102 permaneat

320 2127 458 2181 nulli
491 2142 733 2197 unquam
765 2139 1016 2195 personae
1047 2121 1454 2187 beneﬁciarius,
1488 2121 1938 2176 autinvadendus

321 2225 530 2290 pateat,
571 2217 669 2271 sed
717 2215 787 2270 ad
836 2231 969 2270 usus
1015 2221 1070 2269 et
1122 2212 1578 2285 tranquillitatem
1636 2211 1938 2266 monacho-

320 2327 440 2364 rum
487 2310 563 2364 ibi
616 2308 722 2363 sub
779 2307 965 2381 regula
1008 2307 1062 2361 S.
1112 2305 1396 2360 Benedicti
1424 2305 1535 2359 Deo
1583 2303 1938 2357 militantium

319 2402 530 2473 absque
585 2401 752 2455 ullius
804 2398 1241 2455 contradictione
1308 2397 1550 2452 libenter
1603 2401 1942 2467 permaneat.

323 2491 406 2545 Ad
455 2491 736 2545 cumulum
793 2504 1017 2560 quoque
1063 2487 1149 2542 vel
1202 2494 1560 2559 augmentum
1630 2485 1947 2540 monasticae

326 2579 748 2651 tranquillitatis
801 2578 1113 2647 adjicimus,
1177 2593 1248 2632 ne
1293 2593 1402 2648 qua
1437 2576 1734 2645 cujuslibet
1763 2575 1948 2650 digni-

324 2671 455 2726 tatis
503 2685 741 2740 persona
771 2667 1072 2739 quidquam
1125 2667 1212 2722 vel
1266 2665 1554 2719 minimum
1586 2665 1826 2720 alienare
1854 2664 1940 2718 vel

326 2761 582 2814 minuere
613 2759 682 2812 de
715 2758 881 2812 rebus
910 2755 1161 2812 ecclesiae
1217 2763 1534 2827 praesumat,
1594 2761 1701 2809 tam
1761 2770 1827 2808 ex
1858 2753 1944 2806 his

321 2867 450 2923 qua:
501 2851 666 2905 modo
690 2849 1022 2905 monasterio
1053 2857 1148 2903 tuo
1177 2847 1376 2903 collata
1405 2856 1556 2912 sunt,
1586 2862 1748 2918 quam
1780 2863 1847 2901 ex
1863 2843 1948 2898 his

323 2961 451 3016 quae
483 2943 669 2998 caeteri
733 2943 927 2997 fideles
971 2942 1028 2995 in
1060 2941 1181 2995 dies
1227 2940 1478 2996 collaturi
1518 2949 1666 2994 sunt.
1723 2939 1779 2993 Si
1825 2938 1950 3010 quis

323 3043 534 3095 autem,
569 3033 714 3105 quod
747 3033 912 3097 absit,
975 3030 1184 3085 nefario
1246 3046 1380 3084 ausu
1437 3045 1775 3100 praesumere
1832 3029 1952 3083 haec

325 3145 453 3200 quae
481 3145 511 3181 a
539 3127 700 3182 nobis
739 3127 805 3180 ad
846 3126 1064 3180 laudem
1097 3125 1193 3178 Dei
1223 3123 1622 3194 omnipotentis
1654 3140 1753 3195 pro
1784 3123 1956 3178 stabi-

326 3221 483 3275 litate
517 3219 628 3287 jam
685 3219 816 3274 dicti
862 3217 1192 3274 venerabilis
1253 3217 1493 3271 cmnobii
1549 3223 1753 3271 statuta
1807 3222 1955 3283 sunt,

328 3310 636 3382 infringere
688 3317 782 3365 aut
830 3309 884 3364 in
949 3324 1300 3380 quocumque
1318 3308 1526 3363 violare
1565 3309 1858 3376 studuerit,
1893 3325 1959 3363 ex

328 3404 658 3459 auctoritate
712 3402 804 3456 Dei
851 3401 1254 3472 omnipotentis
1310 3417 1408 3472 per
1458 3401 1827 3456 interventum
1898 3401 1953 3454 Β.

331 3494 480 3549 Petri
511 3492 884 3563 apostolorum
926 3490 1212 3562 principis,
1259 3493 1419 3558 cujus
1479 3490 1597 3545 vice
1657 3489 1956 3561 fungimur,

332 3595 391 3641 et
442 3592 641 3640 nostrae
696 3583 1057 3638 humanitatis
1103 3582 1423 3653 apostolicae
1477 3582 1955 3638 constitutionem.

332 3688 392 3733 et
412 3693 698 3732 assensum
737 3677 986 3732 omnium
1043 3675 1620 3745 comprovincialium,
1688 3675 1805 3729 sive
1835 3673 1958 3728 suf-

333 3766 719 3839 fraganeorum
749 3764 1134 3835 episc0porum
1158 3762 1537 3818 anathematis
1568 3760 1786 3817 vinculo
1811 3761 1960 3816 inex-

336 3855 665 3912 tricabiliter
696 3854 1028 3909 innodamus

411 3944 687 4015 Scriptum
746 3960 843 4014 per
900 3958 1096 3997 manus
1134 3942 1402 4014 Stephani
1435 3941 1707 3997 scriniarii
1755 3949 1961 3997 sanctae

339 4034 601 4089 Romanae
657 4032 931 4088 Ecclesiae.
975 4031 1197 4086 Lectum
1252 4033 1307 4086 in
1373 4032 1585 4102 synodo
1643 4031 1832 4086 Romae
1866 4032 1963 4085 ha-

342 4125 476 4192 bita,
515 4124 890 4179 assidentibus
915 4123 1057 4178 divis
1125 4123 1549 4178 imperatoribus
1600 4121 1798 4177 Ottone
1853 4122 1964 4176 Ma-

347 4231 490 4290 gno,
536 4215 763 4286 filioque
818 4215 938 4283 ejus
985 4215 1290 4286 aequivoco.
1346 4228 1514 4280 anno,
1566 4212 1785 4282 imperii
1849 4229 1966 4267 ma-

339 4306 488 4374 joris
533 4313 711 4372 sexto,
753 4304 993 4376 junioris
1045 4304 1242 4375 primo.
1285 4303 1479 4358 Datum
1539 4320 1589 4356 1v
1639 4302 1821 4358 Nonas
1871 4302 1965 4357 Ja-

349 4399 559 4454 nuarii.

1101 4488 1209 4544 νυ.

351 4598 765 4639 BULLAJOANNIS
807 4599 957 4638 ΡΛΡᾸΞ
1005 4600 1098 4638 XIII
1145 4599 1248 4639 PRO
1298 4599 1635 4639 MONASTERIO
1663 4600 1713 4638 Β.
1745 4597 1970 4639 JOANNIS

836 4670 1200 4710 EVANGELIST/E
1222 4671 1462 4710 MISNENSI
1475 4697 1486 4709 .

990 4747 1167 4818 (Anno
1193 4747 1342 4815 968.)

639 4856 815 4928 [Apud
845 4856 1036 4923 MANSI,
1059 4859 1156 4911 ubi
1179 4872 1371 4927 supra,
1403 4858 1509 4913 col.
1532 4835 1702 4928 532.].

423 4971 480 5026 Si
511 4987 736 5042 semper
795 4979 924 5027 sunt
955 4973 1312 5028 concedenda
1357 4988 1482 5044 quae
1535 4973 1645 5042 piis
1675 4972 1972 5028 desideriis

355 5068 690 5136 congruunt,
725 5067 930 5132 quanto
989 5062 1335 5131 potissimum
1385 5077 1506 5134 qua:
1555 5062 1728 5116 divini
1791 5063 1972 5118 cultus

361 5149 729 5222 prmrogativa
761 5156 1084 5214 noscuntur,
1115 5165 1226 5205 non
1273 5158 1400 5204 sunt
1430 5151 1658 5206 omnino
1699 5151 1978 5225 abrogan-

362 5238 473 5304 da;
503 5253 626 5308 quae
655 5246 785 5292 sunt
833 5256 862 5292 a
910 5238 1262 5310 largitoribus
1307 5254 1416 5295 non
1446 5241 1624 5295 solum
1675 5242 1978 5310 poscenda,

361 5328 462 5382 sed
493 5328 542 5382 vi
565 5329 845 5383 charitatis
896 5330 1086 5401 procul
1141 5330 1310 5385 dubio
1367 5332 1640 5406 exigenda
1701 5331 1728 5384 ‘P
1789 5333 1981 5387 Habita

363 5420 532 5491 igitur
573 5421 786 5492 synodo
861 5430 915 5476 et
972 5423 1267 5478 multorum
1313 5425 1711 5480 venerabilium
1762 5426 1979 5481 Patrum

363 5507 936 5581 coepiscOporumque
990 5519 1306 5567 nostrorum
1377 5521 1676 5582 conventu,
1727 5514 1982 5570 Romaein

445 5671 524 5743 (4)
545 5670 678 5727 Vide
718 5673 943 5748 Ducang
968 5629 1141 5730 Gloss.
1179 5675 1233 5730 in
1256 5677 1698 5747 Onercoupunga.

2018 485 2122 541 bus
2157 489 2561 561 angustissimis
2595 490 2791 560 imper.
2824 491 3112 560 Ottonibus
3159 492 3449 563 utrisque;
3491 512 3636 551 anno

2018 574 2229 630 scilicet
2258 575 2499 647 imperii,
2519 579 2745 647 majoris
2764 588 2940 646 sexto,
2971 579 3200 635 minoris
3231 581 3428 650 primo,
3461 583 3631 639 iidem

2019 668 2400 742 gloriosissimi
2452 671 2624 742 impp,
2695 673 3040 742 postularunt
3074 689 3105 727 a
3149 674 3309 729 nobis
3365 685 3640 746 quatenus

2023 762 2416 816 monasterium
2456 763 2604 834 quod
2651 781 2749 835 pro
2796 765 3042 820 remedio
3074 766 3380 835 animarum
3417 784 3636 824 suarum

2025 854 2280 924 primitus
2305 857 2572 919 construi,
2613 864 2667 912 et
2707 858 2758 912 in
2802 859 3012 912 honore
3042 859 3099 913 B.
3134 859 3364 914 Joannis
3390 876 3638 935 evange-

2025 941 2164 997 listae
2195 945 2503 998 consecrari
2526 943 2794 1012 fecerunt,
2825 962 2994 1017 super
3026 947 3202 1018 ripam
3235 948 3502 1016 fluminis,
3549 951 3637 1004 cui

2027 1046 2230 1086 nomen
2271 1039 2354 1086 est
2382 1032 2556 1099 Albia,
2582 1033 2638 1087 in
2663 1034 2885 1089 civitate
2900 1034 3142 1103 Missina,
3173 1035 3280 1092 sita
3308 1036 3565 1092 videlicet
3586 1039 3641 1092 in

2027 1119 2309 1190 provincia
2338 1137 2461 1192 quae
2491 1121 2692 1177 dicitur
2719 1122 3060 1190 Talemense,
3093 1125 3179 1180 cui
3229 1125 3394 1179 etiam
3457 1142 3644 1181 mona-

2027 1211 2199 1267 sterio
2269 1213 2444 1268 virum
2503 1215 2901 1284 venerabilem,
2959 1217 3182 1271 nomine
3246 1218 3641 1288 Burchardum,

2030 1303 2335 1360 honoriﬁce
2385 1305 2772 1376 praefecerunt,
2813 1307 3119 1380 privilegiis
3143 1311 3461 1379 apostolicae
3495 1312 3645 1366 sedis

2035 1392 2390 1448 decoraretur
2423 1403 2517 1459 ;ut
2561 1395 2665 1449 sub
2699 1396 3088 1464 jurisdictione
3129 1405 3332 1453 sanctae
3392 1399 3648 1455 Ecclesiae

2039 1494 2260 1550 nostrae,
2302 1486 2390 1541 cui
2420 1487 2533 1542 Deo
2565 1493 2788 1542 auctore
2843 1490 3225 1560 praesidemus,
3267 1492 3649 1558 constitutum,

2039 1576 2247 1631 nullius
2289 1577 2515 1632 alterius
2586 1579 2840 1634 Ecclesiae
2917 1581 3222 1636 ditionibus
3277 1581 3649 1638 submittatur.

2039 1668 2141 1722 Pro
2167 1685 2277 1738 qua
2324 1685 2380 1722 re
2430 1669 2536 1738 piis
2579 1669 2871 1724 desideriis
2921 1669 3168 1725 faventes
3188 1671 3288 1725 hac
3338 1682 3524 1726 nostra
3553 1689 3653 1727 au-

2036 1760 2286 1814 ctoritate
2318 1759 2371 1813 id
2418 1761 2567 1830 quod
2630 1762 2945 1831 exposcitur
3001 1761 3220 1817 effectui
3271 1764 3653 1834 mancipamus

2039 1851 2456 1922 interponentes
2487 1860 2668 1907 tamen
2693 1869 2758 1908 ea
2787 1869 2910 1925 qua:
2937 1855 3137 1925 et|ipsi
3174 1854 3455 1926 principes
3481 1856 3652 1910 nostri

2039 1943 2347 1999 innumeris
2393 1945 2700 2019 privilegiis
2727 1946 2957 2016 cupiunt
2987 1948 3210 2017 exponi,
3259 1956 3314 2002 et
3357 1948 3569 2002 cunctis
3595 1949 3653 2002 in

2038 2035 2248 2091 Christo
2297 2036 2558 2091 fidelibus
2604 2037 2890 2092 manifesta
2944 2038 3080 2093 fieri.
3111 2040 3257 2094 More
3306 2041 3657 2110 antiquorum

2037 2117 2210 2195 impp.
2239 2124 2294 2178 hi
2317 2125 2429 2180 duo
2485 2125 2869 2195 imperatores,
2908 2134 3064 2197 pater
3095 2135 3153 2182 et
3180 2127 3346 2192 filius,
3382 2128 3542 2183 nobis
3567 2145 3662 2183 as-

2038 2218 2307 2281 sidentes,
2337 2219 2597 2273 Misnensi
2632 2220 2977 2290 episcopatui
3027 2220 3322 2274 terminum
3387 2220 3662 2290 imposue—

2041 2320 2190 2381 runt,
2221 2315 2560 2370 nominando
2604 2314 2744 2369 fines
2771 2322 2825 2369 et
2868 2315 3360 2370 determinationes
3391 2314 3659 2379 locorum,

2046 2406 2189 2462 sicut
2209 2405 2354 2460 infra
2382 2414 2624 2461 tenetur.
2669 2406 2767 2460 Ubi
2797 2413 2961 2476 caput
2991 2413 3045 2460 et
3070 2405 3192 2460 fons
3223 2413 3308 2460 est
3331 2420 3509 2474 aqum,
3534 2419 3687 2475 quae-

2048 2499 2474 2556 diciturOdera:
2509 2501 2654 2555 inde.
2685 2501 2842 2572 quasi
2891 2509 3040 2555 recta
3085 2501 3173 2554 via
3202 2515 3378 2570 usque
3405 2499 3471 2553 ad
3495 2505 3661 2569 caput

2049 2593 2259 2659 Albim;
2293 2593 2423 2646 inde
2455 2592 2712 2647 deorsum
2763 2593 2819 2646 in
2850 2591 3248 2647 occidentalem
3288 2597 3518 2662 partem,
3570 2590 3664 2643 ubi

2044 2680 2242 2736 divisio
2261 2682 2490 2735 duarum
2517 2681 2809 2753 regionum
2844 2689 2930 2735 est
2970 2681 3172 2734 Behem
3206 2687 3258 2734 et
3287 2679 3533 2734 Nisincn.
3570 2678 3672 2732 lbi-

2047 2769 2172 2825 dem
2201 2770 2346 2825 ultra
2375 2770 2609 2836 Albiam,
2655 2776 2710 2824 et
2766 2785 2868 2840 per
2925 2768 3116 2824 silvam
3151 2769 3206 2823 in
3267 2767 3667 2824 occidentalem

2051 2868 2283 2933 partem,
2330 2877 2502 2932 usque
2532 2861 2600 2914 ad
2627 2867 2791 2932 caput
2843 2861 3042 2929 Hildae,
3085 2869 3140 2916 et
3169 2861 3249 2916 sic
3289 2861 3544 2916 deorsum
3574 2875 3673 2929 per

2051 2954 2243 3008 ambas
2264 2953 2454 3026 plagas
2507 2953 2756 3021 ejusdem
2820 2952 3088 3017 ﬂuminis,
3117 2969 3293 3024 usque
3344 2953 3474 3006 dum
3502 2950 3668 3005 Milda

2006 3077 2026 3098 η
2053 3044 2219 3097 intrat
2242 3043 2296 3096 in
2331 3042 2540 3096 Albiam
2573 3044 2698 3108 (nec
2744 3057 2855 3097 non
2895 3043 2966 3097 ob
3024 3043 3129 3097 hoc
3177 3042 3417 3096 diximus
3438 3041 3493 3094 in
3526 3039 3676 3094 occi-

2008 3119 2029 3144 ²
2059 3135 2265 3190 dentali
2299 3136 2480 3208 plaga,
2511 3135 2638 3206 quia
2668 3136 2856 3190 multae
2895 3136 3037 3190 villae
3087 3135 3363 3206 pertinent
3393 3134 3462 3188 ad
3482 3133 3674 3188 orien-

2061 3225 2198 3278 tales
2217 3223 2385 3278 urbes
2415 3223 2558 3278 infra
2592 3223 2850 3277 eumdem
2893 3223 3235 3294 terminum),
3268 3231 3322 3278 et
3346 3222 3427 3278 sic
3452 3238 3672 3276 sursum

2058 3324 2114 3370 et
2134 3316 2274 3369 ultra
2306 3315 2648 3385 provinciam
2679 3315 2868 3384 Nizizi,
2893 3316 2959 3370 ad
2985 3315 3168 3386 ipsum
3218 3315 3512 3370 terminum
3557 3314 3678 3369 sine

2060 3407 2253 3462 dubio.
2281 3407 2392 3460 Nec
2429 3421 2543 3461 non
2572 3407 2626 3459 in
2657 3407 2828 3460 altera
2850 3415 3002 3476 parte
3032 3407 3232 3472 Luzici;
3281 3415 3338 3461 et
3367 3407 3595 3476 Selpoli,
3627 3417 3686 3462 et

2059 3502 2138 3556 sic
2163 3517 2338 3572 usque
2367 3501 2436 3554 ad
2480 3500 2754 3555 civitatem
2786 3501 3026 3571 Sulpize,
3074 3503 3222 3555 illam
3250 3502 3512 3556 videlicet
3534 3502 3675 3557 infra

2061 3597 2316 3652 eumdem
2353 3596 2670 3660 terminum,
2722 3602 2774 3650 et
2827 3596 2957 3650 inde
2999 3596 3055 3649 in
3087 3613 3281 3667 aquam
3329 3613 3452 3666 quae
3479 3597 3680 3651 dicitur

2061 3689 2256 3753 Odera,
2309 3697 2364 3744 et
2417 3688 2498 3743 sic
2538 3688 2714 3742 Odera
2764 3703 3004 3754 sursum,
3045 3704 3220 3758 usque
3253 3688 3319 3742 ad
3347 3695 3511 3758 caput
3534 3689 3676 3755 ejus.

2061 3777 2263 3832 Omnes
2304 3792 2435 3830 vero
2466 3776 2930 3846 quemadmodum
2965 3776 3018 3830 bi
3056 3785 3356 3846 praesentes
3377 3776 3678 3845 imperato-

2063 3882 2152 3920 res
2171 3864 2427 3920 statuisse
2455 3864 2714 3930 fatentur,
2747 3864 2842 3934 qui
2883 3864 3022 3918 intra
3054 3865 3216 3918 istum
3256 3865 3548 3919 terminum
3583 3865 3681 3918 ha-

2063 3955 2260 4020 bitant,
2291 3954 2347 4007 in
2374 3953 2524 4008 omni
2555 3952 2832 4006 fertilitate
2871 3959 3050 4019 terrae,
3076 3952 3287 4027 frugum
3321 3952 3668 4022 etpecudum

2065 4047 2121 4101 in
2143 4054 2375 4120 argento
2408 4053 2462 4100 et
2512 4045 2868 4112 vestimento,
2903 4062 3005 4101 nec
3031 4062 3162 4110 non,
3212 4047 3359 4116 quod
3392 4044 3677 4100 Teutonici

2067 4138 2284 4204 dicunt,
2326 4137 2596 4192 Ubercota
2627 4137 2720 4206 (4),
2743 4136 3064 4209 etRelunga
3095 4136 3426 4191 familiarum
3450 4135 3682 4204 insuper

2067 4241 2180 4290 tota
2203 4233 2459 4298 utilitate,
2499 4241 2553 4287 et
2579 4233 2634 4286 in
2681 4231 2941 4287 omnibus
2970 4231 3154 4296 rebus,
3181 4229 3385 4301 quibus
3427 4228 3687 4283 mortales

2067 4331 2312 4391 utuntur,
2344 4325 2401 4378 in
2442 4321 2676 4378 diversis
2712 4320 2896 4376 modis
2951 4319 3372 4382 decimationes,
3407 4333 3544 4388 quas
3575 4317 3688 4372 Deo

1981 4447 2041 4517 D
2071 4417 2865 4493 cunctagubernandidebent,
2891 4415 2960 4470 ad
2977 4415 3334 4469 Misinensem
3364 4411 3682 4474 Ecclesiam,

2073 4513 2250 4583 primo
2277 4513 2408 4577 Deo,
2442 4511 2646 4565 deinde
2675 4509 2729 4562 S.
2762 4509 2962 4564 Joanni
3012 4507 3385 4581 evangelista),
3427 4505 3688 4560 universa

2070 4601 2352 4656 dubietate
2411 4599 2602 4670 procul
2651 4607 2878 4662 remota,
2939 4597 3274 4666 persolvant,
3345 4594 3584 4650 referant
3637 4601 3692 4648 et

2071 4693 2325 4747 reddant.
2358 4691 2666 4761 (Testantur
2694 4687 2858 4743 etiam
2909 4688 3078 4742 iidem
3111 4694 3416 4758 praesentes
3447 4686 3687 4740 nobilis-

2071 4783 2197 4836 simi
2226 4783 2588 4851 imperatores
2616 4778 2882 4849 quasdam
2922 4793 3010 4831 res
3051 4777 3136 4831 sui
3163 4776 3307 4845 juris
3331 4791 3396 4831 ac
3427 4775 3688 4847 proprie-

2070 4880 2199 4934 tatis
2216 4878 2396 4933 eidem
2424 4883 2626 4932 sanctae
2659 4874 2940 4930 Misinensi
2974 4873 3248 4938 Ecclesiae,
3283 4874 3371 4928 cui
3394 4873 3682 4928 venerabi-

2072 4967 2139 5022 lis
2164 4967 2462 5038 episcopus
2522 4965 2866 5020 Burchardns
2912 4979 3149 5035 prmesse
3179 4963 3545 5036 dignoscitur,
3583 4975 3682 5031 pro

2074 5060 2322 5115 remedio
2374 5058 2676 5113 animarum
2728 5073 2950 5112 suarum
3007 5057 3066 5111 in
3123 5055 3402 5127 pr0prium
3445 5052 3684 5116 dedisse,

2080 5154 2183 5208 hoc
2208 5159 2293 5206 est
2317 5150 2649 5205 tributorum
2689 5165 2918 5204 suorum
2962 5149 3017 5203 in
3078 5148 3323 5219 quinque
3371 5142 3692 5216 regionibus

2081 5256 2263 5318 partes
2289 5245 2554 5311 decimas,
2580 5244 2634 5298 in
2664 5243 3012 5310 Talemence,
3036 5243 3092 5296 in
3131 5242 3276 5305 Nisa,
3316 5240 3372 5293 in
3403 5239 3690 5304 Milezane,

2082 5337 2137 5390 in
2169 5333 2382 5400 Luzice,
2417 5333 2472 5387 in
2490 5333 2720 5388 Diedesa
2755 5351 2767 5387 :
2797 5341 2857 5387 ut
2887 5339 3214 5401 anteaquam
3271 5343 3456 5383 comes
3481 5343 3698 5382 earum-

2083 5426 2208 5480 dem
2235 5424 2521 5496 regionum
2556 5432 2764 5494 partem
2797 5422 2903 5477 sibi
2953 5421 3021 5474 ab
3068 5418 3205 5489 ipsis
3256 5433 3577 5474 concessam
3599 5431 3697 5471 au-

2083 5515 2220 5570 ferat
2247 5522 2414 5586 atque
2435 5512 2750 5579 distribuat,
2783 5509 3027 5566 decimas
3067 5523 3166 5578 per
3195 5514 3370 5564 totum
3393 5523 3457 5563 ac
3486 5521 3586 5576 per
3611 5505 3699 5560 in-
