4038 6178
434 235 540 291 963

1762 227 2028 282 JOANNIS
2068 225 2186 280 Xlll
2229 226 2430 280 ΡΑΡᾹΞ.

3663 231 3779 284 964

441 384 652 448 tegrum
679 374 792 440 jam
833 371 994 425 dicta
1026 375 1230 423 sancta
1262 368 1355 422 Dei
1389 367 1643 422 Ecclesia
1679 364 1969 434 persolvat,
1989 364 2046 418 id
2075 364 2124 431 Α
2151 363 2409 418 Romanae
2461 361 2740 430 Ecclesia,
2795 363 2851 416 in
2877 377 3074 417 mense
3101 362 3408 429 Decembri,
3458 362 3776 419 indictione

437 475 520 521 est
549 467 601 519 in
633 463 816 524 melle,
849 461 1068 515 crusina
1097 459 1190 525 (ὃ),
1245 457 1523 512 solutione
1561 456 1800 528 argenti,
1831 454 2046 508 manci—

439 556 564 627 piis,
596 551 963 616 vestimentis,
995 549 1197 620 porcis,
1258 547 1557 613 frumento,
1591 555 1644 601 et
1702 546 1756 600 in
1789 545 2049 600 omnibus

437 644 624 712 rebus,
655 659 776 714 qua
805 641 870 695 ad
904 639 1094 694 fiscum
1123 637 1507 708 pradictorum
1555 635 1729 705 impp.
1770 633 2051 704 pertinere

437 737 716 800 videntur,
778 739 980 787 sancta
1029 730 1310 785 Misinensi
1371 729 1649 793 Ecclesia,
1689 744 1789 783 nec
1843 743 1953 782 non
1994 728 2046 780 8.

437 825 634 880 Joanni
681 823 1038 897 evangelista
1097 821 1181 876 sui
1231 823 1373 892 juris
1404 821 1723 885 Tcloneum,
1758 836 1788 873 a
1829 818 2051 872 civitate

439 933 560 988 qua
589 915 791 970 dicitur
824 913 1102 986 Belegora,
1150 927 1327 982 usque
1359 909 1435 964 ad-
1459 911 1705 978 ejusdem
1738 908 2052 962 Misinensis

441 1006 688 1062 ecclesia
723 1011 959 1075 partum,
981 1019 1219 1068 sursum,
1246 1002 1487 1072 indeque
1513 1002 1697 1056 denuo
1738 1017 1837 1070 per
1862 999 2052 1052 ambas

441 1094 628 1167 plagas
653 1091 860 1163 prafati
902 1090 1147 1144 ﬂuminis
1188 1091 1358 1144 Albia
1391 1091 1667 1155 deorsum,
1697 1090 1886 1160 sicque
1914 1087 2053 1142 infra

439 1184 770 1256 pratinitum
810 1183 1104 1237 terminum
1134 1181 1466 1252 ubicumque
1512 1196 1711 1234 manus
1743 1179 2051 1252 negotiato-

440 1291 557 1330 rum
589 1276 730 1329 ultra
761 1273 972 1327 Albiam
1006 1275 1112 1327 huc
1168 1272 1414 1344 illucque
1475 1288 1597 1327 sese
1647 1271 1954 1336 diverterit,
1989 1287 2051 1324 ex

445 1368 681 1437 integro,
715 1376 770 1420 et
798 1366 1008 1436 absque
1037 1365 1148 1419 ulla
1179 1365 1609 1420 contradictione
1639 1364 1819 1418 eidem
1846 1377 2054 1434 prauo-

445 1460 662 1514 minata
691 1460 809 1514 sedi
838 1459 1146 1525 Misinensi,
1180 1458 1418 1529 persolvi
1454 1465 1505 1512 et
1540 1457 1675 1512 tradi
1707 1465 2057 1528 perrenmter

441 1552 837 1622 constituisse.)
867 1552 929 1605 Et
985 1552 1112 1606 ideo
1143 1551 1200 1604 in
1241 1551 1450 1605 Christo
1476 1550 1760 1604 sanximus
1795 1548 2054 1602 firmiter—

2151 455 2448 511 undecima

2222 548 2449 620 Signum
2481 548 2692 602 domini
2721 547 2934 602 Ottonis
2965 548 3198 604 minoris
3218 547 3622 620 imp.Augusti.

2223 640 2416 694 Petrus
2436 640 2814 694 Ravennensis
2842 639 3097 694 Ecclesia
3155 639 3614 709 archiepiscopus
3641 640 3781 692 sub-

2153 735 2390 806 scripsit.
2431 736 2707 791 llodaldus
2736 735 3049 806 patriarcha
3107 735 3479 806 Aquileiensis
3525 734 3783 788 subscri-

2154 828 2280 899 psit.
2316 822 2558 901 Sigolfus
2580 828 2877 898 episc0pus
2909 828 2960 881 S.
2999 827 3329 882 Placentina
3353 826 3614 882 Ecclesia
3647 843 3785 882 eon-

2154 923 2299 978 scnsi
2332 929 2385 976 et
2424 922 2743 993 subscripsi.
2793 922 3078 976 Udalricus
3127 921 3427 991 episcOpus
3466 919 3523 973 S.
3580 919 3782 990 Perga-

2155 1012 2365 1066 mensis
2398 1011 2654 1066 Ecclesia
2711 1012 2968 1066 consensi
2999 1018 3053 1066 et
3092 1011 3416 1082 subscripsi.
3451 1009 3622 1084 Siggo
3655 1009 3781 1062 Plc-

2155 1105 2340 1159 densis
2398 1105 2710 1176 [Blerensis]
2756 1105 3012 1160 Ecclesia
3053 1104 3351 1175 episcOpus
3406 1104 3668 1158 consensi
3728 1110 3786 1156 et

2154 1198 2473 1268 subscripsi.
2510 1196 2842 1252 Benedictus
2894 1196 3192 1267 episcopus
3223 1196 3277 1249 S.
3302 1194 3786 1265 Fulinensis[Ful-

2153 1292 2418 1367 ginensis]
2460 1291 2716 1346 Ecclesia
2743 1291 3000 1345 consensi
3041 1298 3095 1344 et
3136 1289 3228 1344 SS.
3278 1289 3524 1344 Joannes
3555 1289 3778 1359 episco-

2155 1402 2258 1457 pus
2283 1386 2333 1439 8.
2371 1384 2710 1440 Normicnsis
2735 1384 2804 1454 (6)
2849 1383 3106 1439 Ecclesia
3148 1382 3499 1452 subscripsit.
3533 1382 3783 1436 Joannes

2156 1477 2451 1547 episcopus
2481 1476 2533 1532 S.
2553 1474 2840 1534 Galliensis
2875 1474 3202 1546 [Galliensis]
3236 1473 3494 1528 Ecclesia
3519 1473 3776 1528 subscri-

2156 1567 2282 1638 psit.
2325 1567 2565 1643 Joannes
2618 1567 2914 1636 cpiscopus
2963 1565 3014 1619 S.
3066 1561 3776 1634 Arinensis[Ariminensisj

439 1660 547 1714 que
591 1642 971 1698 concessimus
1023 1649 1082 1696 ut
1124 1642 1308 1696 nullus
1359 1641 1835 1712 metropolitanus,
1870 1639 2055 1694 nullus

2166 1660 2409 1715 Ecclesia
2441 1639 2692 1715 interfuit
2720 1668 2781 1714 et~
2812 1657 3160 1729 subscripsit.
3192 1657 3522 1712 Humbertus
3553 1655 3780 1727 episco-

438 1732 753 1802 episcopus,
804 1731 954 1786 nulla
1005 1731 1170 1786 etiam
1245 1747 1445 1804 magna
1488 1731 1576 1785 vel
1635 1746 1800 1800 parva
1829 1729 2055 1783 alterius

440 1824 648 1880 ordinis
676 1830 731 1876 et
759 1824 962 1897 gradus
992 1838 1250 1893 persona,
1311 1829 1508 1892 prater
1558 1822 1708 1876 sedis
1739 1820 2053 1892 apostolica

439 1917 760 1990 antistitem,
793 1914 936 1969 infra
982 1915 1244 1969 terminos
1303 1914 1614 1969 Misinensis
1655 1914 1932 1980 Ecclesia,
1966 1913 2051 1967 cui

443 2005 776 2060 venerabilis
805 2004 1101 2075 episcopus
1131 2004 1477 2058 Burchardus
1508 2019 1751 2075 praesse
1780 2002 2054 2077 dignosci-

447 2103 549 2158 tur,
583 2109 912 2164 quemquam
945 2094 1222 2161 ordinare,
1257 2092 1586 2160 dijudicare,
1621 2092 2058 2148 excommunica-

441 2198 518 2248 re,
545 2183 628 2237 vel
656 2182 866 2253 aliquid
889 2188 1093 2236 temere
1119 2182 1527 2248 exercerc,ullo
1547 2182 1711 2237 modo
1737 2191 2053 2253 prasumat.

441 2271 754 2326 Statuentes
784 2271 948 2325 etiam
981 2271 1285 2340 apostolica
1317 2287 1568 2338 censura,
1602 2271 1703 2325 sub
1745 2271 1918 2325 divini
1967 2273 2057 2340 ju-

439 2362 568 2416 dicii
602 2361 988 2427 obtestatione,
1014 2371 1067 2415 ct
1097 2361 1292 2416 validis
1333 2369 1497 2432 atque
1520 2363 1800 2418 atrocibus
1829 2365 2058 2418 anathe-

439 2453 601 2508 matis
636 2452 1137 2518 interdictionibus,
1178 2460 1238 2508 ut
1264 2454 1447 2508 nullus
1486 2454 1784 2524 imperator
1811 2456 2055 2525 posthac,

437 2553 527 2600 aut
559 2562 652 2600 rex
685 2546 890 2611 nullus,
919 2545 1036 2600 sive
1064 2544 1336 2616 quispiam
1383 2545 1542 2612 alius,
1589 2545 1970 2617 cujuscunque
1990 2548 2060 2600 sit

441 2639 725 2707 dignitatis
755 2647 1025 2710 potestate
1049 2639 1334 2710 praditus,
1359 2639 1606 2708 ejusdem
1640 2639 1897 2695 Ecclesia
1929 2656 2060 2694 cau-

440 2733 516 2788 sis
547 2739 840 2803 prasumat
872 2733 1212 2799 incumbere,
1245 2735 1328 2788 vel
1362 2735 1654 2788 minimum
1714 2733 1975 2804 quiddam
1993 2748 2059 2787 ex

442 2826 529 2880 his
557 2842 681 2897 qua
709 2826 778 2880 ad
801 2825 935 2880 illud
983 2827 1375 2881 monasterium
1409 2827 1460 2880 8.
1523 2825 1752 2881 Joannis
1780 2825 2059 2896 pertinere

446 2912 728 2981 videntur,
784 2913 870 2967 cui
914 2913 1263 2968 Burchardus
1319 2914 1614 2985 episcopus
1653 2913 1934 2983 prasidet,
1967 2921 2060 2968 aut

2158 1770 2259 1824 pus
2304 1753 2359 1806 S.
2407 1753 2689 1809 Laviensis
2745 1751 3051 1823 [Lunensis]
3095 1750 3355 1805 Ecclesia
3415 1748 3681 1803 consensi
3729 1755 3781 1801 et

2155 1843 2476 1914 subscripsi.
2510 1843 2824 1899 Gerhardus
2852 1841 3148 1913 episcopus
3181 1839 3489 1894 Faventina
3523 1837 3784 1893 Ecclesia

2155 1933 2414 1988 consensi
2448 1942 2501 1988 et
2553 1931 2874 2002 subscripsi.
2937 1929 3208 1984 Aufredus
3262 1927 3622 2002 [Wigfredus]
3655 1927 3785 1995 epi-

2159 2036 2360 2092 scopus
2390 2021 2751 2076 Verdecensis
2785 2019 3180 2091 [Virdunensisj
3233 2017 3486 2073 Ecclesia
3513 2015 3783 2071 consensi

2159 2124 2213 2171 et
2242 2116 2564 2186 subscripsi.
2600 2117 2876 2170 Zenobius
2894 2115 3192 2186 episc0pus
3221 2113 3500 2168 Fesolana
3517 2111 3782 2167 Ecclesia

2159 2205 2415 2261 consensi
2449 2214 2503 2260 et
2541 2205 2863 2276 subscripsi.
2893 2203 3176 2258 Gaidolfus
3205 2203 3502 2274 epiSCOpus
3526 2201 3785 2255 Firmina

2164 2293 2470 2364 {Firmana}
2540 2294 2800 2348 Ecclesia
2849 2293 3105 2348 consensi
3167 2299 3222 2346 et
3273 2290 3608 2361 subscripsi.
3673 2289 3786 2360 Ego

2161 2386 2353 2441 Petrus
2373 2387 2665 2458 episcOpus
2704 2386 3007 2440 Kamerina
3038 2383 3320 2455 :Ecclesia
3348 2384 3423 2438 ibi
3457 2383 3534 2438 fui
3565 2393 3622 2437 et
3652 2382 3788 2437 sub-

2161 2475 2377 2546 scripsi.
2412 2474 2758 2530 Ebcrhardus
2788 2475 3083 2547 episcopus
3113 2476 3348 2529 Arctina
3377 2473 3641 2528 Ecclesia
3659 2489 3787 2527 con-

2160 2565 2306 2620 sensi
2347 2573 2401 2620 et
2422 2565 2745 2634 subscripsi.
2772 2565 3082 2636 Stephanus
3119 2564 3417 2634 episc0pus
3445 2563 3784 2616 Narninien-

2159 2659 2234 2713 sis
2265 2657 2521 2712 Ecclesiae
2551 2657 2810 2712 consensi
2864 2663 2918 2710 et
2959 2655 3280 2726 subscripsi.
3323 2655 3621 2710 Alberinus
3661 2656 3784 2726 epi-

2160 2765 2360 2820 scopus
2378 2750 2722 2805 Ausculanus
2748 2749 3070 2820 subscripsi.
3093 2749 3362 2803 Antonius
3391 2747 3785 2813 Brixiensist‘?)

2162 2845 2414 2900 Ecclesia
2447 2846 2740 2916 episcopus
2771 2845 3098 2915 subscripsi.
3159 2843 3463 2899 Diotericus
3524 2843 3786 2897 Metensis

2164 2934 2423 2990 Ecclesia
2453 2935 2749 3006 episcOpus
2767 2932 3088 3004 subscripsi.
3126 2933 3457 2987 Lanwardus
3478 2931 3786 2986 Mindensis

443 3005 550 3059 Sibi
592 3013 796 3061 temere
826 3005 1129 3109 Yindigfute’
1159 3012 1253 3109 af“
1284 3006 1446 3061 alicui
1498 3021 2059 3109 mag"m__‘l’“rqulfe
2084 3041 2131 3109 Ο
2162 3026 2459 3098 episcopus
2477 3005 2798 3098 subscripsi.
2819 3026 3118 3081 Huibertus
3135 3027 3431 3096 episcopus
3450 3024 3785 3094 subscripsi.

445 3113 697 3168 persona
717 3112 814 3168 pro
847 3096 1121 3152 beneficio
1175 3098 1326 3163 dare,
1374 3105 1467 3152 aut
1498 3099 1856 3169 quoquolibet
1894 3099 2059 3153 modo

445 3190 575 3244 inde
608 3189 923 3245 auferrevel
943 3189 1183 3243 alienare
1211 3189 1856 3264 audeat.Promulgamus
1871 3192 2054 3252 etiam.

415 3279 630 3334 ‘ethoc
667 3278 991 3334 auctoritate
1051 3279 1108 3331 Β.
1164 3277 1307 3333 Petri
1367 3281 1738 3349 apostolorum
1770 3279 2057 3350 principis,

448 3387 628 3426 coram
655 3372 766 3426 Deo
807 3379 861 3425 et
891 3370 1120 3426 terribili
1162 3370 1283 3438 ejus
1315 3369 1496 3426 futuro
1559 3371 1796 3427 examini
1829 3388 1929 3442 per
1954 3372 2062 3425 hu-

440 3460 531 3528 jus
562 3460 732 3515 nostri
753 3460 1024 3534 privilegii
1054 3469 1218 3531 atque
1248 3461 1531 3516 constituti
1579 3461 1686 3515 vim
1739 3461 2066 3517 intermina-

448 3566 589 3616 mus,
619 3567 690 3605 ne
717 3550 840 3621 quis
879 3549 1190 3605 mortalium
1224 3549 1331 3603 sibi
1362 3549 1526 3604 licere
1559 3549 1837 3604 existimet
1855 3550 2064 3622 aliquid

449 3662 513 3701 ex
573 3645 1021 3717 possessionibus
1063 3643 1378 3698 Misinensis
1425 3642 1702 3709 Ecclesia,
1744 3653 1852 3698 tam
1882 3661 1947 3700 ex
1980 3645 2066 3699 his

450 3751 572 3808 qua
603 3735 837 3789 antehac
867 3750 896 3787 a
927 3733 1343 3807 gloriosissimis
1387 3732 1813 3803 imperatoribus
1863 3734 2059 3790 Ottone

450 3834 506 3880 et
558 3825 680 3893 ejus
727 3823 1008 3894 aquivoco
1058 3821 1185 3887 filio.
1245 3823 1332 3876 vel
1387 3838 1417 3874 a
1477 3823 1692 3879 cateris
1737 3823 2061 3879 Christianis

450 3914 630 3967 eidem
663 3919 852 3967 sancto
874 3912 995 3967 loco
1027 3911 1209 3966 oblata
1235 3917 1399 3982 atque
1431 3912 1627 3966 collata
1644 3921 1790 3978 sunt,
1825 3929 2060 3984 quaque

454 4003 807 4074 postmodum
856 4013 984 4057 sunt
1018 4002 1375 4066 conferenda,
1419 4011 1478 4057 ut
1527 4004 1774 4074 profecto
1815 4004 1971 4074 juxta
2005 4005 2061 4059 id

452 4097 600 4167 quod
630 4096 939 4168 subjectum
971 4106 1072 4162 est,
1107 4096 1254 4150 idem
1284 4096 1614 4151 venerabilis
1654 4098 1806 4152 locus
1833 4105 2060 4168 aposto—

454 4187 560 4241 lico
595 4187 698 4241 hoc
729 4185 1020 4259 privilegio
1065 4184 1396 4240 inconcusse
1445 4187 1680 4258 donatus
1724 4196 2062 4258 permaneat.

454 4273 508 4327 Si
540 4273 664 4344 quis
701 4279 904 4332 autem.
938 4273 1086 4344 quod
1154 4273 1380 4328 minime
1411 4281 1684 4343 optamus,
1731 4275 1943 4330 nefaria
1971 4293 2068 4331 au-

455 4362 706 4417 ctoritate
726 4362 843 4416 hac
874 4377 997 4432 qua
1018 4378 1049 4416 a
1080 4360 1241 4416 nobis
1272 4362 1339 4415 ad
1381 4361 1601 4416 laudem
1633 4363 1725 4417 Dei
1767 4379 1864 4434 pro
1896 4364 2014 4418 stab

457 4456 603 4509 litate
662 4455 944 4525 sapedicti
1007 4455 1324 4511 monasterii
1377 4463 1578 4510 statuta
1616 4464 1764 4523 sunt,
1791 4457 2068 4534 refragare

461 4548 895 4618 praesumpserit,
920 4549 1203 4620 nostrique
1221 4551 1483 4622 pracepti
1506 4560 1885 4627 transgressor
1902 4554 2069 4609 exsti-

457 4640 603 4707 terit,
645 4640 782 4696 sciat
810 4657 870 4695 se
927 4642 1294 4696 anathematis
1351 4643 1574 4698 vinculo
1632 4644 1983 4712 innodatum,
2015 4651 2069 4699 et

455 4747 579 4786 cum
613 4731 836 4787 diabolo
868 4740 1032 4803 atque
1057 4733 1197 4787 Juda
1227 4733 1488 4788 traditore
1510 4735 1727 4789 Domini
1754 4737 2067 4791 nostriJesu

456 4823 653 4879 Christi
683 4825 871 4879 aterni
903 4824 1146 4880 incendii
1187 4825 1462 4896 supplicio
1494 4826 1835 4897 deputatum.
1866 4831 2069 4886 Atvero

453 4913 547 4984 qui
570 4913 662 4984 pio
701 4912 904 4968 intuitu
934 4913 1100 4982 hujus
1125 4913 1408 4983 apostolici
1437 4916 1720 4972 constituti
1747 4918 2073 4975 observator

454 5003 746 5069 cxsciterit,
787 5002 1197 5057 benedictionis
1235 5005 1462 5078 gratiam
1494 5022 1526 5060 a
1554 5007 2070 5066 misericordissimo

453 5093 686 5149 Domino
706 5094 819 5149 Deo
851 5092 1235 5163 multipliciter
1254 5103 1642 5168 consequatur,
1674 5107 1730 5154 et
1757 5100 1880 5157 vita
1910 5107 2070 5157 ater-

459 5201 544 5240 na
578 5187 854 5258 particeps
886 5183 1033 5242 efﬁci
1064 5195 1361 5243 mereatur.

528 5274 803 5346 Scriptum
864 5290 966 5347 per
1014 5291 1208 5331 manus
1247 5276 1520 5348 Stephani
1545 5279 1814 5335 scriniarii
1870 5289 2071 5340 sancta

634 5457 820 5535 Xestis
854 5459 1111 5535 pellic_ea_
1132 5477 1329 5535 genus.
1355 5461 1621 5535 Ducang.,
1648 5461 1708 5519 V.
1741 5465 1966 5521 Crusna.

458 5526 964 5654 niggli’t’arniensis.
1008 5532 1116 5588 Sed
1133 5526 1389 5589 'inferius
1445 5538 1527 5588 est
1543 5526 1883 5604 "Stephanus
1921 5539 2072 5595 Nar-

591 5617 684 5653 ιῖε.

591 5617 684 5653 $28.

2163 3123 2306 3179 Luzo
2352 3126 2648 3194 episcopus
2704 3122 3090 3178 Cremonensis
3159 3121 3484 3190 subscripsi.
3543 3120 3786 3174 Joannes

2162 3214 2458 3286 episcopus
2513 3212 2886 3266 Turdonensis
2966 3208 3367 3282 [Terdonensis]
3450 3207 3781 3278 subrcripsi.

2163 3306 2487 3361 Adelbertus
2541 3303 2835 3374 episcopus
2878 3301 3202 3372 subscripsi.
3265 3301 3429 3374 Otger
3483 3300 3784 3370 episcepus

2165 3393 2488 3464 subscripsi.
2552 3391 2863 3446 Sichelinus
2906 3390 3254 3446 Florentinus
3306 3389 3612 3460 episcopus
3652 3388 3782 3442 sub-

2165 3487 2379 3558 scripsi.
2412 3485 2698 3541 Albericus
2727 3484 3024 3554 episc0pus
3049 3482 3375 3552 subscripsi.
3420 3481 3652 3556 Artingo
3684 3481 3783 3534 Au-

2165 3579 2398 3634 siniana
2431 3576 2688 3632 Ecclesia
2707 3574 3004 3647 episcopus
3025 3573 3349 3645 subscripsi.
3381 3573 3616 3627 lnsinno
3649 3573 3783 3627 Lau—

2166 3669 2423 3724 canensis
2453 3667 2879 3740 [Lavicanensis]
2927 3666 3180 3722 Ecclesia
3209 3666 3509 3736 episcopus
3539 3665 3778 3719 subscri-

2163 3761 2263 3832 psi.
2283 3759 2619 3816 Ertemarius
2649 3760 2844 3815 Ancias
2869 3759 3165 3830 episcopus
3179 3756 3512 3827 subscripsi.
3535 3757 3782 3811 Julianus

2163 3852 2461 3923 episc0pus
2502 3851 2811 3906 Nucerinus
2841 3849 3166 3920 subscripsi.
3229 3847 3545 3918 Stephanus
3587 3846 3784 3902 Cervia

2164 3946 2420 4002 Ecclesia
2449 3945 2742 4016 episcopus
2797 3943 3120 4014 subscripsi.
3179 3946 3300 3998 Atto
3349 3942 3664 4016 Senegalia
3696 3941 3789 3995 Ec-

2164 4038 2348 4094 clesia
2377 4038 2672 4108 episcopus
2727 4036 3046 4106 subscripsi.
3109 4036 3296 4106 Lupus
3322 4035 3645 4104 Spoltrinus
3677 4033 3784 4103 epi-

2169 4142 2371 4197 scopus
2401 4126 2619 4196 scripsi.
2656 4125 2841 4196 Lyndo
2899 4124 3169 4178 Clusiana
3201 4122 3459 4178 Ecclesia
3491 4123 3782 4193 episcopus

2169 4214 2495 4285 subscripsi.

2239 4307 2372 4360 Data
2413 4321 2474 4359 tu
2511 4304 2648 4359 Non.
2682 4303 2924 4359 Januarii
2976 4319 3072 4374 per
3126 4319 3322 4358 manus
3355 4301 3638 4370 Widonis,
3669 4301 3782 4372 epi-

2020 4365 2138 4464 ίἹ)
2168 4395 2321 4467 sc0pi
2369 4395 2423 4450 s.
2450 4394 2610 4449 Silva
2643 4394 2899 4449 Candida
2932 4365 3211 4460 Ecclesia,
3265 4401 3317 4448 et
3371 4365 3779 4447 bibliothecarii

2169 4496 2368 4543 sancta
2399 4486 2550 4541 sedis
2581 4485 2918 4556 apostolica.
2951 4485 3106 4540 Anno
3150 4485 3261 4538 Deo
3307 4484 3578 4554 prepitio,
3604 4481 3782 4555 ponti-

2170 4579 2362 4635 ﬁcatus
2385 4578 2595 4634 domini
2627 4578 2854 4633 Joannis
2885 4577 3083 4633 summi
3136 4574 3413 4648 pontiﬁcis
3474 4583 3530 4631 et
3563 4577 3782 4631 univer-

2169 4669 2298 4723 salis
2323 4669 2469 4724 tertii
2501 4669 2700 4723 decimi
2735 4683 2912 4739 papa,
2942 4668 2996 4722 in
3011 4667 3379 4723 sacratissima
3396 4667 3532 4722 sede
3550 4667 3610 4720 Β.
3647 4663 3783 4719 Petri

2171 4757 2408 4828 apostoli
2445 4757 2628 4824 tertio,
2671 4755 3072 4828 imperantibus
3102 4755 3343 4811 dominis
3369 4756 3641 4826 piissimis
3677 4757 3784 4807 Au-

2173 4850 2345 4922 gustis
2374 4848 2570 4905 Ottonc
2609 4854 2664 4904 et
2692 4850 2812 4921 ejus
2829 4849 3114 4921 aquivoco
3139 4847 3274 4914 ﬁlio,
3307 4864 3336 4902 a
3366 4848 3480 4902 Deo
3512 4844 3784 4902 coronatis

2172 4943 2388 5016 magnis
2418 4941 2866 5013 imperatoribus,
2915 4957 3062 4998 anno
3108 4941 3337 5010 majoris
3364 4940 3588 5012 imperii
3611 4948 3783 5003 sexto,

2172 5040 2228 5086 et
2255 5031 2487 5088 minoris
2517 5031 2695 5102 primo
2719 5031 3596 5098 inmenseJanuario,indictione
3623 5043 3782 5098 supra

2175 5122 2322 5180 dicta
2352 5122 2665 5186 undecima,

2807 5215 2950 5285 (Loc.
2981 5216 3160 5286 δέρη.)

2250 5467 2424 5553 (ηαδ
2450 5467 2746 5540 legendum
2790 5482 2912 5523 cum
2945 5466 3091 5537 apud
3146 5465 3423 5521 Labbeum
3482 5468 3551 5521 sit
3596 5466 3785 5522 Brisuo

2178 5555 2360 5596 nensas
2368 5581 2380 5594 .
