4038 6178
316 283 426 337 965

1066 404 1198 458 VIII.

394 514 618 553 JOANNIS
648 513 738 550 XIII
770 511 1119 550 PRIVILEGIUM
1150 509 1252 547 PRO
1274 507 1609 547 MONASTERIO
1641 505 1865 547 DOLENSI

802 582 1061 621 DICECESIS
1092 582 1207 619 BITU
1217 580 1470 619 IIIGENSIS.

960 662 1139 723 (Anno
1171 656 1313 724 968.}

509 753 726 808 Dolens:
754 752 1080 805 monasterio
1114 750 1460 817 priuilegium
1508 747 1765 801 concedit.

409 844 585 917 [Apud
618 845 679 898 Ι).
713 844 969 905 Bououer
1023 842 1254 907 Recuet'l,
1281 840 1413 896 tom.
1458 839 1545 904 IX,
1573 855 1698 914 pag.
1727 838 1873 909 236.]

403 956 644 1010 Joannes
675 951 1189 1023 episcopuszservus
1217 966 1499 1005 servorum
1531 949 1650 1015 Dei,
1692 949 1952 1023 religioso

332 1047 521 1101 abbati
554 1047 888 1100 RAINL'LPIIO
920 1044 1172 1099 Dolensis
1200 1042 1443 1098 emnobii
1482 1042 1540 1096 in
1584 1044 1797 1097 honore
1827 1056 1953 1096 san-

333 1146 437 1193 ctre
466 1136 753 1211 genitricis
799 1136 978 1190 Mariae
1004 1141 1060 1189 et
1089 1134 1371 1189 beatorum
1402 1132 1776 1203 apostolorum
1810 1130 1953 1186 Petri

336 1236 394 1284 et
438 1227 590 1282 Pauli
614 1225 933 1289 constructi,
965 1228 1201 1295 ejusque
1227 1221 1644 1277 successoribus
1674 1221 1732 1275 in
1763 1235 1955 1291 perpe-

337 1326 516 1372 tuum.

414 1406 742 1479 Apostolicze
774 1403 1139 1459 moderamini
1176 1401 1344 1456 totius
1375 1401 1633 1455 Ecclesize
1653 1415 1786 1454 cura
1804 1413 1957 1453 com-

341 1500 510 1555 missa
547 1506 650 1564 est,
680 1506 736 1551 et
773 1495 980 1550 idcirco
1018 1492 1270 1565 quisquis
1319 1492 1505 1546 divina
1544 1488 1958 1560 dispensatione

343 1593 403 1646 in
431 1599 622 1646 sancta
649 1591 896 1645 Romana
919 1590 1052 1642 sede
1083 1586 1351 1649 succedit,
1375 1600 1605 1640 necesse
1643 1592 1728 1637 est
1758 1590 1817 1637 ut
1838 1582 1960 1636 ubi-

1582 271 1919 328 ΕΡΙὸΤοιῶ
1958 272 2036 326 ΕΤ
2072 270 2238 326 DECR
2249 271 2383 326 ΕΤΛ.

3545 281 3651 339 966

1963 406 2013 472 Α
2040 414 2151 455 sus.
2189 399 2511 472 Quicunque
2539 417 2671 459 vero
2701 406 2963 476 praedicto
2993 415 3329 471 monasterio
3358 417 3414 472 in
3445 434 3652 495 augen-
3736 452 3737 455 η

2043 489 2131 544 dis
2157 489 2320 544 rebus
2354 489 2441 544 vel
2491 492 2758 567 religione
2787 497 3067 565 adjutores
3111 503 3440 573 exstiterint,
3502 489 3658 565 Chri-

2044 587 2189 633 stum
2220 579 2509 635 Dominum
2556 589 2611 636 et
2639 590 2883 640 sanctam
2929 587 3048 656 ejus
3103 589 3431 649 Genitricem
3489 605 3657 669 atque

2048 669 2241 726 beatos
2270 673 2644 743 apostolorum
2679 677 2959 748 principes
2985 680 3191 737 habere
3217 692 3540 740 mereantur
3558 688 3660 741 ad-

2043 759 2276 828 jutores.
2311 759 2359 815 E
2395 768 2589 817 contra
2627 773 2811 820 autem
2863 767 3181 841 quicunque
3239 775 3515 828 temerarii
3570 777 3656 831 vel

2052 848 2291 904 audaces
2318 853 2714 908 monasterium
2744 864 2835 911 aut
2878 857 3090 927 fratres,
3120 863 3236 917 sive
3263 865 3539 934 quaslibet
3572 883 3660 921 res

2054 938 2122 993 ad
2150 954 2246 994 eos
2275 940 2620 1011 pertinentes
2650 943 2851 1000 laedere
2880 955 2974 1002 aut
3004 965 3272 1021 usurpare
3302 969 3663 1027 praesumpse-

2055 1034 2187 1100 rint,
2221 1036 2346 1092 illos
2374 1054 2472 1109 per
2509 1042 2864 1111 apostolicam
2900 1051 3221 1125 potestatem
3251 1051 3411 1106 nobis
3452 1068 3551 1123 per
3573 1055 3657 1125 ip-

2055 1138 2149 1179 sos
2175 1140 2207 1179 a
2244 1126 2356 1181 Deo
2387 1142 2706 1185 concessam
2739 1131 2842 1186 sub
2869 1134 3237 1193 anathematis
3282 1140 3525 1208 vinculo,
3559 1145 3663 1197 nisi

2058 1215 2412 1287 resipuerint,
2455 1237 2631 1294 usque
2672 1224 2726 1278 in
2775 1225 2922 1281 diem
2953 1227 3150 1294 judicii
3180 1230 3509 1305 obligemus.
3546 1235 3661 1289 Ob-

2055 1310 2405 1367 servantibus
2460 1313 2579 1369 haec
2616 1316 2793 1390 gratia
2830 1326 2885 1372 et
2933 1335 3035 1390 pax
3086 1320 3282 1378 Christi
3339 1325 3671 1397 multiplice-

2060 1407 2169 1466 tur,
2191 1408 2298 1456 etc.

2132 1492 2403 1563 Scriptum
2454 1511 2554 1567 per
2609 1513 2831 1554 manum
2892 1501 3165 1559 Theodori
3215 1506 3414 1560 notarii
3468 1517 3671 1564 sanctae

2066 1581 2325 1638 Romana:
2378 1585 2651 1642 Ecclesiae.
2707 1589 2764 1643 in
2816 1605 3008 1646 mense
3048 1592 3316 1662 Januarii,
3369 1596 3675 1653 indictione

344 1695 567 1750 cunque
600 1678 867 1749 possibile
898 1676 1083 1741 fuerit,
1110 1674 1398 1730 utilitatem
1428 1673 1675 1741 ejusdem
1709 1670 1962 1726 Ecclesiae
1988 1698 2040 1765 B
2063 1674 2379 1729 undecima.

347 1777 628 1840 procuret.
650 1768 994 1836 Quapmpter
1013 1762 1405 1819 monasterium
1438 1761 1780 1832 praedictum,
1811 1759 1961 1830 quod

353 1860 506 1915 Ebbo
534 1860 638 1930 pia:
667 1858 947 1913 memoriae
976 1855 1288 1924 aediﬁcavit,
1318 1855 1391 1909 ita
1418 1861 1478 1909 ut
1505 1852 1963 1924 aprmdecessore

348 1956 539 2004 nostro
589 1964 687 2019 per
731 1945 1114 2001 auctoritatem
1147 1943 1422 2017 privilegii
1451 1942 1721 1997 sancitum
1753 1947 1860 2007 est,
1891 1940 1962 1994 li-

348 2041 545 2096 berum
572 2040 642 2095 ab
673 2039 826 2095 omni
849 2036 1228 2093 dominatione
1257 2036 1659 2107 cujuscumque
1690 2051 1964 2106 personae,

348 2144 445 2189 aut
501 2132 646 2206 regis
694 2130 953 2185 videlicet
1001 2137 1097 2185 aut
1135 2128 1403 2199 episc0pi,
1445 2137 1537 2183 aut
1579 2129 1840 2198 filiorum,
1879 2129 1968 2184 vel

350 2225 608 2290 ﬁliarum,
642 2223 728 2277 vel
760 2221 1194 2293 pr0pinquorum
1228 2220 1401 2291 ipsius
1434 2220 1677 2275 Ebbonis
1703 2237 1828 2275 esse
1868 2221 1971 2275 de-

349 2314 652 2379 cernimus,
679 2322 733 2366 et
756 2327 845 2365 res
868 2326 1064 2365 omnes
1092 2325 1229 2381 quas
1254 2310 1342 2364 vel
1370 2325 1518 2365 nunc
1542 2310 1747 2364 habere
1773 2310 1970 2365 viden-

351 2419 445 2463 tur
490 2403 769 2469 monachi,
810 2402 900 2458 vel
954 2401 1221 2472 deinceps
1270 2400 1475 2455 ibidem
1517 2400 1728 2456 collata:
1768 2401 1974 2457 fuerint

353 2498 479 2554 sine
538 2496 649 2551 ulla
706 2491 1141 2550 contradictione
1220 2491 1565 2562 possideant.
1625 2491 1972 2547 Vodillonem

352 2602 582 2660 quoque
601 2585 787 2639 villam
809 2598 935 2638 cum
972 2581 1088 2636 suis
1116 2580 1482 2651 appendiciis,
1519 2597 1552 2635 a
1589 2580 1828 2637 Gerardo
1865 2597 1970 2637 no-

353 2680 456 2735 bili
486 2678 607 2733 viro
636 2677 912 2741 collatam,
954 2673 1135 2729 eidem
1174 2673 1296 2729 loco
1339 2672 1595 2728 similiter
1621 2673 1861 2729 attribuo
1887 2674 1973 2729 vel

354 2775 645 2834 conﬁrmo.
680 2772 952 2843 Capellam
980 2771 1145 2827 etiam
1175 2769 1352 2824 sancti
1381 2768 1658 2839 Germani,
1686 2767 1973 2824 ecclesiam

361 2884 587 2941 quoque
618 2874 823 2921 sanctae
844 2864 1045 2931 Mariae,
1076 2878 1181 2918 nec
1222 2877 1336 2918 non
1365 2861 1539 2916 sancti
1569 2861 1835 2933 Dionysii,
1864 2877 1979 2916 ma-

358 2964 586 3020 suilium
617 2961 779 3017 etiam
809 2960 865 3014 in
885 2960 1091 3015 honore
1117 2957 1293 3013 sancti
1312 2955 1627 3023 Salvatoris,
1655 2962 1812 3026 prata
1832 2970 1979 3027 quo-

2830 1771 2913 1825 IX.

2062 1868 2286 1908 JOANNIS
2334 1871 2482 1910 nam
2530 1857 2627 1911 xui
2676 1874 2952 1914 nunwxo
2984 1878 3331 1918 ADALBERTUH
3373 1880 3679 1921 nxonaaun—

2532 1944 2734 1984 GENSEM
2754 1947 3215 1989 ARCHIEPISCOPUM
3230 1978 3238 1985 .

2696 2024 2874 2095 (Anno
2904 2028 3049 2093 968)

2072 2116 2369 2191 Primatum
2401 2117 2487 2170 illi
2512 2118 2659 2191 inter,
2678 2121 2953 2173 universos
2981 2120 3297 2186 Germanice,
3322 2125 3599 2191 praesules,
3632 2131 3683 2180 et

2139 2188 2399 2257 aequalem
2429 2204 2547 2241 cum
2566 2190 2855 2256 primariis
2885 2191 3076 2245 Galliae
3100 2188 3351 2247 honorarit
3380 2188 3675 2250 constituit.

2537 2295 2749 2366 [Mansn
2776 2299 2956 2352 Concil
2994 2298 3124 2365 XIX,
3140 2300 3224 2368 5.]

2142 2407 2382 2464 Joannes
2406 2410 2722 2482 episcopus,
2751 2428 2942 2468 servus
2999 2430 3283 2469 servorum
3314 2414 3432 2480 Dei,
3482 2414 3687 2470 dilecto

2075 2497 2326 2553 nobisin
2373 2498 2586 2556 Christo
2637 2501 2920 2570 confratri,
2969 2504 3313 2570 AnALasn'ro,
3355 2504 3411 2557 S.
3460 2503 3686 2576 Magde-

2076 2590 2373 2663 burgensis
2400 2593 2658 2649 Ecclesiae
2688 2595 3126 2668 archiepiscopo,
3169 2597 3225 2651 in
3266 2598 3496 2652 Domino
3521 2605 3689 2653 aiter—

2077 2696 2200 2734 nam
2233 2682 2491 2736 salutem.

2149 2773 2203 2827 Si
2234 2788 2300 2827 ea
2318 2774 2438 2831 loca
2459 2791 2583 2847 quae
2598 2776 2668 2831 ad
2695 2776 2926 2832 salutem
2950 2777 3187 2833 maxime
3213 2778 3402 2849 populi
3434 2785 3489 2833 et
3516 2779 3696 2853 gentis

2078 2865 2147 2920 ad
2178 2867 2350 2921 Deum
2381 2867 2762 2924 conversionis
2804 2867 3031 2925 fundata
3084 2879 3232 2938 sunt,
3271 2871 3563 2946 privilegio
3598 2887 3697 2927 no-

2080 2964 2208 3012 strae
2254 2958 2597 3015 auctoritatis
2640 2959 2925 3015 munimus
2976 2969 3034 3017 et
3070 2962 3416 3031 decoramus,
3472 2965 3577 3019 hoc
3629 2964 3697 3018 ad

359 3071 475 3126 que
502 3053 557 3106 in
591 3053 799 3106 honore
820 3049 993 3104 sancti
1018 3047 1218 3113 Boniti,
1249 3046 1402 3101 oleas
1420 3045 1663 3117 denique
1692 3046 1748 3098 in
1770 3045 1981 3100 honore
2009 3066 2060 3135 ο
2084 3057 2401 3120 provectum
2461 3058 2516 3107 et
2559 3053 2762 3108 divinae
2820 3054 3105 3127 religionis
3157 3057 3366 3111 cultum
3421 3056 3700 3127 pertinere
3748 3120 3761 3125 ἠ

361 3143 542 3198 sancti
573 3140 818 3212 Sulpitii,
863 3137 1129 3209 capellam
1179 3134 1541 3190 nihilominus
1559 3134 1716 3202 juxta
1744 3140 1981 3188 castrum

360 3237 516 3293 Dolis
547 3252 579 3290 a
600 3234 918 3291 Britonibus
945 3239 1336 3297 constructam,
1370 3237 1494 3301 post
1524 3229 1740 3284 illorum
1772 3228 1985 3283 disces-

362 3342 491 3381 sum
531 3323 904 3381 attribuimus.
950 3321 1226 3392 Capellam
1258 3333 1501 3391 .quoque
1541 3317 1725 3373 Sancti
1771 3317 1985 3372 Martini

368 3417 514 3472 infra
544 3412 1011 3479 Castrumfortem,
1042 3412 1206 3466 etiam
1239 3408 1526 3465 ecclesiam
1557 3408 1612 3461 in
1643 3422 1784 3482 pago
1810 3407 1990 3463 Picta-

367 3510 570 3575 viensi,
620 3508 826 3563 salinas
873 3520 1096 3578 quoque
1154 3503 1210 3557 in
1264 3516 1405 3575 pago
1460 3500 1719 3565 Alnensi;
1769 3499 1989 3554 alodum

369 3598 541 3653 etiam
568 3595 916 3651 Lavariacum
947 3609 1071 3648 cum
1101 3590 1286 3646 Monte
1315 3588 1554 3656 Futario,
1581 3603 1705 3643 cum
1733 3588 1993 3643 omnibus

369 3688 544 3744 rebus
589 3703 728 3760 quas
754 3684 845 3742 vel
894 3699 1043 3739 nunc
1091 3681 1322 3747 habent,
1367 3680 1452 3735 vel
1514 3679 1780 3750 deinceps
1822 3680 1992 3734 iidem

277 3824 286 3831 .
366 3782 629 3839 monachi
666 3778 907 3835 habituri
949 3784 1097 3843 sunt,
1155 3782 1215 3829 ut
1241 3775 1354 3845 jam
1386 3771 1649 3840 diximus,
1682 3771 1789 3826 sibi
1821 3771 1993 3842 perti-

369 3874 660 3939 nentibus,
689 3872 766 3935 ita
792 3868 901 3925 sibi
932 3867 1238 3931 vindicent,
1271 3874 1331 3921 ut
1360 3863 1569 3919 nullius
1597 3864 1826 3919 omnino
1857 3863 1995 3919 sub-

364 3966 652 4036 iiciantur,
693 3963 799 4018 nisi
822 3963 1081 4017 Romanae
1112 3953 1254 4025 sedi,
1276 3958 1419 4013 sicut
1450 3957 1507 4011 in
1528 3956 1790 4027 praedicto
1822 3962 1996 4012 testa-

376 4061 566 4113 mento
596 4052 810 4127 praefati
838 4050 1082 4106 Ebbonis
1125 4048 1458 4105 continetur.
1495 4047 1606 4102 Hoc
1625 4062 1757 4122 ergo
1788 4062 1891 4103 nos
1911 4047 1998 4101 in-

378 4159 621 4217 tuentes,
676 4148 900 4204 easdem
948 4162 1059 4213 res,
1118 4161 1243 4217 qua;
1289 4144 1545 4218 legaliter
1594 4144 1998 4211 conceduntur,

377 4243 565 4298 eidem
596 4239 852 4297 ccenobio
879 4254 978 4310 per
1014 4244 1259 4293 nostram
1292 4234 1652 4306 apostolicam
1702 4236 2004 4290 auctorita-

378 4342 494 4389 tem
546 4330 955 4388 conﬁrmamus.
1011 4328 1277 4383 Abbatem
1340 4341 1470 4381 vero
1521 4326 1890 4381 communiter
1945 4334 2001 4383 et

376 4423 712 4498 regulariter
781 4422 1057 4477 viventem
1124 4419 1245 4475 sine
1315 4418 1482 4473 ullius
1536 4418 1998 4484 contradictione,

380 4527 777 4585 quemcunque
806 4510 877 4566 de
925 4510 1060 4580 ipsis
1083 4507 1289 4564 saniori
1319 4506 1552 4563 consilio
1583 4506 1860 4578 eligerint,
1892 4507 1999 4562 sibi

380 4607 709 4680 praeﬁciam.
735 4606 890 4671 Quod
909 4605 954 4660 si
974 4604 1176 4676 aliquis
1205 4618 1306 4675 per
1322 4618 1523 4657 munus
1541 4608 1636 4657 aut
1660 4618 1759 4672 per
1778 4602 2001 4659 inanem

381 4699 643 4773 gloriam,
692 4690 1196 4763 consentientibus,
1269 4695 1417 4766 quod
1473 4694 1634 4761 absit,
1692 4695 2002 4762 monachis,

386 4788 634 4857 irrepere
655 4786 967 4851 tentaverit,
1001 4786 1148 4840 hunc
1174 4784 1337 4839 talem
1361 4782 1532 4838 veluti
1564 4783 1739 4837 furem
1762 4793 1817 4838 et
1837 4784 2009 4839 latro-

386 4890 517 4929 nem
550 4890 649 4944 per
671 4875 1032 4944 apostolicum
1080 4872 1430 4927 interdictum
1485 4870 1878 4941 prohibemus;
1910 4872 2009 4927 sed

388 4972 463 5026 ab
508 4970 644 5041 ipsis
690 4969 964 5040 personis,
990 4968 1195 5040 quibus
1233 4967 1426 5022 beatus
1456 4967 1788 5021 Benedictus
1826 4967 1883 5021 in
1912 4968 2016 5023 hac

392 5080 455 5118 re
495 5068 820 5133 potestatem
878 5061 1092 5125 tribuit,
1133 5060 1296 5114 talem
1335 5058 1463 5131 eligi
1496 5058 1869 5129 praecipimus,
1919 5058 2014 5130 qui

400 5155 593 5211 domui
646 5154 743 5209 Dei
772 5154 916 5208 bene
950 5168 1187 5224 praeesse
1235 5150 1476 5217 studeat,
1516 5158 1592 5217 et,
1638 5150 1786 5205 sicut
1813 5150 2019 5207 dictum

398 5254 509 5313 est,
569 5246 931 5302 communiter
958 5245 1123 5311 vivat,
1171 5252 1225 5299 et
1274 5243 1536 5299 fratribus
1577 5252 1741 5314 prout
1778 5244 2023 5314 potuerit

405 5339 674 5410 prodesse
702 5338 878 5412 magis
902 5354 1066 5409 quam
1096 5352 1334 5408 praeesse
1358 5336 1595 5390 studeat.
1624 5335 2021 5391 Lonstituimus

2086 3144 2240 3200 nullo
2268 3145 2434 3202 modo
2457 3147 2799 3202 dubitamus.
2835 3148 3004 3220 Igitur
3027 3149 3158 3221 quia
3187 3149 3376 3205 sedem
3420 3151 3701 3225 Magdeb.,

2086 3239 2174 3293 cui
2226 3240 2335 3296 Deo
2363 3251 2590 3296 auctore
2620 3243 2910 3313 praesides,
2952 3253 3143 3299 nostra
3180 3253 3512 3315 tuorumque
3545 3258 3701 3299 com-

2089 3333 2507 3403 provincialium
2582 3333 2905 3390 auctoritate
2989 3335 3517 3406 archiepiscopalem
3584 3350 3706 3390 esse

2091 3421 2456 3489 decrevimus,
2499 3439 2663 3494 quem
2698 3424 2842 3478 inter
2870 3430 3096 3479 crateras
3129 3425 3398 3479 Ecclesias
3427 3426 3705 3493 ordinem,

2090 3510 2360 3584 vigorem,
2415 3512 2706 3582 primatum
2743 3522 2799 3567 et
2847 3511 3158 3583 aequitatem
3202 3511 3409 3569 habere
3436 3515 3489 3568 in
3525 3523 3714 3585 poste-

2094 3617 2214 3655 rum
2243 3599 2465 3667 debeat,
2498 3601 2814 3671 apostolicae
2848 3601 2998 3656 sedis
3019 3600 3313 3675 privilegio
3346 3603 3546 3657 muniri
3577 3619 3707 3657 san-

2094 3692 2275 3748 ximus
2338 3694 2435 3748 Dei
2471 3693 2642 3765 igitur
2688 3693 3088 3764 omnipotentis
3129 3693 3477 3762 auctoritate,
3537 3700 3593 3748 et
3653 3696 3709 3750 Β.

2095 3779 2262 3848 Petri,
2315 3782 2689 3852 apostolorum
2726 3783 3014 3854 principis,
3060 3790 3115 3838 et
3154 3792 3359 3851 nostra,
3392 3793 3447 3838 te
3476 3791 3713 3856 tuosque

2095 3888 2447 3930 successores
2476 3875 2532 3928 in
2580 3882 2932 3945 perpetuum,
2965 3881 3021 3929 et
3058 3874 3357 3930 Ecclesiam
3385 3881 3532 3930 tuam
3590 3891 3717 3930 om-

2097 3964 2246 4018 nium
2267 3963 2627 4019 ecclesiarum
2641 3964 3186 4036 archiepiscoporum
3219 3973 3275 4020 et
3300 3965 3714 4036 episcoporum,

2098 4058 2193 4129 qui
2226 4057 2284 4111 in
2320 4056 2610 4112 Germania
2636 4065 2783 4125 sunt,
2812 4059 3050 4114 ordinati
3092 4059 3148 4113 in
3179 4060 3451 4128 sedendo,
3482 4061 3540 4114 in
3565 4061 3714 4132 judi-

2099 4146 2300 4218 caudo,
2315 4148 2372 4202 in
2386 4145 2789 4215 conﬁrmando,
2823 4149 2880 4202 in
2899 4148 3323 4214 subscribendo,
3350 4150 3407 4203 in
3423 4149 3715 4205 sententiis

2105 4239 2304 4296 dandis
2333 4240 2600 4312 omnique
2637 4242 3013 4299 ecclesiastico
3044 4242 3239 4297 ordine
3287 4242 3581 4312 primatum
3613 4243 3716 4298 ba-

2025 4374 2080 4442 D
2107 4329 2239 4386 bere
2267 4331 2538 4387 volumus.
2582 4331 2781 4387 Eorum
2811 4346 2944 4388 vero
2973 4331 3069 4404 qui
3111 4339 3241 4387 sunt
3270 4331 3327 4386 in
3350 4331 3541 4401 Gallia,
3586 4332 3719 4389 item

2106 4424 2507 4498 Mogonciens.,
2556 4426 2868 4481 Trevirens.
2899 4434 2955 4481 et
2996 4426 3307 4481 Coloniens.
3362 4425 3620 4482 Ecclesiae
3665 4426 3722 4480 in

2102 4512 2362 4568 omnibus
2393 4529 2579 4584 parem
2611 4514 2875 4569 honorem
2929 4522 2984 4569 et
3012 4514 3250 4568 similem
3278 4514 3526 4587 vigorem
3581 4530 3724 4584 prae-

2102 4607 2245 4662 senti
2276 4608 2567 4682 privilegio
2617 4608 3029 4665 conﬁrmamus.
3071 4608 3358 4676 Caeterum,
3417 4624 3571 4666 more
3618 4610 3730 4665 Bo-

2106 4712 2283 4752 manae
2306 4697 2589 4764 Ecclesiae,
2633 4697 2931 4753 Ecclesiam
2965 4708 3109 4753 tuam
3169 4698 3463 4754 duodecim
3494 4699 3725 4770 presby-

2109 4794 2276 4853 teros,
2316 4795 2371 4841 et
2398 4795 2610 4858 septem
2632 4786 2917 4854 diaconos,
2947 4794 3003 4842 et
3023 4787 3220 4862 viginti
3245 4794 3484 4859 quatuor
3508 4787 3726 4842 subdia—

2110 4890 2283 4930 conos
2330 4876 2660 4942 cardinales,
2701 4876 2795 4948 qui
2842 4876 3109 4931 sandaliis
3161 4886 3218 4932 et
3274 4877 3451 4932 lisinis
3504 4882 3729 4931 utantur

2115 4962 2322 5018 habere
2360 4964 2634 5019 volumus.
2667 4965 2844 5036 Super
2870 4965 2976 5019 hoc
3005 4980 3136 5021 vero
3166 4965 3363 5020 iisdem
3393 4964 3728 5036 presbyteris

2117 5063 2171 5111 et
2223 5054 2518 5110 abbatibus
2570 5054 2819 5109 ecclesiae
2868 5055 3055 5110 Sancti
3096 5056 3329 5111 Joannis
3373 5055 3631 5124 Baptista
3673 5054 3726 5107 in

2120 5146 2387 5203 suburbio
2446 5145 2695 5214 ejusdem
2743 5145 2979 5202 civitatis
3037 5153 3365 5202 constructa:
3416 5145 3621 5199 tunicis
3648 5144 3729 5199 uti

2121 5234 2498 5292 concedimus.
2534 5232 2743 5297 Quibus
2768 5235 3015 5306 exceptis
3044 5245 3098 5289 et
3144 5232 3425 5304 episcopis
3458 5248 3629 5304 super
3657 5234 3733 5288 al-

2124 5335 2241 5384 tare
2268 5326 2326 5381 in
2354 5326 2621 5382 honorem
2652 5325 2709 5379 B.
2733 5325 2962 5381 Mauritii
2990 5324 3304 5379 dedicatum
3336 5323 3558 5378 missam
3585 5324 3733 5379 cele-

404 5436 574 5490 etiam
607 5435 785 5489 cidem
809 5433 1062 5490 caanobio
1089 5433 1378 5488 ecclesiam
1407 5433 1591 5488 Sancti
1627 5433 1845 5488 Lusoris
1861 5449 2023 5505 quam
2127 5418 2288 5472 mare
2317 5415 2521 5488 aliquis
2571 5414 2724 5470 ηυυο
2753 5414 2917 5469 ωοάο
2967 5417 3282 5505 Ρηεειιπιδίν
3332 5412 3483 5505 quod
3524 5427 3637 5468 ηοη
3666 5413 3735 5466 ad

409 5527 582 5581 iidem
614 5525 869 5582 monachi
902 5526 1030 5580 dato
1054 5525 1231 5595 pretio
1257 5540 1289 5578 a
1319 5521 1493 5577 nobili
1523 5521 1642 5576 viro
1668 5521 1892 5575 Simone
1931 5537 2030 5591 per

410 5617 769 5692 chirographi
814 5623 1204 5671 testamentum
1258 5620 1749 5686 comparaverunt,
1797 5617 1856 5667 ut
1892 5610 2030 5666 nihil

414 5703 531 5765 illis
555 5706 798 5775 amplius
844 5705 1159 5776 requiratur
1197 5703 1303 5756 nisi
1334 5703 1529 5758 decem
1557 5701 1860 5758 solidorum
1892 5714 2031 5756 cen-

2129 5508 2467 5580 superbiam,
2486 5508 2585 5563 sed
2603 5508 2671 5563 ad
2692 5503 3157 5561 locisanctitatem
3173 5504 3403 5575 speciali
3424 5505 3739 5562 reverentia

2133 5601 2390 5675 praesenti
2420 5599 2709 5674 privilegio
2749 5597 3048 5662 munimus,
3101 5605 3158 5653 et
3204 5597 3550 5653 decoramus.
3598 5596 3740 5662 Qua-

2133 5700 2382 5766 propter,
2412 5690 2581 5748 frater
2621 5688 2945 5755 fraterrime,
2993 5689 3406 5749 Dominicorum
3450 5687 3743 5745 salubriter
