4062 6164
436 217 538 274 967

1777 205 2046 262 JOANNIS
2087 205 2201 260 Xlll
2243 175 2428 260 eam

3674 219 3789 274 968

442 355 796 411 reminissens
847 350 1254 414 mandatorum,
1305 347 1380 402 ita
1407 346 1463 400 in
1518 345 1826 401 commissae
1874 346 2053 416 plebis
2080 352 2124 415 A
2225 344 2280 398 Si
2322 360 2544 415 semper
2597 346 2955 402 concedenda
2997 357 3127 405 sunt
3183 367 3304 422 quia
3337 352 3445 424 piis
3482 354 3791 411 desideriis

441 446 708 520 regimine
729 443 1116 512 lucrandisque
1147 439 1437 493 animabus
1468 436 1712 511 invigila,
1745 445 1802 492 ut
1829 438 2058 494 Redem-

445 535 584 606 ptori
617 540 804 588 nostro
831 531 1066 586 fructum
1097 529 1257 584 bonae
1273 527 1630 598 operationis.
1665 527 1718 581 in
1746 543 1856 598 quo
1884 527 2054 584 laetari

441 627 640 698 possis,
666 623 941 679 exhibeas.

510 717 781 788 Scriptum
830 733 928 787 per
975 731 1196 770 manum
1245 713 1507 784 Stephani
1539 711 1812 767 scriniarii
1850 721 2052 770 sanctas

437 809 586 865 sedis
614 809 950 878 apostolicae,
981 808 1034 861 in
1078 823 1268 861 mense
1298 805 1538 869 Octobri,
1574 804 1764 860 indict.
1797 822 1891 859 xu.

723 1025 922 1063 ALTERA
952 1024 1180 1062 EIUSDEM
1226 1025 1295 1062 AD
1329 1023 1551 1062 EUMDEM
1578 1023 1762 1061 BULLA.

1022 1100 1194 1169 (Anno
1226 1098 1465 1167 eodem.)

442 1191 897 1244 Consecrationem
922 1191 1287 1257 episcoporum
1312 1191 1552 1242 omnium
1582 1191 1722 1244 inter
1749 1190 1969 1243 Albium
2004 1194 2053 1244 et

507 1262 715 1328 Salam,
751 1264 948 1330 jusque
979 1261 1234 1328 paliivilli
1277 1265 1325 1313 et
1363 1262 1756 1316 successoribus
1786 1262 1998 1315 tribuit.

924 1348 1128 1418 [MANSI,
1153 1349 1347 1402 Concil.
1382 1365 1470 1402 xxx
1487 1348 1562 1417 5.]

503 1441 743 1495 Joannes
787 1439 1100 1510 episc0pus,
1135 1455 1327 1494 servus
1351 1455 1634 1494 servorum
1676 1440 1794 1506 Dei,
1837 1441 2050 1494 charis-

436 1533 576 1588 simo
600 1531 860 1588 confratri
892 1538 1078 1587 nostro
1110 1534 1449 1594 Apameam,
1483 1532 1684 1587 sanctae
1714 1533 2046 1606 Magdebur-

2159 441 2489 509 congruunt,
2519 443 2725 506 quanto
2779 438 2953 510 magis
2992 456 3056 494 ea
3101 457 3223 512 quae
3266 457 3364 512 pro
3395 443 3569 499 divini
3598 447 3789 501 cultus

2157 531 2467 586 constantia
2498 533 2780 600 pertinere
2811 543 3132 601 noscuntur,
3161 537 3483 592 omnimodo
3512 555 3625 594 non
3646 551 3785 596 sunt

2155 626 2425 696 neganda.
2481 627 2541 680 Et
2568 627 2694 682 ideo
2742 627 2879 682 sciat
2907 631 3151 684 omnium
3200 641 3503 687 vestrorum
3547 635 3783 690 bonitas

2154 721 2317 785 atque
2355 715 2625 770 industria
2665 716 2795 786 quia
2843 717 2929 771 vir
2968 719 3136 772 Deum
3167 719 3372 774 timens
3427 733 3483 775 et
3531 723 3782 793 inclytus

2154 821 2360 872 comes,
2412 807 2637 862 nomine
2668 807 2843 872 Oliba,
2892 810 3120 864 veniens
3158 821 3368 866 oratum
3419 813 3650 868 Romam
3705 815 3776 867 ad

2155 895 2595 954 beatissimorum
2649 899 3020 968 apostolorum
3069 901 3211 955 Petri
3242 907 3296 956 et
3328 902 3476 956 Pauli
3505 905 3778 957 sacratis-

2154 985 2291 1040 sima
2335 1001 2588 1056 corpora,
2621 988 2916 1058 postulavit
2963 1005 2993 1042 a
3041 989 3204 1044 nobis
3254 999 3313 1044 ut
3371 993 3777 1046 monasterium

2154 1081 2303 1151 quod
2350 1088 2575 1136 vocatur
2615 1083 2827 1150 Arulas,
2883 1091 3256 1139 constructum
3314 1102 3345 1139 a
3377 1085 3546 1140 fratre
3573 1087 3663 1140 avi
3689 1089 3777 1141 sui

2155 1173 2222 1226 ad
2265 1173 2532 1228 honorem
2594 1175 2806 1230 Domini
2870 1183 2925 1230 et
2978 1192 3199 1247 semper
3248 1177 3482 1252 virginis
3540 1179 3781 1250 genitri-

2153 1265 2231 1319 cis
2265 1265 2462 1332 Marize,
2496 1267 2733 1337 positum
2763 1256 3034 1324 territorio
3060 1271 3350 1326 comitatus
3373 1273 3776 1328 Rossilionen-

2152 1355 2248 1423 sis,
2280 1357 2334 1409 in
2377 1357 2498 1412 loco
2531 1359 2625 1429 qui
2657 1359 2824 1413 Vallis
2879 1361 3066 1430 Asperi
3118 1371 3362 1429 vocatur,
3389 1363 3548 1431 juxta
3595 1365 3772 1434 ripam

2152 1447 2397 1503 ﬂuminis
2422 1449 2598 1517 Theti,
2621 1453 2768 1522 quod
2791 1453 3001 1528 vulgari
3045 1455 3252 1509 nomini
3278 1457 3440 1510 etiam
3477 1473 3771 1527 nuncupa-

2152 1543 2258 1604 tur,
2319 1538 2422 1592 sub
2473 1547 2739 1609 perpelua
2794 1540 3138 1598 immunitate
3185 1554 3497 1601 sanctorum
3548 1546 3772 1600 Patrum

431 1624 621 1698 gensis
677 1623 929 1678 Ecclesiae
988 1623 1387 1692 archipraesuli,
1422 1622 1477 1675 in
1519 1623 1750 1678 Domino
1787 1631 2048 1678 aeternam
2075 1593 2122 1660 Β
2152 1646 2273 1683 cum
2303 1629 2627 1686 defensione
2658 1642 2861 1688 sancta
2892 1643 3093 1690 nostra:
3123 1636 3274 1690 sedis
3298 1637 3623 1706 apostolica:
3657 1654 3778 1690 ma-

435 1713 688 1768 salutem.

506 1809 585 1862 lta
606 1816 680 1875 te,
711 1807 877 1862 frater
906 1807 1230 1862 charissime
1255 1814 1313 1861 et
1342 1807 1673 1878 coepiscope
1706 1814 1913 1876 noster,
1942 1808 2048 1862 vita

436 1915 729 1969 moresque
760 1899 836 1952 tui
872 1899 1136 1953 hactenus
1161 1898 1420 1953 idoneum
1454 1899 1763 1961 reddidere,
1798 1909 1856 1954 ut
1879 1901 2045 1955 multa

433 1990 534 2043 tibi
559 1991 808 2056 credere,
843 1991 998 2060 plura
1024 1990 1185 2044 etiam
1218 1990 1582 2054 committere,
1620 1991 1760 2045 sicut
1783 1991 1928 2046 bono
1962 1993 2051 2046 di-

434 2085 762 2155 spensatori,
797 2099 906 2140 non
933 2085 1264 2139 haesitemus.
1301 2085 1471 2159 Igitur
1499 2085 1629 2156 quia
1667 2087 1733 2140 ad
1777 2089 2049 2157 pastorale

428 2181 648 2235 culmen
681 2181 859 2250 plebis
891 2189 1018 2247 tum,
1053 2187 1106 2234 et
1135 2181 1680 2251 comprovincialium
1722 2189 1960 2250 tuorum,
1989 2191 2043 2238 et

427 2276 615 2323 nostra
668 2278 790 2338 post
838 2270 1005 2323 Deum
1041 2277 1092 2323 te
1144 2270 1438 2324 auctoritas
1487 2271 1779 2339 promovit,
1829 2282 1883 2326 et
1913 2273 2044 2343 quia

425 2369 573 2416 tanta
603 2361 916 2416 Sclavorum
941 2361 1099 2431 plebs
1125 2361 1263 2416 ultra
1294 2361 1491 2416 ﬂuvios
1522 2362 1727 2416 Albiam
1763 2372 1817 2417 et
1839 2363 2040 2429 Salam,

426 2453 639 2509 scilicet
662 2454 770 2508 Deo
804 2453 1017 2508 noviter
1038 2453 1325 2524 acquisita,
1359 2455 1548 2524 paucis
1578 2455 1893 2524 pastoribus
1931 2457 2040 2510 mi-

430 2547 578 2600 nime
611 2546 750 2601 tueri
783 2553 982 2616 potest,
1024 2547 1258 2616 qualiter
1302 2547 1581 2616 episcopis
1609 2556 1715 2602 tuae
1742 2549 1860 2602 sedi
1911 2551 2046 2604 sub-

425 2641 587 2709 jectis
644 2641 932 2710 parochias
967 2641 1369 2696 rationabiliter
1422 2648 1475 2696 et
1513 2652 1672 2697 caute
1729 2644 1942 2699 dividas
1991 2655 2045 2700 et

435 2728 755 2794 distribuas,
790 2735 896 2783 tum
926 2729 1361 2799 dispensationis
1386 2737 1441 2784 et
1466 2730 1818 2786 discretionis
1837 2733 2046 2787 exami-

427 2820 481 2874 ni
523 2820 848 2885 committo;
895 2827 948 2875 et
978 2822 1083 2876 hoc
1111 2821 1451 2876 serenissimi
1482 2822 1782 2892 spiritualis
1812 2823 1908 2878 ﬁlii
1939 2841 2044 2881 no-

428 2913 526 2966 stri
560 2910 908 2982 imperatoris
948 2910 1196 2983 Augusti,
1243 2911 1338 2980 qui
1370 2910 1618 2980 ejusdem
1651 2921 1756 2966 tuae
1789 2913 2041 2968 Ecclesiae

2155 1724 2393 1779 nendum
2423 1726 2870 1791 decerneremus,
2906 1746 3029 1784 cum
3061 1731 3318 1785 omnibus
3353 1731 3521 1786 rebus
3552 1741 3610 1785 et
3643 1747 3778 1801 pos-

2151 1816 2496 1871 sessionibus
2526 1818 2633 1872 sibi
2668 1819 3092 1889 pertinentibus.
3129 1821 3282 1876 Unde
3312 1821 3558 1875 inclinati
3590 1822 3781 1891 preci-

2153 1903 2254 1958 bus
2272 1904 2391 1972 ejus
2421 1907 2765 1972 humilitatis,
2803 1923 2901 1978 per
2942 1909 3084 1962 hanc
3117 1919 3356 1964 nostram
3403 1911 3772 1981 apostolicam

2151 2003 2205 2048 et
2255 1995 2628 2050 inviolabilem
2676 1998 3103 2068 prmoeptionem
3139 2001 3430 2055 statuimus
3488 2002 3541 2054 id
3581 2003 3769 2072 ipsum

2151 2089 2245 2142 Dei
2279 2090 2568 2144 Genitricis
2606 2093 3002 2147 monasterium
3035 2111 3098 2148 ex
3135 2094 3349 2170 integro
3390 2111 3492 2166 pro
3523 2112 3626 2148 sua
3655 2103 3774 2149 sta-

2146 2177 2353 2232 bilitate
2380 2180 2770 2249 perpetualiter
2823 2181 2890 2235 ad
2933 2181 3202 2236 ditionem
3248 2190 3414 2254 atque
3469 2185 3771 2238 tuitionem

2146 2278 2348 2323 sanctae
2371 2271 2559 2324 matris
2577 2270 2829 2326 Ecclesiae
2857 2273 3075 2341 persisti
3104 2273 3330 2339 debere,
3373 2275 3775 2330 contirmantes

2147 2359 2224 2413 illi
2249 2375 2448 2416 omnes
2477 2378 2565 2416 res
2591 2378 2728 2432 quas
2750 2363 2871 2432 jure
2893 2373 2948 2418 et
2978 2365 3376 2420 rationabiliter
3405 2367 3512 2419 sibi
3548 2384 3580 2420 a
3615 2368 3775 2437 prin-

2147 2450 2295 2521 cipio
2343 2453 2641 2522 pertinent,
2676 2461 2729 2508 et
2758 2470 2931 2526 usque
2963 2455 3015 2509 in
3071 2455 3232 2510 tinem
3265 2458 3447 2512 sazculi
3483 2461 3777 2528 pertinere

2147 2543 2373 2611 debent,
2406 2545 2460 2598 in
2492 2545 2666 2610 cellis,
2700 2547 2970 2609 ecclesiis,
3019 2550 3382 2615 ornamentis,
3427 2551 3600 2604 sacris
3625 2552 3780 2605 vasis

2145 2644 2200 2690 et
2221 2636 2596 2702 ustensilibus,
2631 2636 2867 2704 invillis,
2895 2639 3057 2706 casis,
3077 2641 3270 2705 servis,
3289 2641 3522 2708 ancillis,
3552 2642 3784 2697 libertis

2146 2731 2200 2777 et
2228 2723 2567 2791 aﬂranticiis,
2591 2726 2770 2796 aquis,
2797 2743 2919 2782 cum
2952 2728 3088 2797 ipsis
3116 2745 3381 2798 aquarum
3431 2746 3494 2784 ex
3527 2738 3779 2802 utraque

2146 2822 2299 2885 parte
2327 2816 2567 2886 riparum
2621 2819 2947 2892 verdigariis
2967 2827 3021 2874 et
3075 2821 3554 2889 circumjacentiis,
3599 2824 3776 2877 terris

2144 2913 2198 2960 et
2225 2907 2519 2976 aquimolis
2547 2924 2670 2962 cum
2707 2910 2820 2963 suis
2868 2911 3192 2981 caputaquis
3240 2919 3293 2966 et
3323 2911 3458 2981 ipsis
3485 2914 3771 2982 aquaedu-

427 3001 684 3056 fundator
729 3007 782 3054 et
821 3006 1012 3054 auctor
1055 3006 1155 3063 est,
1208 3015 1357 3063 cura,
1417 2999 1705 3072 diligentia
1743 3008 1796 3056 et
1829 3002 2040 3070 judicio
2065 3029 2114 3096 Ο
2141 2995 2322 3050 ctibus
2340 3012 2404 3050 ac
2431 2997 2680 3066 piscariis
2702 2999 3070 3069 omnibusque
3093 2997 3228 3054 locis
3257 3001 3417 3056 cultis
3436 3002 3773 3068 etincultis,

427 3093 566 3158 fieri,
603 3109 701 3162 per
758 3092 1047 3162 praesentis
1097 3091 1369 3163 privilegii
1429 3092 1714 3146 munimen
1757 3101 1936 3148 statuo
1985 3103 2041 3150 et

426 3187 713 3244 conﬁrmo.
773 3187 826 3240 Si
861 3202 993 3258 ergo
1022 3186 1091 3240 ab
1144 3185 1446 3256 apostolica
1489 3187 1644 3248 sede,
1683 3187 1768 3240 cui
1803 3188 1911 3242 Deo
1950 3205 2041 3243 au-

426 3290 575 3336 ctore
606 3280 878 3351 prmsideo
913 3279 1170 3335 Ecclesiae
1203 3288 1308 3334 ture
1349 3296 1699 3346 concessum,
1735 3289 1794 3336 ut
1821 3283 1889 3337 ab
1919 3283 2040 3352 ejus

427 3373 734 3428 rectoribus
765 3372 1034 3442 episcopi,
1063 3371 1157 3442 qui
1206 3371 1348 3426 ultra
1375 3373 1586 3428 Albiam
1611 3380 1665 3428 et
1695 3373 1872 3428 Salam
1903 3391 2040 3429 con-

424 3463 620 3526 stituti,
653 3473 706 3516 et
735 3461 1106 3517 constituendi
1132 3470 1281 3526 sunt,
1315 3469 1438 3532 post
1466 3462 1662 3518 futuris
1694 3464 2040 3534 temporibus

425 3561 837 3619 consecrentur,
882 3562 936 3607 et
962 3553 1069 3623 ipsi
1117 3553 1364 3623 ejusdem
1401 3560 1510 3609 tuae
1541 3555 1753 3610 scilicet
1784 3555 2040 3610 Ecclesiae

425 3644 896 3715 archiepiscopus,
915 3644 1057 3698 sicut
1071 3659 1167 3714 pro
1184 3651 1432 3715 tempore
1445 3645 1672 3712 fuerint,
1691 3652 2039 3711 consecrent,

337 3763 340 3768 -
427 3739 520 3811 qui
551 3737 776 3809 pallium
824 3739 1130 3793 secundum
1176 3753 1385 3793 morem
1418 3739 1676 3794 Romanae
1715 3740 1970 3794 Ecclesiae
2013 3756 2043 3794 a

427 3838 612 3886 nostra
667 3831 800 3886 sede
832 3831 1121 3902 recipiant.
1175 3829 1351 3898 Unde,
1391 3831 1558 3887 frater
1576 3831 1920 3898 charissime,
1956 3832 2041 3886 di-

426 3920 719 3975 lectionem
756 3921 840 3991 [f.,
875 3919 1249 3990 dilectionem]
1299 3927 1444 3975 tuam
1479 3921 1752 3977 admoneo
1775 3928 1829 3976 et
1872 3921 2038 3976 obte-

425 4019 560 4079 stor,
580 4019 639 4066 ut
663 4012 849 4066 animo
880 4011 958 4065 sis
977 4010 1267 4076 sollicitus,
1301 4029 1370 4066 ne
1401 4012 1608 4083 aliquid
1640 4011 1744 4065 sibi
1765 4013 2040 4067 commodi

426 4105 554 4159 dato
590 4110 683 4157 aut
711 4101 904 4176 gratia,
939 4101 1204 4172 quaslibet
1229 4103 1537 4172 supplicato
1570 4119 1928 4172 personarum
1983 4104 2039 4158 in

424 4193 594 4248 sacris
644 4190 934 4246 ordinibus
975 4191 1246 4254 vindices,
1285 4191 1385 4245 sed
1433 4192 1499 4244 ad
1531 4192 1637 4246 hoc
1674 4191 1915 4246 officium
1949 4191 2042 4246 ille

429 4286 780 4356 perducatur,
835 4297 996 4354 quem
1052 4299 1267 4337 morum
1319 4283 1556 4356 gravitas
1609 4285 1959 4340 commendet
1988 4296 2116 4374 etD

426 4374 551 4428 vita:
583 4372 874 4443 praeteritae
901 4371 1064 4425 actio.
1109 4370 1338 4425 Oramus
1385 4377 1566 4425 autem
1600 4372 2036 4442 omnipotentem

431 4465 600 4520 Deum
635 4470 693 4520 ut
721 4480 818 4518 sua
848 4471 898 4519 te
938 4462 1245 4518 munitione
1275 4463 1628 4538 circumagat,
1669 4471 1722 4518 et
1746 4466 2040 4522 sacerdotii

427 4563 742 4629 susceptum
775 4555 1016 4612 ofﬁcium
1045 4556 1307 4626 Operibus
1346 4556 1576 4626 implere
1605 4559 1893 4613 concedat.

495 4653 700 4708 Actum
734 4667 832 4722 per
855 4665 1054 4705 manus
1074 4648 1338 4720 Stephani
1368 4649 1640 4704 scriniarii
1663 4657 1718 4705 et
1739 4650 2039 4706 bibliothe-

422 4741 778 4797 cariisanctae
832 4740 1090 4795 Romanae
1132 4738 1392 4794 Ecclesiae
1446 4738 1502 4791 in
1554 4754 1746 4794 mense
1797 4738 2035 4807 Octobri,

421 4831 722 4887 indictione
762 4835 1022 4885 statutum
1055 4827 1401 4884 duodecima.

1188 4918 1274 4972 Xl.

526 5026 748 5068 JOANNIS
778 5025 926 5064 ΡΑΡΑ
950 5025 1044 5064 XIII
1073 5024 1414 5064 PRIVILEGIUM
1456 5025 1560 5065 PRO
1597 5025 1930 5066 MONASTERIO

1085 5097 1367 5135 ARULENSI.

1052 5171 1227 5240 (Anno
1259 5170 1404 5242 968.)

498 5263 670 5336 [Apud
700 5265 758 5320 D.
794 5263 1067 5328 Bouousr,
1097 5263 1322 5328 Recueil,
1354 5269 1485 5318 tom.
1522 5262 1604 5330 lx,
1642 5278 1764 5336 pag.
1790 5263 1944 5334 478.]

492 5375 732 5431 .lomuss
768 5375 1081 5445 episcopus,
1115 5389 1308 5428 servus
1347 5389 1627 5429 servorum
1657 5373 1773 5438 Dei,
1803 5374 2032 5429 univer-

415 5466 494 5521 sis
515 5465 709 5521 Christi
759 5464 1016 5522 ﬁdelibus
1071 5464 1442 5537 pmsentibus
1465 5472 1521 5520 et
1549 5463 1767 5531 futuris,
1799 5465 2033 5522 salutem

422 5555 478 5610 in
511 5557 745 5614 Domino
776 5565 1120 5630 perpetuam.

2142 3095 2340 3142 etcum
2365 3088 2637 3143 universis
2658 3091 2871 3156 usibus,
2897 3092 3228 3158 redditibus,
3263 3109 3358 3147 seu
3372 3093 3773 3148 decimationi-

2141 3180 2246 3236 bus
2272 3190 2326 3236 et
2357 3183 2615 3238 tributis:
2659 3185 3073 3256 promulgantes
3099 3189 3260 3241 etiam
3314 3187 3427 3241 haec
3456 3187 3669 3248 omnia,
3719 3196 3782 3241 et

2141 3290 2488 3346 quaecunque
2540 3275 2792 3349 legaliter
2818 3277 2924 3332 dici
2956 3286 3010 3332 et
3063 3279 3334 3334 nominari
3385 3286 3636 3349 possunt,
3671 3295 3785 3350 per

2143 3367 2282 3422 tines
2309 3375 2364 3422 et
2392 3369 2655 3425 terminos
2692 3386 2822 3425 suos
2854 3371 3182 3427 inconcussa
3211 3379 3264 3426 et
3314 3372 3598 3426 indemnia
3658 3391 3786 3428 ma-

2143 3475 2275 3514 nere
2305 3462 2373 3515 ad
2429 3461 2733 3516 dominium
2782 3463 2954 3533 ipsius
2985 3463 3123 3518 sacri
3151 3465 3411 3528 coenobii,
3460 3473 3514 3519 et
3543 3466 3776 3521 utilita-

2144 3555 2252 3604 tem
2281 3550 2549 3625 regularis
2578 3551 2792 3606 abbatis
2832 3569 2929 3606 seu
2963 3555 3356 3609 monachorum
3390 3554 3598 3609 ibidem
3649 3557 3773 3612 Deo

2143 3641 2519 3696 servientium.
2547 3643 2774 3714 Quoquo
2801 3650 3048 3715 tempore
3070 3661 3413 3717 nequaquam
3443 3647 3670 3701 licentia
3697 3649 3777 3704 sit

2143 3731 2306 3786 alicui
2339 3733 2623 3803 episcopo,
2656 3733 2804 3798 duci,
2839 3735 3045 3798 comiti,
3080 3743 3170 3788 aut
3199 3736 3292 3789 ulli
3325 3736 3612 3790 hominum
3647 3756 3778 3793 ma-

2141 3836 2264 3893 gnae
2295 3837 2585 3892 parvaeque
2618 3838 2868 3892 personae
2898 3823 3104 3895 aliquid
3150 3826 3218 3878 de
3257 3825 3510 3879 omnibus
3546 3843 3678 3896 qua?
3715 3831 3771 3883 ei

2143 3915 2421 3984 pertinent
2449 3925 2502 3971 et
2531 3917 2586 3970 in
2643 3923 2803 3972 antea
2836 3919 3114 3988 pertinere
3155 3920 3374 3986 debent,
3410 3921 3630 3988 tollere,
3666 3935 3774 3977 aut

2142 4007 2414 4063 violenter
2443 4009 2750 4079 possidere,
2801 4010 2918 4065 sive
2948 4011 3002 4064 in
3057 4027 3330 4082 quoquam
3365 4012 3678 4066 molestiam
3713 4024 3774 4069 et

2143 4101 2590 4155 contrarietatem
2620 4100 2802 4156 facere
2838 4120 2852 4167 ;
2884 4103 2980 4157 sed
3003 4113 3198 4158 cuncta
3225 4103 3448 4158 mobilia
3477 4112 3530 4158 et
3565 4105 3775 4161 immo-

2143 4190 2276 4246 bilia
2313 4193 2644 4267 generaliter
2691 4201 2744 4249 et
2789 4195 3002 4266 integre
3032 4195 3181 4250 salva
3223 4213 3320 4250 seu
3371 4198 3585 4271 integra
3634 4215 3775 4268 per-

2142 4285 2336 4339 sistant
2367 4285 2433 4338 ad
2464 4301 2621 4340 usum
2655 4293 2709 4340 et
2743 4287 3149 4341 incrementum
3183 4287 3358 4356 ipsius
3386 4289 3523 4342 sacri
3560 4305 3772 4344 mona-

2142 4373 2294 4428 sterii
2321 4373 2426 4428 sub
2453 4374 2798 4443 protectione
2827 4383 3028 4430 nostra;
3081 4376 3229 4430 sedis
3259 4377 3576 4446 apostolica:
3621 4395 3767 4448 per—

2143 4463 2325 4534 petuis
2343 4463 2691 4534 temporibus
2716 4479 2746 4516 a
2778 4463 3036 4533 praesenti
3065 4463 3364 4520 indictione
3392 4465 3474 4518 12.
3511 4465 3772 4521 Dicimus

2143 4558 2307 4612 etiam
2333 4566 2392 4612 ut
2422 4557 2592 4612 abbas
2641 4559 2734 4628 qui
2778 4558 2985 4612 ibidem
3018 4574 3116 4629 pro
3157 4567 3405 4630 tempore
3458 4559 3642 4624 fuerit,
3685 4563 3767 4626 si,

2141 4650 2289 4721 quod
2317 4649 2480 4716 absit,
2511 4667 2542 4704 a
2573 4650 2810 4723 regulari
2839 4651 3124 4721 proposito
3155 4660 3210 4706 et
3235 4652 3579 4706 institutione
3605 4652 3770 4707 beati

2141 4737 2422 4792 Benedicti
2472 4738 2790 4803 deviaverit,
2833 4739 2949 4793 sive
2999 4755 3086 4794 res
3137 4740 3455 4795 monasterii
3503 4740 3768 4809 ejusdem

2140 4825 2482 4888 alienaverit,
2515 4825 2792 4881 licentiam
2822 4826 3024 4882 habeat
3051 4828 3347 4898 praedictus
3386 4843 3576 4883 comes
3600 4828 3771 4883 Oliba

2139 4917 2255 4972 sive
2285 4918 2368 4972 sui
2401 4918 2658 4973 eumdem
2687 4918 2940 4974 abbatem
2966 4921 3280 4990 cxpellendi
3307 4919 3476 4986 foras,
3505 4929 3560 4974 et
3603 4924 3766 4991 quod

2139 5009 2208 5064 ab
2260 5025 2327 5065 eo
2367 5011 2668 5066 alienatum
2694 5010 2949 5066 fueritad
2978 5014 3261 5083 pr0prium
3296 5013 3387 5083 jus
3431 5013 3768 5080 revocandi,

2139 5109 2194 5156 et
2246 5117 2346 5172 pro
2391 5103 2514 5174 ipso
2565 5104 2737 5158 alium
2779 5104 2888 5159 Deo
2941 5105 3170 5178 dignum
3229 5104 3484 5160 abbatem
3543 5109 3772 5161 consti-

2139 5193 2352 5259 tuendi,
2385 5195 2686 5264 approbata
2711 5195 2790 5250 rei
2820 5195 3066 5251 veritate.
3101 5195 3505 5251 Constituentes
3535 5204 3768 5268 aposto—

2139 5284 2242 5340 lica
2263 5301 2496 5342 censura
2516 5287 2618 5341 sub
2638 5286 2810 5342 divini
2837 5287 3032 5356 judicii
3089 5287 3462 5342 obtestatione
3490 5288 3610 5343 haec
3633 5305 3765 5358 qua

2137 5389 2168 5427 a
2198 5374 2361 5430 nobis
2391 5377 2612 5432 decreta
2637 5384 2766 5433 sunt
2793 5377 3075 5448 perpetuis
3103 5377 3448 5449 temporibus
3462 5378 3766 5434 inviolabi-

2139 5466 2266 5521 liter
2296 5467 2364 5520 ab
2393 5467 2653 5522 omnibus
2690 5468 3058 5524 observanda.
3094 5468 3149 5523 Si
3197 5469 3324 5540 quis
3348 5477 3558 5535 autem,
3602 5473 3761 5540 quod

2139 5572 2248 5615 non
2276 5558 2574 5627 credimus,
2607 5559 2901 5617 temerario
2931 5575 3072 5616 ausu
3101 5559 3365 5618 adversus
3393 5560 3629 5630 hujusce
3648 5577 3763 5618 no—
