4062 6164
257 288 345 344 969

1451 279 1781 336 EPlSTOLlE
1821 280 1898 333 ET
1936 279 2329 335 DlPl.OMATA.

3454 289 3559 344 970

254 423 354 470 strae
404 413 799 485 praeceptionis
856 412 1056 467 seriem
1085 410 1360 467 contraire
1411 409 1840 481 pmsumpserit,
1865 420 1916 483 Α
1946 407 2193 476 pergitur
2224 408 2291 460 ad
2325 407 2520 482 jugum
2561 409 2628 463 de
2659 408 2930 476 Cleirano,
2965 417 3019 464 et
3077 411 3186 465 itur
3215 413 3283 466 ad
3315 421 3556 470 montem
3625 393 3628 396 i

254 511 369 564 sciat
396 526 478 577 se,
511 509 617 564 nisi
642 508 956 578 resipuerit,
981 506 1193 576 judicio
1225 506 1318 560 Dei
1363 503 1760 575 omnipotentis
1790 510 1844 557 et

251 592 498 668 praedictae
529 613 752 668 semper
782 597 1016 671 virginis
1041 596 1134 650 Dei
1163 595 1446 668 genitricis
1473 594 1678 660 Mariae,
1708 592 1840 646 bea-

250 686 668 756 tissimorumque
699 687 1076 756 apostolorum
1128 683 1274 737 Petri
1326 683 1474 736 Pauli
1510 688 1563 736 et
1592 681 1840 736 omnium

251 778 614 847 episcoporum
650 783 962 848 nostraeque
992 775 1318 829 humilitatis
1348 772 1692 838 auctoritate,
1717 787 1840 826 cum

248 869 485 924 omnibus
541 870 727 940 impiis
782 877 1048 939 perpetuo
1081 866 1343 921 incendio
1375 876 1430 920 et
1466 863 1842 919 indissolubili

247 963 570 1016 anathemate
611 962 950 1015 damnatum.
1005 961 1070 1012 At
1110 974 1241 1013 vero
1295 957 1390 1028 qui
1443 957 1764 1012 observator
1789 960 1843 1008 et

245 1057 406 1104 custos
435 1050 555 1118 ejus
583 1051 638 1103 in
671 1056 784 1104 toto
825 1047 1117 1114 exstiterit,
1164 1047 1394 1121 gratiam
1443 1053 1498 1100 et
1527 1043 1842 1099 misericor-

244 1139 374 1193 dium
404 1157 436 1193 a
466 1138 677 1194 cmlesti
709 1155 839 1211 rege
871 1139 1136 1203 obtineat,
1170 1137 1533 1206 omniumque
1585 1140 1845 1205 peccato-

245 1246 350 1284 rum
376 1246 600 1284 suorum
653 1229 708 1283 in
767 1229 1024 1300 praesenti
1082 1227 1485 1282 absolutionem
1542 1233 1597 1280 et
1642 1225 1698 1278 in
1749 1224 1841 1278 fu-

244 1328 350 1374 turo
377 1325 640 1373 aeternam
678 1318 908 1392 gloriam
969 1333 1094 1371 cum
1163 1309 1366 1370 sanctis
1397 1314 1608 1388 angelis
1637 1328 1842 1368 conse-

239 1421 439 1481 quatur.

221 1531 228 1536 -
302 1500 567 1570 Scriptum
633 1515 732 1570 per
782 1514 1004 1553 manum
1065 1498 1264 1553 Leonis
1296 1496 1514 1562 notarii,
1543 1494 1845 1568 regionarii

237 1599 387 1661 atque
418 1590 690 1645 scriniarii
720 1590 870 1645 sedis
903 1588 1220 1660 apostolicae
1241 1590 1296 1643 in
1321 1603 1512 1643 mense
1537 1583 1844 1649 Decembri,

240 1682 530 1738 indictione
563 1684 647 1739 12.
687 1683 832 1738 Bene
858 1683 1056 1737 valete.

975 1813 1090 1866 ΧΗ.

233 1939 443 1979 JOANNIS
501 1941 647 1978 ΡΑΡΕ
699 1942 791 1978 χιιι
852 1939 1191 1978 PRIVILEGIUM
1248 1938 1348 1976 PRO
1401 1935 1742 1975 MONASTEMO
1793 1934 1838 1971 S.

714 2011 997 2050 MICHAELIS
1030 2012 1096 2048 DF.
1123 2009 1353 2049 COXANO.

848 2097 1025 2156 (Anno
1069 2095 1219 2166 968.)

478 2201 716 2271 [ΜΑηιΝι,
753 2204 946 2271 Ραρίνί
991 2199 1372 2270 diplomatichi
1402 2199 1443 2264 Ι,
1478 2197 1588 2266 52.]

295 2331 534 2386 Joannes
563 2333 880 2402 cpiscopus,
937 2349 1126 2387 servus
1157 2348 1438 2388 servorum
1493 2330 1608 2396 Dei,
1643 2328 1844 2382 dilecto

231 2423 386 2477 nobis
415 2424 468 2476 in
495 2424 707 2479 Christo
737 2424 852 2478 ﬁlio
884 2424 1143 2492 Waamo,
1186 2425 1447 2498 religioso
1487 2421 1671 2476 abbati
1703 2420 1840 2474 sacri

229 2516 551 2569 monasterii
584 2515 769 2570 Sancti
800 2516 1079 2571 Michaelis
1116 2515 1444 2588 Arcbangcli
1468 2521 1522 2569 et
1553 2511 1844 2567 BeatiGer-

225 2608 394 2674 mani,
430 2609 577 2679 quod
628 2609 790 2664 situm
823 2617 906 2664 est
937 2611 990 2663 in
1037 2611 1178 2663 valle
1211 2607 1523 2663 Conﬂuenti
1561 2614 1616 2662 et
1643 2606 1698 2659 in
1721 2605 1842 2659 loco

227 2703 318 2773 qui
384 2701 654 2766 Coxanus,
699 2719 762 2757 ac
810 2718 910 2773 per
956 2709 1008 2757 te
1058 2703 1473 2758 successoribus
1522 2700 1629 2755 tuis
1691 2713 1846 2771 regu-

226 2793 440 2848 laribus
490 2793 785 2848 abbatibus
841 2793 1095 2862 ejusdem
1154 2794 1440 2849 monachis
1493 2790 1733 2846 coenobii
1788 2790 1843 2842 in

226 2891 556 2955 perpetuum
591 2885 949 2955 apostolicam
977 2885 1424 2958 benedictionem
1447 2891 1501 2938 et
1520 2882 1769 2955 gratiam.

298 2973 432 3027 Cum
464 2989 678 3047 magnae
710 2973 874 3029 nobis
910 2973 1300 3029 sollicitudinis
1349 2988 1480 3027 cura
1529 2971 1746 3026 insistat
1776 2970 1843 3024 ad

217 3064 565 3139 vigilandum
621 3081 722 3136 pro
771 3065 1044 3120 universis
1097 3064 1355 3120 Ecclesiis
1406 3064 1525 3130 Dei,
1558 3079 1628 3117 ne
1658 3061 1916 3150 aliquaC

218 3172 414 3210 earum
459 3157 808 3211 necessitatis
848 3157 1116 3227 jacturam
1156 3157 1211 3210 in
1266 3165 1542 3228 posterum
1584 3154 1838 3224 patiatur,

216 3247 451 3322 dignum
474 3247 730 3303 ducimus
757 3248 978 3319 pietatis
1011 3248 1207 3303 intuitu
1239 3248 1358 3303 loca
1387 3247 1456 3302 ad
1488 3244 1844 3314 omnipoten-

213 3339 288 3394 tis
321 3339 418 3394 Dei
450 3341 718 3396 honorem
760 3339 906 3394 bene
948 3340 1201 3396 ordinata
1231 3339 1519 3410 apostolici
1567 3335 1841 3409 privilegii

213 3439 553 3489 auctoritate
593 3433 820 3500 muniri,
854 3442 909 3488 et
952 3449 1074 3490 cum
1103 3433 1362 3488 omnibus
1393 3447 1515 3504 quae
1547 3431 1613 3486 ad
1639 3446 1698 3485 se
1716 3446 1841 3500 per-

212 3524 403 3578 tinent
456 3523 624 3579 rebus
697 3523 1033 3580 conﬁrmari.
1110 3524 1280 3599 Igitur
1345 3522 1475 3594 quia
1531 3521 1842 3575 interventu

210 3611 372 3667 Olive
407 3612 704 3667 laudabilis
729 3621 784 3668 et
810 3610 1088 3688 magniﬁci
1117 3612 1337 3668 comitis
1361 3609 1648 3682 postulasti
1688 3625 1720 3663 a
1749 3624 1844 3663 no-

209 3705 323 3770 bis,
363 3713 638 3776 quatenus
671 3703 1189 3760 reconﬁrmaremus
1220 3704 1320 3758 tibi
1368 3704 1588 3775 tuisque
1612 3717 1841 3758 succes—

207 3793 445 3850 scribus
475 3793 821 3869 regularibus
867 3793 1160 3849 abbatibus
1213 3791 1534 3863 praedictum
1567 3797 1846 3848 monaste-

207 3886 388 3951 rium,
417 3887 567 3958 quod
592 3900 726 3942 suus
746 3886 918 3942 frater
938 3887 1100 3942 bonae
1129 3885 1406 3941 memoria:
1452 3900 1639 3941 comes
1665 3885 1846 3940 Xeno-

208 3980 413 4036 fredus
443 3997 538 4052 pro
569 3997 758 4038 amore
781 3981 1026 4038 caelestis
1058 3980 1245 4052 patriae
1302 3979 1607 4045 renovavit,
1641 3977 1850 4035 dotavit

201 4077 264 4124 et
291 4068 474 4135 auxit,
507 4071 821 4144 aggregatis
838 4071 1126 4125 monachis
1152 4069 1222 4123 ad
1239 4069 1458 4124 laudem
1492 4073 1546 4123 et
1562 4067 1846 4123 servitium

201 4157 465 4213 caelestis
491 4157 638 4232 regis
664 4165 718 4213 et
764 4159 1033 4214 honorem
1082 4157 1470 4228 praedictorum
1500 4165 1843 4224 sanctorum,

195 4245 482 4309 videlicet
504 4246 824 4318 archangeli
854 4247 1136 4302 Michaelis
1165 4256 1220 4301 et
1247 4245 1503 4302 Germani
1559 4244 1842 4302 confesso—

198 4331 308 4398 ris,
342 4332 598 4389 inclinati
617 4335 728 4391 tuis
750 4337 983 4408 ejusque
1014 4337 1292 4407 precibus,
1327 4336 1382 4390 id
1413 4335 1590 4406 ipsum
1619 4349 1847 4389 venera-

197 4420 327 4475 bile
360 4423 759 4477 monasterium
811 4440 978 4495 super
1037 4425 1214 4496 ripam
1275 4424 1545 4480 Literanis
1594 4421 1842 4478 ﬂuminis

198 4512 604 4578 constitutum,
655 4529 776 4568 cum
809 4515 1070 4570 omnibus
1101 4514 1308 4569 ﬁnibus
1338 4524 1393 4569 et
1427 4514 1678 4569 terminis
1705 4513 1841 4579 suis,
1872 4476 1928 4544 D

198 4605 596 4677 omnibusque
615 4607 784 4662 rebus
814 4609 1114 4663 mobilibus
1140 4615 1194 4662 et
1217 4607 1596 4663 immobilibus
1616 4621 1851 4681 genera-

195 4693 342 4747 liter
372 4703 429 4748 et
477 4695 529 4747 in
576 4695 852 4766 integrum
884 4696 990 4750 sibi
1025 4696 1455 4766 pertinentibus,
1505 4695 1573 4750 ad
1605 4711 1761 4750 usum
1795 4700 1850 4748 et

1943 501 2034 571 qui
2080 500 2279 554 dicitur
2310 501 2576 569 Lacarias,
2609 513 2664 558 et
2694 504 2773 559 sic
2798 504 3016 559 ducitur
3047 522 3145 576 per
3176 505 3354 577 ipsum
3382 525 3560 581 usque

1944 587 2000 642 in
2033 599 2273 644 montem
2303 591 2615 661 quidicitur
2673 592 2982 668 Categonis,
3004 595 3275 649 etdeindc
3292 596 3360 651 ad
3389 598 3552 652 meri-

1943 680 2094 734 diem
2124 681 2478 736 descenditur
2506 699 2607 753 per
2636 685 2852 738 Serram
2883 701 3054 755 super
3085 686 3265 741 locum
3290 689 3384 758 qui
3416 689 3560 744 dici-

1945 777 2033 824 tur
2062 771 2340 840 Miliarias,
2375 780 2428 828 et
2460 775 2779 844 pervenitur
2819 777 2886 829 ad
2930 777 3155 832 Crucem
3175 794 3342 849 super
3371 781 3554 834 villam

1943 881 2065 935 qua:
2097 865 2482 921 diciturCurtis
2515 885 2527 920 :
2557 869 2758 923 deinde
2777 871 3024 925 tenditur
3051 887 3226 942 usque
3261 874 3327 927 ad
3363 891 3556 944 rupem

1942 953 2056 1008 sive
2089 953 2320 1010 Cherum
2354 955 2594 1023 Clarinti,
2626 966 2681 1012 et
2706 959 2922 1014 venitur
2952 976 3052 1030 per
3087 963 3458 1018 summitatem
3491 964 3558 1019 de

1945 1044 2106 1100 Serra
2135 1062 2311 1117 usque
2340 1047 2394 1100 in
2419 1048 2594 1102 rivum
2652 1049 3002 1118 Merdarium,
3045 1061 3099 1107 et
3125 1053 3343 1109 ducitur
3382 1071 3559 1126 usque

1947 1135 2002 1189 in
2033 1135 2257 1191 fluvium
2291 1138 2382 1208 qui
2415 1139 2615 1194 dicitur
2638 1139 2817 1208 Tecle,
2851 1151 2907 1196 et
2944 1159 2975 1196 a
3012 1154 3166 1214 parte
3243 1144 3420 1212 Circii,
3455 1148 3562 1201 hoc

1946 1231 2117 1285 estab
2175 1232 2504 1287 occidentali
2563 1232 2742 1289 fronte
2799 1236 3016 1290 venitur
3045 1238 3098 1290 in
3141 1245 3364 1293 stratam
3416 1240 3558 1294 viam

1947 1325 2221 1395 publicam
2251 1342 2417 1397 quam
2440 1327 2633 1383 dicunt
2649 1329 2790 1384 Duas
2815 1329 3062 1393 Sorores,
3079 1341 3134 1386 et
3155 1332 3560 1405 veniturusque

1951 1417 2003 1470 in
2036 1417 2346 1472 Literanum
2417 1435 2514 1489 per
2564 1420 2737 1490 ipsam
2768 1421 2911 1476 viam
2943 1421 3219 1491 publicam
3248 1430 3262 1477 ξ
3295 1424 3499 1479 deinde
3529 1441 3559 1478 a

1951 1518 2103 1580 parte
2132 1511 2433 1581 aquilonali
2462 1512 2564 1567 sub
2581 1512 2781 1569 Sancto
2795 1514 2975 1570 Felice
3007 1517 3340 1585 tenditur,et
3371 1534 3562 1589 perve-

1950 1599 2095 1654 nitur
2124 1615 2300 1670 usque
2332 1600 2386 1653 in
2419 1600 2636 1656 alodem
2669 1601 2883 1658 Sanctae
2911 1603 3116 1661 Mariae.
3152 1607 3284 1660 Item
3314 1607 3446 1661 alibi
3474 1623 3562 1663 ec-

1947 1693 2170 1748 clesiam
2201 1695 2385 1749 Sancti
2433 1695 2647 1749 Martini
2673 1713 2797 1751 cum
2845 1697 2976 1752 villa
3019 1699 3088 1753 de
3135 1699 3407 1768 Cleirano,
3436 1718 3560 1757 cum

1875 1746 1924 1812 Β
1948 1786 2148 1841 finibus
2171 1794 2224 1841 et
2246 1787 2573 1855 adjacentiis
2599 1789 2734 1844 suis.
2757 1791 2892 1845 ltem
2919 1791 3103 1847 villam
3127 1746 3415 1848 (lastellani
3436 1811 3557 1849 cum

1943 1879 2160 1933 duabus
2191 1878 2445 1934 ecclesiis
2474 1879 2552 1933 ibi
2582 1879 2843 1948 fundatis,
2890 1882 2994 1938 hoc
3021 1890 3106 1939 est
3129 1886 3302 1940 sancti
3329 1887 3561 1942 Andreae

1944 1977 2000 2023 et
2026 1969 2201 2024 beata:
2231 1969 2413 2022 Mariae
2443 1986 2665 2038 semper
2703 1971 2954 2045 virginis,
2984 1989 3107 2028 cum
3167 1976 3327 2030 alode
3354 1992 3478 2044 suo,
3508 1986 3562 2031 et

1945 2074 2068 2113 cum
2100 2058 2331 2113 decimis
2357 2069 2412 2112 et
2456 2059 2716 2128 primitiis
2745 2061 2880 2127 suis,
2914 2068 2970 2116 et
3009 2077 3133 2116 cum
3189 2064 3339 2118 omni
3362 2071 3559 2119 ornatu

1946 2164 2152 2222 earum.
2188 2149 2310 2218 Ipsa
2333 2149 2473 2202 villa
2495 2149 2671 2217 posita
2692 2157 2775 2203 est
2799 2150 2941 2204 inter
2970 2150 3186 2216 afﬁnes,
3209 2154 3326 2208 sive
3359 2151 3561 2208 affron-

1943 2239 2197 2306 tationes,
2240 2240 2293 2292 id
2316 2248 2399 2294 est
2438 2255 2504 2296 ex
2544 2256 2654 2294 una
2715 2250 2870 2311 parte
2903 2243 3279 2299 interminium
3307 2246 3376 2300 de
3405 2246 3560 2299 Moli-

1945 2332 2056 2405 gio,
2085 2333 2170 2385 vel
2204 2333 2256 2385 in
2288 2332 2405 2401 ipsa
2439 2330 2748 2398 Petraﬁcta,
2779 2341 2834 2388 et
2886 2352 2951 2390 ex
2991 2336 3098 2390 alia
3127 2345 3282 2407 paJte
3338 2337 3392 2390 in
3442 2337 3557 2408 ipsa

1945 2435 2068 2474 arca
2092 2420 2161 2475 de
2195 2420 2477 2484 Casalone,
2509 2435 2562 2480 et
2609 2422 2756 2476 vadit
2789 2440 2886 2494 per
2915 2423 3160 2491 Comam,
3214 2442 3321 2497 qua
3368 2426 3555 2494 pergi-

1945 2515 2030 2562 tur
2051 2510 2118 2562 ad
2174 2509 2378 2565 ﬂumen
2430 2513 2620 2580 Tede;
2660 2514 2728 2569 de
2786 2513 2946 2568 tertia
2994 2521 3147 2584 parte
3187 2514 3353 2569 habet
3410 2515 3560 2585 ipsos

1944 2601 2155 2655 casales
2195 2603 2264 2656 de
2318 2603 2606 2678 Mengone.
2667 2608 2800 2661 ltem
2833 2622 2864 2659 a
2907 2613 3099 2676 quarta
3157 2607 3449 2661 terminum
3489 2607 3558 2661 de

1947 2687 2128 2744 Canoa
2173 2690 2257 2744 vel
2304 2691 2612 2758 Petraﬁcta,
2660 2702 2715 2748 et
2758 2694 2980 2748 venitur
3043 2710 3216 2765 usque
3247 2695 3303 2748 in
3352 2694 3558 2748 ﬂumen

1944 2777 2108 2843 Tede,
2143 2786 2196 2832 et
2228 2780 2367 2835 ultra
2399 2783 2579 2852 ipsum
2611 2783 2816 2836 flumen
2847 2789 3114 2854 quantum
3148 2786 3370 2838 tenebat
3387 2785 3562 2839 Xeno-

1947 2867 2136 2924 fredus
2166 2885 2352 2926 comes
2383 2873 2435 2926 in
2459 2873 2551 2928 die
2581 2874 2768 2928 obitus
2827 2875 2936 2940 sui,
2959 2882 3014 2929 et
3043 2875 3227 2930 villam
3259 2874 3557 2943 Torrentis,

1947 2973 2070 3011 cum
2111 2957 2336 3024 ﬁnibus,
2368 2963 2616 3017 terminis
2648 2964 2763 3019 sive
2793 2964 3119 3032 adjacentiis
3144 2965 3279 3030 suis,
3302 2967 3441 3020 sicut
3460 2981 3561 3036 per

1943 3049 2269 3121 scripturam
2301 3053 2449 3108 idem
2479 3056 2875 3111 monasterium
2929 3056 3134 3112 habere
3173 3057 3410 3112 videtur.
3445 3056 3559 3112 Vil-

1943 3145 2047 3200 lam
2098 3146 2365 3219 Tarcfagii
2398 3164 2465 3202 ex
2521 3148 2756 3222 integro,
2814 3156 2867 3204 et
2907 3151 3128 3204 alodem
3170 3151 3239 3206 de
3309 3151 3555 3226 Moligio,

1939 3244 2203 3306 quantum
2228 3235 2328 3305 ipsi
2382 3237 2716 3292 monasterio
2775 3239 3034 3311 pertinet.
3093 3239 3227 3294 ltem
3289 3247 3555 3311 quantum

1941 3323 2179 3392 pertinet
2198 3323 2247 3377 ei
2279 3324 2347 3378 de
2360 3324 2520 3378 alode
2542 3326 2615 3380 de
2640 3325 2926 3391 Moseddo,
2957 3335 3012 3382 et
3051 3337 3319 3399 quantum
3347 3328 3396 3382 ei
3427 3345 3556 3398 per-

1943 3415 2076 3468 tinet
2098 3414 2167 3467 de
2211 3414 2370 3468 alode
2411 3415 2480 3469 de
2537 3417 2856 3482 Arbuzolos,
2888 3426 2946 3472 et
2972 3418 3302 3484 Planizolos,
3336 3428 3390 3475 et
3417 3421 3562 3476 inter

1943 3503 2112 3569 rivos,
2142 3510 2196 3557 et
2253 3503 2308 3556 in
2359 3503 2487 3558 villa
2538 3505 2789 3573 Mosetto,
2821 3516 2875 3560 et
2935 3507 2990 3560 in
3023 3507 3152 3562 villa
3184 3508 3432 3580 Felgaria
3461 3526 3562 3579 per

1944 3591 2084 3648 ﬁnes
2102 3600 2156 3647 et
2172 3593 2436 3648 terminos
2464 3608 2614 3649 suos.
2650 3595 2782 3650 [tem
2824 3595 2877 3648 in
2927 3594 3067 3649 valle
3089 3595 3426 3650 Sauriniano
3457 3612 3556 3651 ec-

1945 3682 2167 3737 clesiam
2197 3683 2380 3737 Sancti
2428 3683 2706 3738 Michaelis
2742 3699 2865 3739 cum
2896 3683 3156 3738 omnibus
3198 3685 3364 3738 rebus
3402 3685 3469 3738 ad
3499 3700 3559 3738 se

1946 3771 2375 3841 pertinentibus.
2397 3771 2454 3825 In
2480 3771 2744 3827 comitatu
2775 3787 3015 3842 namque
3044 3772 3559 3828 Feniliorensicon-

1947 3865 2227 3921 ﬁrmamus
2283 3881 2478 3921 omnes
2536 3882 2624 3921 res
2663 3866 2768 3938 ipsi
2821 3866 3157 3922 monasterio
3190 3866 3558 3937 pertinentes,

1949 3959 2004 4012 in
2031 3955 2170 4013 valle
2199 3941 2508 4014 Conﬂuenti
2553 3975 2747 4014 omnes
2785 3975 2872 4014 res
2920 3959 3024 4013 sibi
3053 3958 3400 4029 pertinentes
3429 3975 3554 4013 cum

1949 4049 2153 4104 ﬁnibus
2183 4058 2237 4104 ct
2263 4049 2515 4104 terminis
2562 4050 2698 4106 suis.
2760 4050 2894 4105 ltem
2958 4051 3014 4128 in
3045 4050 3306 4106 comitatu
3362 4050 3561 4105 Sarda-

1949 4141 2129 4196 niensi
2161 4141 2288 4196 villa
2309 4141 2492 4208 Orutz,
2521 4158 2644 4196 cum
2675 4141 2820 4197 villis
2857 4148 2910 4196 et
2938 4140 3313 4206 villarunculis
3342 4142 3476 4204 suis,
3507 4145 3561 4196 ei.

1947 4255 2070 4293 cum
2088 4238 2350 4294 omnibus
2379 4238 2702 4307 adjacentiis
2760 4253 2971 4305 earum,
3005 4248 3063 4294 et
3099 4238 3318 4294 alodem
3343 4239 3415 4293 de
3451 4238 3562 4293 An-

1946 4334 2126 4408 gulos,
2149 4350 2273 4390 cum
2304 4334 2426 4404 ipso
2457 4333 2723 4404 Mercato,
2751 4340 2959 4389 etcum
2985 4331 3192 4388 ﬁnibus
3222 4342 3278 4388 et
3309 4334 3558 4388 terminis

1943 4429 2058 4483 suis
2090 4447 2104 4493 ;
2137 4429 2320 4484 villam
2354 4429 2610 4503 Laginam
2633 4419 2766 4484 cum'
2789 4429 3022 4484 ecclesia
3048 4428 3232 4484 Sancti
3264 4427 3559 4494 Vincentii,

1945 4527 2142 4575 etcum
2172 4519 2377 4574 ﬁnibus
2429 4528 2485 4575 et
2531 4521 2780 4575 terminis
2835 4521 2995 4586 suis;
3028 4521 3213 4578 villam
3267 4521 3559 4592 Ballogarii

1952 4622 2074 4661 cum
2105 4607 2339 4662 ecclesia
2406 4607 2590 4662 Sancti
2647 4606 2886 4670 Thomas,
2930 4615 3126 4664 etcum
3157 4609 3299 4664 villis
3327 4611 3560 4665 etvilla-

1954 4695 2196 4751 runculis
2224 4696 2359 4761 suis,
2389 4704 2444 4750 et
2473 4713 2596 4750 cum
2627 4695 2887 4752 omnibus
2917 4698 3170 4752 terminis
3207 4698 3342 4761 suis,
3382 4707 3436 4754 et
3463 4700 3565 4754 vil-

1953 4787 2059 4840 lam
2111 4785 2306 4850 Laren,
2362 4785 2730 4851 Mazunculas,
2771 4794 2826 4840 et
2855 4785 3036 4851 Talax,
3069 4793 3124 4841 et
3162 4786 3411 4852 Olenias,
3437 4805 3560 4842 cum

1953 4876 2187 4933 ecclesia
2217 4877 2402 4931 Sancti
2457 4877 2744 4946 Stephani,
2778 4883 2833 4931 et
2863 4877 3140 4933 Saltonem
3173 4895 3297 4933 cum
3329 4879 3565 4933 ecclesia

1952 4967 2134 5022 Sancti
2176 4966 2431 5031 Mauritii,
2459 4973 2514 5020 et
2543 4966 2858 5037 parochiam
2889 4967 3070 5024 Sancti
3110 4969 3255 5024 Petri
3287 4969 3356 5023 de
3387 4967 3566 5022 lnt‘ur-

1951 5064 2091 5126 cato,
2125 5066 2179 5113 et
2203 5056 2491 5112 ecclesiam
2542 5056 2838 5113 Salvatoris
2895 5059 2964 5114 de
2996 5060 3218 5131 Sponna
3239 5075 3361 5115 cum
3411 5058 3566 5112 deci-

189 4783 560 4853 stipendium
617 4785 955 4857 regularium
996 4784 1227 4840 fratrum
1273 4785 1481 4839 ibidem
1527 4799 1676 4838 nunc
1719 4782 1850 4837 etin

188 4886 509 4948 posterum
554 4879 664 4933 Deo
702 4880 1057 4934 servientium
1089 4879 1562 4940 reconﬁrmamus.
1596 4877 1852 4934 corrobo-

187 4985 427 5035 ramus,
449 4977 503 5024 et
551 4972 812 5040 praesenti
863 4970 1206 5042 protectione
1229 4971 1331 5026 sub
1363 4971 1624 5026 continua
1649 4969 1849 5024 immu-

184 5060 388 5115 nitate
425 5061 759 5129 stabilimus,
811 5063 954 5118 sicut
988 5079 1019 5117 a
1052 5062 1444 5118 decessoribus
1478 5060 1681 5117 nostris
1723 5075 1850 5114 san-

182 5150 482 5205 ctissimis
508 5150 866 5222 pontiﬁcibus
890 5161 1059 5224 atque
1084 5151 1567 5207 Christianissimis
1620 5150 1852 5204 Franco-
1952 5148 2056 5203 mis
2085 5156 2140 5203 et
2165 5146 2422 5218 primitiis
2447 5146 2580 5213 suis,
2613 5153 2668 5201 et
2696 5147 2880 5203 villam
2911 5150 3170 5206 Vulcarca
3211 5166 3331 5204 cum
3361 5148 3566 5204 ﬁnibus

180 5257 330 5296 rum
359 5242 592 5316 regibus
619 5243 843 5298 videtur
871 5243 1259 5299 conﬁrmatum
1287 5259 1385 5298 seu
1409 5241 1848 5298 corroboratum.
1951 5239 2089 5294 suis.
2123 5239 2455 5315 Aragolisam
2481 5255 2605 5294 cum
2619 5240 2780 5296 alode
2804 5248 2857 5296 et
2881 5242 3114 5296 ecclesia
3139 5240 3320 5295 Sancti
3349 5239 3562 5294 Jacobi.

183 5336 260 5390 In
295 5335 512 5407 primis
538 5337 726 5392 villam
767 5337 998 5393 Cotoleti
1043 5343 1096 5392 et
1133 5336 1318 5392 villam
1384 5335 1664 5401 Tauriani,
1726 5349 1850 5388 cum
1958 5330 2146 5385 Buluir
2175 5345 2298 5384 cum
2329 5329 2566 5384 ecclesia
2617 5329 2830 5385 Sanctae
2886 5330 3131 5396 Caecilize,
3167 5336 3222 5384 et
3273 5345 3398 5384 cum
3448 5329 3568 5399 ipso

181 5427 468 5484 ecclesia
500 5429 685 5485 Sancti
715 5430 1000 5485 Fructuosi
1023 5436 1079 5485 et
1117 5428 1375 5484 omnibus
1409 5427 1577 5483 rebus
1602 5426 1706 5482 sibi
1731 5441 1858 5497 per-
1965 5421 2117 5486 Poio,
2151 5419 2412 5492 parochia
2433 5420 2613 5476 Sancti
2643 5421 2863 5477 Thomae
2882 5436 3004 5491 quae
3036 5426 3120 5474 est
3143 5419 3199 5473 in
3225 5418 3569 5490 Ventegiola,

180 5520 552 5576 tinentibus.
581 5521 719 5577 Item
742 5522 928 5577 villam
969 5537 1090 5593 quae
1135 5520 1338 5576 dicitur
1364 5519 1562 5585 Cortis,
1595 5525 1649 5573 et
1677 5516 1865 5572 omnia

181 5612 403 5682 posita
436 5612 583 5669 inter
606 5615 705 5669 hos
728 5612 927 5669 afﬁnes
959 5613 1014 5667 in
1046 5611 1282 5668 circuitu
1317 5609 1670 5675 monasterii,
1702 5607 1756 5662 id
1780 5615 1864 5661 est

182 5701 270 5756 ab
298 5703 577 5761 orientali
607 5711 760 5777 parte
814 5703 943 5760 ﬁnis
977 5720 1077 5775 per
1134 5702 1506 5759 summitatem
1537 5699 1720 5762 Serre,
1755 5713 1861 5766 qua

1966 5601 2304 5657 monasterio
2334 5600 2742 5672 pertinentesin
2773 5600 3036 5656 comitatu
3055 5598 3422 5664 Sardiniensi,
3449 5613 3573 5653 cum

1967 5692 2171 5747 ﬁnibus
2196 5693 2329 5758 suis,
2360 5698 2414 5745 et
2463 5693 2517 5744 in
2551 5692 2809 5746 comitatu
2865 5691 3187 5765 Vergadano
3251 5691 3465 5749 alodem
3508 5689 3574 5742 de

564 5836 864 5897 PATROL.
917 5833 1254 5896 CXXXV.
1981 5802 2035 5844 κ
3063 5829 3132 5893 31

1965 5529 2091 5568 cum
2123 5512 2354 5568 decimis
2384 5520 2438 5568 et
2477 5513 2737 5584 primitiis
2783 5512 2917 5567 suis.
2951 5512 3084 5566 Item
3117 5527 3313 5567 omnes
3341 5527 3429 5565 res
3469 5508 3574 5580 ipsi
3651 5529 3658 5538 -
