4038 6178
496 284 593 339 971

495 409 814 483 Spongiola,
849 418 904 464 et
930 414 1113 463 monte
1142 408 1326 483 Nigro,
1351 416 1404 463 et
1431 425 1627 465 omnes
1649 409 1839 466 alodes
1859 412 1964 482 ipsi
1994 427 2110 466 mo-
2138 418 2188 484 Α
2214 416 2360 488 quod
2388 432 2497 471 non
2526 415 2824 482 credimus,
2854 416 2986 470 huic
3040 423 3227 472 nostro
3273 419 3578 489 apostolico
3604 419 3832 488 privile~
4035 408 4038 476 Ῐ

495 498 737 552 nasterio
769 497 1130 568 pertinentes,
1178 503 1233 551 et
1287 495 1342 550 in
1389 497 1526 551 valle
1574 496 1898 553 Conﬁuente
1927 500 2110 554 villam

497 587 1258 653 Folionum,Setimdianum,
1319 588 1730 656 Cornelianum,
1791 591 2110 658 Vernctum,

495 679 817 745 Cirisacum,
849 678 1160 747 Arrianum,
1190 680 1391 753 Auger,
1423 681 1632 746 Henne,
1666 688 1720 734 et
1744 680 1797 735 in
1821 681 1948 735 villa
1975 682 2113 736 Evu-

498 771 567 836 lo,
601 770 829 836 Juliulo,
863 769 1174 840 Campilias,
1211 770 1527 836 Flazonum,
1569 772 1787 838 Saorra,
1821 768 2106 836 Foliolum,

492 858 856 926 Torrendum,
888 864 942 912 et
969 857 1184 925 Pinum,
1203 858 1604 926 Portinianum,
1633 868 1689 914 et
1708 859 2104 925 Mascaronem,

495 960 550 1005 et
576 966 772 1005 omnes
803 950 938 1004 alias
969 965 1057 1004 res
1095 951 1343 1018 ejusdem
1397 951 1732 1006 venerabilis
1787 951 2106 1006 monasterii

496 1044 708 1116 positas
740 1045 792 1098 in
822 1044 965 1098 valle
991 1043 1323 1099 Conﬂuenti.
1357 1045 1490 1100 Item
1543 1046 1599 1100 in
1651 1047 1911 1102 comitatu
1948 1047 2106 1101 Feni-

493 1133 752 1200 lionensi,
776 1133 1067 1188 ecclesiam
1096 1133 1306 1187 Sanctae
1365 1134 1548 1192 Crucis
1606 1150 1728 1189 cum
1777 1136 2026 1203 castello,
2057 1142 2111 1190 et

492 1221 752 1276 omnibus
798 1221 966 1275 rebus
1013 1221 1079 1274 ad
1134 1237 1192 1276 se
1246 1221 1671 1292 pertinentibus.
1746 1224 1805 1277 In
1852 1224 2110 1280 comitatu

497 1315 890 1370 Rossilionensi
927 1323 982 1369 et
1006 1315 1222 1370 alodem
1265 1317 1334 1370 de
1367 1316 1519 1371 Petra
1553 1317 1739 1383 calcis,
1789 1319 1970 1373 Sancti
2008 1319 2111 1373 Fe-

492 1404 633 1469 licis,
667 1404 954 1465 Miliarum,
992 1405 1194 1470 Insula,
1247 1405 1570 1472 Tunorium,
1610 1406 1808 1460 vallem
1863 1407 2107 1462 Ventuo-

492 1511 628 1560 sam,
663 1493 992 1555 Corvariam,
1023 1494 1314 1567 Nitiagum,
1368 1495 1561 1548 Poium
1622 1495 1879 1562 Vuscani,
1929 1506 1984 1550 et
2017 1497 2104 1550 in-

493 1588 749 1641 terminio
774 1587 844 1641 de
874 1587 1021 1640 Valle
1049 1587 1260 1656 Asperi,
1312 1593 1366 1640 et
1397 1587 1534 1640 valle
1567 1586 1896 1651 Conﬂuenti,
1927 1588 2103 1658 ipsum

490 1678 704 1733 alodem
736 1679 807 1732 de
846 1677 994 1732 Valle
1029 1693 1224 1748 magna
1244 1693 1366 1732 cum
1409 1675 1548 1731 ﬁnes
1596 1684 1650 1731 et
1685 1677 1949 1731 terminos
1977 1693 2106 1732 suos

491 1771 631 1840 (εἰς.)
663 1771 720 1824 ln
752 1770 1010 1825 comitatu
1043 1769 1427 1840 Bisulgunensi
1460 1769 1678 1823 alodem
1713 1770 1780 1822 de
1814 1769 2102 1824 Centenno

491 1875 613 1913 cum
642 1858 844 1912 ﬁnibus
897 1866 951 1911 ct
991 1856 1239 1911 terminis
1289 1856 1425 1920 suis,
1458 1857 1541 1910 vel
1592 1856 1648 1909 in
1689 1856 1811 1910 aliis
1837 1857 1975 1912 locis
2007 1873 2106 1928 po-

489 1948 611 2001 sita.
645 1948 777 2002 ltem
804 1947 856 2000 in
889 1946 1148 2000 comitatu
1215 1945 1522 1999 Ausonensi
1581 1945 1796 2000 alodem
1859 1945 1926 1999 de
1973 1945 2110 2000 Sali-

491 2033 732 2101 foras,et
758 2034 924 2088 alium
947 2033 1163 2088 alodem
1214 2032 1308 2104 qui
1357 2032 1458 2088 fuit
1490 2031 1750 2087 Oddonis.
1791 2033 1913 2088 Haec
1939 2033 2109 2107 igitur

491 2122 696 2186 omnia,
731 2137 852 2193 quae
894 2120 1035 2187 istis,
1092 2121 1207 2175 sive
1238 2121 1359 2175 aliis
1384 2122 1670 2176 vocabulis
1701 2131 2104 2192 nuncupantur,

490 2219 752 2266 etomnes
781 2227 868 2266 res
914 2209 970 2265 in
1029 2225 1361 2282 quocunque
1400 2211 1520 2266 loco
1580 2211 1807 2281 positas,
1842 2227 1966 2282 qua:
1995 2211 2104 2266 dici

491 2311 544 2358 et
571 2303 844 2357 nominari
874 2309 1125 2372 possunt,
1155 2308 1346 2372 etquae
1379 2318 1526 2358 nunc
1566 2319 1744 2373 usque
1779 2302 1959 2357 eidem
1987 2317 2110 2358 mo-

492 2391 734 2446 nasterio
764 2390 1061 2461 pertinent,
1087 2399 1143 2444 et
1169 2390 1226 2444 in
1263 2398 1426 2446 antea
1485 2406 1582 2461 per
1611 2390 1833 2461 aliquod
1866 2391 2105 2461 conqui-

490 2485 655 2539 situm
687 2499 862 2554 usque
895 2483 948 2537 in
978 2481 1145 2538 ﬁnem
1199 2483 1408 2550 seculi,
1442 2484 1557 2539 sive
1604 2499 1704 2554 per
1728 2483 1956 2550 litteras,
1992 2483 2109 2538 sive

491 2575 613 2630 sine
644 2574 861 2640 litteris,
930 2574 1209 2644 pertinere
1265 2574 1494 2642 debent,
1551 2574 1964 2645 tibilpraedicto
1997 2574 2109 2629 ﬁlio

493 2670 678 2718 nostro
710 2661 932 2717 Warino
981 2661 1188 2729 abbati,
1229 2661 1755 2732 successoribusque
1787 2662 1895 2716 tuis
1925 2661 2110 2718 omni-

491 2751 656 2807 modo
687 2749 1067 2813 concedimus,
1101 2757 1156 2804 et
1186 2765 1284 2820 per
1334 2750 1478 2803 hanc
1533 2756 1772 2804 nostram
1802 2745 2107 2818 protectio-

493 2861 620 2901 nem
654 2845 975 2916 perenniter
1035 2842 1447 2908 conﬁrmamus,
1497 2858 1620 2897 cum
1686 2841 1872 2904 terris,
1915 2837 2111 2904 vineis,

491 2936 723 3007 campis,
752 2935 946 3007 pratis,
979 2935 1224 3006 pascuis,
1279 2933 1454 2998 silvis,
1502 2932 1771 2996 ecclesiis,
1826 2930 1993 2996 villis,
2024 2944 2117 2983 ca-

495 3030 593 3095 sis,
626 3028 899 3092 aediﬁciis,
944 3027 1105 3082 cultis
1152 3035 1207 3080 et
1251 3026 1495 3090 incultis,
1549 3025 1707 3095 aquis
1727 3032 1781 3078 et
1801 3021 2114 3093 aquimolis,

493 3116 745 3181 decimis,
773 3115 1054 3185 primitiis,
1088 3113 1432 3168 etuniversis
1467 3113 1661 3166 usibus
1701 3118 1754 3165 et
1785 3109 2112 3173 redditibus,

495 3221 621 3260 cum
663 3204 838 3258 servis
891 3212 945 3256 et
1009 3201 1245 3264 ancillis,
1280 3199 1602 3255 aldionibus
1643 3207 1698 3254 et
1744 3197 2029 3263 aldeabus,
2063 3204 2116 3250 et

495 3315 618 3354 cum
658 3297 918 3353 omnibus
973 3312 1096 3366 quae
1135 3293 1242 3348 dici
1291 3303 1345 3348 et
1392 3293 1663 3348 nominari
1714 3298 1962 3363 possunt.
1992 3291 2114 3345 Sta-

497 3398 712 3445 tuentes
738 3389 854 3454 Dei,
876 3395 1126 3443 etnostra
1155 3386 1500 3452 auctoritate,
1516 3386 1626 3440 imo
1649 3390 2109 3454 etprotestantes,

497 3488 556 3535 ut
585 3480 767 3536 nullus
794 3495 904 3544 rex,
942 3478 1126 3532 nullus
1175 3476 1488 3547 episcopus,
1533 3477 1716 3530 nullus
1755 3475 1886 3539 dux,
1926 3474 2114 3528 nullus

497 3587 706 3639 comes,
737 3570 823 3626 vel
869 3570 1199 3634 vicecomes,
1250 3568 1511 3638 nullaque
1569 3566 1856 3622 hominum
1909 3581 2108 3640 magna

494 3663 581 3718 vel
609 3678 774 3733 parva
796 3676 1032 3732 persona
1086 3659 1292 3713 audeat
1343 3657 1439 3711 tibi
1473 3665 1528 3711 et
1552 3656 1975 3711 successoribus
2003 3656 2114 3710 tuis

494 3747 837 3828 violentiam,
883 3766 976 3811 aut
1021 3754 1462 3810 contrarietatem
1509 3753 1747 3824 aliquam
1805 3752 1984 3807 facere
2045 3751 2115 3804 de

490 3849 762 3906 universis
790 3849 976 3911 rebus,
1027 3863 1150 3918 quae
1208 3861 1375 3916 supra
1404 3846 1661 3917 leguntur
1694 3842 2112 3915 pertinentibus

493 3941 601 4012 ipsi
622 3938 958 3994 monasterio
992 3937 1139 3991 Beati
1208 3935 1490 3990 Michaelis
1525 3943 1579 3990 et
1608 3936 1792 3990 Sancti
1824 3934 2103 3989 Germani.

493 4035 677 4106 Neque
704 4033 866 4088 alicui
889 4047 1080 4087 eorum
1112 4031 1273 4086 liceat
1321 4029 1576 4084 homines
1625 4037 1838 4084 vestros
1876 4029 2105 4092 liberos,

415 4162 426 4168 -
490 4135 584 4182 aut
612 4141 820 4192 servos,
853 4125 974 4179 sine
1001 4123 1283 4178 voluntate
1347 4127 1530 4176 vestra
1559 4122 1876 4188 molestare,
1903 4121 2020 4176 sive
2053 4121 2107 4174 in

489 4220 772 4275 servitium
799 4220 1038 4273 trahere.
1079 4216 1187 4271 Sed
1240 4215 1439 4269 amodo
1490 4231 1669 4286 usque
1696 4215 1749 4268 in
1793 4213 1957 4269 ﬁnem
1996 4229 2102 4268 sie-

490 4311 598 4366 culi
652 4310 829 4365 isdem
880 4318 1065 4364 vester
1130 4307 1284 4360 locus
1313 4319 1436 4358 cum
1489 4305 1750 4360 omnibus
1804 4321 1929 4377 quae
1995 4304 2100 4358 sibi

1825 280 2093 335 JOANNIS
2137 282 2251 336 Xlll
2290 283 2497 338 ΡΛΡΑΞ.

2141 3068 2188 3135 C

3725 289 3832 342 9'72

2213 508 2326 579 gio,
2374 508 2428 560 in
2481 507 2668 579 aliquo
2709 508 3016 562 contrarius
3071 524 3196 563 esse
3251 510 3689 580 praesumpserit,
3723 510 3828 563 nisi

2216 617 2280 653 ex
2315 606 2424 653 toto
2457 598 2768 668 resipuerit,
2834 599 2970 653 sciat
3017 615 3077 653 se
3132 599 3504 667 maledictum,
3567 601 3833 671 reproba-

2216 695 2350 752 tum,
2409 695 2576 758 atque
2632 687 3173 753 anathematizatum,
3216 695 3271 742 et
3311 705 3342 742 a
3394 689 3667 744 societate
3698 687 3831 742 ﬁde-

2215 775 2345 830 lium
2367 775 2558 830 Christi
2592 783 2646 830 et
2672 784 2875 831 sanctae
2907 777 3001 831 Dei
3057 777 3310 832 Ecclesiae
3375 784 3724 848 separatum,
3779 786 3831 830 et

2211 884 2333 922 cum
2363 867 2622 922 omnibus
2672 867 2859 938 impiis
2889 869 3010 922 sine
3060 866 3170 922 ﬁne
3190 867 3592 936 damnandum,
3614 875 3673 922 et
3707 884 3830 937 per-

2209 959 2650 1029 petuoincendio
2680 976 2801 1013 cum
2834 959 2973 1013 Juda
3013 959 3275 1013 traditore
3329 960 3829 1022 concremandum,

2209 1062 2273 1100 ex
2300 1047 2620 1102 auctoritate
2654 1047 2747 1102 Dei
2803 1047 3218 1117 omnipotentis,
3249 1053 3302 1100 et
3333 1046 3477 1102 beati
3513 1047 3666 1102 Petri
3699 1063 3832 1117 apo-

2211 1134 2475 1188 stolorum
2537 1133 2821 1204 principis,
2875 1141 3172 1205 nostroque
3229 1135 3539 1205 apostolico
3590 1134 3811 1204 judicio

2211 1226 2308 1289 Qui
2339 1242 2468 1280 vero
2501 1225 2616 1279 haec
2671 1241 2794 1296 quae
2824 1241 2855 1279 a
2903 1225 3064 1280 nobis
3112 1225 3334 1280 decreta
3359 1233 3488 1281 sunt
3549 1227 3832 1281 custodire

2211 1324 2266 1371 et
2295 1317 2592 1391 diligenter
2617 1319 2908 1373 observare
2936 1320 3227 1386 studuerit,
3254 1319 3674 1375 benedictionis
3701 1337 3830 1392 gra-

2211 1408 2336 1461 tiam
2383 1425 2413 1462 a
2464 1408 2982 1464 misericordissima
3041 1411 3274 1467 Domino
3331 1428 3430 1483 per
3488 1420 3740 1467 nostram
3773 1419 3825 1465 et

2207 1499 2454 1554 omnium
2504 1507 2815 1555 sanctorum
2880 1503 3344 1557 interventionem
3402 1502 3679 1574 consequi
3712 1519 3832 1557 me—

2209 1600 2410 1657 reatur,
2462 1600 2516 1646 et
2556 1592 2757 1664 gaudia
2810 1602 3092 1663 perpetuae
3146 1594 3507 1649 beatitudinis
3557 1594 3832 1667 angelicis

2201 1683 2424 1752 junctus
2445 1684 2758 1759 agminibus
2779 1685 3204 1742 valeatfeliciter
3228 1687 3502 1743 obtinere.

2279 1776 2549 1846 Scriptum
2591 1793 2692 1847 per
2747 1794 2968 1832 manum
3010 1779 3275 1850 Stephani
3303 1779 3498 1834 notarii
3531 1779 3829 1849 regionarii

2208 1875 2262 1922 et
2289 1868 2780 1924 scriniariisanctae
2821 1870 2968 1924 sedis
2999 1871 3338 1940 apostolicae,
3387 1871 3442 1924 in
3489 1886 3687 1924 mense
3723 1871 3824 1923 De-

2209 1960 2474 2026 cembrio,
2499 1968 2553 2015 et
2581 1961 2883 2016 indictione
2929 1962 3281 2016 duodecima.
3323 1963 3468 2016 Bene
3499 1962 3702 2016 valete.
3736 1961 3833 2015 Per

2210 2050 2311 2104 hoc
2345 2055 2524 2102 tamen
2584 2049 2794 2103 nullum
2845 2049 3002 2104 vobis
3041 2057 3093 2103 et
3148 2050 3330 2104 eidem
3371 2050 3720 2104 monasterio
3741 2049 3833 2117 jus

2209 2137 2277 2192 de
2309 2154 2449 2193 novo
2502 2139 2711 2210 acquiri
2765 2139 3035 2205 volumus,
3097 2140 3195 2193 sed
3239 2140 3532 2212 antiquum
3574 2149 3830 2194 tantum-

2208 2233 2373 2288 modo
2410 2232 2742 2288 conservari.
2789 2263 2843 2271 -—
2877 2233 3067 2287 Datum
3111 2233 3336 2288 Viterbii
3391 2249 3488 2286 xm
3525 2232 3647 2288 Kal.
3685 2232 3832 2294 Maii,

2209 2336 2354 2375 anno
2387 2321 2567 2375 tertio.

2901 2410 2992 2464 ΧΠ
3025 2413 3124 2465 bis.

2211 2515 2378 2554 sucu
2407 2514 2626 2554 JOANNIS
2667 2517 2812 2554 mea:
2851 2517 2945 2555 xm
3004 2515 3422 2642 PRO(ABSCETBRIO
3463 2515 3834 2562 QUINTBLEII-

2818 2589 3078 2628 successu
3185 2601 3216 2635 ;.

2818 2589 3078 2628 successu
3119 2589 3216 2635 (δ).

2846 2661 3026 2730 (Anno
3050 2659 3175 2716 969.
3188 2672 3203 2722 ι

2503 2754 2678 2827 [Apud
2707 2756 2898 2824 Mansi,
2932 2757 3130 2813 Conril.
3173 2755 3358 2822 XVlll,
3393 2753 3542 2825 505.]

2283 2841 2524 2896 Joannes
2551 2843 2867 2915 episcOpus,
2885 2859 3079 2899 servus
3107 2857 3393 2899 servorum
3417 2840 3532 2896 Dei.
3574 2839 3838 2912 Corporis

2217 2937 2273 2983 et
2308 2931 2509 2984 mentis
2538 2931 2909 3004 generositate
2949 2930 3312 3002 praefulgidie,
3344 2934 3535 2999 utpote
3582 2928 3842 3002 Augustae

2217 3018 2566 3074 liberalitatis
2615 3019 2941 3076 Marianum
2995 3019 3503 3090 incomparabiliter
3567 3016 3842 3073 laudabili

2215 3114 2511 3169 abbatissae
2559 3115 2895 3169 venerabilis
2951 3114 3273 3170 monasterii
3333 3113 3466 3168 dicti
3505 3112 3841 3185 Quitiligga-

2217 3202 2377 3276 burg,
2410 3209 2466 3256 et
2509 3219 2606 3273 per
2645 3219 2704 3257 se
2741 3203 3002 3257 omnibus
3044 3201 3282 3273 posteris
3331 3202 3459 3266 tuis,
3526 3208 3587 3255 et
3633 3207 3841 3254 sancta:

2214 3291 2630 3363 congregationi
2692 3291 3016 3346 ancillarum
3079 3289 3279 3344 Christi
3355 3289 3432 3343 ibi
3485 3289 3841 3362 degentium.

2212 3401 2469 3456 supernae
2497 3385 2688 3460 gratiae
2711 3384 3113 3456 plenitudinem
3156 3383 3635 3455 apostolicamque
3669 3383 3849 3436 bene-

2215 3475 2542 3531 dictionem.

2287 3571 2419 3636 Quia
2454 3587 2553 3642 per
2579 3571 2797 3625 beatum
2830 3570 3050 3625 Petrum
3091 3569 3469 3641 apostolorum
3502 3568 3848 3641 principem.

2217 3664 2374 3733 cujus
2399 3663 2657 3720 videlicet
2687 3664 2870 3718 minus
2903 3664 3090 3719 idonei
3114 3663 3416 3736 fungimur,
3445 3661 3855 3718 ecclesiastica

2221 3756 2507 3827 potestatis
2537 3757 2664 3825 jura
2685 3755 2894 3828 ubique
2939 3763 3206 3810 terrarum
3231 3754 3564 3811 auctoritate
3590 3769 3849 3825 evange-

2219 3851 2323 3906 lica
2373 3857 2538 3919 atque
2584 3847 2902 3903 authentica
2970 3853 3284 3903 sanctorum
3339 3845 3565 3900 Patrum
3629 3845 3854 3900 habere

2209 3942 2483 4008 videmur,
2549 3940 2756 3996 idcirco
2813 3939 3132 4010 specialiter
3185 3939 3510 4010 dispensare
3548 3946 3760 3994 cuncta
3785 3937 3856 3993 ad

2209 4030 2604 4101 omnipotentis
2635 4029 2726 4084 Dei
2757 4029 2975 4084 laudem
2991 4035 3044 4082 et
3063 4027 3422 4084 orthodoxam
3475 4028 3852 4101 religionem,

2210 4119 2361 4174 nullo
2412 4117 2810 4174 catholicorum
2861 4117 3176 4182 resistente,
3255 4131 3417 4187 posse
3476 4115 3839 4172 conﬁdimus

2212 4215 2452 4286 ideoque
2484 4214 2813 4269 universitas
2853 4209 3300 4267 Christiﬁdelium
3355 4211 3621 4282 cupimus
3664 4217 3734 4266 ut
3763 4226 3864 4266 co-

2203 4315 2431 4383 gnoscat
2451 4307 2688 4378 qualiter
2718 4321 2820 4360 nos
2875 4321 2972 4375 per
3007 4305 3381 4359 interventum
3433 4303 3771 4360 charissimi
3809 4311 3870 4358 et

489 4418 638 4456 nunc
669 4401 967 4472 pertinent,
998 4408 1052 4453 et
1083 4399 1138 4452 in
1180 4397 1342 4454 antea
1363 4399 1637 4470 pertinere
1655 4397 1883 4462 debent,
1917 4384 2179 4470 quieteD
2203 4397 2502 4468 spiritualis
2517 4396 2616 4451 ﬁlii
2648 4395 2815 4452 nostri
2848 4395 3036 4451 domni
3088 4395 3301 4450 Ottonis
3349 4409 3578 4465 semper
3607 4395 3866 4468 Augusti

490 4503 545 4547 et
566 4491 794 4563 paciﬁce
823 4499 1043 4545 maneat
1071 4490 1174 4544 sub
1225 4489 1437 4547 ditione
1479 4498 1682 4545 sancta
1715 4489 1971 4544 Romana;
1994 4507 2104 4545 ma-

492 4585 591 4638 tris
623 4585 897 4649 Ecclesiae,
929 4585 1086 4651 cujus
1110 4584 1255 4652 juris
1298 4593 1380 4638 est
1436 4585 1504 4638 ad
1543 4583 1851 4655 regularem
1907 4591 2106 4639 etmo-

490 4677 752 4731 nasticam
783 4675 1258 4748 tranquillitatem,
1283 4675 1534 4730 omnium
1572 4676 1859 4730 hominum
1885 4675 2105 4744 penitus

490 4773 546 4818 et
609 4765 816 4834 ubique
872 4763 1308 4819 contradictione
1365 4772 1595 4818 remota.
1653 4763 1862 4834 Siquis
1893 4772 2103 4832 autem,

556 4938 633 5008 (ὃ)
682 4938 824 5001 Quas
880 4938 1045 4992 modo
1111 4937 1345 5005 subjicio
1393 4935 1622 5008 Joannis
1686 4950 1845 5008 papae
1906 4935 2102 5008 littera:

489 5006 821 5063 transmissae
869 5010 937 5062 ad
984 5025 1072 5062 me
1104 5016 1232 5061 sunt
1261 5025 1291 5062 a
1333 5008 1448 5061 viro
1489 5007 1790 5061 clarissimo
1821 5006 2104 5062 Bartholo-

488 5096 624 5133 mieo
659 5081 929 5149 PrOSpero
955 5078 1661 5151 CamelliniRegiensi,sed_
1685 5078 1903 5151 Mutinae
1938 5077 2102 5151 modo

486 5161 704 5223 agente.
738 5151 861 5223 illas
891 5167 1020 5223 vero
1053 5149 1170 5223 ipse
1204 5149 1428 5223 recepit
1459 5167 1489 5203 a
1533 5149 1836 5203 clarissimo
1865 5149 2103 5223 Antonio

490 5219 740 5276 Uldarico
792 5221 970 5281 Eraht,
1031 5219 1124 5290 qui
1200 5219 1323 5274 illas
1370 5227 1677 5274 extraxerat
1745 5235 1775 5273 e
1831 5219 2102 5274 tabulario

487 5293 774 5362 principali
809 5290 1183 5364 Brusvigensi,
1207 5291 1328 5364 ejus
1358 5307 1502 5364 curae
1547 5290 1858 5364 commisso.
1886 5290 2101 5364 Utrius-

486 5360 595 5434 que
624 5360 823 5416 nomen
848 5361 980 5434 mihi
1005 5360 1362 5434 reserandum
1385 5361 1510 5434 fuit,
1542 5368 1600 5414 ut
1628 5360 1911 5434 publicum
1934 5362 2100 5434 sciret

484 5431 690 5505 quibus
744 5432 1092 5503 potissimum
1141 5432 1262 5505 ejus
1302 5431 1513 5501 accepti
1559 5431 1746 5505 gratiae
1793 5432 2099 5505 referenda:

481 5502 612 5559 sint.
631 5502 1049 5574 Quanquam,ut
1078 5520 1204 5557 vera
1221 5504 1414 5565 fatear,
1440 5502 1704 5557 nonnulla
1722 5503 1778 5557 in
1807 5502 1875 5556 iis
1901 5518 2100 5558 occur—

482 5583 611 5631 runt
637 5591 759 5646 quae
806 5573 1146 5630 dubietatem
1182 5576 1509 5646 ingenerant
1551 5573 1852 5646 Adeuhujus
1907 5574 2098 5646 scripti

481 5643 799 5702 sinceritate
847 5663 862 5711 ;
905 5663 1028 5701 cum
1078 5643 1308 5702 insuetae
1365 5644 1564 5700 Joanni
1603 5643 1721 5699 Xlll
1765 5643 2099 5701 formulae'in

2205 4486 2474 4560 genitoris
2501 4485 2598 4548 tui,
2633 4492 2688 4540 et
2712 4483 3074 4538 sanctissimae
3126 4483 3316 4537 matris
3357 4483 3478 4550 ejus
3519 4481 3866 4537 Mahetilda

2207 4581 2462 4654 Augusta:
2483 4575 2853 4632 serenissima:
2908 4575 3042 4630 avia
3086 4581 3215 4640 tuae,
3242 4573 3532 4644 praefatum
3570 4574 3872 4638 Quitilin-

2206 4668 2418 4742 gaburg
2476 4666 2656 4721 locum
2709 4664 2947 4735 positum
2983 4663 3038 4716 in
3102 4661 3374 4717 territorio
3413 4661 3736 4729 Saxonico,
3771 4664 3871 4718 cui

2208 4775 2448 4832 praeesse
2477 4757 2688 4813 videris
2737 4755 3084 4827 suscepimus
3134 4754 3239 4810 sub
3289 4753 3414 4824 jure
3464 4763 3522 4808 et
3576 4755 3875 4810 continua

2205 4935 2286 4989 eis
2306 4939 2724 4994 concurrant.ut
2743 4929 3876 4997 illa,nostrw,etc.,archifratribus,sicut

2206 5014 2260 5060 et
2291 5013 2487 5060 caetera
2517 5003 2701 5057 statim
2730 5001 3075 5072 inprincipio
3115 5003 3351 5070 corporis
3378 5005 3429 5052 et
3467 5006 3715 5072 mentis,
3758 5014 3853 5058 etc

2205 5075 2479 5130 Nonnulla
2508 5075 2673 5128 etiam
2699 5074 2754 5126 in
2781 5071 3102 5126 numinibus
3126 5073 3521 5142 episcoporum
3547 5071 3874 5129 oﬂ‘enduut

2206 5147 2426 5211 menda,
2460 5161 2582 5216 quae
2607 5145 2742 5200 forte
2759 5153 2886 5197 sunt
2912 5145 2997 5216 vel
3032 5158 3154 5216 esse
3183 5153 3414 5216 possunt
3442 5148 3868 5200 amanuensis.

2205 5219 2435 5272 Demum
2460 5213 2692 5270 indictio
2726 5218 2885 5284 plane
2911 5213 3000 5268 hic
3019 5213 3155 5267 t'allit
3202 5213 3492 5284 Utcunque
3512 5231 3611 5269 res
3652 5217 3872 5271 habeat

2205 5305 2352 5353 sese,
2407 5283 2833 5357 imprimendain
2870 5283 3300 5357 hhancubullam
3363 5283 3591 5349 censui,
3665 5289 3872 5344 relicto

2203 5354 2501 5414 lectoribus
2528 5357 2758 5412 eruditis
2783 5355 3020 5424 judicio.
3048 5354 3234 5426 Neque
3269 5363 3480 5426 tantum
3510 5359 3670 5412 mihi
3704 5376 3872 5414 sumo

2202 5439 2261 5485 ut
2283 5431 2463 5485 ﬁctam
2507 5432 2646 5483 hanc
2696 5429 2922 5484 bullam.
2979 5425 3352 5498 tanquamex
3402 5425 3676 5496 tripode,
3714 5443 3871 5488 certo

2203 5503 2724 5577 pronuntie_m,_cu_m
2782 5498 3085 5577 praesertim
3137 5504 3500 5577 cantet-aﬂuat
3530 5499 3871 5577 hiclcguu-

2202 5568 2290 5628 tur
2312 5572 2540 5628 Joannis
2561 5571 2678 5625 Xlll
2699 5570 2846 5626 aetati
2867 5570 3002 5624 satis
3027 5568 3320 5640 quadrent.
3344 5568 3543 5622 Massn.
