4038 6178
243 263 345 319 973

1466 252 1804 308 EPISTOUE
1844 253 1922 306 ET
1959 251 2354 308 DIPLOMATA.

3463 253 3570 308 974

242 383 476 438 tuitione
521 387 726 436 sanctae
771 381 1028 435 Romana:
1083 379 1294 444 matris,
1335 379 1424 432 cui
1474 377 1854 447 praesidemus,
1887 386 1931 448 Α
1963 375 2219 429 Romana
2257 374 2518 428 Ecclesiae
2550 375 2604 428 in
2634 390 2820 429 mense
2850 376 3054 446 Aprili;
3089 376 3393 433 indictione
3421 387 3573 433 sexta

244 479 532 537 Ecclesia):
561 475 1034 530 allubescentibus
1051 473 1639 542 consentientibusque
1672 471 1727 524 in
1750 471 1857 523 hoc

242 579 441 625 nostrae
481 569 799 639 apostolicae
833 567 1147 637 paternitati
1169 565 1586 620 archifratribus
1614 563 1665 616 in
1691 577 1858 632 syno-

245 662 372 715 dum
411 662 684 715 Ravennae
715 658 1046 733 aggregatis,
1078 657 1336 712 videlicet
1375 657 1533 710 Petro
1573 655 1857 708 Ravenna-

245 757 423 812 tense,
477 749 722 805 Rodaldo
765 748 1066 812 patriarcha
1119 747 1501 818 Aquilagense,
1535 744 1750 798 caeteris
1803 749 1859 797 et

249 840 530 910 episcOpis
597 838 832 893 Widone
900 838 1074 908 Sylvae
1137 836 1506 900 Candidense,
1566 833 1862 888 Benedicto

247 928 569 993 Portuense,
645 926 854 981 Marino
913 925 1233 986 Lutricensi,
1319 924 1548 978 Siccone
1607 922 1860 985 Blesano,

241 1023 455 1077 Joanne
485 1020 768 1090 Spirense,
802 1018 1128 1073 Londoardo
1171 1017 1557 1081 Mindonense,
1595 1013 1863 1068 Lutifrido

247 1112 412 1166 etiam
443 1110 768 1182 Papigense,
810 1106 1148 1176 Luitprando
1197 1105 1588 1168 Cremonense,
1622 1101 1862 1156 Huberto

249 1205 575 1267 Parmense,
608 1201 840 1271 aliisque
884 1199 1048 1253 simul
1101 1197 1470 1253 confratribus
1500 1195 1702 1251 nostris
1743 1193 1865 1263 epi-

247 1297 435 1368 SCOpis
483 1295 682 1350 Italicis
731 1301 785 1348 et
840 1292 1268 1348 Ultramontanis
1328 1304 1557 1344 numero
1587 1288 1867 1358 quinqua-

244 1391 419 1462 ginta,
478 1389 552 1442 ita
579 1396 640 1441 ut
688 1404 718 1440 a
759 1385 1019 1456 praesenti
1073 1383 1289 1439 decima
1327 1382 1690 1437 Kalendarum
1746 1381 1866 1435 Maii

250 1477 354 1532 sub
388 1475 695 1547 patrocinio
736 1481 792 1528 et
821 1473 1057 1527 tuitione
1088 1472 1232 1526 beati
1267 1471 1410 1525 l’etri
1441 1469 1707 1540 principis
1735 1484 1869 1538 apo-

249 1566 517 1621 stolorum
556 1565 785 1635 ejusque
822 1562 1008 1616 vicarii
1050 1561 1334 1632 perpetuis
1373 1559 1715 1630 temporibus
1744 1574 1866 1612 cum

251 1657 512 1714 omnibus
569 1673 628 1710 se
684 1652 1048 1710 attinentibus
1114 1652 1470 1707 constitutum
1524 1651 1946 1742 locatumque'B

252 1745 573 1817 specialiter
637 1759 758 1798 esse
814 1749 1093 1797 noscatur.
1171 1743 1514 1811 Quapropter
1580 1739 1869 1793 statuimus

249 1838 554 1909 apostolica
578 1852 836 1901 censura,
865 1841 921 1888 ut
944 1835 1090 1890 idem
1121 1832 1512 1888 monasterium
1545 1830 1868 1884 omnimodo

249 1928 487 1982 liberum
520 1926 741 1990 amodo,
776 1935 832 1979 et
857 1940 1032 1995 usque
1066 1925 1118 1977 in
1148 1921 1312 1976 ﬁnem
1342 1921 1525 1976 saeculi
1556 1926 1872 1990 perseveret

251 2034 348 2088 per
393 2015 772 2070 auctoritatem
803 2015 897 2068 Dei
939 2022 993 2067 et
1026 2013 1241 2068 Domini
1274 2011 1443 2066 nostri
1484 2010 1613 2064 Jesu
1647 2009 1869 2072 Christi,

251 2105 345 2176 qui
379 2120 547 2174 super
573 2104 790 2157 Petrum
820 2101 987 2156 habet
1043 2101 1361 2165 Ecclesiam,
1397 2116 1494 2170 per
1523 2115 1686 2169 quem
1717 2097 1874 2164 jube-

255 2191 406 2259 mus,
437 2203 491 2247 et
531 2193 808 2247 monendo
843 2197 1225 2262 protestamur,
1258 2197 1316 2242 ut
1347 2188 1529 2242 nullus
1553 2189 1870 2256 imperator,

255 2302 374 2350 rex,
415 2285 523 2339 dux
555 2285 720 2347 ullus,
778 2298 882 2337 nec
925 2282 1239 2352 episcopus,
1280 2280 1541 2350 nullaque
1580 2276 1875 2345 cujuslibet

252 2377 558 2452 dignitatis,
590 2376 708 2428 sive
756 2374 1063 2444 potestatis,
1105 2373 1189 2428 vel
1237 2388 1431 2433 sacrze,
1463 2372 1549 2425 vel
1581 2369 1875 2423 mundanae

257 2483 516 2538 persona,
550 2466 746 2520 audeat
799 2465 1048 2533 ejusdem
1081 2463 1184 2518 loci
1224 2463 1530 2518 abbatissas
1583 2460 1875 2514 molestare

253 2566 309 2612 et
339 2556 672 2627 inquietare,
704 2555 818 2609 sive
876 2555 945 2608 de
977 2553 1236 2608 omnibus
1268 2552 1433 2606 rebus
1456 2551 1706 2618 ejusdem
1737 2546 1876 2602 sacri

256 2650 584 2706 monasterii
630 2649 685 2703 in
743 2649 929 2720 aliquo
961 2648 1288 2712 distrahere,
1315 2647 1398 2700 vel
1431 2646 1500 2699 de
1546 2644 1629 2698 his
1658 2657 1779 2713 quae
1810 2641 1879 2694 ad

255 2741 394 2795 illud
429 2739 709 2810 pertinent
739 2738 1070 2792 diminuere.
1130 2737 1326 2790 Verum
1360 2735 1526 2808 igitur
1550 2732 1794 2804 quietum
1827 2738 1882 2783 et

258 2831 648 2884 inconcussum
718 2829 975 2898 persistat
1029 2842 1152 2880 cum
1226 2826 1440 2880 cunctis
1505 2819 1878 2878 subsistentiis

261 2922 402 2986 suis,
453 2937 578 2976 cum
611 2920 786 2974 servis
824 2928 878 2974 et
920 2918 1156 2984 ancillis,
1206 2916 1398 2971 liberis
1450 2925 1505 2970 et
1538 2916 1877 2986 ascriptitiis,

261 3011 426 3065 terris
456 3009 616 3064 cultis
645 3019 698 3064 et
729 3008 972 3075 incultis,
1005 3015 1058 3062 et
1109 3005 1380 3061 universis
1421 3004 1587 3059 rebus
1617 3021 1740 3076 qua:
1771 3004 1879 3061 dici

1957 462 2186 516 decima.
2236 462 2349 516 Dat.
2382 462 2593 516 decima
2637 463 2748 517 Kal.
2781 463 2902 518 Maii
2935 480 3032 534 per
3060 481 3282 520 manum
3325 465 3574 521 Widonis

1959 554 2205 624 episcOpi
2237 561 2438 608 sanctae
2487 555 2648 609 Silvae
2680 555 2936 610 Candidas
2969 557 3249 622 Ecclesiae,
3280 566 3335 612 et
3358 557 3569 612 biblio-

1958 645 2187 698 thecarii
2237 653 2438 699 sancta!
2465 645 2618 700 sedis
2645 647 2980 717 apostolicae,
3031 664 3199 715 anno,
3232 649 3344 704 Deo
3387 649 3574 719 propi-

1959 735 2059 802 tio,
2088 735 2441 806 pontiﬁcatus
2486 737 2695 792 domini
2721 739 2954 793 Joannis
2984 741 3183 794 summi
3217 739 3496 810 pontiﬁcis
3520 750 3576 796 et

1964 831 2288 886 universalis
2332 832 2474 886 tertii
2507 832 2705 887 decimi
2737 835 3036 902 provisoris
3072 842 3276 890 sanetae
3318 835 3575 890 Romanae

1963 919 2240 987 Ecclesiae,
2272 921 2529 976 videlicet
2571 922 2867 978 undecimo
2909 924 3160 991 ejusdem
3209 924 3442 994 piissimi
3471 925 3568 979 PP.

1965 1024 2130 1074 anno,
2160 1011 2386 1084 August.
2422 1011 2615 1066 Ottone
2646 1027 2677 1064 a
2715 1012 2828 1066 Deo
2858 1018 3118 1067 coronato
3171 1012 3363 1086 Magno
3390 1012 3576 1084 impe-

1966 1111 2140 1158 ratore
2166 1119 2314 1159 anno
2341 1113 2494 1160 sexto
2533 1106 2906 1160 monarchiam
2941 1106 3170 1162 Romani
3203 1107 3420 1179 imperii
3453 1107 3578 1162 feli-

1969 1198 2110 1253 citer
2127 1197 2510 1272 gubernante;
2543 1200 2848 1255 indictione
2877 1209 3028 1256 sexta
3057 1201 3294 1260 decima.

2705 1313 2842 1368 Xlll.

1968 1413 2188 1453 JOANNIS
2242 1417 2390 1455 PAPE
2437 1417 2529 1454 XIII
2588 1417 2928 1455 PRIVILEGIUM
2983 1417 3086 1458 PRO
3146 1418 3393 1458 ECCLESIA
3449 1421 3580 1458 TRE‘

2661 1489 2889 1527 VIRENSI.

2594 1562 2774 1630 (Anno
2803 1561 2954 1629 969.)

2045 1653 2220 1723 [Apud
2249 1653 2560 1722 Hontheim,
2592 1657 2734 1711 Hist.
2773 1659 2976 1710 Trevir.
3011 1657 3258 1726 diplom.,
3302 1662 3434 1712 tom.
3469 1658 3508 1722 l,

2621 1763 2747 1822 pag.
2775 1747 2923 1818 305.]

2039 1833 2275 1887 Joms'as
2303 1835 2618 1904 epise0pus,
2649 1851 2842 1890 servus
2891 1851 3174 1891 servorum
3218 1837 3330 1903 Dei,
3378 1837 3587 1891 charis-

1969 1922 2123 1976 simis
2153 1924 2313 1977 nobis
2347 1924 2399 1976 in
2434 1923 2644 1980 Christo
2693 1925 2948 1979 fratribus
2976 1925 3250 1979 universis
3290 1925 3587 1996 episcOpis,

1972 2028 2034 2066 ac
2064 2011 2229 2067 totius
2259 2013 2546 2085 dignitatis
2593 2023 2647 2068 et
2676 2014 2887 2069 ordinis
2931 2015 3215 2070 catholicis
3257 2016 3413 2081 viris,
3447 2031 3589 2086 prae-

1970 2101 2221 2155 sentibus
2249 2102 2459 2156 scilicet
2489 2111 2543 2156 et
2575 2102 2792 2168 futuris,
2827 2111 3151 2173 perpetuam
3182 2107 3438 2160 salutem.

2046 2194 2178 2256 Quia
2201 2194 2333 2249 licet
2363 2195 2600 2268 indigni,
2625 2196 2825 2251 divinae
2845 2205 3024 2251 tamen
3053 2199 3391 2272 dignationis
3416 2200 3590 2272 gratia

1975 2284 2330 2354 disponente,
2358 2286 2581 2341 B.Petri
2607 2288 2978 2358 apostolorum
3025 2289 3291 2361 principis
3334 2291 3589 2344 sacratis-

1975 2377 2168 2430 simam
2207 2377 2394 2431 sedem
2428 2378 2852 2451 universaleque
2905 2380 2960 2434 in
2994 2387 3106 2435 toto
3151 2381 3285 2435 orbe
3325 2389 3589 2435 terrarum

1976 2466 2346 2521 ministerium
2363 2469 2736 2539 suscepimus,
2763 2485 2992 2524 necesse
3018 2478 3101 2525 est
3121 2470 3366 2525 omnium
3401 2469 3588 2525 Eccle-

1979 2553 2183 2608 siarum
2216 2562 2273 2608 ut
2325 2555 2802 2628 diligentissimam
2835 2557 3264 2614 sollicitudinem
3305 2559 3378 2613 ita
3404 2559 3588 2613 conti-

1982 2654 2178 2700 nenter
2206 2647 2529 2715 habeamus,
2545 2665 2616 2704 ne
2631 2665 2817 2704 earum
2834 2651 2978 2718 jura,
3001 2651 3326 2706 auctoritate
3341 2651 3590 2718 ejusdem

1981 2741 2352 2810 apostolorum
2405 2744 2672 2814 principis
2719 2753 3159 2816 cmterorumque
3210 2761 3593 2801 successorum

1979 2829 2100 2896 ejus
2136 2831 2535 2886 venerabilium
2592 2833 2807 2887 Patrum
2865 2833 3262 2889 inviolabiliter
3286 2840 3488 2888 statuta
3537 2842 3593 2889 et

1979 2917 2298 2974 conﬁrmata
2344 2928 2531 2976 nostro
2590 2922 2909 2976 minuantur
2936 2939 3001 2977 ac
3049 2933 3278 2993 pereant
3316 2933 3590 2994 tempore,

1929 3011 2076 3086 ‘sed
2134 3009 2316 3080 potius
2354 3011 2709 3066 corroborata
2760 3013 3022 3068 decenter
3067 3022 3376 3088 augeantur
3428 3021 3596 3088 atque

958 3067 970 3075 .
1635 3067 1649 3076 .
1929 3067 1950 3086 η
2134 3067 2149 3080 ,
2812 3067 2819 3068 ,
3192 3067 3195 3068 ν
3434 3067 3479 3069 __
3533 3067 3590 3070 _-

257 3115 312 3160 et
343 3103 614 3158 nominari
658 3108 908 3172 possunt,
967 3116 1103 3172 quas
1156 3114 1303 3153 nunc
1337 3098 1499 3152 habet
1529 3104 1582 3151 et
1627 3098 1679 3150 in
1713 3106 1876 3152 antea
1905 3067 1953 3131 (⁴
1979 3099 2285 3170 proﬁciant.
2334 3099 2574 3170 Ideoque
2601 3101 2850 3155 omnium
2881 3109 3122 3156 vestrum
3141 3067 3315 3158 ¢nosse
3337 3067 3592 3158 volumus

261 3194 516 3264 quolibet
554 3201 837 3247 contractu
891 3191 1096 3246 habere
1134 3191 1319 3244 debet.
1365 3191 1507 3243 Sane
1537 3190 1608 3242 ob
1657 3189 1875 3242 mundi-

265 3281 522 3336 burdium
551 3281 627 3335 tui
654 3288 985 3351 tuorumque
1019 3295 1114 3350 pro
1143 3278 1449 3333 luminariis
1478 3277 1876 3333 concinnandis

261 3383 390 3429 ante
423 3389 625 3442 corpus
664 3372 912 3442 praedicti
952 3371 1327 3441 apostolorum
1363 3369 1630 3440 principis
1681 3369 1875 3422 libram

264 3479 432 3518 unam
482 3463 715 3534 [argenti
774 3463 1055 3516 annuatim
1106 3468 1307 3516 nostra:
1363 3467 1564 3515 sanctae
1623 3460 1880 3514 Romanae

263 3553 525 3608 Ecclesiae
580 3569 612 3606 a
665 3558 717 3606 te
765 3551 1114 3622 posterisque
1169 3551 1299 3615 tuis,
1359 3565 1484 3622 qua:
1538 3550 1717 3604 eidem
1761 3548 1882 3602 loco

266 3655 460 3703 sancto
522 3646 862 3718 praefuerint,
936 3645 1354 3716 persolvendam
1412 3645 1530 3699 fore
1581 3645 1880 3699 sancimus.

268 3744 473 3798 Verum
514 3744 561 3797 si
598 3743 721 3797 fort.
771 3783 783 3796 .
827 3780 843 3795 .
885 3743 990 3796 iter
1033 3741 1266 3796 actionis
1301 3740 1623 3795 difﬁcultate
1653 3738 1886 3813 singulis

270 3837 437 3890 annis
465 3835 659 3890 eadem
693 3835 888 3905 pensio
919 3834 1144 3887 minime
1178 3833 1415 3903 persolvi
1434 3832 1693 3904 potuerit,
1721 3831 1897 3886 licen-

269 3928 348 3981 tia
389 3927 460 3980 sit
509 3926 593 3980 vel
646 3932 841 3996 postea
896 3925 1246 3995 temporibus
1290 3924 1413 3978 aliis
1456 3923 1805 3979 coadunatim
1839 3931 1898 3976 ut

275 4019 539 4073 Romana:
573 4016 830 4071 Ecclesiae
860 4017 1280 4071 transmittatur.
1327 4016 1382 4069 Si
1413 4016 1538 4086 quis
1567 4031 1720 4081 vero,
1747 4014 1895 4085 quod

269 4107 506 4160 minime
565 4104 865 4168 credimus,
915 4113 1103 4160 contra
1139 4107 1307 4158 Deum
1357 4105 1561 4158 irritam
1603 4103 1766 4170 hujus
1797 4103 1905 4173 pri_

268 4195 464 4270 vilegii
496 4196 696 4250 seriem
735 4196 792 4249 in
824 4211 1100 4266 quoquam
1158 4212 1325 4268 agere
1368 4194 1679 4256 tentaverit,
1729 4201 1783 4248 et
1815 4195 1902 4248 id-

271 4288 462 4358 ipsum
513 4285 910 4339 monasterium
966 4285 1076 4354 juri
1143 4285 1460 4355 apostolicae
1527 4292 1582 4337 et
1639 4283 1897 4337 Romanae

275 4375 539 4429 Ecclesiae
581 4372 798 4427 auferre
854 4380 1084 4428 conatus
1140 4373 1326 4440 fuerit,
1412 4373 1516 4427 nisi
1581 4373 1892 4444 resipuerit,

1917 4423 1973 4490 D

1976 3189 2323 3246 sanctitatem
2355 3197 2410 3242 et
2432 3189 2780 3254 industriam,
2804 3190 2953 3261 quod
2983 3191 3021 3244 Τ
3029 3191 3327 3247 heodorico
3353 3194 3598 3248 dilectis-

1976 3283 2117 3337 simo
2145 3281 2309 3337 fratre
2332 3289 2517 3336 nostro
2540 3282 2878 3337 'l‘revirensis
2895 3283 3150 3340 Ecclesiae
3171 3285 3594 3356 archiepiscOpo

1976 3372 2234 3426 veniente
2267 3372 2489 3425 Romam
2519 3380 2735 3425 oratum
2767 3373 2836 3426 ad
2865 3380 3181 3428 sanctorum
3213 3374 3594 3445 apostolorum

1983 3459 2192 3524 limina,
2250 3458 2580 3522 audivimus,
2636 3459 2776 3513 sicut
2825 3459 2993 3514 etiam
3051 3461 3264 3531 pridem
3293 3462 3595 3517 audiendo.

1985 3549 2092 3604 imo
2155 3556 2210 3603 et
2257 3549 2492 3618 legendo
2543 3559 2886 3618 compertum
2935 3549 3226 3605 habuimus
3263 3591 3277 3616 ,
3336 3552 3592 3606 eamdem

1985 3641 2159 3711 ipsam
2205 3656 2316 3711 prae
2361 3640 2575 3696 caeteris
2626 3640 2922 3696 Galliarum
2979 3643 3231 3697 ecclesiis
3280 3643 3602 3697 Christianae

1986 3734 2270 3805 religionis
2308 3733 2592 3788 exordium
2633 3733 3032 3806 catholiczeque
3072 3733 3201 3788 ﬁdei
3233 3735 3408 3805 prima
3448 3735 3603 3788 rudi-

1995 3833 2180 3880 menta
2210 3826 2522 3896 percepisse
2563 3842 2662 3896 per
2703 3826 3176 3880 sanctissimorum
3218 3826 3458 3881 virorum
3504 3827 3610 3880 Eu-

1997 3918 2190 3984 charii,
2212 3917 2431 3981 Valerii,
2456 3926 2510 3971 et
2539 3917 2763 3972 Materni
2791 3923 2846 3971 et
2875 3923 3198 3972 caterorum
3226 3917 3602 3990 evangelicam

1999 4010 2326 4075 doctrinam,
2360 4024 2498 4080 quos
2517 4018 2766 4080 tempore
2802 4025 2902 4063 suo
2933 4009 3231 4079 praedictus
3261 4009 3613 4064 beatissimus

2007 4100 2196 4154 Petrus
2245 4101 2525 4170 apostolus
2579 4101 2854 4154 ordinavit
2901 4109 2956 4154 et
3004 4101 3276 4164 instruxit,
3341 4116 3441 4156 nec
3499 4116 3610 4155 non

2004 4195 2134 4249 illuc
2163 4195 2230 4248 ad
2279 4193 2689 4264 praedicandum
2731 4194 2950 4249 direxit.
2994 4193 3152 4250 Unde
3199 4195 3366 4249 totius
3404 4195 3616 4250 ordinis

2002 4295 2201 4343 nostrae
2259 4287 2406 4341 sedis
2445 4287 2761 4357 apostolicae
2817 4287 3091 4352 consultu,
3125 4287 3475 4361 gratuitoque
3529 4303 3617 4341 as-

1997 4395 2185 4444 sensu,
2228 4379 2353 4447 jura
2400 4377 2837 4449 privilegiorum,
2890 4394 3013 4448 qua:
3057 4394 3087 4430 a
3126 4384 3314 4431 sancta
3369 4378 3614 4432 Romana

278 4475 565 4540 perpetua:
597 4468 962 4521 anathematis
1017 4468 1240 4522 vinculo
1272 4468 1565 4522 innodatus
1615 4484 1679 4522 ex
1709 4467 1972 4522 aucto-”
1997 4479 2170 4526 matre
2209 4470 2446 4525 Ecclesia
2503 4469 2745 4539 praefatis
2783 4471 2989 4524 sanctis
3043 4485 3348 4540 eorumque
3392 4467 3620 4540 reliquis

276 4557 441 4611 ritate
477 4557 572 4610 Dei
602 4556 834 4626 ejusque
866 4556 1066 4610 summi
1095 4556 1374 4627 clavigeri,
1417 4573 1479 4610 ae
1507 4573 1604 4625 per
1631 4564 1894 4620 nostram,

277 4657 336 4703 et.
364 4647 614 4703 omnium
645 4655 959 4702 nostrorum
1013 4647 1339 4718 pontiﬁcum
1393 4663 1767 4703 successorum
1799 4649 1903 4702 hu-

277 4741 569 4794 militatem
601 4755 722 4794 cum
761 4739 900 4793 Juda
937 4740 1197 4794 traditore
1234 4740 1448 4795 Domini
1488 4740 1759 4810 perpetim
1791 4739 1906 4792 dia-

275 4829 408 4883 bolo
439 4828 700 4882 societur.
734 4828 834 4892 Qui
875 4834 1057 4882 autem
1090 4828 1413 4883 observator
1467 4828 1589 4896 ejus
1620 4836 1675 4882 et
1720 4834 1904 4882 custos

277 4935 402 4975 esse
434 4920 728 4986 studuerit,
763 4923 1008 4976 omnium
1051 4921 1377 4975 delictorum
1411 4935 1632 4975 suorum
1661 4921 1900 4985 veniam,

275 5021 333 5068 et
362 5028 489 5068 cum
543 5012 864 5068 beatissimo
915 5013 1074 5068 Petro
1106 5013 1345 5068 coetibus
1374 5021 1688 5068 sanctorum
1721 5012 1901 5067 socia-

275 5110 391 5165 tus,
421 5101 626 5173 gaudia
657 5102 776 5155 sine
808 5101 919 5155 ﬁne
952 5103 1218 5172 consequi
1260 5110 1554 5156 mereatur.
1589 5101 1662 5155 De
1707 5109 1907 5156 caetero

280 5192 640 5264 praecipimus
686 5203 745 5247 ut
777 5193 1054 5247 abbatissa
1112 5193 1189 5246 ibi
1231 5210 1513 5265 nunquam
1547 5193 1657 5248 ulla
1708 5192 1812 5247 nisi
1845 5209 1911 5247 ex

279 5285 586 5350 electione,
613 5293 670 5338 et
700 5285 896 5355 gratia,
927 5300 988 5340 ac
1017 5285 1300 5340 voluntate
1327 5286 1571 5341 omnium
1600 5292 1908 5341 sanctarum

277 5390 563 5440 sororum,
610 5393 733 5446 quae
794 5377 1001 5431 ibidem
1059 5392 1157 5447 pro
1213 5385 1460 5447 tempore
1529 5379 1640 5432 Deo
1706 5377 1914 5432 servire

274 5467 419 5522 vise
441 5465 668 5532 fuerint,
703 5485 732 5522 a
764 5484 1042 5540 quoquam
1075 5469 1365 5524 ordinetur
1397 5477 1491 5524 aut
1520 5470 1909 5524 constituatur.

277 5556 431 5610 Bene
472 5555 679 5610 valete.

351 5653 629 5724 Scriptum
660 5671 761 5725 per
789 5671 1013 5713 manum
1066 5657 1331 5728 Stephani
1380 5656 1653 5712 scriniarii
1712 5662 1918 5711 sanctae

2001 4560 2442 4624 successoribus,
2503 4559 2557 4611 id
2613 4567 2696 4612 est
2751 4559 2982 4634 Agritio,
3049 4560 3323 4625 Maximio,
3372 4559 3620 4618 Paulino.

2002 4649 2226 4713 Severo,
2269 4647 2522 4700 almiﬁcis
2563 4654 2618 4701 et
2671 4646 2990 4716 apostolicis
3035 4647 3188 4712 viris,
3234 4664 3264 4700 a
3315 4647 3621 4717 primordio
3711 4672 3721 4682 -

2007 4741 2291 4809 hucusque
2322 4738 2638 4792 authentice
2669 4751 2928 4790 concessa
2979 4746 3128 4801 sunt,
3163 4753 3396 4808 quaeque
3455 4737 3621 4791 etiam

2007 4829 2181 4898 ipsius
2229 4828 2463 4882 civitatis
2521 4826 2756 4891 excidio,
2805 4827 3064 4881 incendio
3106 4827 3284 4882 aliove
3317 4843 3445 4882 casu
3487 4843 3626 4880 con-

2004 4930 2222 4994 sumpta
2255 4923 2577 4994 probantur,
2610 4921 2790 4975 eidem
2829 4920 3145 4975 Trevirensi
3178 4921 3437 4975 Ecclesiaa
3487 4933 3627 4988 prte-

2005 5017 2262 5090 dictoque
2290 5015 2440 5070 fratri
2478 5022 2664 5069 nostro
2713 5013 3076 5080 Theoderico;
3119 5023 3173 5068 et
3205 5028 3303 5083 per
3334 5025 3458 5065 eum
3491 5023 3628 5062 cun-

2011 5107 2112 5162 ctis
2142 5107 2315 5176 ipsius
2356 5106 2789 5169 successoribus,
2833 5104 3245 5168 reconﬁrmare,
3295 5097 3626 5154 recorrobo—

2015 5215 2133 5253 rare
2181 5208 2235 5253 et
2284 5198 2433 5253 omni
2491 5197 2657 5252 modo
2714 5199 3002 5252 restituere
3065 5196 3290 5266 dignum
3349 5190 3630 5256 duximus,

2013 5291 2377 5344 decernentes
2422 5306 2520 5360 per
2568 5289 2732 5358 hujus
2788 5289 2960 5344 nostri
3018 5283 3306 5358 apostolici
3357 5281 3630 5354 privilegii

2014 5380 2406 5435 validissimam
2460 5381 2937 5447 constitutionem,
2997 5385 3053 5431 ut
3102 5375 3551 5447 quandocunque
3603 5389 3635 5426 a

2018 5477 2204 5524 nostra
2236 5468 2530 5540 principali
2569 5477 2624 5524 et
2654 5467 2959 5540 apostolica
2985 5465 3119 5518 sede
3161 5463 3476 5534 episcopus,
3510 5477 3640 5531 pre-

2019 5562 2224 5634 sbyter,
2265 5560 2352 5617 vel
2383 5561 2670 5626 diaconus,
2701 5559 2787 5615 vel
2818 5557 3212 5624 subdiaconus,
3245 5557 3377 5626 sive.
3402 5553 3641 5626 quilibet

2022 5653 2335 5711 ordinarius
2385 5654 2597 5726 legatus
2651 5652 2726 5706 rei
2788 5648 3174 5705 ecclesiasticae
3230 5665 3330 5705 seu
3379 5644 3642 5722 cogendae
