4062 6164
492 184 594 241 9Ἱὸ

1811 184 2080 238 JOANNIS
2123 186 2243 240 XIII
2287 187 2491 242 ΡΑΡᾹΞ.

3730 191 3848 248 976

491 312 685 382 synodi
735 327 899 365 causa
931 312 984 364 iu
1030 311 1278 373 Galliam,
1323 311 1743 366 Germaniamve
1795 313 2104 371 destinatus
2129 323 2178 389 Α
2206 319 2543 384 studuerint,
2591 317 3002 373 benedictionis
3052 321 3279 391 gratiam
3336 329 3390 376 et
3428 319 3884 377 misericordiae‘

489 402 668 463 fuerit,
689 401 1028 455 Trevirensis
1048 401 1251 474 praesul
1293 409 1412 473 post
1430 403 1738 474 quemlibet
1757 405 2097 461 ordinarium

490 497 727 568 legatum
758 495 816 548 Α.
842 496 894 548 S'.
945 495 1178 565 primum
1212 496 1354 550 inter
1391 496 1531 551 alios
1583 498 1873 567 pontiﬁces
1921 501 2098 556 locum

490 584 757 640 obtineat.
811 584 872 638 Et
910 584 956 637 si
1006 585 1204 638 missus
1256 586 1512 640 Romana:
1555 586 1811 640 Ecclesiae
1842 585 2098 649 defuerit,

488 675 744 729 similiter
801 683 925 746 post
983 675 1371 746 imperatorem
1427 676 1542 731 sive
1601 693 1786 750 regem
1845 678 2098 744 sedendi,

488 763 818 817 sententiam
851 763 1132 827 edicendi,
1166 771 1222 818 et
1247 764 1514 835 synodale
1537 763 1808 832 judicium
1834 767 2100 821 canonice

489 855 896 927 promulgandi,
927 856 1217 926 primatum
1262 857 1494 924 habeat;
1527 864 1716 928 utpote
1747 859 1801 912 in
1836 859 1944 912 illis
1973 876 2098 930 par-

488 948 638 1002 tibus
658 947 893 1002 vicarius
918 954 1117 1003 nostrze
1138 949 1286 1004 sedis
1315 951 1631 1020 apostolicze
1670 951 1869 1005 merito
1900 951 2104 1005 consti-

489 1042 656 1090 tutus.
684 1035 870 1106 Neque
895 1035 1041 1090 enim
1064 1036 1295 1108 dignum
1324 1045 1405 1091 est
1434 1045 1493 1091 ut
1518 1037 1664 1092 illius
1693 1038 1941 1093 ecclesia).
1961 1054 2107 1109 prie-

488 1126 572 1180 sul
613 1127 799 1198 aliquo
838 1135 1086 1198 tempore
1135 1129 1348 1184 caeteris
1376 1145 1486 1184 non
1529 1129 1797 1184 habeatur
1827 1130 2103 1202 praelatus,

489 1218 646 1285 cujus
679 1218 854 1272 honor
892 1218 948 1270 in
989 1218 1096 1272 illis
1127 1219 1377 1289 partibus
1415 1220 1516 1273 sub
1553 1219 1674 1290 ipso
1723 1221 2097 1291 apostolorum

493 1308 744 1378 principe
777 1308 985 1362 exstitit
1013 1309 1348 1378 primitivus.
1377 1311 1501 1365 Pari
1530 1327 1753 1382 quoque
1786 1311 1950 1367 modo
1975 1328 2103 1366 san-

489 1400 664 1453 cimus
719 1414 913 1454 omnes
959 1401 1232 1471 parochiis
1289 1402 1410 1470 ejus
1463 1403 1731 1476 degentes
1780 1403 1894 1456 sive
1949 1403 2102 1458 ordi-

489 1490 768 1544 nationem
821 1498 876 1545 et
943 1493 1343 1560 promotionem
1390 1494 1686 1564 cujuslibet
1743 1493 2104 1548 ecclesiastici

485 1580 690 1653 gradus
727 1597 758 1633 a
805 1579 1068 1650 pontifice
1120 1581 1302 1652 ipsius
1347 1582 1740 1652 percipieutes,
1788 1582 1969 1636 eidem
2002 1583 2106 1653 ipsi

487 1673 696 1728 matrici
727 1673 1004 1741 Ecclesiae,
1027 1675 1403 1746 episcopoque
1431 1676 1580 1730 illius
1607 1677 1812 1730 debere
1841 1677 2106 1731 canonice
2136 1649 2182 1716 Β

494 1765 734 1833 placere,
776 1764 1012 1835 obsequi
1044 1773 1098 1819 et
1129 1765 1255 1835 jure
1286 1767 1536 1822 obedire.
1572 1767 1854 1838 Siquidem
1886 1767 2108 1823 decreto

488 1853 544 1908 Β.
585 1855 882 1909 Clementis
918 1873 1074 1926 papa
1116 1873 1283 1927 super
1323 1860 1427 1913 hoc
1459 1859 1531 1911 ita
1583 1865 1801 1913 cautum
1856 1859 2106 1913 videtur:

494 1966 519 1996 α
557 1945 611 1998 Si
630 1946 790 2000 vobis
808 1947 1086 2017 episcOpis
1101 1963 1212 2002 non
1237 1949 1763 2004 obedierintomnes
1778 1949 2108 2021 presbyteri,

488 2034 732 2100 diaconi,
759 2034 1086 2089 subdiaconi
1115 2052 1177 2090 ac
1207 2037 1405 2108 reliqui
1435 2037 1620 2092 clerici
1652 2038 1858 2105 cuncti,
1897 2053 2113 2093 omnes-

486 2142 594 2198 que
639 2127 915 2197 principes
949 2135 1054 2181 tam
1097 2129 1320 2196 majoris
1365 2131 1580 2184 ordinis
1609 2148 1772 2203 quam
1811 2133 2113 2215 inferioris,

487 2224 648 2288 atque
678 2218 876 2288 reliqui
927 2219 1136 2289 populi,
1171 2220 1347 2274 tribus
1391 2231 1446 2275 et
1477 2221 1702 2295 linguae,
1733 2240 1844 2278 non
1893 2225 2113 2279 obtem-

485 2310 818 2378 peraverint,
872 2326 902 2364 a
957 2310 1248 2366 liminibus
1279 2319 1484 2367 sanctae
1515 2313 1609 2366 Dei
1644 2313 1904 2369 Ecclesiae
1945 2315 2112 2370 alieni

483 2407 664 2467 erunt,
694 2402 914 2456 dicente
945 2403 1213 2458 Domino:
1248 2405 1352 2470 Qui
1383 2421 1471 2459 vos
1501 2407 1681 2470 audit,
1724 2423 1806 2460 me
1859 2408 2042 2471 audit,
2065 2411 2113 2459 ct

487 2497 586 2564 qui
622 2510 714 2549 vos
761 2499 993 2565 spernit,
1044 2513 1128 2550 me
1180 2500 1412 2566 spernit.
1459 2520 1480 2545 ι
1528 2500 1675 2553 Inter
1735 2499 1848 2553 haec
1888 2513 2113 2569 quoque

485 2585 694 2649 omnia,
715 2601 838 2656 qua)
869 2587 936 2640 ad
967 2602 1116 2656 saepe
1149 2587 1350 2642 dictam
1392 2589 1772 2643 Trevirensem
1810 2588 2109 2643 Ecclesiam

489 2673 632 2728 intra
683 2681 736 2727 et
781 2681 933 2728 extra
963 2674 1242 2728 civitatem
1284 2675 1560 2745 pertinere
1593 2675 1877 2740 videntur,
1921 2677 1976 2730 id
2025 2683 2110 2730 est

485 2764 751 2820 ecclesias
799 2780 922 2818 cum
954 2764 1230 2819 universis
1259 2766 1425 2820 rebus
1456 2765 1562 2819 sibi
1613 2765 1977 2820 attinentibus
2011 2781 2109 2819 seu

483 2857 838 2919 monasteria,
867 2863 975 2911 tam
1011 2858 1406 2912 monachorum
1446 2874 1609 2928 quam
1640 2857 1943 2931 virginum,
1985 2873 2109 2928 quae

485 2963 550 3000 ex
583 2947 871 3016 praaceptis
899 2946 1016 3000 sive
1047 2948 1270 3016 scriptis
1321 2963 1508 3016 regum
1562 2964 1660 3001 seu
1710 2948 2104 3017 imperatorum

2205 409 2606 478 plenitudinem
2640 408 2695 460 in
2729 408 3048 463 caelestibus
3095 411 3289 464 castris
3339 411 3486 465 inter
3525 412 3842 467 electorum

2204 513 2488 551 numerum
2539 495 2838 552 efﬁcaciter
2875 513 2905 550 a
2938 496 3169 552 Domino
3210 499 3322 553 Deo
3381 501 3654 572 consequi
3717 517 3844 555 me-

2204 595 2446 642 reantur.

2274 679 2547 750 Scriptum
2590 695 2688 746 per
2728 695 2950 732 manum
2999 680 3265 750 Stephani
3314 681 3512 736 notarii
3547 691 3608 736 et
3651 684 3856 754 regio—_

2203 771 2339 825 narii
2373 777 2427 824 et
2454 770 2723 825 scriniarii
2755 778 2958 825 sancta:
2991 771 3140 826 sedis
3170 773 3496 842 apostolicae
3529 773 3588 826 in
3638 789 3836 827 mense

2201 864 2460 919 Januario
2501 873 2556 919 et
2599 865 2793 920 indict.
2850 882 2946 920 xu.
2993 866 3122 920 Data
3160 883 3212 920 xx
3248 867 3476 921 Kalend.
3513 867 3829 930 Februarii,

2208 972 2306 1024 per
2352 971 2574 1010 manum
2605 956 2850 1011 Sicconis
2882 957 3127 1027 episcOpi
3189 967 3394 1011 sancta;
3441 957 3503 1011 N.
3542 958 3832 1028 [BleranzeE

2211 1043 2463 1098 Ecclesiae
2483 1044 2552 1097 ad
2572 1044 2747 1098 vicem
2775 1043 3041 1098 Guidonis
3063 1045 3313 1115 episc0pi
3346 1053 3399 1100 et
3418 1046 3834 1101 bibliothecarii

2207 1141 2410 1186 sanctae
2432 1133 2580 1186 sedis
2602 1134 2939 1203 apostolicae.
2973 1137 3148 1198 Anno,
3185 1135 3297 1189 Deo
3338 1136 3608 1206 prOpitio,
3643 1138 3834 1206 ponti-

2203 1220 2396 1275 ﬁcatus
2428 1221 2638 1275 domini
2677 1221 2909 1276 Joannis
2941 1221 3221 1292 pontiﬁcis
3249 1229 3305 1277 et
3345 1223 3687 1278 universalis
3719 1225 3830 1279 Xlll

2205 1327 2359 1382 papae
2416 1311 2470 1365 in
2535 1312 2904 1366 sacratissima
2960 1313 3093 1367 sede
3149 1314 3210 1367 D.
3283 1314 3426 1368 Petri
3481 1316 3730 1386 apostoli
3786 1335 3834 1369 ιγ

2207 1403 2324 1473 [al.,
2355 1403 2428 1474 tu]
2479 1404 2577 1469 (9),
2632 1403 2846 1474 imperii
2892 1411 3076 1458 autem
3126 1405 3336 1460 domini
3378 1407 3601 1462 Ottonis
3649 1410 3828 1476 majo-

2209 1492 2284 1546 ris
2313 1509 2408 1553 vu,
2432 1492 2662 1546 minoris
2688 1508 2818 1547 vero
2849 1509 2907 1558 ιι,
2940 1499 2994 1547 et
3034 1493 3224 1548 indict.
3256 1511 3348 1549 xu.

2947 1622 3078 1676 XIV.

2207 1729 2442 1767 JOANNES
2499 1730 2592 1767 XIII
2647 1728 2985 1767 TllEOl)ORICO
3039 1731 3464 1771 ARCHIEPISCOPO
3517 1735 3838 1773 TBEV’IBEKSI

2706 1801 2874 1837 PALLII
2927 1800 3063 1839 USUM
3095 1802 3326 1840 TRIBUIT.

2839 1873 3014 1940 (Anno
3041 1871 3193 1942 969.)

2286 1970 2366 2040 [In
2394 1968 2684 2023 Tabulario
2708 1968 2857 2041 regio
2892 1968 3162 2024 Berolino.
3192 1969 3262 2024 Ex
3283 1971 3508 2026 schedis
3540 1973 3765 2045 Pertzii]

2967 2100 3072 2155 XV.

2215 2209 2595 2246 BENEVENTANA
2653 2207 2815 2245 SEDES
2881 2207 3396 2249 ARCHIBPJSCOPATUS
3450 2211 3651 2249 TITULO
3714 2213 3842 2250 1351-

2922 2280 3136 2318 GNITUR.

2842 2356 3019 2423 (Anno
3053 2356 3196 2424 969.)

2626 2455 2838 2524 [Mausr,
2891 2458 3087 2511 Coucil.
3130 2457 3265 2521 XIX,
3298 2458 3414 2528 19.]

2283 2581 2533 2636 Joannes
2563 2582 2877 2653 episcopus,
2909 2601 3102 2639 servus
3124 2601 3404 2640 servorum
3439 2587 3555 2650 Dei,
3590 2587 3848 2642 dilectis-

2211 2666 2350 2721 simo
2371 2668 2530 2722 nobis
2553 2669 2898 2738 Laununpno,
2922 2672 3224 2726 venerabili
3246 2680 3406 2744 atque
3437 2674 3635 2729 merito
3656 2675 3846 2730 bono—

2215 2759 2374 2814 rabili
2415 2762 2920 2821 Beneventanensis
2947 2773 3001 2819 et
3041 2766 3344 2836 Sipontinze
3373 2766 3407 2820 S
3464 2767 3753 2832 Ecclesiae,
3790 2775 3849 2822 et

2212 2851 2376 2905 modo
2408 2867 2507 2922 per
2544 2862 2744 2908 nostra
2771 2853 3090 2924 apostolicze
3144 2855 3486 2910 auctoritatis
3513 2855 3852 2910 concessio-

2213 2959 2336 2998 nem
2371 2945 2806 3016 archiepiscopo.

485 3009 600 3087 sive
631 3009 952 3088 eoruiudem
1007 3009 1359 3087 fundatorum
1383 3009 1740 3101 auctoritate,
1783 3009 1850 3088 ad
1883 3051 1943 3088 se
1981 3051 2106 3104 per-
2131 3009 2180 3076 (οἶ
2279 3031 2409 3086 Cum
2439 3009 2649 3087 certum
2674 3009 2745 3087 sit
2771 3035 2880 3088 Deo
2903 3033 3282 3089 servientibus
3306 3033 3608 3090 ineffabilia
3636 3029 3850 3092 interni

487 3120 666 3174 tinent
694 3128 748 3174 et
779 3119 1058 3190 pertinere
1099 3120 1328 3182 debent,
1357 3131 1410 3174 et
1437 3121 1708 3191 quidquid
1749 3121 1978 3175 omnino
2012 3121 2103 3175 illa

489 3209 610 3278 ipsa
637 3209 874 3264 ecclesia
905 3208 1113 3279 ubique
1164 3216 1219 3262 et
1249 3223 1475 3280 quoquo
1507 3209 1704 3263 merito
1756 3209 2002 3279 possidet
2053 3217 2108 3264 et

491 3300 774 3370 possidere
804 3301 990 3366 debet,
1033 3301 1368 3374 generaliter
1404 3309 1460 3356 et
1497 3300 1818 3372 specialiter
1847 3301 2112 3357 concedi-

491 3408 650 3457 mus;
691 3392 1166 3463 reformamusque
1216 3391 1443 3462 przefato
1481 3393 1820 3448 Theodorico
1861 3392 2013 3447 fratri
2056 3401 2112 3448 et

488 3483 822 3554 coepiscopo
881 3490 1069 3538 nostro
1101 3482 1325 3554 suisque
1356 3484 1771 3538 successoribus
1811 3484 1877 3538 ad
1910 3498 2111 3555 perpe-

487 3583 635 3630 tuam
689 3582 892 3629 sanctae
954 3573 1296 3628 Trevirensis
1354 3574 1614 3630 Ecclesiae
1669 3575 2108 3630 dominationem

488 3676 650 3740 atque
684 3667 953 3722 ditionem
983 3682 1083 3736 per
1115 3666 1280 3734 hujus
1309 3674 1510 3721 nostrae
1549 3666 1868 3737 apostolicae
1902 3683 2111 3738 praece-

485 3759 693 3831 ptionis
721 3758 920 3814 seriem
948 3774 979 3812 a
1001 3758 1259 3828 praesenti
1289 3775 1362 3812 xu
1391 3757 1699 3813 indictione
1741 3766 1796 3812 et
1825 3773 2005 3830 usque
2035 3758 2104 3813 ad

484 3847 649 3903 ﬁnem
695 3847 883 3902 saeculi
921 3846 1233 3902 valituram.
1289 3845 1485 3901 Contra
1520 3863 1684 3917 quam
1717 3847 1764 3900 si
1814 3847 1939 3917 quis
1970 3846 2104 3917 quid

484 3936 732 4008 quolibet
767 3936 934 3991 modo
983 3951 1146 4007 agere
1170 3935 1602 4004 praesumpserit,
1653 3943 1710 3989 et
1757 3935 1906 4002 quod
1957 3935 2104 4002 juste

483 4032 538 4079 et
566 4024 834 4079 canonice
866 4039 896 4078 a
928 4023 1091 4078 nobis
1120 4023 1404 4078 decretum
1434 4031 1537 4090 est,
1572 4025 1628 4077 in
1670 4023 1856 4094 aliquo
1898 4022 2098 4077 infrin-

481 4133 612 4191 gere
643 4117 954 4182 tentaverit,
983 4117 1120 4172 sciat
1151 4133 1210 4171 se
1233 4133 1298 4171 ex
1330 4117 1425 4172 Dei
1445 4118 1843 4188 omnipotentis
1872 4126 1927 4172 et
1956 4133 2101 4188 prae-

484 4208 611 4263 dicti
660 4207 967 4262 beatissimi
999 4212 1372 4278 apostolorum
1425 4207 1696 4279 principis
1739 4207 2099 4279 omniumque

2208 3123 2363 3197 regni
2420 3125 2650 3194 prmmia
2709 3124 2994 3188 reservari,
3046 3125 3205 3180 nobis
3251 3133 3435 3180 tamen
3466 3142 3700 3181 necesse
3753 3134 3848 3181 est

2212 3214 2408 3267 horum
2447 3212 2720 3268 beneﬁcia
2747 3214 2830 3268 eis
2861 3213 3128 3280 tribuere,
3160 3220 3220 3268 ut
3251 3213 3304 3267 in
3347 3214 3440 3270 Dei
3474 3214 3743 3269 laudibus
3775 3231 3842 3270 ex

2212 3302 2658 3356 remuneratione
2714 3302 2933 3358 valeant
2983 3302 3363 3373 multipliciter
3420 3303 3708 3358 insudare.
3783 3305 3846 3358 Et

2211 3388 2342 3459 quia
2384 3390 2890 3444 Beneventanensis
2936 3390 3196 3457 Ecclesia,
3258 3391 3313 3444 in
3364 3391 3694 3446 exercendis
3745 3393 3847 3446 Dei

2213 3478 2468 3532 laudibus
2519 3495 2720 3554 magno
2769 3487 2968 3535 conatu
3027 3479 3230 3551 piaque
3278 3479 3551 3551 religione
3606 3480 3847 3547 insistit,

2212 3577 2378 3642 atque
2425 3587 2554 3644 erga
2590 3571 2955 3626 reverentiam
3009 3578 3213 3626 sanctae
3264 3576 3318 3625 et
3357 3571 3683 3642 apostolica
3725 3572 3843 3627 Bo-

2211 3679 2389 3717 mante
2448 3662 2704 3717 Ecclesiae
2752 3663 3030 3733 praecipue
3073 3660 3406 3717 exuberasse
3446 3663 3841 3734 cognovimus,

2210 3750 2355 3822 quod
2377 3749 2539 3804 nobis
2571 3750 2699 3804 olim
2726 3749 2874 3820 apud
2896 3766 3015 3804 eam
3049 3750 3400 3804 manentibus
3428 3751 3659 3806 omnino
3693 3767 3842 3808 con-

2208 3849 2315 3897 stat
2340 3842 2660 3907 inventum;
2693 3842 2965 3897 debemus
2986 3843 3172 3915 itaque
3201 3858 3268 3897 ex
3289 3843 3488 3897 ardore
3515 3843 3849 3906 charitatis.

2206 3941 2370 4005 atque
2412 3935 2596 3990 studio
2651 3934 2825 3990 divini
2875 3935 3056 3990 cultus
3103 3951 3226 3990 eam
3268 3950 3435 3989 causa
3483 3934 3726 3991 honoris
3781 3954 3844 3992 ac

2202 4022 2522 4079 reverentiae
2577 4022 2956 4078 sublimiorem
2991 4023 3137 4078 inter
3164 4030 3392 4078 caeteras
3440 4023 3734 4079 ordinare.
3779 4025 3842 4080 Et

2201 4116 2460 4188 quoniam
2509 4123 2698 4170 sancta
2735 4115 2899 4170 sedes
2946 4122 3030 4170 est
3083 4115 3176 4170 ubi
3234 4115 3380 4170 beati
3430 4117 3840 4173 Bartholomai

2201 4204 2435 4276 apostoli
2459 4220 2661 4275 corpus
2691 4204 3011 4276 requiescit,
3062 4204 3260 4260 merito
3308 4204 3471 4260 decet
3519 4214 3834 4278 augmento

479 4303 795 4352 sanctorum
826 4312 889 4350 ac
919 4295 1125 4349 deinde
1156 4302 1341 4350 nostra
1361 4297 1686 4351 auctoritate
1718 4295 2092 4351 damnandum
2113 4322 2170 4390 D
2199 4297 2377 4351 cultus
2403 4295 2688 4366 amplioris
2718 4295 3006 4364 decorare,
3029 4295 3294 4367 quoniam
3322 4303 3377 4350 et
3397 4297 3470 4350 ad
3493 4297 3599 4350 hoc
3623 4297 3843 4354 divina:

481 4393 536 4438 et
563 4382 1158 4449 anathematizandum,
1189 4392 1245 4438 et
1281 4399 1406 4437 cum
1433 4383 1694 4439 omnibus
1721 4382 1905 4452 impiis
1933 4390 2093 4438 ater-

483 4476 569 4530 nis
597 4475 885 4545 suppliciis
905 4475 1305 4546 deputandum.
1327 4476 1424 4541 Qui
1457 4491 1588 4530 vero
1606 4477 1710 4531 hoc
1741 4474 2091 4548 privilegium

481 4573 736 4622 nostrum
775 4567 1091 4623 observare.
1151 4567 1446 4623 custodire.
1499 4567 1804 4638 adimplere
1858 4565 2096 4622 ﬁdeliter

553 4750 628 4820 (9)
656 4752 874 4820 Imperii
897 4757 1072 4804 autem
1101 4751 1316 4806 domini
1335 4752 1545 4807 Ottonis
1582 4750 1814 4819 majoris
1844 4767 1940 4804 vu.
1972 4752 2088 4804 An—

485 4838 612 4875 num
641 4822 851 4876 Ottonis
880 4839 950 4875 vu
983 4823 1263 4876 Browerus
1311 4822 1570 4876 emendat
1597 4822 1651 4876 in
1685 4838 1803 4875 vui.
1838 4821 2003 4876 Recte
2035 4821 2090 4874 id

481 4894 736 4964 quidem:
796 4900 981 4963 posset
1034 4899 1216 4947 tamen
1279 4893 1408 4946 inde
1467 4892 1839 4964 severioribus
1886 4893 2091 4964 criticis

481 4963 629 5018 nasci
669 4980 800 5036 ansa
835 4964 937 5018 hoc
962 4964 1207 5036 diploma
1233 4979 1298 5018 ex
1322 4963 1714 5036 chronologico
1742 4963 1878 5036 vitio
1908 4963 2091 5036 impu:

518 5036 716 5099 nandi;
757 5035 900 5088 sicut
931 5034 1074 5087 idem
1119 5033 1212 5088 ille
1243 5049 1397 5088 error
1436 5033 1722 5089 materiam
1769 5033 2086 5104 disputandi

518 5051 716 5099 nandi;
757 5051 900 5088 sucu:
931 5051 1074 5087 idem
1119 5051 1212 5088 me
1243 5051 1397 5088 error
1436 5051 1722 5089 materiam
1769 5051 2086 5104 disputandi

477 5051 705 5161 ﬁederat
735 5105 805 5160 cl.
853 5105 1084 5158 Eckhart
1135 5107 1196 5158 in
1242 5106 1506 5161 Animad.
1540 5108 1612 5160 ad
1661 5108 1752 5160 Fr.
1811 5106 2089 5160 Schannat

480 5179 637 5248 piare.
662 5177 847 5248 Fuld.,
878 5191 933 5248 n.
955 5176 1045 5248 29,
1073 5191 1196 5248 pag.
1239 5175 1309 5228 42
1335 5191 1508 5245 seqq.,
1534 5178 1804 5248 adversus
1835 5175 2084 5248 ejusdem

476 5247 704 5302 Joannis
732 5247 848 5300 Xlll
896 5246 1123 5312 bullam,
1149 5246 1313 5300 anno
1360 5247 1630 5316 superiori
1673 5247 1923 5302 ecclesia:
1955 5247 2083 5300 Ful-

477 5317 635 5372 densi
665 5332 984 5372 concessam
1030 5332 1127 5388 pro
1160 5317 1398 5388 primatu
1428 5317 1709 5388 abbatiali.
1741 5318 1806 5371 At
1835 5317 1961 5388 quis
1991 5332 2088 5371 ne-

475 5389 580 5443 scit
608 5404 783 5443 aunos
813 5387 1070 5443 Ottonum
1111 5387 1217 5442 tam
1255 5389 1308 5442 in
1349 5387 1504 5442 Italia
1534 5404 1696 5458 quam
1738 5387 2028 5442 Germania
2059 5404 2090 5442 a

477 5459 706 5514 notariis
734 5458 977 5530 subinde
1020 5475 1308 5530 perperam
1338 5458 1509 5512 fuisse
1564 5466 1914 5514 numeratos:
1947 5459 2089 5514 adeo

474 5537 624 5585 certe
651 5537 712 5586 ut
732 5529 1046 5601 respublica
1080 5529 1348 5586 litteraria
1379 5530 1657 5603 ingentem
1689 5538 1833 5585 esset
1863 5545 2090 5599 passura

2195 4384 2564 4439 miserationis
2601 4392 2857 4455 respectu
2895 4400 3081 4439 curam
3121 4385 3407 4458 regiminis
3443 4385 3838 4455 suscepimus,

2195 4485 2250 4531 et
2277 4476 2347 4530 ad
2399 4475 2712 4530 exhibenda
2761 4476 2870 4530 Deo
2911 4475 3106 4530 sedula
3161 4475 3409 4538 servitia,
3473 4482 3529 4531 et
3585 4492 3844 4534 canoras

2197 4565 2388 4619 laudes
2418 4563 2680 4635 potentiae
2710 4579 2823 4619 suae
2852 4563 3084 4619 devotos
3113 4561 3383 4618 debemus
3411 4561 3648 4619 sollicite
3683 4564 3844 4623 invi-

2193 4758 2456 4830 stragem,
2607 4750 2810 4830 chartas
2840 4749 3106 4830 quaelibet
3159 4756 3216 4804 ut
3246 4749 3451 4830 spuriaa
3493 4747 3841 4829 abjiciendt

2193 4819 2393 4886 forent,
2422 4820 2640 4890 quoties
2683 4819 2973 4876 chronicas
3005 4821 3263 4875 Ottouum
3296 4829 3456 4874 notas
3504 4821 3700 4890 spurie
3740 4839 3835 4876 re-

2192 4889 2392 4963 ferunt.
2429 4889 2538 4945 Hoc
2568 4891 2884 4963 observavit
2934 4893 3078 4963 inter
3106 4892 3246 4945 alios
3286 4889 3582 4963 Kettnerus
3616 4893 3828 4963 Antig.

2189 4962 2589 5035 Quidlinburg.
2639 4978 2762 5035 pag.
2802 4962 2929 5035 697,
2972 4962 3089 5033 qui.
3147 4971 3455 5035 postquam
3488 4961 3542 5014 iu
3600 4961 3837 5017 concin-

2191 5033 2372 5086 nanda
2403 5049 2502 5086 sua
2535 5033 2768 5088 Historia
2827 5034 3102 5103 integrum
3154 5033 3256 5087 loci
3309 5033 3591 5087 archivum
3625 5035 3831 5103 perlu-

2187 5110 2434 5169 strasset,
2458 5104 2699 5175 ingenue
2727 5104 2903 5158 fassus
2933 5114 3015 5158 est
3046 5119 3169 5175 sese
3196 5105 3252 5156 in
3283 5103 3654 5175 conciliandis
3678 5105 3832 5160 Otto-

2191 5190 2320 5246 uum
2352 5173 2587 5246 faunis,
2609 5176 2910 5246 prze~ertim
2965 5191 3105 5246 eum
3132 5174 3556 5246 iudirctionibus,
3617 5173 3828 5246 frustra

2190 5244 2511 5299 desudasse.
2561 5244 2632 5300 Eo
2675 5253 2852 5299 autem
2917 5245 3180 5299 remotior
3223 5245 3389 5300 debet
3450 5260 3577 5298 esse
3619 5245 3695 5298 ab
3731 5246 3828 5300 hac

2191 5323 2378 5370 nostra
2403 5316 2583 5370 omnis
2621 5316 3041 5370 subornationis
3068 5315 3332 5384 suspicio,
3363 5315 3513 5386 quod
3545 5330 3672 5369 eam
3719 5316 3826 5370 sibi

2192 5387 2495 5441 exhibitam
2558 5395 2790 5442 testetur
2849 5387 2953 5441 Leo
3011 5386 3079 5440 IX
3139 5386 3451 5440 iudubitato
3489 5386 3824 5456 diplomate.

2192 5457 2339 5528 quod
2367 5457 2438 5512 ad
2471 5474 2675 5511 annum
2708 5458 2845 5513 1049
2876 5457 3200 5512 referemus.
