4042 6156
468 268 574 353 979

1789 258 2059 315 JOANNIS
2099 259 2217 314 Xlll
2256 259 2460 314 ΡΑΡᾹΞ.

3696 265 3797 322 980

468 405 673 455 sanctae
718 394 1132 450 Silvaecandidze
1186 395 1464 458 Ecclesiae,
1503 403 1558 449 et
1588 392 1841 448 biblioth.
1871 398 2075 446 sanctae
2102 394 2155 461 Α
2176 390 2374 445 sultior
2392 397 2448 445 et
2476 389 2854 446 honorabilior
2883 398 3067 446 nostra
3119 392 3428 462 apostolica
3478 393 3801 450 auctoritate

469 485 621 541 sedis
648 481 984 555 apostolicae,
1016 497 1162 536 anno
1194 481 1441 552 pontiﬁc.
1472 480 1682 535 domini
1716 478 1884 533 nostri
1911 478 2080 548 Joan-

2182 487 2503 550 permaneat
2576 479 2969 535 Constituimus
3017 496 3244 552 quoque
3295 498 3398 551 per
3440 482 3613 551 hujus
3640 483 3799 538 nostri

470 574 557 629 nis
604 574 720 627 Xlll
754 587 911 642 papae
942 587 1015 630 iv,
1049 570 1398 640 imperatoris
1435 569 1649 624 Ottonis
1702 566 1919 635 Majoris
1950 565 2001 628 7,
2028 570 2082 619 et
2181 572 2390 627 decreti
2423 571 2679 644 paginam
2720 581 2780 625 ut
2834 571 3151 643 quicunque
3208 573 3509 642 cujuslibet
3557 575 3804 629 ecclesia!

468 666 695 724 Minoris
737 682 796 731 ll,
829 664 1020 719 indict.
1053 662 1370 734 supradicta
1398 661 1746 724 duodecima,
1794 675 1941 715 anno
1975 660 2084 714 Do-
2182 662 2385 734 praesul
2441 664 2527 718 vel
2585 679 2917 735 quacunque
2967 665 3238 738 dignitate
3280 666 3514 736 praedita
3571 682 3805 736 persona

469 756 690 812 minicae
714 754 1111 810 lncarnationis
1128 753 1253 808 969.

1212 865 1343 919 XVI.

538 977 757 1017 JOANNIS
785 976 935 1015 PAPE
970 976 1062 1013 XIII
1103 971 1448 1012 Ριιινιιιιϐιωί
1512 969 1617 1011 PRO

1126 1043 1399 1083 PULDENSI.

1106 1118 1282 1186 (Anno
1312 1116 1458 1183 969.)

549 1213 723 1284 [Apud
753 1211 988 1277 Dronke,
1029 1211 1157 1266 Cod.
1198 1212 1420 1280 diplom.
1452 1209 1635 1273 Fuld.,
1670 1225 1795 1282 pag.
1845 1206 1951 1264 330
1980 1207 2015 1278 .]

543 1305 779 1360 Joannes
807 1303 1123 1375 episcOpus,
1156 1317 1349 1357 servus
1392 1316 1671 1356 servorum
1715 1300 1831 1367 Dei,
1881 1298 2091 1354 charis-

476 1393 617 1448 simo
648 1392 809 1448 nobis
848 1392 903 1445 in
937 1390 1147 1446 Christo
1186 1389 1302 1445 ﬁlio
1333 1389 1693 1444 Waammmo
1730 1388 1871 1443 sacri
1901 1402 2091 1446 cteno-

474 1489 556 1543 bii
587 1486 872 1543 Fuldensis
897 1485 1082 1540 abbati
1128 1484 1550 1559 religiosissimo
1596 1490 1652 1537 et
1696 1498 1793 1553 per
1821 1498 1948 1537 eum
1978 1497 2094 1537 suis

476 1576 897 1633 successoribus
919 1573 1217 1629 abbatibus
1250 1573 1307 1627 in
1338 1580 1689 1643 perpetuum.

1666 969 2010 1010 HONASTERIO

2186 752 2333 806 hunc
2380 751 2556 806 nostri
2620 752 2894 828 privilegii
2953 760 3203 810 tenorem
3259 770 3429 825 quem
3481 756 3805 810 auctoritate

2187 841 2486 896 beatissimi
2519 842 2896 912 apostolorum
2929 844 3198 916 principis
3227 846 3388 914 cujus
3418 846 3548 901 vice
3580 846 3805 902 fruimur

2187 931 2578 987 conﬁrmamus
2614 941 2669 986 et
2706 932 3216 1001 recorroboramus,
3269 935 3486 989 violare
3544 946 3606 990 et
3633 944 3805 990 trans-

2188 1026 2346 1099 gredi
2377 1026 2688 1091 tentaverit,
2720 1027 3015 1082 anathema
3042 1028 3114 1083 sit
3149 1038 3208 1083 et
3236 1028 3370 1084 iram
3407 1030 3505 1084 Dei
3560 1031 3804 1101 omnipo-

2190 1119 2359 1174 tentis
2390 1119 2678 1174 incurrens
2707 1133 2738 1172 a
2764 1125 2911 1172 coetu
2958 1119 3208 1174 omnium
3238 1126 3561 1175 sanctorum
3598 1120 3805 1176 alienus

2190 1207 2385 1262 existat
2413 1217 2469 1262 et
2498 1207 2859 1263 nihilominus
2898 1208 3109 1278 praefati
3140 1210 3461 1265 monasterii
3517 1210 3757 1284 dignitas
3782 1229 3808 1266 a

2192 1298 2357 1355 nobis
2413 1298 2626 1353 indulta
2690 1300 3085 1369 perpetualiter
3150 1300 3415 1356 inviolata
3496 1311 3808 1373 permaneat

2192 1390 2498 1461 apostolica
2528 1391 2583 1444 in
2613 1390 2874 1445 omnibus
2902 1391 3230 1457 auctoritate
3261 1393 3525 1449 subnixa.

2266 1484 2538 1554 Scriptum
2564 1500 2660 1555 per
2689 1500 2908 1539 manum
2942 1486 3211 1557 Stephani
3242 1488 3520 1542 scriniarii
3551 1496 3607 1543 et
3639 1489 3808 1562 regio-

2196 1574 2336 1628 narii
2364 1581 2567 1628 sanctae
2602 1573 2862 1629 Romana
2894 1574 3172 1641 Ecclesiae,
3208 1575 3260 1628 in
3316 1592 3513 1631 mense
3563 1576 3805 1631 Octobrio

549 1673 893 1728 Desiderium
926 1670 1077 1742 quod
1114 1669 1184 1723 ad
1233 1668 1523 1743 religionis
1574 1666 1917 1737 propositum
1972 1680 2094 1718 san-
2124 1707 2171 1773 Β
2195 1673 2249 1720 et
2289 1664 2593 1720 indictione
2625 1665 2782 1720 tertia
2811 1665 3043 1720 decima.

825 1760 836 1773 ι
1151 1764 1162 1773 .
1206 1757 1219 1773 ι
2272 1755 2457 1773 n-.-__-
2598 1753 2723 1773 υ---
2780 1753 3043 1773 ,τμημμ

478 1770 803 1832 ctorumque
825 1760 1071 1815 locorum
1121 1757 1477 1811 stabilitatem
1518 1755 1796 1827 pertinere
1826 1763 2095 1809 monstra-

483 1861 569 1908 tur
595 1853 716 1907 sine
759 1852 945 1922 aliqua
970 1856 1053 1905 est
1080 1850 1193 1904 Deo
1232 1856 1455 1903 auctore
1494 1863 1647 1903 mora
1672 1846 2094 1918 perﬁciendum,

483 1947 541 1995 ut
570 1956 636 1995 ex
666 1940 772 1995 hoc
784 1938 938 2011 vigor
957 1936 1244 2010 religionis
1263 1943 1467 1990 sanctae
1491 1934 1790 1990 roboretur
1815 1941 1871 1989 et
1886 1934 2094 1989 eisdem

480 2028 684 2083 sanctis
726 2026 861 2083 locis
898 2026 1047 2081 salus
1110 2031 1165 2079 et
1194 2024 1532 2079 indemnitas
1579 2022 1880 2087 solidetur;
1935 2021 2099 2078 nobis

483 2131 704 2188 quoque
764 2114 898 2170 lucri
949 2112 1295 2184 potissimum
1378 2109 1664 2182 praemium
1723 2126 1755 2164 a
1809 2110 2099 2165 conditore

481 2211 728 2267 omnium
757 2211 871 2264 Deo
905 2208 961 2262 in
992 2206 1177 2280 regnis
1214 2205 1533 2261 caelestibus
1565 2203 1881 2260 ascribatur.
1933 2202 2102 2274 Igitur

483 2303 614 2376 quia
640 2318 739 2373 per
768 2302 1141 2356 interventum
1183 2297 1372 2354 domni
1412 2296 1624 2353 Ottonis
1652 2293 2099 2351 excellentissimi

484 2393 831 2466 piissimique
860 2390 1212 2462 imperatoris
1239 2389 1492 2462 Augusti,
1524 2388 1808 2459 nostrique
1838 2384 2104 2457 spiritalis

484 2484 585 2540 ﬁlii
640 2493 695 2540 et
724 2489 928 2538 sanctae
987 2482 1243 2537 Ecclesia:
1290 2479 1619 2543 defensoris,
1671 2478 2106 2550 praenominatus

491 2571 868 2627 Werinharius
896 2569 1068 2625 abbas
1108 2569 1405 2641 postulavit
1442 2585 1473 2623 a
1503 2567 1662 2623 nobis
1691 2573 1964 2639 quatenus
2004 2582 2103 2621 ve-

484 2664 731 2721 nerabile
786 2662 1182 2718 monasterium
1234 2660 1323 2716 cui
1381 2675 1623 2732 praeesse
1681 2659 1899 2714 videtur
1955 2657 2106 2729 quod

484 2757 614 2813 olim
647 2772 678 2810 a
716 2762 918 2811 sanctae
967 2754 1246 2810 memoriae
1279 2751 1559 2809 Bonifacio
1600 2751 1865 2823 episopo
1901 2749 1969 2804 ad
2002 2750 2107 2804 ho-

485 2862 677 2902 norem
708 2845 804 2900 Dei
860 2852 912 2899 et
946 2842 1158 2898 Domini
1207 2841 1381 2897 nostri
1413 2840 1710 2897 Salvatoris
1742 2840 1796 2893 in
1847 2840 1968 2894 loco
2008 2838 2104 2909 qui

484 2942 710 2990 vocatur
741 2933 979 2989 Boconia
1027 2948 1158 3006 erga
1189 2931 1365 3001 ripam
1408 2930 1655 2985 ﬂuminis
1685 2928 1943 2983 Wultaha
1971 2943 2107 2984 con-

485 3032 752 3080 structum
786 3022 1056 3097 privilegii
1109 3036 1336 3075 summa;
1367 3020 1518 3075 sedis
1559 3019 1878 3089 apostolicae
1916 3017 2106 3073 infulis

486 3116 811 3172 decoretur:
844 3123 898 3168 et
928 3113 1072 3167 sicut
1116 3127 1217 3182 per
1267 3110 1597 3166 sanctissimi
1655 3125 1808 3180 papae
1836 3108 2105 3164 Zachariae

485 3204 934 3262 constitutionem
966 3202 1312 3273 aliorumque
1344 3200 1748 3255 venerabilium
1782 3198 2102 3271 pontiﬁcum

489 3297 960 3368 praedecessorum
993 3293 1464 3362 decessorumque
1492 3298 1801 3346 nostrorum
1830 3298 2106 3363 praecepta

487 3390 684 3445 ditioni
712 3394 913 3444 sanctas
963 3394 1183 3452 nostrae,
1216 3386 1306 3441 cui
1354 3387 1464 3441 Deo
1493 3394 1715 3440 auctore
1744 3386 2106 3452 deservimus,

487 3479 743 3535 Ecclesiae
757 3477 1108 3548 subpositum
1123 3483 1227 3542 est,
1243 3474 1320 3530 ita
1333 3475 1618 3546 perpetuis
1634 3474 1978 3546 temporibus
1992 3491 2110 3545 per-

485 3575 697 3622 severet
727 3574 783 3622 et
812 3565 1018 3621 nullius
1049 3580 1293 3636 unquam
1332 3564 1562 3618 alterius
1600 3564 1856 3620 Ecclesiae
1879 3564 2110 3633 jurisdi-

485 3658 764 3715 ctionibus
785 3656 1160 3712 submittatur.
1187 3655 1557 3727 Quapropter,
1581 3655 1688 3726 piis
1710 3655 2008 3710 desideriis
2028 3655 2107 3710 fa-

485 3759 699 3818 ventes,
749 3750 853 3805 hac
899 3755 1087 3803 nostra
1142 3747 1465 3801 auctoritate
1514 3746 1568 3800 id
1602 3747 1749 3817 quod
1795 3749 2109 3818 exposcitur

485 3839 655 3915 digno
686 3836 909 3894 eﬁ‘ectui
933 3836 1345 3907 mancipamus;
1379 3835 1619 3907 ideoque
1635 3851 1858 3892 omnem
1885 3837 2108 3906 cujusli-

484 3933 578 3988 bet
603 3932 857 3988 Ecclesize
872 3930 1217 3986 sacerdotem
1240 3929 1296 3983 in
1321 3927 1553 3999 praefato
1573 3929 1917 3985 monasterio
1936 3929 2107 3985 ditio-

484 4041 610 4080 nem
637 4025 942 4098 quamlibet
995 4024 1203 4078 habere
1244 4030 1342 4078 aut
1369 4023 1750 4078 auctoritatem
1793 4031 1993 4094 praeter
2018 4040 2109 4078 se-

486 4119 612 4174 dem
644 4118 1006 4188 apostolicam
1040 4115 1430 4188 prohibemus:
1465 4114 1539 4169 ita
1578 4123 1640 4169 ut
1668 4115 1775 4169 nisi
1807 4115 1876 4169 ab
1904 4116 2105 4171 abbate

486 4212 802 4267 monasterii
858 4211 1023 4267 fuerit
1077 4211 1335 4266 invitatus
1394 4225 1498 4265 nec
1549 4208 1842 4264 missarum
1898 4209 2103 4265 ibidem

484 4304 755 4360 solemnia
786 4304 1063 4375 quispiam
1106 4310 1405 4372 praesumat
1449 4301 1767 4356 omnimodo
1800 4301 2099 4368 celebrare,

2271 1755 2465 1808 Datum
2498 1770 2546 1806 vr
2598 1753 2727 1807 ldus
2779 1753 3123 1818 Novembris,
3158 1770 3255 1826 per
3292 1771 3522 1810 manum
3572 1755 3807 1810 Widonis

2199 1844 2447 1917 episcOpi
2508 1852 2563 1900 et
2592 1844 2993 1900 bibliothecarii
3041 1854 3246 1901 sanctae
3286 1847 3439 1902 sedis
3477 1847 3805 1917 apostolicae,

2199 1950 2346 1989 anno
2377 1933 2732 2005 pontiﬁcatus
2758 1934 2946 1989 domni
2974 1934 3146 1990 nostri
3177 1935 3409 1990 Joannis
3440 1936 3590 1990 tertii
3623 1935 3805 1990 decimi

2201 2038 2359 2094 papae
2384 2031 2602 2094 quarto,
2631 2023 2849 2093 imperii
2878 2038 3010 2078 vero
3040 2024 3232 2079 domni
3262 2026 3436 2080 nostri
3469 2025 3689 2079 Ottonis
3714 2025 3807 2078 Au-

2200 2111 2346 2185 gusti
2372 2110 2596 2180 majoris
2640 2121 2833 2169 octavo
2882 2119 2937 2167 et
2963 2112 3198 2169 minoris
3226 2114 3498 2180 secundo,
3565 2112 3808 2168 indictio-

2204 2217 2275 2256 ne
2299 2218 2415 2257 XIII.

2928 2295 3089 2352 XVII.

2200 2401 2417 2441 JOANNIS
2453 2402 2549 2441 XIII
2581 2372 2925 2443 PRlVlLEGlUM
2970 2402 3075 2442 PRO
3110 2402 3451 2444 MONASTBRIO
3478 2406 3526 2442 S.
3560 2403 3807 2442 VINCENTII

2889 2474 3134 2513 METENSI.

2837 2547 3013 2615 (Anno
3043 2547 3195 2616 970.)

2210 2657 2383 2728 [Apud
2427 2658 2601 2721 Pertz,
2651 2660 2887 2714 Monum.
2931 2659 3107 2715 Germ.
3162 2658 3291 2713 hist.
3356 2657 3537 2729 Scrip.
3573 2664 3700 2713 tom.
3732 2656 3811 2719 ιν,

2860 2767 2986 2826 pag.
3020 2752 3115 2807 471

2276 2858 2517 2914 Joannes
2538 2860 2857 2930 episcOpus,
2890 2875 3081 2914 servus
3107 2874 3395 2914 servorum
3427 2858 3551 2924 Dei,
3588 2858 3818 2914 dilectis-

2206 2947 2345 3003 simo
2376 2950 2679 3004 DEODERICO
2709 2947 2821 3004 ﬁlio
2845 2958 3031 3004 nostro
3049 2956 3257 3005 sanctae
3290 2948 3553 3003 Metensis
3575 2947 3815 3004 Ecclesia

2130 3071 2179 3140 Ο
2208 3040 2452 3140 praesuli:

2278 3128 2408 3182 Cum
2442 3128 2495 3182 in
2537 3130 2829 3184 exarandis
2868 3131 2963 3185 Dei
3003 3130 3259 3184 laudibus
3306 3129 3500 3185 debita
3540 3129 3816 3200 pastoralis

2206 3220 2473 3291 compulit
2496 3221 2889 3276 sollicitudinis
2918 3238 3065 3288 cura,
3091 3237 3331 3293 quaeque
3374 3222 3445 3275 ad
3474 3222 3813 3275 stabilitatem

2209 3313 2423 3389 piorum
2472 3312 2870 3386 dignoscuntur
2943 3313 3223 3384 pertinere
3274 3313 3528 3367 locorum
3599 3311 3813 3368 ubertim

2210 3407 2581 3482 promulgare,
2605 3414 2658 3462 et
2684 3408 3002 3478 apostolicae
3030 3408 3401 3463 institutionis
3434 3408 3492 3461 in
3530 3405 3817 3479 privilegiis

2209 3504 2375 3569 atque
2407 3498 2644 3553 decretis
2672 3514 2907 3553 censura
2932 3498 3301 3555 conﬁrmare:
3333 3499 3603 3554 convenit
3633 3512 3816 3567 nempe

2210 3601 2312 3641 nos
2339 3588 2641 3656 apostolico
2672 3588 3047 3643 moderamine
3081 3594 3274 3643 sancta
3310 3588 3658 3643 venerabilia
3685 3589 3815 3649 loca.

2208 3696 2331 3751 quae
2383 3678 2590 3734 dudum
2641 3678 2857 3735 fuerant
2891 3680 2946 3734 in
2985 3680 3161 3734 ruinis
3190 3696 3508 3755 magnaque
3540 3679 3727 3751 inopia
3764 3693 3822 3732 ac

2210 3776 2532 3838 paupertate
2582 3768 2859 3844 degentia,
2917 3778 3229 3839 opportune
3279 3768 3568 3832 ordinare,
3629 3783 3721 3822 seu
3758 3766 3818 3820 ad

2208 3857 2494 3912 meliorem
2538 3856 2660 3911 sine
2690 3856 2859 3912 dubio
2914 3861 3113 3910 statum
3156 3857 3489 3926 perducere,
3529 3855 3821 3927 praesertim

2208 3948 2303 4004 ubi
2336 3948 2430 4003 illa
2459 3955 2723 4020 petuntur
2764 3965 2888 4020 qute
2942 3963 3053 4003 non
3085 3947 3152 4002 ad
3195 3948 3555 4003 commodum
3615 3956 3820 4017 tempo-

2206 4041 2341 4107 rale,
2400 4040 2499 4097 sed
2562 4042 2633 4096 ad
2690 4048 3009 4113 perpetuam
3074 4041 3827 4112 pravidentiam.pertinent

2204 4133 2376 4187 Deum
2404 4132 2769 4188 servientium
2796 4131 3126 4199 animarum,
3157 4130 3374 4185 scilicet
3403 4140 3467 4185 ut
3497 4130 3826 4185 venerabilis

2206 4224 2377 4284 locus,
2412 4222 2507 4293 qui
2559 4237 2591 4275 a
2634 4220 2935 4276 Deoderico
2977 4219 3342 4275 dilectissimo
3377 4218 3495 4276 ﬁlio
3545 4228 3727 4275 nostro
3774 4220 3824 4272 in

2205 4330 2316 4370 uno
2358 4312 2721 4387 conglobatus
2767 4320 2930 4383 atque
2981 4327 3232 4366 annexus
3291 4316 3400 4373 est,
3433 4327 3563 4366 cum
3596 4311 3822 4382 prapriis

486 4401 547 4482 ut
577 4393 826 4464 profecto
852 4394 1009 4482 juxta
1039 4393 1095 4447 id
1122 4394 1269 4465 quod
1297 4393 1605 4463 subjectum
1639 4393 1956 4464 apostolicae
1986 4395 2103 4450 sedi
2123 4414 2181 4482 Ι)
2208 4403 2755 4479 congregationibus,
2784 4418 2905 4475 quae
2952 4401 3283 4476 regulariter
3314 4402 3371 4455 in
3430 4402 3655 4471 psalmis
3681 4402 3825 4471 hym—

487 4480 747 4537 ﬁrmitate
776 4481 1051 4556 privilegii
1084 4482 1360 4550 consistit,
1412 4482 1741 4539 inconcusse
1783 4485 1935 4539 omni
1965 4492 2106 4540 tem-

489 4587 621 4644 pore
653 4572 901 4629 dotatum
934 4581 1257 4644 permaneat
1279 4575 1414 4630 locis
1449 4581 1506 4629 et
1534 4574 1701 4630 rebus
1728 4575 2113 4630 universaliter

490 4672 600 4721 tam
633 4667 715 4722 eis
747 4683 884 4739 quas
936 4684 967 4722 a
1016 4668 1319 4739 primordio
1366 4668 1475 4724 sibi
1520 4669 1799 4725 vindicare
1831 4671 1997 4726 debet
2025 4671 2109 4726 vel

492 4772 633 4826 quas
664 4756 934 4812 moderno
968 4765 1213 4828 tempore
1257 4764 1411 4812 tenet
1440 4766 1493 4811 et
1548 4759 1793 4829 possidet
1821 4775 1983 4830 quam
2032 4760 2112 4814 cis

495 4867 632 4922 quas
664 4850 863 4906 futuris
896 4852 1241 4923 temporibus
1284 4852 1339 4908 in
1379 4853 1670 4924 jusipsius
1727 4854 1868 4909 sacri
1920 4870 2110 4910 mona-

492 4940 645 4995 sterii
673 4940 863 4994 divina
894 4941 1241 5010 providentia
1267 4959 1472 5018 augere
1501 4962 1566 4999 ex
1595 4945 1760 5000 donis
1791 4953 1845 5000 et
1865 4945 2111 5001 oblatio-

488 5031 653 5085 nibus
700 5031 1047 5103 decimisque
1078 5034 1454 5105 quorumlibet
1507 5034 1700 5091 Christi
1743 5036 1986 5092 ﬁdelium
2018 5052 2112 5093 vo-

486 5125 651 5179 luerit
671 5125 883 5196 absque
913 5124 1085 5180 ullius
1109 5141 1362 5196 personze
1394 5129 1832 5184 contradictione
1854 5127 2114 5185 ﬁrmitate

411 5186 433 5267 ί
488 5222 754 5286 perpetua
793 5186 1127 5287 perfruatur:
1156 5217 1494 5287 Adjicientes
1544 5229 1726 5276 autem
1781 5236 1879 5293 pro
1908 5238 2111 5297 magno

405 5318 423 5477 l

464 5304 672 5359 amore
704 5304 913 5376 praefati
948 5306 1181 5377 piissimi
1214 5313 1269 5361 et
1300 5308 1752 5364 Christianissimi
1794 5311 1982 5366 domni
2012 5310 2110 5366 0t-

486 5394 636 5450 tonis
668 5396 1016 5468 imperatoris
1062 5399 1291 5475 Augusti
1353 5399 1672 5470 specialiter
1722 5402 2109 5457 constituimus

484 5489 544 5537 ut
575 5483 751 5539 isdem
791 5484 1078 5542 Fuldensis
1108 5488 1280 5543 abbas
1310 5497 1439 5544 ante
1470 5488 1611 5544 alios
1640 5491 1869 5545 abbates
1918 5491 2104 5546 Gallia:

485 5584 582 5623 seu
624 5571 928 5628 Germaniae
958 5575 1252 5643 primatum
1294 5578 1524 5632 sedendi
1559 5578 1613 5632 in
1654 5580 1802 5635 omni
1840 5581 1959 5635 loco
1992 5597 2102 5652 quo

489 5667 825 5722 conveniant
871 5668 1139 5739 obtineat,
1172 5688 1391 5730 necnon
1424 5681 1479 5731 et
1518 5675 1950 5731 archimandrita
1973 5689 2103 5732 con-

2212 4497 2298 4551 nis
2315 4504 2369 4551 et
2397 4496 2737 4551 orationibus
2766 4497 2873 4551 Deo
2905 4495 3172 4549 Salvatori
3201 4502 3391 4549 nostro
3439 4495 3572 4549 Jesu
3627 4494 3831 4547 Christo

2212 4587 2509 4662 pervigiles
2532 4586 2794 4643 excubias
2816 4586 3098 4651 exhibent,
3133 4586 3200 4639 ab
3236 4586 3560 4641 insolentiis
3589 4587 3829 4641 exterio—

2213 4680 2365 4734 ribus
2410 4679 2866 4741 circummunitae,
2894 4678 3103 4752 jugiter
3157 4678 3379 4733 valeant
3422 4678 3497 4748 pii
3533 4678 3824 4732 famulatus

2212 4774 2395 4830 ofﬁcia
2425 4775 2479 4829 in
2509 4774 2841 4830 monasterio
2885 4773 3069 4829 Sancti
3125 4773 3402 4828 Vincentii
3432 4774 3735 4836 exhibere;
3779 4778 3829 4825 et

2213 4864 2475 4935 quoniam
2508 4871 2725 4918 constat
2748 4870 2893 4918 tuam
2912 4861 3338 4935 religiositatem
3364 4863 3533 4934 hujus
3561 4860 3829 4933 privilegii

2214 4951 2572 5022 apostolicam
2604 4949 3079 5005 conﬁrmationem
3111 4950 3392 5021 postulare
3431 4968 3463 5005 a
3493 4951 3679 5015 nobis,
3717 4965 3836 5020 pro-

2216 5047 2339 5111 pter
2389 5040 2800 5094 immutationes
2840 5039 3223 5109 temporalium
3308 5055 3493 5113 rerum
3551 5040 3831 5108 variosque

2219 5129 2501 5185 hominum
2529 5145 2710 5195 casus,
2736 5128 3098 5183 munitionem
3130 5129 3304 5183 sancti
3339 5128 3614 5183 Vincentii
3642 5124 3830 5182 Christi

2213 5219 2469 5290 martyris
2509 5235 2631 5273 cum
2672 5217 2931 5273 omnibus
2963 5220 3030 5271 ad
3065 5217 3210 5272 idem
3239 5220 3639 5274 monasterium
3671 5219 3837 5291 perti-

2213 5308 2495 5376 nentibus,
2530 5317 2695 5380 atque
2723 5306 3231 5363 corroborationem
3256 5308 3336 5361 tui
3359 5318 3583 5379 tuaeque
3606 5322 3832 5380 congre-

2209 5399 2448 5473 gationis
2479 5405 2534 5453 et
2563 5412 2939 5452 successorum
2974 5402 3199 5451 tuorum
3253 5396 3309 5450 iu
3338 5404 3673 5468 perpetuum
3722 5395 3829 5450 ﬁeri

2207 5492 2564 5558 censuimus;
2611 5500 2903 5562 quatenus,
2942 5505 3089 5544 nunc
3118 5489 3314 5544 sicuta
3356 5499 3412 5544 te
3442 5489 3829 5561 disponuntur,

2207 5580 2280 5635 ita
2312 5580 2367 5634 in
2399 5587 2677 5650 posterum
2707 5593 2882 5650 usque
2922 5577 2977 5632 in
3027 5576 3193 5633 ﬁnem
3227 5585 3653 5646 conserventur,
3686 5586 3739 5633 et
3765 5584 3819 5631 ut

2204 5671 2299 5726 illa
2345 5671 2703 5749 congregatio
2741 5670 3071 5727 inconcussa
3109 5671 3166 5726 in
3210 5686 3383 5726 unum
3440 5684 3823 5743 perseverans:
