4042 6156
258 221 358 275 981

1506 218 1839 278 EPISTOL/E
1879 223 1956 276 ET
1994 221 2391 277 DlPLOMA'l‘A.

3505 220 3611 274 982

257 346 492 402 sedulas
540 345 730 400 laudes
787 343 897 397 Deo
955 343 1276 412 persolvere
1313 343 1511 409 valeat,
1559 355 1612 401 et
1653 349 1812 404 sicuti
1861 365 1890 402 a
1915 349 2139 419 Αθηηο
2170 351 2412 422 denique
2452 349 2518 403 ab
2569 344 2950 402 lncarnatione
3006 345 3216 402 Domini
3271 345 3444 401 nostri
3474 345 3604 401 Jesu

259 436 376 491 Deo
419 451 610 491 eorum
646 432 826 488 studia
860 431 1077 484 imbuta
1103 440 1252 496 sunt,
1286 431 1497 506 jugitcr
1538 452 1890 505 perseverare

260 526 453 591 liceat,
486 532 648 595 atque
694 521 798 576 sub
853 536 964 575 uno
1001 522 1208 577 abbate
1259 524 1372 590 jam
1424 526 1718 594 praedictus
1744 528 1898 583 locus

259 616 622 681 constitutus,
667 615 718 668 in
776 614 986 668 honore
1053 616 1229 668 sancti
1294 614 1565 671 Vincentii
1624 619 1898 674 indivisus

259 713 330 766 sit
371 722 431 767 et
473 711 704 766 indivisa
747 711 1130 783 congregatio.
1184 711 1292 765 Nec
1347 713 1604 783 cuiquam
1667 715 1894 772 licentia

259 801 596 872 praebeatur.
658 807 716 853 ut
790 798 1078 873 refugiens
1155 800 1399 872 rigorem
1463 802 1727 858 studiosee
1782 806 1890 859 sxbi

260 891 495 965 regulae,
529 892 633 944 hoc
663 889 899 959 illucque
961 898 1214 962 vagetur,
1275 890 1358 944 vel
1393 891 1517 945 aliis
1547 909 1605 946 se
1636 895 1888 950 conferre

259 987 504 1036 conetur
548 977 932 1042 monasteriis;
996 979 1146 1048 quod
1195 995 1224 1032 a
1285 979 1448 1034 nobis
1487 989 1680 1034 contra
1723 998 1890 1056 regu-

257 1070 368 1124 lam
398 1069 506 1123 sub
537 1066 900 1122 anathematis
938 1066 1163 1121 vinculo
1226 1068 1572 1137 prohibetur.
1638 1071 1891 1142 Quapro-

258 1165 388 1228 pter
452 1164 754 1211 statuentes
807 1160 974 1224 atque
1050 1156 1461 1228 promulgantes
1535 1172 1719 1211 coram
1780 1161 1891 1214 Deo

261 1257 316 1305 et
347 1249 586 1304 terribili
640 1247 761 1315 ejus
811 1245 998 1300 futuro
1072 1247 1349 1314 examine,
1419 1264 1519 1317 per
1570 1249 1734 1316 hujus
1789 1267 1890 1305 no-

261 1342 364 1396 stri
411 1338 680 1413 privilegii
727 1339 1019 1408 apostolici
1081 1348 1246 1410 atque
1309 1340 1589 1394 constituti
1631 1343 1888 1415 paginam

263 1433 572 1494 sancimus,
631 1439 684 1484 et
739 1429 885 1482 beati
973 1430 1116 1484 Petri
1171 1430 1546 1500 apostolorum
1623 1432 1890 1503 principis

264 1525 597 1600 auctoritate
661 1522 1039 1588 decernimus,
1126 1530 1292 1594 atque
1374 1523 1710 1578 obtestamur
1779 1535 1888 1579 tam

1999 437 2192 494 Christi
2219 439 2341 494 970.

2716 523 2896 577 XVIII.

1999 640 2214 694 Locutio
2270 636 2614 693 Prmnestinw
2668 633 2906 685 civitatis
2961 632 3115 698 facta
3160 647 3195 684 α
3229 633 3433 684 Joanne
3486 629 3612 682 XIII

2069 709 2300 763 dominia
2325 707 2632 775 Stephania:
2678 705 2935 757 scnatrici
2989 703 3086 756 sub
3123 717 3315 775 annue
3355 703 3608 775 pensione

2066 794 2240 848 decem
2315 772 2609 834 solidorum
2688 776 2812 827 auri
2875 777 3127 829 Romanae
3191 772 3439 827 Ecclesia:
3512 772 3610 836 fa-

2065 858 2276 919 cienda.

2634 916 2810 987 (Anno
2852 914 3002 983 97D.)

2281 1034 2608 1107 [Munnoau
2640 1029 2834 1096 Antiq.
2867 1025 2992 1080 ιεαι.
3029 1024 3120 1088 ιιι,
3146 1022 3294 1093 235.]

2064 1174 2302 1228 Jouuas
2331 1163 2646 1235 episcopus,
2697 1174 2885 1214 servus
2916 1171 3198 1211 servorum
3227 1154 3342 1219 Dei,
3369 1153 3612 1208 dilectis-

1995 1265 2150 1318 simaz
2209 1261 2265 1314 in
2307 1254 2538 1310 Domino
2570 1251 2696 1307 ﬁliae
2736 1251 3048 1304 Srapuama-z
3079 1245 3396 1300 clarissima:
3447 1259 3616 1298 sena-

1995 1352 2143 1416 trici,
2178 1347 2396 1415 tuisque
2425 1341 2551 1396 ﬁliis
2572 1358 2634 1396 ac
2667 1338 2986 1410 nepotibus.

2066 1432 2405 1502 Quotiesilla
2436 1447 2466 1484 a
2493 1430 2652 1485 nobis
2682 1427 2848 1482 tribui
2887 1431 3180 1496 sperantur
3223 1438 3345 1494 quae
3407 1421 3608 1476 rationi

1991 1531 2380 1586 incunctanter
2416 1521 2774 1587 conveniunt,
2821 1517 3006 1572 animo
3070 1529 3170 1569 nos
3215 1514 3374 1568 decet
3420 1511 3613 1566 libenti

265 1617 591 1689 apostolicae
641 1616 788 1669 sedis
840 1615 1058 1670 futuros
1103 1615 1392 1686 pontifices
1457 1633 1733 1687 quamque
1791 1618 1885 1687 qui

2009 1619 2326 1682 :oncederc,
2368 1625 2422 1670 et
2468 1612 2774 1685 petentium
2832 1607 3123 1663 desideriis
3162 1620 3466 1679 congruum
3499 1603 3613 1657 im-

267 1708 646 1780 episeOpalem
703 1707 1216 1762 administraverint
1265 1708 1559 1774 actionem,
1603 1709 1687 1763 vel
1721 1708 1886 1762 etiam

269 1818 478 1873 magna
509 1815 783 1871 parvaque
813 1815 1060 1872 persona
1089 1808 1184 1854 aut
1208 1799 1477 1870 quispiam
1509 1800 1887 1869 cujuscunque

269 1893 652 1968 sitdignitatis
688 1893 954 1964 praeditus
984 1899 1275 1963 potestate,
1301 1909 1366 1947 ea
1394 1909 1514 1963 qum
1548 1909 1578 1946 a
1626 1893 1888 1963 przedicto

269 1986 580 2042 Deoderico
607 1983 806 2039 dilecto
837 1983 952 2039 ﬁlio
969 1991 1157 2039 nostro
1191 1985 1280 2056 pie
1310 1984 1609 2039 venerabili
1639 1985 1758 2039 loco
1787 1992 1890 2039 tra-

271 2080 388 2134 dita
423 2087 591 2148 atque
616 2085 877 2130 concessa
931 2075 1155 2142 fuerint,
1198 2091 1422 2146 quoquo
1479 2076 1641 2130 modo
1696 2092 1724 2129 a
1751 2091 1892 2147 quo-

269 2183 438 2238 quam
464 2163 744 2220 licentiam
797 2164 1057 2230 habeant,
1091 2164 1295 2234 szepius
1343 2165 1681 2218 nominatum
1713 2163 1894 2219 locum

271 2256 462 2310 Sancti
495 2253 763 2308 Vincentii
796 2253 852 2306 in
870 2270 1041 2307 unum
1076 2253 1375 2307 adunatum
1399 2261 1563 2324 atque
1581 2253 1898 2324 spiritaliter

269 2346 594 2417 apostolica:
616 2343 950 2399 exarationis
971 2345 1112 2414 stylo
1141 2345 1434 2412 conjuncta
1464 2344 1784 2418 disjungere
1806 2339 1915 2398 vel'

271 2438 488 2510 aliquid
509 2436 709 2492 exinde
735 2436 996 2490 alienare.
1024 2435 1086 2490 Et
1119 2435 1253 2490 illud
1284 2435 1678 2490 monasterium
1710 2435 1895 2490 Sancti

271 2527 550 2584 Vincentii
576 2527 877 2597 respiciens
906 2526 977 2580 sit
1008 2525 1076 2580 ad
1121 2525 1312 2580 sedem
1354 2525 1725 2595 episcopalem
1769 2541 1900 2596 pro-

278 2617 595 2688 tomartyris
624 2616 822 2671 Christi
847 2616 1113 2686 Stephani
1140 2615 1422 2684 jubemus,
1457 2625 1622 2686 atque
1650 2616 1821 2670 abbas
1845 2617 1900 2670 in

277 2715 552 2782 potestate
584 2708 829 2778 episcOpi
863 2708 1035 2778 ipsius
1064 2707 1168 2762 loci
1203 2706 1493 2778 eligendus
1533 2707 1620 2760 sit.
1673 2707 1726 2760 Si
1771 2724 1900 2764 vero

275 2798 578 2869 cpiscopus
617 2795 874 2861 defuerit,
936 2795 1100 2848 liceat
1147 2794 1332 2848 abbati
1367 2795 1422 2847 in
1467 2794 1677 2850 festivis
1705 2796 1905 2852 diebus

276 2889 346 2942 ad
373 2887 568 2942 sedem
600 2885 974 2956 episcOpalem
1006 2885 1293 2947 accedere,
1325 2885 1512 2956 ibique
1543 2901 1665 2940 cum
1699 2887 1902 2942 dalma-

1990 1709 2189 1782 pertiri
2217 1707 2553 1781 suffragium.
2599 1706 2660 1758 At
2701 1703 2826 1758 ideo
2879 1700 3007 1771 quia
3036 1697 3353 1769 postulastis
3375 1713 3406 1750 a
3430 1695 3612 1761 nobis,

1990 1809 2278 1872 quatenus
2325 1799 2577 1853 daremus
2614 1801 2668 1849 et
2717 1791 3152 1848 concederemus
3181 1796 3346 1857 atque
3376 1785 3616 1839 tradere-

1989 1905 2120 1944 mus
2167 1887 2292 1953 tibi,
2346 1888 2567 1958 tuisque
2599 1883 2725 1938 ﬁliis
2763 1897 2824 1936 ac
2881 1877 3200 1948 nepotibus,
3234 1891 3332 1946 per
3373 1881 3615 1929 nostram

1989 1979 2364 2051 apostolicam
2405 1977 2804 2039 auctoritatem,
2873 1971 3149 2026 civitatem
3220 1967 3616 2021 Prmnestinam

1990 2087 2124 2128 cum
2150 2072 2414 2126 omnibus
2467 2065 2837 2140 pertinentiis,
2869 2079 2990 2117 cum
3044 2059 3194 2115 omni
3254 2059 3476 2129 publica
3525 2057 3621 2111 da-

1993 2167 2154 2222 tione
2187 2171 2244 2219 et
2263 2163 2566 2222 functione,
2598 2174 2719 2230 qua:
2759 2155 2826 2210 ad
2874 2151 3299 2223 suprascriptam
3333 2150 3615 2204 civitatem

1999 2255 2268 2329 pertinet,
2292 2255 2434 2308 inter
2478 2250 2672 2307 afﬁnes
2723 2255 2776 2302 et
2831 2245 3092 2301 terminos
3145 2257 3318 2297 novos
3371 2249 3426 2296 et
3479 2241 3623 2296 anti-

1995 2363 2159 2422 quos,
2198 2347 2251 2401 id
2295 2353 2377 2401 est
2405 2345 2590 2407 Rivus,
2648 2339 2739 2412 qui
2763 2338 3072 2410 appellatur
3102 2338 3286 2402 Satus,
3314 2352 3346 2390 a
3379 2334 3624 2390 secundo

1998 2440 2290 2506 Lavisana,
2313 2445 2368 2494 et
2414 2453 2445 2490 a
2485 2435 2646 2491 tertio
2677 2433 2846 2488 latere
2896 2430 3238 2486 Monticellus
3289 2431 3358 2486 de
3393 2422 3628 2483 Maximo

2001 2541 2057 2586 et
2115 2546 2147 2583 a
2201 2535 2398 2599 quarto
2457 2525 2629 2578 latere
2673 2521 2818 2576 Pons
2863 2518 2930 2572 de
2989 2516 3188 2581 Cicala,
3237 2523 3294 2571 et
3352 2532 3383 2570 a
3435 2515 3629 2587 quinto

2001 2626 2172 2679 latere
2201 2621 2356 2690 Aqua
2400 2618 2538 2682 Alta,
2584 2623 2641 2669 et
2697 2631 2727 2669 a
2758 2618 2910 2668 sexto
2949 2613 3114 2666 latere
3161 2611 3330 2664 Vallis
3362 2611 3431 2665 de
3459 2613 3632 2680 tlapo-

2004 2717 2164 2778 ratie,
2199 2720 2254 2766 et
2284 2708 2572 2778 aseptimo
2605 2707 2774 2760 latere
2803 2705 2957 2759 Mons
2986 2704 3078 2774 qui
3107 2703 3313 2757 dicitur
3360 2703 3428 2758 de
3455 2703 3630 2773 Capo-

2006 2805 2241 2871 ratic,et
2279 2816 2310 2853 a
2360 2799 2598 2869 septimo
2653 2799 2822 2851 latere
2865 2796 3017 2850 Mons
3047 2795 3140 2866 qui
3183 2794 3391 2848 dicitur
3417 2795 3486 2848 de
3533 2795 3632 2848 Fo-

2006 2899 2155 2953 lianu
2208 2893 2363 2948 Unde
2382 2890 2764 2956 concedimus,
2799 2887 3084 2951 tradimus,
3132 2896 3186 2940 et
3214 2902 3245 2939 a
3269 2886 3527 2956 praesenti
3565 2886 3631 2939 14

281 2977 390 3031 tica
436 2983 492 3031 et
533 2975 818 3040 sandaliis,
882 2991 1021 3046 quas
1049 2975 1128 3028 illi
1177 2974 1463 3040 mittimus,
1497 2975 1694 3030 missas
1750 2979 1900 3032 cele-

2010 2987 2312 3043 indictione
2358 2981 2784 3037 corroboramus
2829 2995 2927 3050 per
2969 2979 3111 3033 hanc
3169 2986 3374 3034 nostra:
3408 2984 3635 3049 aposto-

277 3069 461 3124 brare.
492 3067 548 3120 Si
579 3067 703 3138 quis
733 3067 1129 3138 interea,quod
1158 3083 1267 3130 non
1287 3068 1583 3134 credimus,
1610 3070 1899 3126 temerario

277 3173 415 3211 ausu
446 3162 641 3210 contra
668 3170 733 3210 ea
759 3171 882 3227 qua:
908 3155 978 3209 ab
1011 3157 1112 3210 hac
1160 3162 1347 3210 nostra
1378 3157 1701 3212 auctoritate
1727 3159 1816 3229 pie
1846 3167 1900 3214 et

278 3247 517 3303 ﬁrmiter
556 3263 652 3318 per
669 3248 773 3302 hoc
801 3255 1046 3302 nostrum
1081 3247 1426 3321 privilegium
1460 3247 1729 3319 dispOsita
1748 3259 1896 3314 sunt,

277 3343 555 3399 contraire
580 3343 891 3409 tentaverit,
925 3343 1010 3397 vel
1039 3343 1176 3409 haec,
1217 3360 1342 3414 quae
1376 3359 1406 3396 a
1441 3344 1702 3413 praedicto
1724 3346 1903 3401 Theo-

279 3436 472 3490 derico
505 3434 707 3489 dilecto
739 3433 852 3490 ﬁlio
913 3442 1122 3501 nostro,
1167 3435 1490 3491 Metensium
1533 3439 1789 3507 praesule,
1833 3439 1900 3492 ad

279 3528 506 3582 laudem
534 3526 628 3582 Dei
663 3543 761 3596 pro
792 3527 1093 3581 stabilitate
1120 3527 1233 3595 jam
1288 3527 1420 3582 dicti
1464 3530 1782 3583 monasterii
1816 3530 1901 3584 vi-

278 3616 486 3672 delicet
514 3615 687 3671 sancti
736 3615 1008 3670 Vincentii
1063 3621 1262 3670 statuta
1312 3624 1441 3670 sunt
1481 3616 1776 3690 refragare,
1809 3635 1902 3673 au-

277 3709 424 3763 ferre
456 3707 542 3762 vel
569 3707 810 3762 alienare
840 3708 1270 3778 prmsumpserit,
1297 3708 1434 3763 sciat
1479 3724 1539 3763 se
1579 3710 1900 3765 auctoritate

276 3796 426 3851 beati
463 3796 610 3850 Petri
649 3795 1023 3865 apostolorum
1084 3795 1350 3867 principis
1396 3799 1760 3853 anathematis
1783 3800 1903 3855 vin-

279 3889 407 3943 culo
440 3887 766 3942 innodatum
797 3896 961 3959 atque
1021 3903 1144 3941 cum
1187 3888 1347 3955 Juda,
1383 3890 1647 3945 traditore
1688 3892 1903 3946 Domini

283 3976 613 4032 nostriJesu
657 3975 875 4041 Christi,
925 3976 1114 4030 aeterni
1177 3976 1417 4031 incendii
1466 3978 1738 4048 supplicio
1769 3996 1902 4034 con-

283 4067 669 4123 cremandum.
706 4067 795 4122 Sic
839 4067 1155 4138 deputatus,
1205 4084 1307 4123 nec
1357 4086 1598 4140 unquam
1623 4087 1653 4124 a
1690 4072 1903 4141 praefati

285 4155 658 4210 anathematis
687 4155 922 4210 nexibus
951 4155 1023 4210 sit
1074 4155 1376 4210 absolutus.
1413 4157 1475 4209 At
1503 4173 1634 4212 vero
1686 4158 1777 4228 qui
1814 4158 1904 4229 pio

285 4249 493 4303 intuitu
525 4248 845 4302 observator
864 4247 918 4300 in
952 4247 1215 4301 omnibus
1238 4248 1532 4315 exstiterit,
1554 4249 1785 4321 gratiam
1813 4250 1904 4304 be-

2002 3082 2123 3138 licae
2181 3072 2524 3130 auctoritatis
2570 3071 2954 3141 scriptionem,
3000 3069 3248 3124 omnium
3312 3078 3628 3124 nostrorum

2001 3179 2387 3225 successorum
2456 3158 2804 3231 pontiﬁcum,
2887 3158 3253 3228 omniumque
3344 3158 3632 3213 hominum

2002 3255 2438 3316 contradictione
2493 3261 2722 3313 remota,
2756 3255 2814 3303 ut
2869 3247 3144 3320 persolvat
3203 3250 3532 3318 pensionem
3576 3250 3631 3304 in

2005 3360 2191 3408 nostro
2221 3345 2418 3418 palatio
2472 3360 2572 3414 per
2598 3343 2849 3413 singulos
2905 3356 3083 3396 annos
3131 3341 3328 3397 decem
3356 3344 3472 3398 auri
3505 3345 3638 3399 soli-

2004 3445 2124 3510 dos,
2158 3437 2482 3495 difﬁcultate
2504 3434 3225 3505 postposita;omnemque,
3268 3451 3378 3506 qua
3400 3436 3631 3509 indiget,

2004 3532 2462 3591 mehorationem,
2517 3542 2616 3580 seu
2665 3524 3072 3589 defensionem,
3109 3523 3500 3581 indifferenter
3527 3542 3626 3582 vos

2005 3627 2126 3681 sine
2142 3621 2308 3677 dubie
2331 3622 2691 3690 procurantes
2728 3613 2984 3669 efﬁciatis
3013 3631 3026 3679 ;
3058 3615 3326 3687 nullaque
3360 3625 3626 3686 przeterea

2003 3717 2071 3771 ad
2088 3714 2326 3770 dandam
2358 3723 2542 3764 annuo
2590 3706 2916 3779 pensionem
2953 3722 2982 3759 a
3029 3705 3188 3760 vobis
3222 3723 3376 3762 mora
3420 3723 3628 3777 prove-

2006 3808 2139 3873 niat,
2162 3805 2260 3860 sed
2305 3803 2451 3858 ultro
2497 3799 2816 3855 actionariis
2844 3808 3048 3854 sancta:
3103 3806 3310 3855 nostrae
3367 3800 3624 3854 Ecclesim

2005 3911 2132 3974 apto
2191 3907 2437 3969 tempore
2495 3894 2897 3966 persolvantur.
2960 3893 3091 3947 Nam
3157 3893 3204 3946 si
3272 3894 3450 3959 aliter,
3485 3895 3632 3965 quod

2005 3993 2171 4056 absit,
2226 4009 2257 4046 a
2301 3990 2458 4045 vobis
2527 4003 2682 4042 mora
2761 3986 3079 4057 provenerit
3134 3987 3203 4041 de
3259 3985 3634 4058 suprascripta

2007 4079 2387 4136 melioratione
2417 4092 2516 4131 seu
2539 4073 2887 4138 defensione,
2911 4089 3014 4128 nec
3046 4087 3156 4127 non
3177 4079 3232 4127 et
3271 4072 3633 4143 persolvenda

2008 4188 2190 4228 annue
2234 4169 2524 4241 pensione,
2573 4165 2867 4220 statuimus
2951 4163 3068 4219 fore
3136 4163 3436 4218 invalidam
3487 4164 3631 4218 hanc

2006 4268 2248 4317 nostram
2281 4256 2730 4330 praeceptionem.
2790 4255 2917 4308 Post
2972 4268 3101 4307 vero
3142 4252 3356 4307 obitum
3381 4260 3622 4306 vestrum

287 4336 632 4391 nedictionis
655 4351 687 4390 a
715 4334 1230 4390 misericordissimo
1259 4335 1489 4394 Domino
1545 4337 1656 4391 Deo
1717 4347 1900 4392 nostro

2013 4362 2316 4409 memorata
2346 4350 2538 4406 civitas
2579 4364 2702 4402 cum
2749 4345 3010 4401 omnibus
3061 4343 3180 4398 suis
3231 4344 3633 4398 meliorationi-

286 4426 674 4498 multipliciter
692 4434 1084 4496 consequatur,
1135 4434 1190 4479 et
1223 4427 1348 4480 vitm
1387 4433 1608 4481 aeternae
1634 4427 1910 4497 particeps

285 4518 584 4584 efﬁciatur,
635 4526 690 4573 et
738 4519 855 4574 haec
884 4526 1077 4572 catena
1123 4517 1269 4571 beati
1317 4518 1458 4572 Petri
1504 4519 1718 4590 aperiat
1745 4519 1796 4573 ei
1828 4519 1916 4588 ja-

288 4626 457 4665 nuam
476 4608 736 4678 paradisi.
761 4608 816 4662 Si
837 4622 966 4663 vero
997 4607 1198 4678 aliquis
1231 4605 1528 4678 episcopus
1560 4607 1689 4662 inde
1703 4607 1914 4679 aliquid

289 4704 550 4758 minuere
578 4703 834 4769 voluerit,
868 4703 1009 4768 haec,
1041 4710 1102 4757 ut
1144 4702 1402 4765 diximus,
1455 4710 1648 4757 catena
1691 4703 1909 4758 claudat

288 4795 342 4850 ei
373 4795 630 4861 polorum
658 4810 828 4868 regna
897 4793 1171 4862 Scriptum
1243 4809 1339 4862 per
1379 4811 1600 4848 manum
1641 4794 1907 4865 Stephani

292 4886 494 4943 notarii
541 4893 595 4940 et
640 4885 934 4952 regionarii
989 4891 1195 4939 sancta:
1238 4885 1497 4940 Romamn
1543 4885 1796 4940 Ecclesize
1853 4886 1908 4940 in

293 4991 488 5031 mense
527 4975 860 5046 Septembri,
891 4975 1011 5028 etin
1035 4974 1276 5028 dictione
1307 4981 1498 5045 quarta
1515 4973 1748 5029 decima.
1774 4975 1918 5030 Bene

295 5073 478 5126 valete
492 5114 504 5124 .

364 5163 498 5216 Data
528 5177 586 5214 ιιι
619 5159 709 5214 die
738 5160 964 5214 Kalend.
1003 5158 1271 5224 Octobris,
1325 5174 1423 5228 per
1453 5175 1673 5212 manum
1725 5158 1917 5214 Wido-

289 5255 376 5309 nis
418 5253 664 5324 episc0pi
687 5259 741 5306 et
781 5250 1185 5306 bibliothecarii
1233 5257 1437 5305 sanctae
1469 5251 1618 5305 sedis
1650 5251 1916 5320 apostoli-

291 5355 393 5404 cae,
428 5355 576 5394 anno
603 5339 954 5409 pontiﬁcatus
985 5339 1172 5393 domni
1229 5338 1455 5392 Joannis
1484 5339 1682 5392 summi
1731 5339 1916 5409 ponti-

293 5427 415 5483 ﬁcis
445 5435 502 5482 et
533 5427 860 5482 universalis
912 5427 1057 5482 tertii
1091 5426 1311 5490 decimi,
1371 5426 1716 5496 praesidentis
1747 5427 1800 5480 in
1831 5444 1918 5480 sa-

293 5517 600 5573 cratissima
635 5516 766 5571 sede
800 5516 944 5571 beati
975 5515 1117 5569 Petri
1171 5515 1424 5585 apostoli,
1455 5515 1672 5585 quinto,
1703 5515 1919 5586 imperii

298 5608 493 5664 domni
561 5607 772 5663 Ottonis
813 5605 1033 5674 Majoris
1078 5617 1246 5671 nono,
1305 5602 1528 5658 Minoris
1568 5620 1696 5660 vero
1737 5605 1918 5668 tertio,

2016 4445 2120 4499 bus
2143 4444 2212 4498 ad
2237 4442 2330 4509 jus
2384 4447 2590 4494 sanctae
2621 4442 2820 4491 nostrae
2863 4433 3119 4489 Ecclesiae
3171 4432 3351 4488 modis
3372 4432 3634 4489 omnibus

2017 4540 2342 4590 revertatur.

2089 4627 2237 4679 Bene
2266 4622 2466 4678 valete.

2024 4755 2026 4757 μ
2089 4714 2303 4784 Scripta
2333 4728 2432 4782 per
2485 4724 2706 4764 manum
2761 4705 3029 4777 Stephani
3097 4705 3364 4760 scriniarii
3423 4711 3628 4759 sancta:

2013 4807 2272 4861 Romanae
2328 4801 2604 4866 Ecclesiae,
2663 4799 2719 4852 in
2814 4813 3006 4852 mense
3089 4795 3406 4862 Novembri,
3479 4794 3632 4849 indi-

2019 4895 2400 5040 ClIDquﬁi‘im
2453 4975 2725 5035 Kalendas
2767 4974 3011 5030 Januarii
3061 4990 3160 5044 per
3188 4988 3408 5027 manum
3445 4969 3631 5024 Wido-

2023 5077 2105 5130 nis
2133 5073 2379 5146 episcopi
2433 5077 2487 5126 et
2534 5066 2945 5123 bibliothecarii
3002 5071 3205 5118 sanctae
3233 5061 3380 5116 sedis
3413 5068 3640 5131 aposto-

2017 5167 2328 5231 licae,anno
2371 5157 2722 5232 pontiﬁcatus
2759 5155 2969 5212 domini
3019 5153 3190 5208 nostri
3230 5151 3458 5205 Joannis
3503 5166 3633 5204 san-

2017 5257 2244 5312 ctissimi
2291 5254 2580 5324 Xlllpapa}
2621 5251 2676 5317 6,
2725 5247 2945 5319 imperii
2994 5260 3123 5300 vero
3163 5242 3509 5297 dominorum
3542 5243 3640 5296 im-

2021 5353 2332 5417 peratorum
2381 5349 2692 5396 nostrorum
2765 5334 2974 5391 Ottonis
3033 5330 3250 5400 Majoris
3306 5330 3535 5402 Augusti
3576 5331 3631 5386 9.

2021 5436 2246 5492 Minoris
2273 5449 2398 5490 vero
2431 5432 2526 5487 filii
2567 5430 2684 5499 ejus
2731 5429 2764 5482 3
2806 5424 3112 5480 indictione
3147 5422 3514 5493 suprascripta
3544 5422 3630 5477 14.
