4038 6178
425 251 530 308 983

1169 364 1300 418 ΧΙΧ.

495 473 714 514 JOANNIS
755 473 847 510 XIII
894 471 1145 510 EPISTOLA
1193 473 1262 508 AD
1312 471 1606 509 GALLIARUM
1655 468 1957 507 EPISCOPOS.

423 570 716 625 Ecclesiam
773 567 1136 620 Ausonensem
1188 567 1246 618 in.
1294 564 1801 632 archicpiscopalem
1853 566 2032 630 erigit.

495 677 731 732 Joannes
768 673 1082 744 episcopus,
1129 688 1318 726 servus
1360 687 1641 726 servorum
1691 673 1806 737 Dei,
1857 673 2038 727 omni-

426 770 606 825 busin
653 767 864 822 Christo
905 765 1281 820 dilectissimis
1335 764 1701 819 confratribus
1740 766 1942 819 nostris
1981 766 2034 820 in

425 858 720 913 Galliarum
809 853 1055 924 partibus
1112 852 1612 912 eommanentibus.
1672 853 2034 920 charissimis,

428 947 906 1006 reverendissimis
935 946 1368 1016 archiepiscopis
1394 955 1556 1016 atque
1597 935 1874 1018 episcopis
1907 965 2034 1018 apo-

429 1043 679 1098 stolicam
728 1037 1196 1102 benedictionem,
1256 1043 1309 1091 et
1357 1043 1677 1108 perpetuam
1731 1038 1784 1092 in
1828 1038 2035 1094 Christo

430 1129 684 1183 salutem.

498 1219 859 1274 Dilectionem
920 1223 973 1271 et
1036 1214 1430 1270 fraternitatem
1471 1221 1705 1269 vestram
1762 1217 1903 1272 scire
1944 1234 2038 1272 vo-

432 1310 615 1363 Iumus
646 1305 883 1376 qualiter
935 1304 1204 1369 Borellus,
1259 1302 1602 1357 honorabilis
1634 1311 1687 1358 et
1751 1305 2044 1360 laudabilis

431 1410 638 1460 comes,
679 1393 945 1448 orationis
980 1401 1034 1445 et
1087 1391 1484 1461 redemptionis
1549 1408 1659 1446 sua:
1725 1409 1887 1447 causa
1917 1397 2044 1464 apo)

432 1485 692 1539 stolorum
723 1482 861 1536 Petri
904 1488 958 1534 et
1003 1480 1152 1534 Pauli
1221 1479 1413 1534 limina
1444 1481 1695 1549 veniens,
1740 1491 2046 1551 prostratus

433 1575 668 1647 pedibus
695 1573 918 1637 nostris,
971 1571 1399 1641 Iacrymabiliter
1466 1582 1698 1642 questus
1739 1581 1819 1627 est
1852 1591 2048 1644 quem-

435 1663 728 1718 admodum
792 1663 1260 1715 Tarraconensem
1323 1660 1880 1732 archiepiscOpatum,
1951 1665 2042 1734 qui

435 1753 565 1808 olim
593 1757 758 1822 caput
791 1751 844 1804 in
904 1749 1012 1803 illis
1071 1749 1318 1819 partibus
1369 1748 1563 1815 fuerat,
1597 1751 1902 1806 Ausonensi
1946 1754 2046 1809 Ec-

438 1844 618 1898 clesia:
650 1842 1037 1906 subderemus,
1075 1856 1139 1894 eo
1201 1840 1369 1910 quod,
1402 1841 1645 1910 peccatis
1686 1845 2062 1901 merentibus;

439 1937 559 2006 ipsa
582 1935 693 2003 jam
747 1935 895 1988 dicta
952 1932 1147 1987 civitas
1213 1932 1644 1988 Tarraconensis
1701 1951 1731 1988 a
1765 1938 2059 1994 Saracenis

443 2034 601 2097 capta
632 2034 685 2079 et
713 2033 932 2094 pastore
976 2024 1258 2090 destituta,
1316 2023 1526 2078 nullum
1566 2030 1931 2098 recuperandi
1965 2031 2054 2086 Io-

442 2134 565 2171 cum
588 2123 680 2170 aut
711 2115 1055 2169 inhabitandi
1097 2130 1272 2186 usque
1302 2115 1566 2170 hactenus
1585 2120 1834 2187 reperire
1862 2122 2062 2178 valeat-

441 2208 672 2278 Propter
697 2222 859 2277 quam
888 2221 1105 2259 causam
1163 2206 1631 2276 praedecessorum
1688 2225 1937 2266 meorum
1978 2230 2071 2276 86,

441 2305 598 2352 cutus
635 2296 1039 2362 auctoritatem,
1075 2297 1271 2351 amodo
1331 2307 1386 2352 et
1449 2316 1624 2371 usque
1653 2301 1708 2354 in
1742 2310 2066 2374 perpetuum

440 2389 718 2453 volumus,
760 2397 926 2459 atque
964 2395 1270 2442 statuentes
1326 2389 1652 2446 roboramus
1684 2400 1738 2447 ct
1771 2395 2073 2450 confirma-

444 2498 589 2546 mus,
626 2488 684 2535 ut
715 2479 1053 2534 Ausonensis
1108 2479 1350 2534 Ecclesia
1408 2488 1738 2552 potestatem
1769 2492 1822 2539 et
1855 2487 1995 2556 prim
2011 2505 2074 2543 a-

1805 2573 1873 2627 ad
1895 2575 2074 2630 Auso—

464 2576 577 2623 tum
608 2575 791 2622 teneat
870 2567 1292 2623 Tarraconensis
1344 2569 1667 2625 Ecclesiae...
1703 2612 1742 2627 ..

459 2677 689 2714 nensem
745 2659 1044 2714 Ecclesiam
1101 2659 1441 2733 confugiant,
1495 2669 1548 2716 et
1606 2665 1828 2734 quando
1870 2666 2070 2738 aliquis

454 2768 519 2807 ex
560 2751 670 2805 illis
698 2751 768 2805 ab
795 2752 898 2806 hac
937 2752 1060 2805 luce
1098 2746 1437 2825 migrave‘rit,
1483 2769 1772 2811 successor
1817 2757 1966 2813 IIIIUS
1997 2761 2066 2814 ab

449 2843 758 2898 Ausonensi
817 2842 1260 2913 archiepiscOpo,
1299 2844 1393 2915 qui
1440 2861 1471 2899 a
1532 2855 1716 2901 nostra
1763 2850 2064 2919 apostolica

448 2935 580 2988 sede
615 2935 973 2989 confirmatus
1000 2941 1104 3000 est,
1135 2937 1397 2991 succedat
1424 2944 1479 2990 et
1500 2948 1868 2995 consecretur.
1908 2942 2060 2997 Unde

449 3023 578 3094 quia
607 3023 728 3078 sine
779 3030 1092 3077 sanctorum
1139 3024 1357 3078 Patrum
1416 3027 1739 3082 auctoritate
1798 3029 1902 3084 hoc
1961 3047 2065 3085 no-

448 3119 621 3165 strum
655 3110 1004 3183 privilegium
1037 3110 1364 3166 confirmare
1407 3113 1685 3180 nolumus,
1719 3123 1846 3170 ante
1877 3119 2062 3174 omnia

449 3209 503 3255 et
533 3217 701 3271 super
731 3201 918 3254 omnia
949 3200 1257 3255 beatissimi
1294 3211 1349 3257 et
1373 3204 1579 3277 egregii
1631 3222 1784 3274 papae
1817 3207 2059 3280 Gregorii

451 3293 816 3346 instrumenta
865 3299 918 3346 et
973 3292 1305 3348 documenta
1337 3294 1617 3351 declarare
1659 3298 2057 3369 depromimus,

451 3382 542 3436 ubi
563 3382 637 3436 ait
666 3382 732 3436 ad
766 3382 1109 3436 Benenatum
1135 3383 1456 3455 episcOpum
1475 3386 1757 3443 Musitanze
1779 3391 2057 3448 Ecclesiae:

453 3499 477 3522 α
511 3475 570 3529 Et
613 3476 874 3546 temporis
904 3475 1142 3546 qualitas
1191 3483 1245 3531 et
1274 3478 1524 3534 vicinitas
1565 3497 1665 3537 nos
1694 3482 1942 3538 locorum
1973 3485 2061 3538 in-

450 3568 585 3623 vitat
615 3574 674 3622 ut
731 3568 1024 3624 Cumanam
1077 3578 1239 3641 atque
1293 3571 1618 3628 Musitanam
1676 3576 1832 3631 unire
1864 3577 2065 3632 debea-

453 3680 575 3718 mus
605 3663 911 3730 Ecclesias;
945 3665 1205 3735 quoniam
1232 3665 1318 3721 hie
1351 3683 1459 3723 non
1492 3669 1656 3743 longo
1697 3686 1728 3723 a
1757 3685 1817 3724 se
1849 3670 2064 3726 itineris

452 3752 632 3822 spatio
681 3752 946 3820 sejunctas
997 3760 1146 3817 sunt,
1198 3770 1322 3819 nec,
1385 3757 1626 3825 peccatis
1712 3757 2065 3824 facientibus,

368 3888 370 3890 ,
452 3848 602 3895 tanta
626 3841 814 3911 p0puli
855 3841 1146 3897 multitudo
1205 3851 1308 3908 est,
1366 3850 1426 3898 ut
1455 3843 1726 3918 singulos,
1768 3846 1910 3901 sicut
1937 3848 2068 3902 olim

453 3932 574 3994 fuit,
597 3932 803 3987 habere
855 3933 1093 3987 debeant
1153 3934 1486 3990 sacerdotes.
1557 3937 1692 4000 Quia
1744 3938 1913 4010 igitur
1968 3939 2072 3995 Cu-

454 4023 599 4078 mani
628 4024 787 4079 castri
822 4024 1081 4080 sacerdos
1113 4041 1330 4080 cursum
1377 4027 1542 4095 hujus
1572 4028 1831 4098 explevit,
1865 4037 2072 4085 utram-

453 4131 562 4186 que
608 4130 706 4170 nos
757 4114 1051 4170 ecclesiam
1098 4117 1389 4186 praesentis
1472 4119 1812 4174 auctoritatis
1870 4122 2072 4193 pagina

456 4203 638 4257 inesse
668 4203 881 4274 tibique
935 4204 1276 4258 commisisse
1317 4207 1638 4276 cognosce,
1674 4210 2073 4282 propriumque

455 4302 813 4365 utrarumque
882 4295 1242 4348 ecclesiarum
1301 4297 1440 4351 scito
1470 4304 1521 4352 te
1552 4315 1671 4353 esse
1730 4301 2067 4370 pontificem.

458 4382 519 4436 Et
571 4383 696 4436 ideo
727 4391 778 4435 te
835 4396 1182 4452 quacunque
1248 4381 1345 4435 tibi
1377 4383 1445 4436 de
1474 4399 1659 4439 earum
1712 4387 2067 4456 patrimonio,

453 4463 541 4516 vel
569 4465 702 4519 cleri
741 4467 1108 4534 ordinatione,
1159 4470 1273 4525 sive
1331 4473 1680 4542 promotione
1730 4477 1884 4546 juxta
1906 4493 2066 4534 eano-

457 4572 582 4610 num
615 4563 816 4613 statuta
852 4560 968 4614 visa
990 4560 1194 4616 fuerint
1225 4565 1501 4631 ordinare,
1559 4574 1724 4638 atque
1765 4569 2062 4639 disponere

455 4646 810 4714 habebis,'ut
861 4651 1114 4720 proprius
1188 4669 1378 4708 revera
1428 4657 1688 4711 sacerdos
1729 4658 1955 4713 liberam
2009 4668 2063 4714 et

455 4745 652 4790 nostrae
675 4739 1014 4794 auctoritatis
1059 4756 1334 4796 consensu
1393 4750 1556 4814 atque
1601 4746 1966 4814 permissione
1998 4749 2063 4802 li-

454 4826 713 4880 centiam.
747 4848 771 4877 n
811 4829 1076 4884 Similiter
1117 4831 1381 4902 episcOpo
1403 4833 1732 4900 Willitrano,
1753 4843 1917 4908 atque
1946 4838 2061 4893 Fun

455 4917 621 4982 dano,
689 4926 742 4972 et
790 4918 1111 4990 Squalitauo
1171 4923 1243 4976 ita
1300 4922 1354 4976 in
1408 4925 1665 4979 cunctis:
1717 4952 1742 4974 ‹‹
1776 4927 2064 4998 Temporis

455 5009 692 5079 qualitas
711 5011 974 5066 admonet
1006 5013 1391 5083 episcoporum
1427 5016 1590 5070 sedes
1612 5017 1916 5088 antiquitus
1947 5037 2068 5075 cer-

455 5101 526 5154 tis
555 5103 868 5158 civitatibus
919 5107 1263 5173 constitutas,
1320 5109 1389 5161 ad
1439 5109 1545 5163 alia
1607 5127 1730 5180 qua:
1784 5114 2067 5169 securiora

457 5198 730 5261 putamus,
762 5195 884 5263 ejus
933 5195 1241 5252 dimceseos
1295 5199 1413 5254 loca
1459 5207 1840 5271 transponere,
1871 5220 1980 5274 quo
2013 5212 2067 5260 et

457 5282 796 5339 habitatores
826 5303 974 5342 nunc
1029 5289 1256 5363 degere,
1311 5296 1365 5344 et
1403 5291 1745 5346 barbaricum
1777 5295 1949 5364 possit
1974 5312 2068 5366 pe-

458 5370 692 5427 riculum
725 5374 940 5430 facilius
971 5377 1261 5432 declinari.
1321 5398 1345 5428 ι)
1405 5379 1465 5432 Et
1523 5380 1651 5450 quia
1709 5381 1934 5455 longum
1988 5399 2072 5437 es-

453 5469 538 5516 set
587 5479 842 5520 enarrare
890 5468 1073 5538 qualia
1126 5475 1424 5540 et~quanta
1481 5469 1807 5524 documenta
1855 5488 1884 5525 a
1941 5488 2071 5527 san-

523 5594 626 5663 (10)
649 5594 758 5650 Hoc
786 5595 1065 5651 decretum
1119 5597 1318 5654 effectu
1377 5599 1619 5654 caruisse
1649 5601 1842 5654 asserit
1863 5601 2056 5657 Petrus

455 5663 523 5716 de
553 5663 730 5719 Marca
760 5666 816 5719 in
845 5667 1034 5722 Marem
1085 5669 1392 5742 Hispanicae
1447 5670 1542 5725 lib.
1573 5687 1645 5736 ιν,
1699 5686 1822 5743 pag.
1844 5673 1968 5740 403,
1988 5690 2054 5730 eo

1702 304 1705 310 _
1745 235 2013 294 JOANNIS
2055 234 2169 289 XIII
2209 233 2418 292 PAP/E.

2059 356 2235 426 Actis
2287 355 2612 411 doctoribus
2670 353 2869 407 exinde
2918 353 3065 407 dicta
3137 363 3288 417 sunt,
3342 364 3505 425 prout
3554 355 3776 426 melius

3655 235 3773 290 984

2137 445 2341 499 scimus
2388 454 2443 499 et
2500 457 2814 513 possumus,
2871 448 3122 495 nostrum
3183 442 3533 514 privilegium
3568 444 3775 497 abbre—

2141 531 2288 586 viare
2325 530 2655 594 curavimus,
2727 536 2780 583 et
2834 529 3101 583 Othonem
3163 546 3339 583 virum
3381 531 3768 585 venerabilem

2139 637 2317 692 nuper
2352 621 2678 691 episcOpum
2711 636 2775 674 ex
2818 621 2982 674 modo
3019 630 3074 673 et
3099 619 3155 673 in
3170 628 3354 685 antea,
3379 622 3488 675 Deo
3520 622 3776 686 favente,

2139 709 2587 779 archiprzesulem
2641 708 2890 776 ejusdem
2944 708 3284 774 Ausonensis
3317 709 3576 764 Ecclesia:
3613 727 3777 780 prae-

2141 813 2262 852 esse
2297 797 2400 866 (10)
2433 797 2778 850 decrevimus
2807 813 2821 861 ;
2851 795 2926 850 ita
2953 811 3086 850 sane
3115 803 3173 851 ut
3216 797 3413 850 nullus
3445 805 3776 852 nostrorum

2137 903 2518 943 successorum
2555 886 2882 958 pontiﬁcum
2913 885 3120 942 dictum
3155 887 3429 943 Othonem
3470 889 3783 964 archipre-

2139 980 2316 1034 sulem
2347 980 2679 1034 confratrem
2711 988 2980 1045 nostrum,
3014 979 3070 1032 in
3100 978 3366 1034 omnibus
3423 997 3546 1051 quae
3605 997 3780 1050 supe-

2140 1073 2250 1126 rius
2308 1060 2530 1124 exarata
2587 1078 2716 1125 sunt
2765 1071 2850 1126 vel
2908 1070 3110 1140 scripta
3168 1071 3368 1125 audeat
3433 1071 3780 1142 inquietare,

2140 1161 2224 1214 vel
2255 1161 2309 1213 in
2343 1160 2527 1230 aliquo
2560 1159 2894 1221 diminuere,
2923 1159 3021 1213 sed
3063 1159 3240 1233 magis
3269 1159 3455 1230 quiete
3489 1169 3544 1213 et
3575 1175 3779 1214 secure

2144 1257 2434 1302 conservet
2464 1247 2644 1316 ipsum
2691 1262 3150 1317 successoresque
3181 1262 3328 1301 suos.
3364 1247 3497 1311 Nam
3528 1247 3574 1300 si
3608 1246 3775 1300 aliter

2148 1339 2314 1410 (quod
2346 1338 2504 1408 absit)
2558 1337 2958 1408 qualiscunque
3014 1338 3180 1393 homo
3217 1338 3287 1392 sit
3336 1337 3649 1412 dignitatis,
3684 1338 3782 1408 qui

2150 1431 2254 1484 hoc
2295 1438 2541 1484 nostrum
2571 1429 2919 1501 privilegium
2966 1428 3215 1499 qualibet
3253 1445 3439 1487 causa.
3472 1429 3543 1482 de
3577 1428 3774 1482 omni-

2149 1518 2252 1572 bus
2283 1533 2404 1588 quze
2431 1517 2686 1587 superius
2703 1518 2908 1587 scripta
2933 1525 3080 1572 sunt.
3137 1516 3436 1591 infringere
3466 1524 3561 1570 aut
3599 1517 3776 1570 dimi-

2150 1621 2322 1659 nuere
2371 1605 2623 1669 voluerit,
2673 1604 2810 1658 sciat
2854 1620 2911 1658 se
2941 1604 3267 1658 auctoritate
3308 1605 3426 1670 Dei,
3478 1604 3781 1674 apostolo-

2073 1697 2123 1763 B
2153 1713 2384 1767 rumque
2410 1697 2551 1750 Petri
2596 1703 2651 1750 et
2698 1696 2846 1750 Pauli
2882 1696 3216 1766 principum,
3268 1696 3522 1766 quamvis
3555 1712 3663 1750 nos
3699 1698 3782 1749 in-

2168 1785 2321 1859 digni
2353 1799 2540 1838 eorum
2573 1783 2931 1839 vicariatione
2988 1783 3303 1856 fungamur,
3371 1801 3402 1837 a
3460 1793 3789 1852 corporeet

2164 1877 2430 1949 sanguine
2464 1876 2677 1930 Domini
2719 1875 2891 1929 nostri
2946 1875 3076 1929 Jesu
3134 1874 3333 1930 Christi
3362 1892 3484 1930 esse
3516 1877 3789 1940 alienum,

2161 1972 2359 2019 etcum
2391 1963 2599 2034 iniquis
2629 1971 2683 2017 et
2737 1963 3238 2036 transgressoribus
3282 1980 3312 2017 a
3335 1964 3552 2038 gremio
3586 1974 3791 2019 sancta:

2167 2055 2421 2109 Ecclesiae
2451 2061 2816 2127 segregatum.
2855 2057 2917 2108 At
2943 2069 3072 2109 vero
3104 2054 3197 2125 qui
3228 2071 3324 2125 pro
3360 2055 3567 2108 intuitu
3600 2063 3791 2109 custos

2170 2152 2225 2199 et
2253 2144 2572 2198 observator
2601 2143 2654 2196 in
2710 2144 2969 2198 omnibus
3032 2143 3320 2206 exstiterit,
3372 2144 3794 2198 benedictionis

2153 2235 2404 2308 'gratiam
2448 2242 2502 2289 et
2550 2235 2984 2290 misericordiam
3031 2251 3061 2288 a
3117 2235 3646 2290 misericordissimo
3679 2236 3790 2290 Do-

2178 2329 2327 2382 mino
2341 2328 2452 2381 Deo
2484 2334 2668 2382 nostro
2690 2326 2958 2397 consequi
2984 2332 3278 2380 mereatur.

2247 2417 2516 2487 Scriptum
2549 2415 2648 2486 per
2688 2413 2910 2472 manum
2957 2416 3204 2489 Gregorii
3255 2415 3480 2480 notarii,
3516 2423 3571 2469 et
3607 2432 3796 2471 secre-

2179 2509 2302 2563 tarii
2325 2517 2378 2563 et
2407 2507 2676 2561 scriniarii
2716 2507 2770 2562 S.
2822 2507 2885 2562 II.
2945 2507 3002 2561 Ε.
3046 2508 3102 2561 in
3141 2522 3332 2560 mense
3376 2505 3667 2574 Januario,
3711 2506 3797 2559 in-

2179 2601 2420 2656 dictione
2451 2616 2557 2654 xrv.
2592 2600 2739 2653 Bene
2769 2598 2966 2654 valete.

2917 2727 3037 2781 XX.

2162 2835 2379 2876 JOANNIS
2426 2834 2574 2873 PAPE
2627 2832 2721 2870 XIII
2775 2801 3031 2870 EPISTOLA
3081 2832 3152 2868 AI)
3183 2830 3452 2869 GUISADUM
3485 2829 3794 2869 υιιῦειιειςο

2484 2904 2608 2954 SEII,
2641 2903 2857 2941 paruum
2891 2892 3470 2953 nancmoumsauptc.

2817 2978 2995 3044 (Anno
3034 2977 3184 3045 971.)

2091 3053 2444 3162 CSigniﬁcat
2505 3107 2556 3145 se
2620 3091 2896 3144 ecclesiam
2953 3089 3413 3162 Tarraconensem
3444 3081 3615 3137 Audo
3629 3085 3799 3136 ηεηεί

2232 3155 2580 3232 subjunmisse
2656 3162 3044 3232 AttonemqueL
3089 3155 3552 3232 archiepiscopum
3603 3168 3798 3232 conse-

2231 3225 2412 3289 crasse
2433 3250 2494 3288 ac
2519 3233 2691 3304 pallio
2723 3225 2970 3286 donasse.
3006 3228 3105 3284 Cui
3136 3231 3196 3280 ut
3243 3225 3502 3280 obediant
3531 3225 3792 3278 hortatur

2237 3351 2409 3422 [Apud
2438 3351 2624 3405 Florez
2653 3349 2704 3404 3.
2759 3351 2984 3418 Espana
3014 3343 3283 3412 Sagrada,
3327 3341 3558 3408 XXVIII,
3591 3342 3705 3412 96.]

2231 3460 2466 3515 Joannes
2493 3457 2813 3536 egiscopus,
2844 3469 3034 3509 servus
3062 3467 3345 3507 servorum
3385 3451 3507 3518 Dei,
3537 3467 3770 3505 venera-

2165 3551 2368 3605 bihbus
2392 3547 2674 3620 episc0pis
2703 3546 2944 3602 Gurssno
3003 3541 3327 3616 Urgellensi,
3355 3548 3409 3594 et
3437 3539 3621 3596 Ρετιιο
3651 3541 3785 3594 Bar-

2165 3639 2514 3703 chinonensi,
2556 3644 2611 3692 et
2649 3637 2912 3692 SONIARIO
2949 3633 3262 3698 Helenensi,
3318 3629 3375 3684 in
3427 3630 3667 3685 Domino
3697 3647 3784 3685 sa-

2170 3732 2553 3872 lut((lzbnniperiat
2601 3797 2912 3860 fraternitas
2963 3805 3144 3851 vestra
3201 3795 3350 3867 quod
3407 3794 3788 3848 Tarraconen-

2171 3908 2286 3960 sem
2319 3889 2638 3954 Ecclesiam,
2687 3902 2811 3958 quae
2870 3894 3141 3957 perpetuo
3187 3885 3258 3939 ob
3311 3897 3661 3957 paganorum
3712 3881 3796 3935 in-

2172 4001 2391 4040 cursum
2442 3981 2734 4037 deﬁciente
2793 3979 2862 4033 ad
2909 3977 3047 4033 nihil
3081 3977 3302 4031 redacta
3339 3984 3440 4040 est,
3481 3973 3784 4029 Ausonensi

2174 4079 2531 4147 injunximus,
2587 4084 2642 4128 et
2691 4091 2757 4128 ex
2805 4073 3020 4127 duabus
3071 4086 3237 4124 unam
3290 4070 3546 4135 fecimus,
3599 4070 3656 4122 in
3688 4083 3794 4139 qua

2173 4173 2504 4229 confratrem
2537 4176 2785 4225 nostrum
2813 4169 3073 4222 Attonem
3129 4163 3642 4235 archiepiscopum,
3669 4162 3788 4216 dato

2179 4267 2370 4340 pallio,
2404 4267 2544 4320 sicut
2596 4263 2726 4318 olim
2784 4262 3101 4316 Tarraconae
3156 4258 3278 4324 fuit,
3337 4257 3724 4313 ordinavimus
3771 4272 3784 4308 :

2102 4345 2158 4412 Ι)
2186 4357 2567 4430 ρηθαὶρὶθηῑθε
2593 4353 2910 4425 apostolicae
2949 4349 3100 4405 sedis
3135 4350 3488 4412 auctoritate,
3518 4357 3575 4402 et
3598 4348 3787 4402 admo~

2168 4453 2384 4509 nentes,
2417 4452 2612 4498 uteam
2651 4457 2783 4515 erga
2813 4455 2941 4493 eum
2982 4437 3389 4505 subjectionem
3422 4434 3786 4505 impendatis,

2165 4548 2327 4603 quam
2384 4530 2661 4602 quondam
2727 4526 2894 4583 vestri
2943 4532 3321 4580 antecessores
3350 4518 3776 4577 Tarraconensis

2164 4623 2419 4678 Ecclesiae
2443 4618 2878 4691 archiepiscopis
2909 4616 3238 4678 intulerunt,
3273 4622 3327 4669 et
3357 4615 3472 4668 sive
3506 4612 3785 4684 ipse,sive

2163 4715 2253 4786 qui
2277 4729 2375 4784 pro
2394 4720 2638 4782 tempore
2661 4711 2716 4763 in
2740 4707 3048 4764 Ausonensi
3069 4705 3310 4760 Ecclesia
3324 4704 3780 4774 archiepisc0pus

2165 4805 2346 4872 fuerit,
2378 4811 2586 4860 vestras
2614 4802 2778 4857 sedes
2828 4799 3108 4870 subjectas
3166 4798 3384 4864 habeat,
3437 4805 3495 4850 et
3529 4800 3655 4866 post
3693 4807 3790 4847 vos

2166 4898 2221 4950 in
2251 4895 2332 4949 eis
2353 4894 2648 4965 episcopos
2681 4889 2902 4946 ordinet
2935 4896 2990 4943 et
3017 4895 3334 4942 consecret.

2918 5013 3049 5067 XXI.

2163 5122 2396 5162 JOANNES
2454 5121 2550 5158 XIII
2598 5117 2977 5159 MONASTEIIIUM
3046 5115 3092 5153 S.
3147 5113 3321 5152 MANE
3387 5109 3772 5150 GLASTONIEESB

2698 5188 2949 5228 TUENDU!
2993 5185 3247 5224 SUSCIPIT.

2806 5265 2986 5334 (Anno
3002 5260 3149 5330 970.)

2611 5358 2822 5429 (Mum,
2855 5354 3057 5413 Concil.
3109 5350 3221 5405 XIX
3248 5349 3362 5419 23.]
3403 5348 3406 5349 ⁷

2243 5473 2462 5528 Noverit
2515 5481 2838 5528 cunctorum
2894 5467 3088 5524 notitia
3165 5463 3414 5518 fidelium
3489 5459 3632 5534 quod
3688 5473 3785 5530 ego

2158 5605 2305 5676 quod
2339 5604 2588 5676 inaudito
2634 5601 3055 5672 archiepiscopo
3103 5594 3448 5652 Narbonensi
3490 5592 3781 5650 conditum

2159 5675 2373 5732 fuisset.
2415 5675 2690 5730 MARTENE.
