4042 6156
262 333 364 385 985

1505 330 1835 388 EPISTOL/E
1875 333 1951 388 ET
1991 332 2380 388 DIPLOMATA.

3498 330 3603 386 986

259 456 504 510 Joannes
536 454 671 518 XIII,
705 451 1019 506 Conditoris
1057 453 1353 508 clementia
1391 465 1596 535 sanctae
1628 460 1886 538 Romanze
1912 467 1960 534 Α
1989 461 2432 537 cognominatur,
2461 458 2734 521 canonici,
2788 459 3014 513 domino
3065 459 3348 528 episcopo,
3401 465 3456 512 et
3486 474 3600 513 om-

263 548 412 602 sedis
440 547 678 600 existens
709 543 973 616 indignus
999 561 1165 614 papa,
1194 545 1418 616 gloriosi
1464 533 1765 624 Anglorum
1797 533 1887 607 re-

261 643 344 714 gis
367 642 584 714 Edgari,
611 655 824 702 necnon
853 648 907 693 et
927 649 1137 695 sanetze
1172 641 1608 699 Dorobernensis
1630 647 1886 703 Ecclesiae

263 729 674 800 archiprzesulis
731 727 1018 792 Dunstani,
1103 728 1380 784 submisso
1464 733 1709 800 pulsatus
1763 751 1884 791 sum

266 827 458 892 rogatu
496 834 590 888 pro
621 816 951 870 monasterio
986 817 1202 872 Sanctae
1235 817 1438 882 Maria),
1473 819 1730 876 videlicet
1760 823 1888 876 Gla-

262 911 592 984 stingeberi,
624 907 769 979 quod
818 907 921 977 ipsi
979 909 1085 962 acti
1127 924 1315 962 amore
1374 912 1600 979 superni
1640 913 1804 984 Regis
1832 913 1886 966 in

264 1001 456 1055 multis
485 1007 537 1054 et
567 999 778 1072 magnis
835 999 1291 1068 possessionibus
1320 1001 1644 1069 ditaverant,
1695 1019 1890 1057 mona-

264 1096 498 1148 chorum
549 1090 680 1144 inibi
721 1089 1154 1158 multiplicantes
1203 1107 1450 1145 normam
1499 1104 1889 1164 praeceptoque

265 1185 439 1258 regali
474 1183 838 1247 ﬁrmaverant,
890 1183 1040 1252 quod
1073 1190 1128 1237 et
1185 1183 1305 1253 ipse
1345 1182 1527 1238 facere
1559 1199 1668 1239 non
1728 1184 1890 1239 diffe-

264 1290 402 1328 ram.
439 1274 672 1337 Quorum
701 1270 1015 1323 assentiens
1046 1271 1300 1344 benignae
1343 1271 1620 1341 petitioni,
1674 1273 1727 1326 in
1760 1274 1884 1326 sinu

245 1363 528 1417 .Ilomana:
573 1359 826 1414 ECCICSltB
873 1366 929 1412 et
971 1360 1257 1413 beatorum
1297 1361 1669 1430 apostolorum
1701 1370 1888 1431 prote-

263 1453 452 1507 ctione
485 1451 734 1504 eumdem
769 1449 950 1504 locum
985 1443 1252 1520 suscipio,
1285 1465 1334 1503 et
1372 1450 1674 1524 privilegiis
1699 1460 1884 1504 astruo

266 1553 319 1599 et
363 1543 680 1607 corroboro,
717 1557 825 1612 quo
877 1539 1156 1596 ﬁnetenus
1186 1543 1240 1596 in
1275 1556 1340 1596 eo
1373 1558 1480 1613 quo
1530 1559 1677 1596 nunc
1718 1544 1886 1612 pollet

272 1642 595 1704 permaneat
625 1631 934 1685 monachali
975 1631 1189 1685 ordine.
1226 1631 1333 1701 Ipsi
1366 1647 1586 1701 quoque
1628 1632 1882 1685 monachi

271 1724 340 1777 de
363 1722 484 1776 suis
512 1721 610 1774 sibi
638 1711 939 1773 adhibeant
971 1727 1265 1788 pastorem.
1304 1719 1582 1773 Ordinatio
1614 1735 1743 1773 vero
1778 1729 1884 1772 tam

269 1812 662 1865 monachorum
714 1825 878 1878 quam
930 1809 1256 1862 clericorum
1304 1807 1355 1860 in
1406 1806 1633 1860 arbitrio
1672 1807 1889 1860 abbatis

270 1910 322 1954 et
347 1907 651 1954 conventus
689 1899 780 1953 sit.
828 1898 1186 1953 Decernimus
1224 1898 1394 1952 etiam
1421 1907 1478 1952 ut
1500 1898 1632 1951 nulli
1660 1897 1886 1952 omnino

274 1993 566 2048 hominum
619 1991 866 2045 eamdem
911 1992 1167 2052 insulam,
1220 2005 1382 2045 causa
1430 1989 1746 2060 placitandi,
1804 1989 1886 2043 vel

272 2081 484 2152 aliquid
522 2080 897 2149 perscrutandi
951 2088 1044 2134 aut
1083 2079 1414 2150 corrigendi,
1465 2081 1671 2133 intrare
1705 2079 1882 2133 liceat.

270 2174 324 2226 Si
367 2173 494 2244 quis
532 2181 706 2227 autem
741 2172 796 2226 id
830 2172 1054 2225 molitus
1076 2171 1176 2225 fuit
1207 2172 1502 2238 contraire,
1532 2179 1626 2225 aut
1673 2187 1889 2241 posses-

272 2263 466 2317 siones
493 2263 738 2330 ejusdem
770 2261 1025 2315 ecclesiae
1055 2261 1290 2328 auferre,
1318 2261 1576 2327 retinere,
1616 2261 1888 2329 minuere,

271 2355 354 2408 vel
391 2353 696 2408 temerariis
739 2353 1127 2407 vexationibus
1158 2352 1404 2426 fatigare,
1443 2358 1524 2406 ‘ex
1568 2354 1890 2408 auctoritate

269 2446 365 2500 Dei
432 2445 624 2509 Patris,
682 2452 736 2498 et
789 2444 930 2504 Filii,
963 2453 1019 2498 et
1071 2443 1307 2513 Spiritus
1335 2443 1531 2509 sancti,
1575 2451 1892 2515 sanctzeque

271 2537 369 2592 Dei
413 2537 697 2610 genitricis
743 2536 946 2601 Maria,
989 2552 1052 2590 ac
1096 2536 1188 2589 SS.
1223 2536 1593 2605 apostolorum
1645 2535 1788 2590 Petri
1842 2542 1895 2590 et

273 2627 450 2692 Pauli,
475 2628 836 2698 omniumque
860 2634 1199 2688 sanctorum,
1234 2633 1516 2696 perpetuae
1549 2626 1620 2681 sit
1644 2627 1897 2682 addictus

273 2719 698 2784 maledictioni,,
746 2719 850 2772 nisi
895 2719 1208 2789 resipuerit.
1254 2719 1518 2774 Omnibus
1544 2735 1672 2773 vero
1714 2720 1895 2775 eidem

275 2810 399 2863 loco
447 2808 596 2878 justa
642 2808 993 2863 servantibus
1038 2809 1109 2863 sit
1141 2826 1243 2879 pax
1291 2809 1506 2863 Domini
1554 2811 1721 2864 nostri
1771 2811 1896 2865 Jesu

276 2901 501 2966 Christi,
535 2917 717 2966 amen,
764 2909 1068 2974 nostraque
1097 2902 1381 2972 stipulatio
1411 2903 1732 2956 inconvulsa
1766 2919 1894 2972 pcr-

273 2999 516 3043 maneat.

1916 1757 1962 1822 Β

1988 551 2152 604 nibus
2182 549 2465 604 catholicae
2498 546 2624 600 ﬁdei
2658 545 2963 601 cultOribus
3016 564 3079 601 ex
3111 547 3426 616 patentibus
3477 547 3598 600 cul-

1987 657 2178 710 parum
2210 653 2435 694 suarum
2468 637 2907 706 turpitudinibus
2931 638 3190 702 odibiles,
3225 645 3279 690 et
3307 636 3362 689 in
3385 636 3594 690 eisdem

1987 732 2292 785 secundum
2328 726 2684 797 impuenitens
2709 741 2802 781 cor
2847 743 3035 780 eorum
3071 726 3439 780 inverecunde
3471 741 3600 795 per-

1989 820 2272 885 durantes,
2306 833 2429 872 cum
2477 830 2577 869 suo
2611 817 2925 886 praeposito,
2964 826 3150 887 utpote
3192 832 3318 870 vasa
3366 815 3600 879 diaboli,

1990 914 2316 981 ejiciantur:
2362 918 2418 964 et
2447 909 2588 962 sicut
2630 921 2807 964 vestra
2847 910 3159 965 sublimitas
3189 910 3488 973 desiderat,
3517 909 3604 962 di-

1991 1005 2322 1059 lectissimus
2355 1001 2524 1054 frater
2545 1009 2598 1054 et
2629 1002 2991 1072 cocpiscopus
3018 1008 3204 1056 noster
3237 1000 3602 1060 Ethewaldus,

1992 1096 2338 1169 regularibus
2366 1092 2675 1162 disciplinis
2706 1093 2956 1163 apprime
2999 1092 3257 1155 imbutus,
3299 1093 3604 1146 monacho-

1993 1203 2109 1240 rum
2145 1184 2448 1240 secundum
2497 1191 2767 1254 przecepta
2802 1184 3009 1257 regula}
3042 1183 3343 1236 viventium
3376 1198 3601 1255 gregem

1989 1275 2250 1337 enutriat,
2281 1273 2470 1342 eisque
2504 1272 2636 1325 inibi
2671 1280 2990 1342 perpetuam
3025 1271 3368 1324 mansionem
3402 1277 3603 1324 statuat

1991 1365 2104 1431 ille,
2139 1364 2232 1435 qui
2262 1377 2450 1416 eorum
2491 1363 2648 1416 vitam
2691 1363 2763 1416 ita
2803 1362 3106 1417 sanctitatis
3146 1361 3393 1416 moribus
3441 1377 3605 1414 exor-

1989 1464 2100 1518 net,
2132 1464 2210 1519 ut,
2232 1460 2450 1523 pastore
2483 1453 2548 1507 ad
2582 1454 2784 1508 laboris
2814 1455 2897 1507 sui
2932 1454 3212 1524 praemium
3247 1461 3457 1517 vocato,
3492 1468 3602 1506 non

1987 1545 2214 1598 aliunde
2245 1557 2407 1612 quam
2453 1559 2517 1596 ex
2553 1543 2645 1596 illa
2685 1542 3110 1612 congregatione
3166 1541 3304 1595 alter
3335 1541 3386 1592 in
3424 1541 3605 1594 locum
3681 1585 3685 1590 .

1989 1632 2278 1705 regiminis
2317 1635 2599 1688 succedat.
2650 1633 2802 1698 Quod
2858 1634 2902 1686 si
2943 1632 3400 1703 impedientibus,
3453 1630 3603 1701 quod

1987 1727 2156 1786 absit,
2191 1728 2448 1794 peccatis,
2478 1728 2546 1781 ad
2569 1728 2671 1782 hoc
2708 1726 3020 1798 pontiﬁcale
3049 1726 3291 1781 ofﬁcium
3318 1725 3372 1778 in
3407 1725 3602 1778 eadem

1991 1817 2430 1889 congregatione
2458 1819 2716 1873 idoneum
2742 1818 2973 1871 inveniri
2997 1817 3224 1870 minime
3249 1832 3409 1886 posse
3436 1816 3611 1870 conti-

1989 1904 2166 1976 gerit,
2201 1908 2517 1961 auctoritate
2564 1907 2935 1977 apostolorum
2985 1905 3252 1976 principis
3297 1905 3460 1968 Petri,
3521 1904 3610 1958 cui

1991 1992 2270 2047 Dominus
2295 2010 2356 2049 ac
2386 1996 2628 2050 Salvator
2659 2003 2844 2049 noster
2873 1994 3076 2065 ligandi
3115 1993 3479 2064 solvendique
3511 2007 3608 2062 p0-

1989 2086 2259 2135 testatem
2290 2083 2640 2146 contradidit,
2683 2083 3030 2152 praecipimus
3069 2089 3127 2135 ut
3157 2097 3319 2135 nemo
3351 2098 3416 2135 ex
3446 2079 3616 2134 cleri-

1987 2186 2193 2227 corum
2227 2176 2422 2228 ordine
2475 2174 2540 2227 ad
2585 2174 2746 2240 hujus
2799 2173 3038 2244 regimen
3098 2173 3355 2226 Ecclesiae
3401 2186 3618 2242 promo-

1990 2270 2224 2330 veatur;
2264 2267 2360 2319 sed
2420 2266 2599 2335 potius
2650 2282 2714 2318 ex
2763 2264 2869 2318 alia
2904 2263 3139 2334 qualiter
3182 2263 3618 2336 congregatione

1993 2352 2089 2423 qui
2121 2354 2327 2427 dignus
2367 2355 2621 2408 inventus
2653 2353 2815 2406 fuerit
2867 2351 3167 2406 monachus
3194 2360 3525 2418 assumatur,
3557 2358 3612 2405 et

1993 2445 2123 2498 huic
2179 2445 2437 2500 Ecclesia-3
2489 2443 2835 2514 praeﬁciatur.
2896 2443 2948 2496 Si
3009 2443 3132 2514 quis
3171 2443 3320 2496 enim
3382 2443 3611 2504 interea,

1995 2538 2142 2608 quod
2178 2554 2285 2592 non
2317 2539 2614 2592 credimus.
2650 2538 2767 2592 hac
2798 2536 3112 2608 apostolicae
3153 2537 3306 2591 sedis
3336 2537 3614 2612 privilegii

1997 2633 2220 2686 decreta
2253 2631 2404 2686 irrita
2458 2631 2663 2696 facere,
2694 2641 2748 2685 et
2791 2647 2853 2685 ea
2895 2647 3017 2702 quae
3067 2630 3228 2684 nobis
3258 2632 3350 2701 pie
3408 2632 3619 2687 indulta

1998 2728 2127 2774 sunt
2158 2721 2487 2774 intaminare
2519 2721 2963 2791 praesumpserit;
3012 2720 3336 2775 auctoritate
3369 2722 3619 2790 ejusdem

2000 2811 2244 2865 caelestis
2299 2811 2559 2885 clavigeri
2606 2811 2772 2876 Petri,
2824 2812 3184 2882 omniumque
3241 2829 3622 2869 successorum

2001 2899 2121 2966 ejus
2160 2898 2295 2952 sciat
2323 2915 2383 2951 se
2414 2901 2781 2954 anathematis
2823 2901 3044 2955 vinculo
3076 2901 3428 2967 innodatum,
3483 2911 3536 2957 et
3567 2902 3622 2956 in

2002 2990 2094 3045 illo
2127 2991 2310 3063 magni
2336 2989 2529 3057 judicii
2564 2991 2654 3044 die
2688 2991 3082 3061 perpetualiter
3121 2992 3522 3058 damnandum.
3561 2993 3618 3046 ln

341 3081 536 3134 Actum
581 3090 828 3152 tempore
868 3081 1093 3135 {Elfardi
1142 3079 1386 3150 ejusdem
1433 3083 1752 3136 monasterii
1807 3082 1900 3136 ab-
1926 3105 1974 3172 Ο
2001 3078 2216 3132 Christo
2243 3077 2448 3142 valeas,
2482 3079 2708 3148 domine
2737 3077 2835 3133 ﬁli.

267 3171 433 3226 haﬁs.

1003 3243 1138 3296 XXII

334 3369 564 3406 JOANNIS
614 3370 759 3406 ΡΛΡᾹΞ
797 3369 892 3406 XIII
946 3366 1199 3405 EPISTOLA
1229 3367 1299 3404 AD
1343 3367 1594 3406 EDGABUM
1644 3367 1818 3406 REGE“

930 3437 1238 3476 ANGLORUM.

904 3517 1079 3581 (Anno
1111 3513 1257 3580 971.)

375 3627 448 3676 De
482 3622 794 3689 episcopatu
830 3622 1191 3674 Wintom’ensi
1218 3619 1553 3688 empellendz‘s
1573 3619 1782 3674 clericis

668 3696 717 3744 et
757 3691 1164 3744 introducendis
1201 3691 1476 3744 monachis

334 3804 582 3858 Joannes
609 3801 926 3872 episcOpus,
967 3815 1161 3854 servus
1190 3814 1471 3854 servorum
1513 3798 1628 3862 Dei,
1674 3799 1892 3862 EDGARQ

263 3896 380 3969 regi
412 3894 905 3959 excellentissimo,
953 3903 1118 3963 atque
1155 3891 1410 3946 omnibus
1442 3890 1735 3969 episcopis,
1790 3891 1892 3946 du-

262 3991 450 4054 cibus,
484 3989 801 4054 comitibus,
834 3987 1126 4041 abbatibus
1177 3993 1231 4040 et
1257 3993 1453 4039 cuncto
1505 3983 1651 4038 fideli
1684 3985 1890 4055 pOpulo

263 4082 513 4152 Anglican
545 4081 746 4152 gentis,
781 4079 1140 4135 Christianam
1180 4079 1413 4132 salutem
1449 4085 1501 4131 et
1531 4079 1888 4148 apostolicam

269 4170 748 4225 benedictionem.

341 4257 613 4322 Quoniam
653 4272 872 4326 semper
903 4262 1032 4309 sunt
1057 4254 1413 4309 concedenda
1459 4269 1580 4324 quae
1612 4254 1896 4310 rationali-

271 4351 378 4404 bus
404 4355 728 4420 quaeruntur
750 4346 1064 4410 desideriis,
1087 4353 1304 4415 oportet
1321 4355 1378 4398 ut
1411 4351 1604 4399 vestrae
1626 4345 1731 4414 piae
1753 4335 1896 4415 pett-

271 4443 444 4497 tionis
469 4441 714 4494 studium
734 4439 788 4493 in
822 4438 1128 4511 privilegiis
1158 4437 1386 4491 minime
1417 4435 1727 4492 offendatur
1757 4453 1891 4507 prae-

264 4529 501 4583 standis.
555 4527 768 4581 Scimus
811 4526 983 4591 enim,
1033 4525 1270 4598 gloriose
1306 4522 1404 4590 fili,
1455 4522 1669 4593 imperii
1729 4523 1892 4576 vestri

265 4621 597 4693 dignitatem
645 4619 764 4672 zelo
797 4618 996 4671 divime
1031 4615 1280 4693 legis‘ita
1310 4615 1554 4685 undique
1607 4615 1890 4679 munitam,

267 4724 327 4766 ut
361 4711 750 4766 indesinenter
777 4725 873 4779 pro
901 4705 1300 4762 venerabilium
1326 4705 1568 4760 locorum
1589 4705 1894 4776 percogitet

266 4803 606 4866 stabilitate;
637 4811 911 4872 quatenus
939 4798 1300 4870 proveniente
1332 4813 1430 4867 pro
1465 4796 1671 4856 iabore,
1705 4795 1895 4850 schola

268 4895 545 4950 Dominici
589 4891 967 4962 multipliciter
994 4888 1223 4954 servitii,
1255 4897 1309 4941 et
1353 4887 1595 4960 largitori
1648 4886 1894 4940 omnium

269 4989 383 5042 Deo
415 4988 640 5042 abunde
677 4987 887 5040 fructus
939 4984 1246 5037 referantur
1295 4979 1502 5034 milleni
1576 4981 1773 5044 Quare,
1806 4994 1898 5032 rex

272 5081 484 5150 inclyte
525 5095 586 5132 ac
645 5076 719 5130 ﬁli
769 5074 1113 5137 eharissimc,
1164 5071 1313 5142 quod
1345 5077 1524 5125 vestra
1569 5069 1898 5124 excellentia

272 5188 378 5242 per
407 5171 629 5225 fratrem
659 5175 714 5222 et
753 5167 1147 5237 coepiscOpum
1184 5169 1428 5216 nostrum
1463 5163 1798 5216 Dunstanum
1831 5159 1899 5212 ab

275 5264 382 5317 hac
407 5260 712 5331 apostolica
749 5259 905 5322 sede,
947 5255 1034 5311 cui
1078 5255 1206 5308 licet
1252 5252 1508 5306 immeriti
1542 5250 1901 5321 prazsidemus

269 5355 548 5426 exposcit,
608 5353 868 5408 omnibus
910 5350 1086 5404 modis
1139 5347 1516 5409 concedimus,
1575 5343 1899 5399 auctoritate

271 5449 581 5521 apostolica
611 5446 946 5510 sancientes,
980 5449 1038 5496 ut
1069 5443 1137 5495 de
1163 5439 1496 5493 monasterio
1525 5438 1580 5491 in
1623 5436 1900 5492 Wintonia

268 5542 524 5602 civitate,
559 5539 614 5592 in
641 5539 906 5592 honorem
938 5540 1141 5597 sancta:
1167 5529 1441 5585 Trinitatis
1469 5535 1525 5583 et
1553 5527 1902 5583 beatissimo—

271 5648 398 5685 rum
436 5629 814 5699 apostolorum
860 5624 1000 5680 Petri
1049 5629 1104 5678 et
1157 5620 1307 5675 Pauli
1359 5624 1697 5684 constructo,
1753 5615 1901 5687 quod

273 5731 462 5790 vetus,
496 5720 808 5776 differentia
830 5718 956 5773 novi
989 5715 1136 5771 illius
1164 5713 1314 5785 quod
1338 5713 1491 5780 juxta
1527 5716 1611 5766 est
1639 5707 1901 5773 caenobii,

2728 3189 2881 3242 XXII.

2063 3293 2280 3332 JOANNIS
2319 3293 2466 3330 ΡΛΡΕ
2504 3293 2596 3330 XIII
2657 3294 2996 3332 PRIVILEGIUM
3039 3295 3137 3332 PBC
3201 3296 3541 3336 MONASTERIO

2347 3363 2374 3400 S
2453 3365 2523 3400 MA
2533 3365 2634 3400 RIE
2671 3365 2771 3400 TIIA
2781 3365 2917 3402 NGMA
2927 3366 3268 3406 RSFELDENSI.

2613 3441 2790 3504 (Anno
2821 3441 2966 3505 971).
3293 3500 3300 3506 ,

1994 3530 2168 3603 [Apud
2223 3529 2428 3592 Eccart,
2478 3529 2724 3582 Historia
2779 3531 3029 3603 genealog
3099 3535 3339 3603 princip.
3399 3537 3610 3590 Samon.

2599 3614 2775 3668 super.
2790 3639 2803 3665 ,
2849 3599 2991 3670 145.]

2058 3713 2296 3766 Joannes
2327 3709 2648 3780 episcopus,
2669 3723 2862 3762 servus
2880 3721 3163 3761 servorum
3199 3709 3320 3763 Dei.

2065 3803 2298 3872 Credita:
2341 3799 2743 3871 speculationis
2783 3799 3123 3870 impellimur
3151 3816 3286 3854 cura
3317 3817 3381 3856 ac
3417 3801 3613 3856 ardore

1993 3906 2296 3954 movemur,
2357 3902 2454 3958 pro
2508 3887 2909 3941 venerabilium
2964 3887 3213 3942 locorum
3247 3888 3616 3962 percogitare

1992 3981 2392 4039 stabilitatione
2443 3987 2608 4050 atque
2656 3981 2768 4034 Deo
2817 3978 3173 4033 servientium
3217 3981 3512 4034 securitate
3562 3989 3618 4033 et

1994 4077 2098 4131 hoc
2125 4089 2224 4144 pro
2257 4073 2454 4126 animae
2481 4071 2571 4140 pio
2602 4070 2809 4136 labore,
2843 4079 2902 4124 ut
2927 4069 3126 4123 anima:
3151 4069 3363 4126 Christo
3393 4071 3612 4135 dicatae,

1995 4181 2116 4238 quae
2139 4165 2183 4219 si
2217 4164 2293 4217 illi
2319 4162 2516 4216 diebus
2547 4175 2740 4214 eorum
2770 4159 2978 4213 servire
3005 4159 3393 4225 decreverunt,
3427 4176 3612 4230 perse-

1995 4260 2193 4308 verent
2269 4247 2706 4321 imperturbata},
2782 4263 2886 4300 nec
2941 4261 3051 4300 non
3115 4254 3169 4299 et
3221 4247 3312 4300 illa
3359 4257 3620 4301 maneant

1996 4349 2107 4402 ﬁne
2135 4357 2295 4402 tenus
2320 4343 2474 4398 ﬁrma
2505 4359 2627 4414 quae
2656 4357 2686 4395 a
2714 4341 3038 4397 Christianis
3071 4341 3124 4393 in
3158 4341 3249 4396 Dei
3290 4341 3452 4396 laude
3485 4358 3614 4396 con-

1992 4451 2163 4500 tracta
2187 4447 2337 4496 sunt.
2364 4439 2602 4493 Dilectus
2631 4453 2693 4490 ac
2717 4435 3020 4505 spiritualis
3052 4434 3198 4489 ﬁlius
3226 4443 3416 4491 noster
3444 4438 3611 4499 Gero,

1992 4540 2196 4588 sanctae
2237 4526 2584 4584 Coloniensis
2614 4524 2872 4578 Ecclesiae
2912 4523 3390 4594 archiepiscopus,
3416 4525 3611 4579 limina

1994 4624 2366 4695 apostolorum
2399 4618 2565 4691 digna
2595 4614 2891 4669 devotione
2923 4614 3170 4675 visitans,
3220 4631 3284 4668 ac
3323 4615 3612 4670 nobiscum

1997 4716 2230 4786 plurima
2281 4712 2334 4765 in
2393 4717 2535 4766 statu
2589 4703 2876 4781 religionis
2928 4705 3364 4767 communicans,
3431 4706 3617 4762 retulit

1996 4825 2055 4864 se
2085 4807 2416 4874 fratremque
2446 4817 2603 4856 suum
2631 4800 3000 4853 Thietmarum
3035 4798 3432 4863 marchionem,
3466 4798 3613 4852 Chri-

1997 4896 2064 4950 sti
2096 4891 2406 4948 admonitos
2448 4905 2654 4950 amore,
2697 4886 2993 4958 quemdam
3048 4885 3228 4939 locum
3288 4886 3340 4938 in
3399 4887 3606 4940 honore

1997 4991 2200 5037 sanctae
2241 4979 2420 5034 Mariae
2460 4991 2682 5046 semper
2719 4973 2951 5048 virginis
2981 4973 3334 5038 instaurasse,
3365 4980 3420 5026 et
3455 4973 3509 5025 in
3543 4986 3609 5026 eo

1999 5070 2394 5126 monachorum
2444 5064 2686 5136 regulam
2751 5063 2925 5118 sancti
2980 5061 3258 5116 Benedicti
3316 5060 3613 5113 observan-

2003 5161 2134 5214 tium
2188 5156 2467 5211 addidisse
2522 5152 2738 5209 ofﬁciis.
2804 5151 2972 5220 Hujus
3031 5150 3135 5204 loci
3201 5163 3263 5201 ac
3323 5147 3610 5219 religionis

2002 5257 2187 5305 nostro
2217 5246 2479 5319 suffragio
2509 5262 2571 5300 ac
2611 5245 2901 5318 privilegio
2927 5235 3192 5310 paratam
3245 5237 3606 5292 stabilitatem

2001 5341 2118 5394 ﬁeri
2158 5338 2539 5410 expostulavit.
2567 5337 2730 5406 Cujus
2783 5332 3029 5404 petitioni
3079 5344 3354 5394 annuens,
3387 5336 3609 5399 aposto-

2000 5435 2103 5490 lica
2148 5434 2475 5490 auctoritate
2531 5431 2838 5494 statuimus,
2905 5425 3050 5496 quod
3123 5423 3303 5476 eidem
3373 5424 3494 5478 loco
3549 5439 3614 5477 ac

2001 5521 2416 5598 congregationi
2446 5521 2693 5581 fratrum,
2721 5517 2840 5570 sine
2867 5513 3100 5579 alicujus
3132 5511 3398 5582 potentia,
3423 5511 3610 5566 divino

2002 5613 2310 5667 ministerio
2365 5612 2568 5665 instare
2613 5607 2792 5660 liceat.
2825 5603 2934 5655 Nec
2984 5599 3288 5670 epiSCOpis,
3323 5601 3406 5652 vel
3449 5608 3610 5668 pote-

2003 5705 2124 5759 stati
2175 5719 2364 5759 eorum
2434 5702 2489 5755 in
2553 5698 2739 5768 aliquo
2791 5691 3153 5747 intermittere
3185 5729 3199 5756 ,
3271 5689 3355 5742 vel
3411 5695 3609 5744 retror-
