4062 6164
423 317 527 370 987

1763 321 2032 376 JOANNIS
2076 321 2189 375 XIII
2230 322 2418 376 ΡΔΡᾹΞ

3653 328 3774 382 988

421 460 546 497 sum
580 443 885 497 distrahere
923 444 1113 499 liceat:
1164 446 1262 500 sed
1295 462 1379 511 ea,
1414 463 1538 518 quat
1580 448 1743 502 modo
1800 447 2029 514 habent,
2059 453 2104 518 Α
2137 464 2165 501 a
2194 443 2480 503 liminibus
2519 454 2721 504 sanctae
2751 450 2846 505 Dei
2887 450 3141 506 Ecclesiae
3171 451 3420 518 alienati,
3474 452 3580 505 nisi
3614 468 3764 506 con-

423 537 506 588 vcl
555 535 796 589 habituri
829 544 976 601 sunt,
1027 536 1198 592 abbas
1227 554 1417 592 eorum
1448 555 1569 594 cum
1604 539 1887 595 monachis
1933 555 2028 594 or-

424 628 665 682 dinanda
711 629 1024 694 constituat,
1086 630 1221 685 nulli
1261 632 1558 704 quidquam
1613 634 1907 701 cujuslibet
1930 634 2033 688 ob-

421 717 596 786 sequii
628 717 867 772 debeant
903 725 1102 788 praeter
1139 727 1345 775 tantum
1388 737 1486 790 pro
1527 721 1848 776 Christianis
1886 721 2032 776 divi-

426 821 549 859 nam
582 806 908 861 orationem.
941 808 1331 878 Imperatorem
1356 810 1703 865 defensorem
1729 810 2030 880 appellent,

425 909 488 947 ac
533 893 624 963 pio
655 893 800 947 inter
828 910 887 948 se
927 895 1103 951 electo
1160 897 1347 952 abbati
1407 900 1847 968 procurationem
1879 916 2034 955 com-

423 986 706 1040 mendent.
770 987 957 1042 Solum
1025 989 1306 1063 religionis
1365 999 1563 1047 statum
1620 992 1921 1062 episcopis,
1987 993 2033 1047 si

426 1078 662 1141 intersit,
694 1080 952 1150 requirat.
990 1081 1139 1148 Huic,
1184 1083 1230 1136 si
1270 1084 1410 1138 forte
1441 1084 1674 1150 labatur,
1707 1086 2034 1159 corrigendo

427 1167 587 1220 adsit.
622 1167 886 1222 Caeterum
933 1169 1000 1223 de
1040 1170 1263 1225 servitio
1303 1171 1488 1243 aliquo
1532 1173 1833 1228 immunem
1868 1174 2038 1228 relin-

428 1265 560 1329 quat
590 1259 766 1329 ipsum
796 1259 994 1314 locum.
1033 1263 1368 1318 Advocatum
1412 1265 1482 1318 de
1509 1265 1625 1334 ipsa
1676 1266 1959 1338 progenie,
1993 1266 2037 1319 si

429 1350 568 1405 forte
613 1351 668 1404 in
723 1351 928 1406 bonum
979 1353 1214 1419 faveant,
1255 1355 1479 1427 eligant.
1541 1357 1630 1410 Sin
1687 1363 1869 1410 autem
1930 1357 2038 1411 vim

430 1447 522 1495 aut
563 1441 968 1498 incommodum
1013 1443 1217 1500 inferre
1257 1446 1576 1513 moliuntur,
1627 1447 1721 1501 ubi
1765 1447 1872 1501 sibi
1925 1448 2040 1518 pla-

430 1541 576 1599 cent,
611 1535 891 1590 timentem
928 1538 1119 1603 Deum,
1151 1554 1213 1593 ac
1239 1539 1521 1594 stabilitati
1548 1540 1822 1596 faventem
1852 1557 2040 1597 secare

433 1625 775 1696 perquirant.
833 1627 884 1680 Si
954 1628 1080 1699 quis
1120 1636 1306 1684 autem
1362 1631 1500 1685 hanc
1551 1639 1789 1686 nostram
1844 1642 2040 1687 aucto-

431 1720 644 1775 ritatem
718 1721 924 1776 violare
996 1724 1305 1791 tentaverit,
1387 1727 1755 1780 anathematis
1824 1727 2043 1782 vinculo

432 1807 684 1863 astrictus
715 1811 984 1883 gehennae
1025 1817 1296 1867 tormenta
1324 1813 1443 1867 sine
1484 1812 1594 1868 fine
1634 1831 1692 1870 se
1723 1815 1910 1870 subire
1940 1815 2044 1870 do-

436 1898 587 1952 lebit.

508 1986 779 2056 Scriptum
843 2005 938 2058 per
975 2005 1194 2044 manum
1247 1991 1532 2062 Stephani,
1580 1994 1866 2064 scriptoris
1917 2010 2048 2048 san—

438 2081 536 2129 ctas
565 2075 822 2130 Romana
865 2077 1142 2144 Ecclesiae,
1179 2080 1232 2133 in
1287 2097 1475 2136 mense
1526 2083 1809 2150 Januario,
1853 2083 2040 2137 indict.

441 2165 525 2216 15.
575 2195 645 2204 —
683 2166 815 2219 Data
867 2173 1057 2221 octavo
1107 2168 1220 2223 Kal.
1252 2170 1470 2225 Januar.
1510 2187 1606 2242 per
1652 2188 1874 2226 manum
1906 2173 2046 2228 Wit-

438 2255 549 2310 loni
583 2256 830 2328 episcopi
864 2266 916 2311 et
955 2259 1358 2316 bibliothecarii
1388 2271 1592 2318 sancta;
1630 2263 1780 2317 sedis
1831 2270 2046 2334 aposto-

433 2349 570 2417 licae,
613 2366 758 2406 anno
812 2352 1158 2421 pontiﬁcatus
1196 2355 1384 2410 domni
1420 2356 1651 2412 Joannis
1713 2357 2044 2412 sanctissimi

431 2439 498 2492 '13
525 2455 701 2509 papae,
735 2442 765 2493 7
799 2441 1014 2510 imperii
1047 2442 1236 2497 domni
1258 2444 1470 2499 Ottonis
1499 2446 1725 2515 majoris
1748 2447 1836 2513 10,
1867 2447 2049 2515 junio-

437 2528 509 2581 ris
538 2530 591 2595 4,
625 2529 927 2585 indictione
960 2530 1152 2602 quinta
1187 2531 1415 2587 decima.

1155 2645 1329 2700 XXIV.

441 2748 766 2788 DESCRIPTUM
835 2748 1058 2788 JOANNIS
1131 2752 1277 2790 PAPE
1342 2753 1434 2791 XIII
1489 2753 1590 2792 PRO
1641 2754 2052 2795 EXCOMHUNICA-

513 2820 669 2858 TIONE
699 2820 1001 2859 INVASORUM
1045 2822 1438 2862 POSSESSIONUM
1471 2825 1785 2864 MONASTEBII
1833 2828 1877 2866 S.
1928 2829 2054 2867 SYM°

517 2891 767 2930 PHORIANI
799 2892 1059 2932 DICECESIS
1089 2894 1617 2934 AUGUSTODUNENSIS.

1070 2970 1242 3037 (Anno
1273 2969 1423 3039 971.)

555 3058 728 3128 [Apud
769 3059 960 3126 Mansi,
1000 3062 1180 3116 Concil
1209 3102 1222 3126 ,
1267 3069 1394 3116 tom.
1440 3062 1620 3128 XVIII,
1662 3063 1767 3118 col.
1799 3064 1945 3134 450.]

523 3169 632 3241 Ego
666 3170 721 3222 in
771 3169 865 3223 Dei
900 3173 1124 3224 nomine
1177 3171 1414 3225 Joannes
1442 3189 1603 3242 papa,
1650 3175 1799 3228 sedis
1830 3183 2056 3245 aposto-

447 3258 566 3313 licae
599 3268 654 3312 et
686 3260 941 3314 Romanae
972 3261 1124 3315 urbis
1167 3263 1524 3332 apostolicus,
1554 3264 1738 3320 divina
1763 3267 2054 3321 clementia

449 3350 736 3423 largiente,
769 3357 956 3405 notum
988 3351 1110 3407 volo
1130 3351 1248 3406 ﬁeri
1278 3353 1534 3408 omnibus
1562 3356 1796 3425 qualiter
1825 3357 2055 3412 veniens

446 3440 670 3511 quidam
728 3442 1023 3513 episcopus
1073 3460 1104 3497 a
1163 3445 1407 3514 partibus
1452 3446 1768 3514 Galliarum,
1829 3449 2053 3504 nomine

447 3533 728 3599 Girardus,
749 3535 1264 3604 Augustodunensis
1288 3536 1523 3592 civitatis
1548 3539 1744 3608 praesul
1775 3540 2054 3614 egregius,

448 3636 547 3692 pro
575 3622 730 3696 'regis
787 3623 952 3676 etiam
1011 3639 1218 3687 amore,
1277 3631 1330 3678 et
1384 3624 1528 3680 beati
1587 3626 1731 3681 Petri
1794 3627 2059 3699 principis

449 3716 822 3786 apostolorum
907 3717 1134 3772 servitio
1199 3718 1422 3772 Romam
1491 3722 1739 3790 expetiit,
1815 3729 2056 3777 nostram

452 3804 756 3860 honorifice
777 3822 1071 3880 aggressus
1094 3809 1461 3877 praesentiam.
1495 3810 1736 3875 Quidum
1772 3812 1930 3866 nobis
1961 3829 2056 3881 pro

449 3915 546 3952 sua
593 3900 859 3954 industria
917 3908 971 3955 et
1017 3903 1241 3957 honoris
1281 3904 1692 3976 magnificentia
1729 3913 1936 3978 gratus,
1980 3924 2060 3961 ac-

451 3991 742 4061 ceptabilis
788 4000 842 4046 et
902 3994 1101 4047 cliarus
1173 3994 1450 4061 existeret,
1509 3997 1637 4050 dum
1696 3998 1762 4051 de
1812 3998 2063 4068 pluribus

453 4101 634 4138 sermo
678 4084 820 4138 inter
853 4101 953 4138 nos
992 4086 1311 4149 haberetur,
1363 4087 1734 4143 manifestavit
1772 4089 1906 4143 mihi
1963 4091 2066 4144 hu-

455 4175 686 4230 millime
718 4176 1068 4232 reclamando
1101 4178 1168 4232 de
1226 4177 1556 4249 quibusdam
1602 4179 1920 4234 hominibus
1972 4182 2066 4252 qui

2071 1767 2123 1834 Β

2081 3108 2129 3174 C

2133 537 2273 591 versi
2305 537 2374 591 ad
2404 536 2833 593 satisfactionem
2866 539 3140 594 venerint.
3184 539 3386 594 Omnes
3425 541 3577 594 enim
3629 558 3763 595 ma—

2136 631 2461 686 ledictiones
2526 648 2652 702 quae
2723 632 2778 686 in
2833 631 3022 686 Veteri
3080 634 3428 689 Testamento
3487 641 3542 688 et
3609 635 3767 690 Novo

2134 723 2351 793 scriptae
2383 729 2527 789 sunt,
2562 723 2789 778 veniant
2835 740 3003 794 super
3032 740 3129 780 eos
3168 725 3273 779 nisi
3306 726 3375 779 ad
3407 727 3770 781 emendatio-

2135 829 2259 867 nem
2290 815 2563 868 venerint.
2587 815 2706 868 Sint
2735 815 3013 869 maledicti
3045 815 3098 870 in
3130 817 3468 881 civitatibus,
3495 818 3549 872 in
3593 815 3764 884 villis,

2135 902 2190 956 in
2232 904 2396 977 agris,
2430 904 2486 957 in
2517 904 2643 971 viis,
2675 905 2728 958 in
2756 905 3016 969 castellis,
3053 906 3105 959 in
3129 906 3283 960 silvis
3315 916 3370 961 et
3409 907 3466 961 in
3497 908 3768 962 omnibus

2136 993 2292 1048 locis.
2336 994 2631 1049 Deleantur
2659 995 2728 1048 de
2765 994 2906 1050 libro
2960 996 3284 1060 viventium,
3330 1004 3540 1051 etcum
3595 997 3768 1064 justis

2138 1096 2248 1136 non
2281 1081 2612 1149 scribantur,
2658 1083 2760 1137 nisi
2795 1083 3157 1153 resipiscendi
3210 1085 3277 1138 ad
3319 1083 3763 1140 satisfactionem

2140 1176 2194 1224 et
2223 1171 2669 1227 emendationem
2710 1172 2980 1228 venerint.
3018 1174 3147 1227 Fiat.

2871 1281 3017 1335 XXV.

2213 1382 2434 1422 ,ιοΑΝΝιδ
2479 1384 2624 1422 ΡΑΡᾸΞ
2662 1387 2758 1423 Xlll
2803 1385 3058 1425 EPISTOLA
3108 1388 3175 1424 AD
3231 1386 3690 1426 ϐιοιιιοδιεειιιωι

2537 1440 2793 1510 [COMITEM
2834 1457 3279 1496 nxacmonansau
3320 1442 3365 1512 τ]

2768 1533 2944 1598 (Anno
2975 1533 3124 1600 971.)

2143 1627 2426 1682 Prwsulem
2467 1627 2714 1680 Attonem
2753 1627 3120 1682 Gerundensis
3157 1627 3394 1682 dimcesis
3431 1628 3768 1694 gubernato-

2724 1714 2838 1751 rem
2878 1701 3176 1753 constituit.

2257 1784 2431 1856 [Apud
2464 1784 2669 1849 Florez,
2701 1788 2925 1854 Espa-na
2953 1787 3211 1852 sagrada,
3253 1793 3385 1841 tom.
3423 1787 3659 1852 XXVIII,

2793 1889 2918 1948 pag.
2955 1873 3100 1945 252.]

2215 1983 2456 2037 Joannes
2509 1999 2701 2037 servus
2756 1999 2899 2038 serv.
2962 1983 3076 2037 Dei.
3127 2028 3137 2038 .
3188 2027 3199 2038 .
3243 2026 3257 2038 .
3304 2026 3316 2038 .
3363 2026 3376 2038 .
3421 2025 3435 2039 .
3479 1987 3769 2060 gloriosis-

2146 2075 2285 2129 simo
2357 2120 2361 2125 .
2412 2115 2424 2128 .
2471 2117 2484 2130 .
2529 2115 2541 2128 .
2589 2115 2599 2127 .
2649 2115 2658 2126 .
2707 2116 2718 2128 .
2769 2117 2779 2128 .
2827 2118 2838 2128 .
2947 2119 2956 2130 .
3002 2075 3206 2131 tionem
3265 2085 3320 2132 et
3377 2078 3763 2133 charissimam

2146 2165 2376 2219 salutem
2410 2164 2682 2220 tiliationi.
2732 2207 2745 2220 .
2790 2208 2802 2220 .
2855 2210 2862 2218 .
2910 2209 2921 2220 .
2969 2209 2982 2222 .
3028 2208 3041 2220 .
3091 2211 3100 2222 .
3149 2209 3161 2221 .
3207 2204 3220 2218 .
3268 2211 3279 2222 .

2218 2255 2550 2329 Agnovimus
2589 2255 2827 2326 qualiter
2870 2256 2922 2308 in
2954 2255 3150 2310 vestris
3200 2256 3453 2326 partibus
3482 2274 3578 2329 qu.
3627 2299 3639 2311 .
3690 2303 3701 2314 .
3751 2301 3762 2311 .

2151 2393 2164 2405 .
2210 2391 2222 2404 .
2271 2393 2282 2404 .
2328 2391 2340 2403 .
2391 2393 2401 2404 .
2444 2349 2629 2404 subito
2661 2350 2979 2405 sacerdotes
3007 2349 3273 2413 efficiunt,
3318 2351 3467 2422 quod
3501 2353 3769 2426 gravissi-

2149 2455 2297 2493 mum
2354 2447 2409 2494 et
2474 2439 2800 2493 detestabile
2856 2438 3106 2493 omnium
3163 2437 3330 2492 debet
3383 2454 3512 2493 esse
3567 2440 3765 2496 Christi

2150 2530 2416 2585 fidelium.
2475 2531 2627 2585 Unde
2666 2529 2795 2601 quia
2825 2530 3073 2585 omnium
3128 2529 3492 2584 Ecclesiarum
3523 2529 3621 2583 Dei
3668 2545 3770 2583 nos

2150 2620 2463 2675 sollicitudo
2493 2626 2749 2679 coarctat.
2795 2627 2902 2674 tam
2958 2619 3276 2691 pestiferum
3324 2620 3461 2674 etin
3494 2636 3586 2675 no.
3637 2663 3649 2674 .
3697 2664 3708 2674 .
3754 2660 3770 2675 .

2156 2750 2169 2764 .
2216 2748 2228 2761 .
2273 2749 2283 2760 .
2334 2749 2344 2760 .
2392 2748 2406 2762 .
2451 2747 2462 2759 .
2511 2747 2524 2761 .
2572 2750 2584 2761 .
2630 2748 2641 2761 .
2687 2722 2796 2779 gno
2839 2713 3040 2774 vestro,
3099 2715 3154 2763 et
3201 2724 3230 2760 a
3285 2709 3498 2763 cunctis
3537 2709 3775 2764 catholi-

2154 2798 2232 2853 cis
2262 2798 2582 2853 Christianis
2630 2796 2876 2852 funditus
2908 2799 3192 2854 eradicare
3220 2799 3518 2874 satagimus
3565 2799 3688 2854 fulti
3720 2807 3775 2854 et

2161 2931 2172 2942 .
2218 2928 2231 2940 .
2277 2933 2288 2943 .
2335 2931 2348 2943 .
2393 2932 2406 2944 .
2450 2931 2464 2944 .
2513 2929 2524 2942 .
2573 2932 2584 2942 .
2631 2931 2640 2940 .
2692 2933 2698 2942 .
2747 2896 3057 2944 sanctorum
3164 2889 3382 2944 Patrum
3470 2891 3776 2945 auctoritas

2158 2981 2396 3035 maxime
2441 2979 2745 3035 beatissimi
2788 2996 2944 3051 papae
2975 2980 3222 3056 Gregorii
3253 2980 3350 3034 ubi
3402 2981 3544 3034 inter
3574 2989 3779 3035 caetera

2162 3112 2176 3125 .
2221 3109 2234 3124 .
2280 3110 2292 3122 .
2339 3110 2351 3122 .
2399 3113 2408 3122 .
2455 3110 2468 3124 .
2513 3068 2777 3139 episc0po
2842 3069 3328 3142 Augustodunensi
3385 3070 3642 3125 scribens
3704 3069 3780 3123 ait

2159 3206 2172 3220 .
2218 3199 2235 3217 .
2282 3208 2289 3216 .
2338 3207 2349 3218 .
2396 3203 2407 3216 .
2451 3179 2518 3218 oc
2537 3179 2761 3235 quoque
2779 3163 2845 3217 ad
2878 3179 2979 3218 nos
3005 3164 3331 3234 pervenisse
3361 3180 3468 3219 non
3499 3166 3780 3219 dissimile

2156 3257 2383 3332 dignum
2432 3256 2798 3310 detestatione
2853 3256 3268 3328 comperimus,
3329 3258 3476 3328 quod
3544 3259 3781 3328 quidam

2154 3347 2432 3402 desiderio
2465 3346 2688 3402 honoris
2731 3345 2926 3414 inﬂati,
2981 3346 3258 3402 defunctis
3300 3348 3599 3419 episcopis,
3648 3358 3780 3404 ton-

2156 3445 2434 3504 surantur,
2491 3446 2546 3493 et
2605 3438 3039 3509 fiuntrepente.
3087 3482 3098 3493 .
3145 3481 3157 3494 .
3205 3480 3218 3494 .
3267 3481 3279 3494 .
3320 3440 3636 3494 sacerdotes
3707 3483 3720 3496 .
3768 3484 3780 3495 .

2219 3570 2232 3582 .
2274 3537 2439 3601 atque
2496 3529 2865 3584 inverecunde
2921 3529 3166 3602 religiosi
3199 3529 3463 3600 pr0positi
3513 3530 3782 3585 ducatum

2157 3621 2452 3692 arripiunt,
2508 3621 2602 3692 qui
2636 3637 2738 3675 nec
2784 3637 2904 3675 esse
2960 3622 3143 3688 adhuc
3196 3621 3395 3676 milites
3442 3622 3780 3676 didicerunt.

2160 3715 2202 3778 Q
2269 3756 2279 3766 .
2327 3757 2336 3767 .
2387 3757 2396 3767 .
2444 3755 2455 3767 .
2499 3714 2533 3767 d
2572 3723 2828 3783 putamus
2866 3712 2998 3784 quid
3053 3713 3140 3766 isti
3173 3714 3434 3782 subjectis
3468 3716 3783 3784 praestaturi

2161 3806 2291 3870 sint,
2345 3808 2438 3877 qui
2513 3814 2809 3878 antequam
2888 3807 3219 3877 dicipulatus
3289 3807 3452 3862 limen
3510 3815 3788 3880 attingant

2163 3911 2351 3955 tenere
2383 3901 2562 3956 locum
2594 3901 2896 3974 magisterii
2939 3917 3050 3955 non
3099 3901 3414 3965 formidant,
3461 3919 3569 3972 qua
3601 3903 3670 3956 de
3731 3917 3787 3954 re

2166 4006 2396 4046 necesse
2441 3996 2542 4056 est,
2594 3999 2653 4044 ut
2707 3990 2752 4042 si
2814 3991 3066 4059 quamvis
3115 3988 3379 4060 inculpati
3433 4006 3656 4061 quoque
3721 3992 3792 4044 sit

2166 4082 2368 4147 meriti,
2402 4091 2528 4136 ante
2561 4089 2743 4136 tamen
2775 4099 2872 4152 per
2897 4083 3156 4137 distincta
3183 4081 3396 4136 ordinis
3419 4081 3788 4137 ecclesiastici

2167 4181 2486 4228 exerceatur
2512 4171 2712 4238 officia,
2743 4173 2927 4226 videat
2949 4172 3097 4243 quod
3130 4172 3395 4237 imitetur,
3423 4172 3597 4226 discat
3632 4173 3789 4242 quod

456 4271 652 4317 terram
686 4264 755 4318 de
804 4279 902 4319 suo
934 4265 1254 4336 episcOpatu
1301 4273 1733 4336 praesumptuose
1769 4277 1824 4321 et
1853 4269 2066 4324 violen-
2166 4265 2380 4330 doceat,
2416 4263 2741 4320 informetur
2779 4265 2926 4336 quod
2982 4271 3184 4330 teneat,
3234 4271 3294 4318 ut
3333 4279 3422 4335 po.
3469 4305 3481 4316 .
3524 4302 3538 4315 .
3588 4305 3600 4315 .
3648 4303 3660 4315 .
3717 4305 3730 4314 .
3776 4305 3787 4314 .

456 4359 538 4405 ter
563 4361 754 4407 tenere
783 4353 1057 4407 videntur.
1112 4354 1343 4423 Insuper
1393 4354 1720 4424 deprecatus
1769 4364 1854 4411 est
1883 4366 1941 4411 ut
1971 4373 2067 4412 eos
2167 4369 2351 4408 errare
2383 4396 2397 4419 ,
2476 4354 2632 4425 quiet
2696 4393 2708 4406 .
2755 4394 2768 4407 .
2816 4394 2827 4406 .
2873 4390 2884 4404 .
2938 4396 2947 4406 .
2999 4395 3010 4406 .
3055 4369 3160 4407 err.
3208 4394 3222 4408 .
3268 4395 3282 4419 ,
3327 4394 3340 4408 .
3381 4353 3793 4408 demonstrare.

459 4444 1084 4509 excommunicaremus,
1141 4451 1194 4498 et
1238 4444 1639 4502 maledictionis
1699 4446 1883 4514 jaculo
1942 4447 2270 4535 illosDDiu
2297 4463 2428 4521 ergo
2459 4447 2719 4520 religiosa
2740 4446 3101 4502 meditatione
3133 4446 3372 4517 poliatur
3400 4455 3479 4499 ut.
3525 4485 3539 4498 .
3586 4486 3602 4498 .
3657 4488 3667 4496 .
3719 4486 3732 4498 .
3780 4489 3791 4498 .

460 4533 868 4588 damnaremus.
904 4534 1067 4606 Cujus
1090 4535 1412 4606 petitionem
1446 4537 1714 4592 benevole
1735 4537 2064 4608 suscipiens,

455 4625 595 4694 jussi
627 4641 730 4700 ego
757 4627 1000 4683 Joannes
1030 4645 1190 4699 papa,
1224 4645 1417 4684 servus
1443 4644 1726 4685 servorum
1763 4630 1880 4694 Dei,
1907 4629 2068 4684 talem

461 4723 1084 4778 excommunicationem
1132 4732 1187 4779 et
1213 4724 1658 4781 maledictionem
1701 4724 1842 4792 fieri,
1893 4725 2071 4795 scrip-

464 4816 572 4864 tam
627 4825 792 4864 manu
831 4811 1055 4882 propria
1107 4813 1386 4868 Benedicti
1417 4813 1820 4884 archiepiscopi
1876 4814 2068 4869 nostri.

464 4900 719 4972 Conjacet
747 4911 929 4957 autem
964 4904 1155 4959 eadem
1196 4911 1342 4960 terra
1391 4905 1446 4960 in
1497 4905 1671 4976 patria
1702 4921 1824 4976 quae
1874 4905 2076 4961 dicitur

465 4993 771 5061 Provincia,
819 4995 888 5048 de
928 4995 1150 5050 abbatia
1189 4997 1222 5050 S
1301 4997 1707 5069 Symphoriani.
1750 4997 2074 5070 Quicunque

463 5098 595 5155 ergo
623 5099 743 5138 eam
775 5090 964 5137 tenent
995 5091 1190 5138 terram
1217 5085 1270 5138 S.
1301 5085 1708 5156 Symphoriani,
1739 5094 1836 5140 aut
1865 5085 2072 5157 aliquid

464 5193 528 5230 ex
585 5183 732 5232 terra
784 5177 1015 5241 Nazarii,
1066 5177 1186 5232 sine
1235 5194 1461 5234 assensu
1519 5178 1729 5234 Girardi
1771 5176 1890 5249 ejus
1941 5178 2074 5234 civi-

466 5269 592 5323 tatis
631 5268 880 5340 episcopi
913 5283 978 5322 ex
1015 5269 1338 5323 auctoritate
1389 5270 1485 5324 Dei
1525 5271 1700 5325 Patris
1731 5271 2078 5340 omnipoten-

467 5361 554 5428 tis,
588 5367 641 5415 et
671 5361 811 5428 Filii,
857 5367 912 5415 et
951 5361 1186 5432 Spiritus
1231 5362 1427 5428 sancti,
1459 5363 1819 5434 omniumque
1863 5370 2075 5417 sancto-

469 5473 589 5511 rum
631 5456 766 5522 Dei;
827 5464 1092 5528 potestate
1147 5458 1375 5529 insuper
1438 5457 1585 5511 beati
1644 5459 1788 5512 Petri
1843 5458 2078 5513 senioris

466 5545 660 5612 nostri,
713 5561 836 5599 cum
894 5547 1110 5600 cmteris
1150 5546 1414 5618 apostolis
1462 5545 1666 5618 quibus
1696 5548 1822 5601 data
1861 5556 1943 5602 est
1973 5564 2076 5618 po-

469 5643 638 5690 testas
699 5635 906 5709 ligandi
963 5643 1126 5707 atque
1178 5637 1452 5702 solvendi,
1524 5643 1580 5691 et
1643 5653 1709 5691 ex
1771 5637 2077 5693 ministerio

471 5731 679 5790 nostro,
711 5723 823 5778 sint
845 5725 1303 5780 excommunicati
1334 5732 1389 5780 et
1418 5725 1886 5791 anathematizati,
1915 5732 2077 5798 atque
2135 5724 2139 5728 ’

2172 4547 2242 4606 at,
2276 4547 2331 4595 et
2359 4539 2438 4595 sic
2466 4539 2691 4594 lucerna
2720 4555 2887 4609 super
2913 4538 3308 4593 candelabrum
3350 4537 3521 4608 posita
3580 4537 3796 4601 luceat,

2172 4644 2230 4690 ut
2259 4635 2488 4689 adversa
2517 4642 2808 4688 ventorum
2849 4633 2931 4688 vis
2978 4633 3200 4687 irruens
3241 4638 3563 4702 conceptam
3601 4632 3797 4685 erudi-

2174 4723 2339 4778 tionis
2386 4723 2658 4778 ﬂammam
2713 4738 2822 4778 non
2855 4723 3185 4796 exstinguat,
3239 4722 3336 4777 sed
3378 4728 3592 4796 augeat.
3651 4721 3796 4776 Nam

2173 4831 2294 4870 cum
2336 4815 2605 4886 scriptum
2663 4815 2753 4882 sit,
2794 4822 2853 4868 ut
2885 4815 3037 4886 prius
3086 4815 3210 4887 quis
3267 4814 3544 4885 probetur,
3601 4821 3655 4867 et
3721 4815 3801 4868 sic

2175 4910 2467 4976 ministret,
2519 4909 2691 4965 multo
2735 4909 2970 4980 amplius
3023 4917 3152 4963 ante
3200 4907 3514 4978 probandus
3555 4913 3659 4973 est,
3701 4907 3800 4978 qui

2177 4999 2364 5071 p0puli
2398 4998 2729 5053 intercessor
2776 4996 3073 5052 assumitur
3130 5011 3200 5051 ne
3241 4995 3373 5050 ﬁant
3403 5011 3583 5050 causa:
3618 4996 3800 5049 ruinae

2175 5088 2398 5160 populis
2453 5087 2769 5142 sacerdotes
2825 5087 2949 5141 mali
3036 5084 3190 5140 Nulla
3246 5085 3412 5156 igitur
3441 5092 3644 5139 contra
3694 5085 3800 5139 hoc

2177 5177 2479 5240 excusatio,
2522 5176 2670 5230 nulla
2709 5181 2892 5246 potest
2938 5191 3059 5230 esse
3091 5173 3367 5241 defensio,
3416 5171 3549 5244 quia
3581 5171 3802 5228 cunctis

2178 5269 2388 5340 liquido
2438 5275 2625 5322 notum
2676 5273 2759 5322 est
2797 5283 2920 5338 quae
2977 5266 3047 5320 sit
3085 5265 3142 5320 in
3189 5265 3351 5334 hujus
3380 5263 3456 5318 rei
3503 5263 3800 5338 diligentia

2177 5363 2350 5418 sancti
2384 5362 2592 5437 egregii
2635 5361 2951 5417 sollicitudo
2998 5360 3259 5425 doctoris,
3289 5375 3396 5430 qua
3449 5359 3798 5429 neOphytum

2177 5455 2246 5508 ad
2294 5455 2518 5510 ordines
2574 5462 2718 5509 vetat
2783 5469 2969 5507 sacros
3027 5451 3348 5506 ascendere.
3412 5449 3563 5503 Sicut
3613 5457 3799 5503 autem

2178 5551 2310 5599 tunc
2339 5544 2654 5614 neophytus
2679 5543 2985 5608 dicebatur,
3019 5539 3114 5612 qui
3151 5540 3205 5593 in
3237 5539 3395 5593 initio
3427 5544 3637 5592 sancta:
3671 5536 3799 5591 ﬁdei

2179 5640 2299 5690 erat
2326 5632 2641 5688 eruditione
2690 5631 2987 5702 plantatus,
3028 5629 3111 5683 sic
3151 5627 3316 5684 modo
3347 5627 3654 5696 neophytus
3679 5642 3803 5680 oen-

2176 5726 2385 5782 sendus
2405 5734 2509 5794 est,
2527 5726 2620 5798 qui
2641 5733 2871 5795 repente
2891 5724 2948 5777 in
2981 5721 3267 5796 religionis
3288 5719 3483 5775 habitu
3516 5718 3803 5790 plantatus
