4042 6156
289 335 402 390 989

1536 340 1870 399 EPISTOLAE
1908 347 1986 401 ET
2025 345 2415 400 DIPLOMATA.

3532 339 3636 391 990

290 462 362 516 ad
395 461 723 516 ambiendos
772 459 1015 513 honores
1064 475 1252 516 sacros
1313 460 1621 534 irrepserit.
1667 469 1922 528 Ordinate
1949 481 1998 546 Α
2025 473 2186 529 vobis
2211 468 2816 544 placuerit,secundum
2843 467 3073 536 justitiae
3096 468 3373 522 decretum
3399 481 3428 518 a
3450 469 3637 522 sancta

287 569 428 626 ergo
469 554 537 607 ad
590 553 812 608 ordines
869 551 1288 608 ascendendum
1359 562 1461 611 est.
1514 559 1665 616 Nam.
1702 603 1712 614 .
1755 607 1765 617 .
1803 605 1814 618 .
1852 604 1864 618 .
1904 603 1920 621 .

287 649 358 703 ad
421 661 634 702 summa
694 642 798 698 loci
855 641 1081 714 fastigia
1126 647 1451 716 postpositis
1500 652 1766 724 gradibus
1822 671 1923 726 per

289 741 535 810 abrupta
596 736 788 809 quaerit
845 751 1162 804 ascensum,
1206 745 1260 792 et
1312 739 1442 809 quia
1501 744 1916 801 Gerundensem

293 827 594 880 Ecclesiam
626 825 742 877 sine
771 823 953 893 plebis
975 832 1031 878 et
1063 825 1254 895 pepuli
1289 826 1563 884 electione
1592 832 1916 904 episcOpum

291 919 633 988 ne0phytum
666 921 1047 969 consecratum
1091 917 1424 980 audivimus,
1469 922 1730 990 quoniam
1767 925 1919 979 nulla

291 1010 438 1063 ratio
469 1009 598 1063 sinit
619 1014 676 1061 ut
737 1008 879 1061 inter
911 1008 1211 1079 episc0pos
1245 1009 1529 1077 habeatur,
1585 1015 1732 1084 quod
1765 1031 1866 1071 nec
1890 1033 1918 1069 a

290 1101 516 1157 clericis
542 1101 620 1154 sic
650 1100 877 1170 electus,
919 1117 1028 1154 nec
1058 1117 1089 1154 a
1112 1101 1368 1170 plebibus
1415 1104 1716 1173 expetitus,
1739 1108 1920 1162 modis

288 1197 556 1252 omnibus
585 1195 834 1249 volumus
889 1204 945 1249 et
970 1195 1253 1262 jubemus,
1311 1204 1367 1250 et
1418 1197 1668 1265 ejusdem
1719 1201 1770 1256 S.
1813 1203 1920 1256 Ge-

289 1284 592 1340 rundensis
649 1283 904 1336 Ecclesiae
991 1285 1244 1338 Attonem
1304 1285 1474 1338 virum
1540 1289 1915 1343 venerabilem

283 1370 763 1443 archiprzesulem,
797 1377 851 1423 et
883 1370 1215 1425 confratrem
1257 1381 1504 1426 nostrum
1549 1376 1913 1442 provisorem,

282 1469 340 1516 et
366 1461 795 1532 gubernatorem
831 1457 937 1528 ipsi
976 1459 1234 1513 Ecclesiae
1291 1461 1347 1513 in
1388 1461 1649 1515 omnibus
1672 1480 1914 1532 praeesse

287 1548 699 1611 constituimus,
735 1546 806 1599 ita
844 1562 982 1600 sane
1034 1556 1091 1600 ut
1143 1548 1358 1618 plebem
1421 1558 1474 1602 et
1514 1548 1779 1619 populum
1807 1551 1912 1604 sibi

293 1641 647 1696 commissum
693 1639 773 1694 sic
821 1639 975 1707 juste
1033 1649 1086 1702 et
1116 1641 1382 1696 canonice
1434 1651 1606 1714 regat,
1640 1649 1914 1712 quatenus

293 1746 399 1801 pro
430 1729 507 1783 ill.
544 1772 556 1784 .
593 1772 604 1784 .
639 1768 651 1782 .
730 1727 1064 1782 redditurus.
1104 1771 1114 1781 .
1161 1770 1172 1782 .
1222 1771 1230 1782 .
1300 1768 1312 1781 .
1343 1729 1568 1786 Judici..
1611 1771 1622 1783 .
1684 1773 1694 1784 .
1741 1772 1751 1783 .
1791 1769 1804 1784 .
1844 1771 1856 1786 .
1897 1771 1907 1785 .

1023 1833 1177 1886 XXVI

291 1941 518 1980 JOANNIS
545 1941 688 1978 ΡΑΡᾹΞ
718 1941 811 1978 XIII
868 1941 898 1977 E
919 1939 1116 1978 ‘ISTOLA
1176 1940 1242 1976 AD
1275 1939 1564 1980 UNIVERSOS
1622 1939 1909 1980 EPISCOPOS

786 2011 1091 2048 BBITANNL'E
1113 2010 1426 2049 CITERIOBIS.

918 2087 1102 2156 (Anno
1136 2085 1280 2152 972)

609 2175 854 2246 [Martem
889 2176 1044 2228 Thes.
1091 2175 1291 2229 .tnecd.
1325 2177 1424 2240 III,
1453 2173 1597 2244 868.]

301 2271 458 2324 Vetat
480 2283 545 2320 ne
561 2269 858 2321 Turonensi
887 2267 1288 2335 archiepiscopo
1300 2267 1576 2331 resistant,
1606 2266 1768 2321 donec
1795 2269 1910 2336 ipse

503 2338 568 2391 de
593 2354 771 2391 eorum
800 2340 1169 2392 controversia
1219 2337 1493 2406 judicium
1524 2339 1725 2392 tulerit.

359 2451 602 2504 Joanuss
630 2463 822 2502 servus
842 2462 1130 2502 servorum
1159 2446 1276 2513 Dei,
1335 2445 1631 2516 episcopus
1654 2447 1910 2501 Romanis

283 2543 468 2605 urbis,
503 2543 556 2596 in
598 2542 811 2596 Christo
867 2541 1129 2595 fratribus
1197 2540 1468 2596 universis
1525 2540 1804 2610 episcopis
1833 2541 1912 2595 ci-

285 2631 511 2687 terioris
566 2629 857 2684 Britanniae
909 2629 1143 2683 salutem
1223 2629 1276 2682 in
1342 2627 1557 2682 Christo
1614 2633 1668 2681 et
1721 2627 1912 2682 visita-

291 2724 529 2779 tionem.

357 2815 498 2881 Quia
528 2814 645 2868 vice
676 2813 821 2868 beati
848 2813 991 2868 Petri
1043 2813 1422 2884 apostolorum
1471 2812 1758 2882 principis,
1805 2813 1914 2866 Do-

283 2905 438 2959 mino
470 2905 583 2958 Deo
613 2902 901 2975 dignante,
929 2901 1176 2956 omnium
1205 2901 1563 2955 ecclesiarum
1581 2917 1767 2956 curam
1791 2917 1914 2956 sus-

280 2997 555 3067 cepimus,
615 2993 1048 3049 sollicitudinem
1113 3009 1220 3063 qua
1279 2992 1711 3062 uniuscujusque
1777 2991 1914 3047 ﬁdes

283 3086 510 3156 integra
538 3082 595 3136 in
624 3081 822 3136 eodem
876 3081 1108 3136 Domino
1141 3089 1468 3147 reservetur,
1501 3081 1620 3135 sine
1652 3097 1759 3151 qua
1790 3082 1912 3136 nul-
1936 3122 1982 3156 ρ

276 3175 362 3228 lus
392 3173 443 3227 ei
489 3171 707 3241 placere
734 3171 963 3237 valebit,
1008 3171 1218 3242 ubique
1258 3187 1450 3225 severe
1477 3172 1772 3226 observare
1809 3173 1911 3226 de-

276 3272 496 3324 bemus.
522 3264 761 3334 ldeoque
777 3271 966 3318 notum
994 3264 1064 3317 sit
1089 3264 1249 3319 vobis
1263 3264 1527 3334 quoniam
1553 3264 1910 3319 charissimus

271 3352 444 3407 frater
471 3361 659 3408 noster
685 3355 982 3419 Arduinus,
1018 3363 1222 3409 sanctae
1275 3355 1614 3408 Turonensis
1652 3355 1908 3410 Ecclesiae

269 3449 750 3518 archiepiscopus,
786 3450 1019 3504 veniens
1050 3449 1117 3503 ad
1159 3450 1536 3519 apostolorum
1572 3448 1763 3503 limina
1797 3451 1906 3504 Ro-

269 3559 416 3596 mam
446 3553 682 3604 oratum,
726 3543 1099 3613 interpellavit
1130 3559 1229 3598 nos
1263 3543 1411 3613 quod
1439 3543 1562 3613 jura
1590 3543 1679 3596 sui
1713 3543 1898 3598 archi-

267 3635 651 3704 episcopatus,
692 3651 814 3705 quae
867 3635 936 3687 ab
968 3635 1210 3704 antiquis
1266 3633 1606 3703 temporibus
1655 3650 1752 3703 per
1800 3634 1906 3688 de-

272 3732 425 3780 creta
473 3733 788 3780 sanctorum
843 3725 1162 3795 pontiﬁcum
1223 3731 1427 3796 sanctae
1477 3725 1736 3780 Romanae
1787 3743 1906 3781 ma-

272 3814 372 3867 tris
405 3813 666 3868 Ecclesia:
702 3814 816 3868 suis
859 3813 1361 3884 praedecessoribus
1398 3828 1662 3868 concessa
1694 3824 1748 3868 et
1777 3830 1912 3869 con-

275 3903 496 3958 ﬁrmata
523 3904 765 3972 fuerunt,
799 3921 830 3959 α
885 3911 1066 3959 vestro
1115 3905 1539 3975 archiepiscOpo
1589 3911 1642 3958 et
1671 3905 1784 3960 suis
1811 3906 1910 3960 de-

276 3993 602 4048 cessoribus
648 4009 744 4064 per
780 3993 1103 4048 violentiam
1163 4000 1217 4047 et
1270 4009 1609 4066 paganorum
1643 3993 1911 4048 Norman-

279 4101 484 4141 norum
517 4084 964 4139 contrarietatem
1025 4082 1239 4137 sublata
1279 4083 1553 4137 videntur.
1591 4082 1744 4136 Unde
1774 4097 1910 4150 apo-

278 4180 481 4234 stolica
510 4179 836 4234 auctoritate
864 4178 1023 4232 vobis
1062 4177 1250 4231 sciatis
1279 4177 1382 4245 (ll)
1427 4176 1801 4242 interdictum,
1838 4193 1908 4231 ne

283 4270 439 4325 illius
461 4269 576 4324 ullo
610 4269 904 4337 modojuri
934 4269 1203 4323 resistatis
1225 4268 1509 4338 deinceps,
1541 4269 1608 4323 de
1643 4268 1909 4323 omnibus

283 4361 738 4433 quae‘praedictus
796 4361 1248 4431 archiepiscopus
1303 4360 1590 4416 conﬁrmat
1630 4361 1907 4432 archiepi-

2028 566 2267 621 Romana
2319 562 2558 618 Ecclesia
2604 566 2898 626 statutum,
2949 558 3320 630 permaneatis
3373 572 3496 624 cum
3542 555 3636 608 Dei

2023 653 2410 708 benedictione
2429 651 2484 704 in
2507 649 2714 704 unitate
2755 657 2954 704 nostrae
2973 648 3258 703 catholica:
3289 643 3635 700 communio-

2025 747 2128 801 nis.
2163 747 2375 800 Interea
2439 743 2614 796 sciant
2678 741 2830 814 regni
2884 741 3050 794 vestri
3087 738 3361 803 homines,
3394 735 3632 789 maxime

2024 836 2341 897 nobiliores,
2396 831 2713 886 nominatim
2776 829 3157 901 Berengarius,
3219 834 3271 880 et
3327 824 3473 878 ﬁlius
3499 839 3631 877 suus

2025 929 2257 984 Conatus
2289 937 2342 981 et
2376 923 2505 978 Hoel
2555 939 2676 977 cum
2728 923 2890 976 fratre
2922 936 3021 975 suo
3055 920 3321 979 Guerech,
3350 933 3472 972 cum
3521 931 3632 970 ca-

2024 1022 2153 1075 teris
2187 1017 2510 1086 majoribus,
2533 1023 2590 1070 ut
2620 1016 2664 1070 si
2711 1025 2900 1070 contra
2947 1013 3214 1084 justitiam
3247 1009 3633 1065 inobedientes

2024 1113 2230 1166 fuerint
2259 1109 2386 1164 huic
2415 1113 2612 1162 nostrae
2637 1107 2893 1176 jussioni,
2919 1114 2974 1160 et
2997 1103 3257 1160 contrarii
3288 1118 3383 1156 seu
3442 1098 3630 1154 rebel-

2023 1202 2102 1255 les
2133 1198 2442 1255 exstiterint
2479 1198 2740 1266 praadicto
2780 1196 2928 1250 fratri
2974 1201 3160 1248 nostro
3192 1181 3633 1257 T’uronensicpi-

2019 1304 2210 1358 scapo,
2259 1287 2368 1340 sint
2425 1293 2479 1339 et
2531 1285 2636 1355 ipsi
2683 1282 3139 1340 excommunicati
3160 1289 3214 1336 et
3241 1285 3427 1334 nostra
3457 1277 3628 1330 bene-

2016 1379 2260 1435 dictione
2290 1379 2589 1446 apostolica
2613 1378 2828 1450 privati.

2727 1509 2924 1563 XXVII.

2090 1610 2429 1652 PLIVILEGIUM
2480 1612 2699 1651 JOANNIS
2730 1613 2878 1650 ΡΛΡῶ
2930 1612 3023 1649 XIII
3065 1610 3166 1648 PRO

2639 1684 3007 1722 CLUNIACENSI.

2590 1761 2765 1828 (Anno
2786 1759 3061 1826 965-972.)

2016 1851 2263 1903 Ilicterio
2310 1855 2632 1920 Arelatensi,
2688 1855 2984 1909 Amblardo
3013 1851 3384 1918 Lugdunensi,
3429 1849 3627 1902 Theut-

2089 1921 2254 1995 ῥᾳιᾴο
2290 1925 2593 1989 Viennensi,
2622 1919 2886 1995 Stephano
2939 1925 3388 1995 Claromontensi,
3410 1919 3632 1974 Αἰγηοηὶ

2098 1993 2492 2064 Yalentinensi,
2521 2004 2637 2056 etc..
2671 1993 2927 2053 Maiolum
2948 1996 3190 2049 abbatem
3233 1993 3630 2048 Cluniacensem

2087 2062 2318 2134 ejusque
2337 2062 2657 2122 monasteria
2684 2068 3029 2122 commendat.

2524 2157 2748 2228 [Bullar.
2787 2157 3024 2210 Cluniae.
3053 2154 3128 2223 5.]

2084 2257 2331 2316 JOANNBS
2386 2264 2704 2334 episcopus,
2745 2278 2936 2316 servus
2991 2275 3270 2315 servorum
3304 2257 3424 2321 Dei,
3454 2256 3630 2310 fratri-

2007 2350 2116 2404 bus
2149 2353 2571 2423 etcoepiscopis
2604 2370 2701 2423 per
2730 2353 2894 2407 urbes
2940 2351 3235 2405 Galliarum
3277 2347 3630 2405 consistenti-

2011 2440 2118 2494 bus
2145 2449 2202 2495 et
2251 2443 2695 2512 praesidentibus,
2754 2443 3004 2496 HICTERIO
3049 2440 3258 2494 scilicet
3307 2438 3634 2504 Arelatensi,

2013 2533 2311 2587 Ansmnuo
2405 2535 2782 2608 Lugdunensi,
2863 2533 3217 2587 'I‘aurnsawo
3307 2531 3635 2596 Viennensi,

2013 2624 2298 2680 Srspnano
2331 2626 2789 2692 Claramontensi,
2847 2629 3039 2681 Amom
3078 2624 3482 2691 Valentinensi,
3524 2621 3639 2676 Wl-

2015 2731 2144 2771 nom
2203 2717 2570 2771 Vesontiensi.
2627 2719 2797 2772 Anom
2851 2715 3262 2780 Matisconensi,
3329 2715 3634 2770 Fnomamo

2015 2807 2386 2874 Cabilonensi,
2420 2808 3009 2872 WmomVallaviensi,
3064 2808 3338 2862 LONDRICO
3397 2806 3633 2861 Avenio-

2015 2903 2194 2968 ncnsi,
2241 2903 2490 2958 GERALDO
2554 2905 2880 2970 Genevensi,
2931 2905 3209 2958 Maesamo
3271 2902 3633 2964 Lausanensi,

2015 2993 2255 3048 Lueomo
2306 2993 2553 3060 Lurensi,
2609 2997 2895 3050 Rosracso
2950 2995 3273 3060 Vivariensi,
3319 2994 3636 3065 apostolicae

2013 3080 2242 3154 gratiam
2294 3079 2705 3136 benedictionis
2745 3093 2799 3137 et
2841 3082 3070 3157 gloriam
3123 3089 3351 3136 aeternae
3403 3081 3637 3136 beatitu-

2015 3173 2178 3227 dinis.

2094 3264 2364 3318 Laetamur
2403 3264 2562 3318 valde
2620 3265 2676 3318 in
2725 3267 2954 3321 Domino
2985 3273 3039 3320 et
3096 3267 3439 3320 exsultamus
3488 3263 3634 3337 quod

2011 3359 2235 3413 dilectio
2269 3359 2362 3412 Dei
2406 3368 2462 3413 et
2503 3361 2742 3415 charitas
2784 3361 3039 3430 proximi,
3080 3377 3247 3431 quam
3291 3378 3388 3417 vos
3415 3361 3632 3416 studio-

2005 3449 2223 3504 sissime
2245 3449 2538 3504 multorum
2570 3451 2837 3505 relatione
2877 3451 3193 3506 audivimus
3232 3453 3534 3517 custodire,
3567 3452 3634 3506 ad

2008 3540 2123 3594 vias
2149 3539 2365 3594 Domini
2408 3547 2461 3594 et
2489 3541 2747 3594 mandata
2800 3540 2929 3594 facit
2971 3557 3067 3595 vos
3123 3543 3406 3597 subtiliter
3459 3543 3638 3596 anhe-

2009 3633 2144 3698 lare,
2177 3632 2604 3702 utpontiﬁcatus
2640 3633 2805 3687 vestri
2835 3633 3131 3687 discretum
3169 3636 3417 3708 regimen
3448 3635 3636 3689 multis

2010 3733 2213 3781 sancta;
2247 3724 2500 3779 Ecclesiae
2528 3723 2656 3778 filiis
2704 3725 3075 3780 necessarium
3098 3733 3326 3795 praestet
3358 3728 3630 3781 levamen.

2013 3818 2165 3883 Quod
2204 3817 2511 3871 manifestis
2561 3818 2984 3887 probationibus
3022 3833 3122 3872 vos
3176 3834 3402 3890 semper
3449 3819 3633 3873 facere

2012 3906 2391 3961 desideramus
2422 3905 2512 3976 pie
2526 3913 2580 3959 et
2602 3921 3020 3962 commonemus
3052 3914 3110 3960 ut
3136 3907 3401 3962 virtutum
3432 3907 3635 3976 pennis

2013 3997 2079 4051 ad
2111 3995 2356 4052 coelestia
2375 3995 2732 4051 convolantes
2780 3994 2966 4066 plures
2991 3994 3058 4048 ad
3089 3995 3361 4050 Christum
3395 3995 3632 4066 populos

2013 4094 2226 4149 trahere
2251 4101 2372 4164 post
2400 4108 2496 4147 vos
2529 4093 2774 4164 possitis.
2836 4086 3093 4146 Nostrum
3144 4108 3385 4162 namque
3419 4096 3502 4144 est
3532 4103 3629 4143 vos

2011 4183 2211 4238 hortari
2242 4199 2312 4237 ne
2336 4183 2552 4238 Domini
2574 4166 2942 4253 disciplinam,
2977 4196 3075 4251 per
3109 4197 3276 4251 quam
3309 4177 3626 4250 pervenitur

2008 4275 2076 4329 ad
2106 4275 2359 4347 gloriam,
2391 4274 2805 4346 parvipendatis
2828 4281 2921 4329 aut
2950 4271 3236 4346 negligere
3254 4271 3456 4326 vetitis.
3490 4270 3628 4334 Quo-

2009 4381 2154 4436 niam
2185 4379 2281 4420 vos
2319 4364 2473 4432 estis,
2499 4372 2558 4419 ut
2578 4365 2652 4419 ait
2700 4365 2986 4431 Dominus,
3043 4363 3135 4417 lux
3187 4361 3376 4417 mundi
3438 4370 3492 4415 et
3549 4361 3629 4416 sal

3219 1607 3558 1646 MONASTERIO

281 4451 536 4522 scOpatui
563 4467 664 4505 suo
696 4449 976 4521 pertinere
999 4451 1224 4507 debere.
1259 4466 1548 4521 quousque
1585 4450 1678 4505 ille
1718 4461 1901 4507 vester
1922 4477 1980 4545 D
2005 4466 2184 4525 terrae,
2242 4459 2442 4530 quibus
2521 4459 2801 4514 commisit
2870 4458 3136 4514 Dominus
3173 4459 3332 4512 Jesus
3387 4457 3632 4511 Christus

279 4541 755 4611 archiepiscOpus,
792 4548 885 4594 aut
931 4539 1130 4610 aliquis
1161 4555 1226 4592 ex
1281 4540 1438 4594 vobis
1481 4557 1604 4595 cum
1663 4542 1906 4596 Arduino

279 4632 727 4702 archiepiscopo,
794 4631 909 4686 sive
959 4648 1081 4685 cum
1126 4647 1228 4686 suo
1273 4630 1642 4706 suffraganeo,
1686 4633 1769 4686 vel
1800 4633 1908 4688 alio

279 4723 434 4778 ﬁdeli
468 4724 637 4778 misso
669 4724 735 4778 ad
765 4731 1005 4778 nostram
1040 4730 1284 4778 sanctam
1349 4731 1579 4778 matrem
1612 4725 1909 4779 Ecclesiam

280 4819 492 4885 veniat,
520 4826 580 4873 ut
615 4819 688 4872 ibi
722 4819 1079 4893 przecognitis
1111 4819 1292 4872 causis
1340 4819 1484 4873 inter
1507 4834 1604 4873 vos
1630 4828 1684 4873 et
1730 4819 1907 4886 illum,

283 4912 436 4983 quod
473 4927 692 4982 aequum
728 4910 1232 4981 comprobabimus,
1265 4908 1562 4964 deﬁniatur
1591 4911 1659 4965 ad
1690 4911 1908 4966 laudem

287 5000 384 5055 Dei
412 5006 470 5053 et
499 4999 714 5054 Domini
761 5000 933 5054 nostri
993 4999 1121 5053 Iesu
1183 4998 1396 5053 Christi.
1457 4999 1611 5062 Quod
1656 5001 1701 5056 si
1753 5002 1911 5056 aliter

285 5105 454 5158 quam
480 5087 742 5154 jubemus
774 5095 965 5142 contra
995 5087 1332 5141 voluntatem
1364 5088 1486 5157 ejus
1515 5087 1778 5152 feceritis,
1811 5103 1907 5142 co-

282 5178 568 5253 gnoscatis
602 5178 969 5248 vosmetipsos
999 5177 1091 5231 Dei
1126 5183 1179 5230 et
1225 5177 1281 5230 Β.
1316 5176 1460 5230 Petri
1487 5177 1755 5247 principis
1781 5193 1909 5247 apo-

284 5270 579 5334 stolorum,
622 5285 720 5338 per
767 5276 969 5323 nostrae
999 5267 1324 5322 humilitatis
1349 5267 1689 5334 mandatum,
1719 5278 1907 5323 aucto-

284 5359 449 5412 ritate
473 5359 982 5413 excommunicatos
998 5357 1067 5412 ab
1100 5357 1250 5412 omni
1286 5357 1660 5414 ecclesiastico
1700 5358 1906 5414 ofﬁcio.

283 5452 406 5518 (Hic
437 5450 640 5504 desinit
664 5451 968 5504 menbrana
1002 5451 1322 5504 Turonensis
1355 5469 1370 5503 :
1405 5466 1523 5518 qua:
1585 5454 1906 5519 sequuntur,

280 5544 578 5598 adduntur
607 5546 666 5597 in
705 5544 914 5615 editis.)
941 5543 1095 5606 Quod
1126 5542 1170 5595 si
1196 5557 1322 5596 vero
1378 5541 1620 5596 debitam
1655 5557 1908 5597 reveren-

282 5631 418 5686 tiam
471 5631 616 5686 circa
652 5631 972 5701 praedictum
1029 5629 1252 5684 fratrem
1309 5629 1559 5684 nos'trum
1612 5630 1907 5686 observare

365 5763 480 5832 (11)
505 5762 646 5819 Editi
677 5762 890 5820 addunt
904 5777 1032 5819 esse.

2012 4548 2309 4604 Ecclesiam
2370 4565 2524 4602 suam
2580 4550 2899 4623 regendam,
2961 4565 3125 4620 quam
3177 4547 3469 4619 acquisivit
3499 4563 3630 4601 san-

2013 4637 2181 4710 guine
2202 4652 2320 4692 suo.
2361 4635 2552 4691 Notum
2571 4637 2779 4726 .itaque
2801 4637 2957 4691 vobis
2980 4635 3233 4702 facimus,
3257 4633 3627 4700 dilectissimi,

2013 4727 2163 4797 quod
2196 4725 2354 4781 latior
2381 4733 2434 4780 et
2465 4723 2701 4795 amplior
2731 4724 3132 4796 specialissime
3164 4723 3327 4779 nobis
3356 4731 3458 4787 est,
3501 4723 3633 4777 cha-

2014 4819 2146 4873 ritas
2174 4820 2317 4874 circa
2349 4819 2743 4874 monasterium
2792 4817 3110 4883 Cluniense,
3142 4815 3229 4870 cui
3261 4816 3544 4885 sapienter
3574 4819 3634 4867 et

2011 4907 2176 4961 beate
2222 4915 2423 4978 praest
2495 4906 2849 4962 charissimus
2926 4905 3074 4960 ﬁlius
3150 4914 3338 4960 noster
3394 4904 3631 4958 domnus

2012 5001 2240 5056 Maiolus
2268 5001 2438 5055 abbas
2467 5001 2645 5067 vobis,
2699 5009 2758 5056 ut
2821 5001 3121 5066 credimus,
3180 5001 3319 5053 bene
3379 5005 3542 5050 notus
3570 5001 3630 5048 ut

2012 5097 2138 5159 pote
2159 5090 2242 5145 vir
2264 5090 2574 5161 religiosus,
2608 5106 2774 5161 quem
2801 5089 2958 5146 vobis
2987 5089 3247 5144 attentius
3273 5093 3326 5141 et
3373 5085 3621 5155 diligen—

2009 5180 2119 5234 tius
2139 5197 2264 5235 cum
2297 5181 2647 5238 monasteriis
2676 5182 2956 5248 omnibus,
2987 5197 3109 5250 quae
3177 5178 3296 5246 ejus
3326 5184 3454 5230 sunt
3478 5176 3620 5229 sub-

2004 5271 2152 5339 jecta
2183 5273 2458 5347 regimini,
2477 5275 2834 5330 commendo:
2857 5280 3204 5340 vestramque
3218 5267 3623 5322 beatitudinem

2010 5375 2209 5430 precor
2236 5363 2384 5432 quod
2416 5363 2513 5418 Dei
2545 5379 2753 5430 amore,
2795 5379 2857 5416 ac
2907 5357 3264 5414 veneratione
3314 5357 3460 5412 beati
3481 5356 3626 5411 Petri

2009 5454 2382 5522 apostolorum
2441 5456 2733 5526 principis,
2786 5459 2982 5508 nostra:
3037 5465 3259 5522 quoque
3311 5448 3628 5504 dilectionis

2009 5541 2228 5612 affectu,
2263 5555 2603 5617 protectores
2631 5546 2751 5600 sitis
2780 5542 3166 5599 coenobiorum
3220 5540 3326 5595 sibi
3361 5539 3625 5595 commis-

2008 5647 2216 5690 sorum.
2248 5636 2440 5692 Nostra
2495 5637 2722 5706 insuper
2757 5631 3082 5688 auctoritate
3132 5629 3276 5685 beati
3329 5627 3474 5684 Petri
3495 5627 3618 5684 vice
