4042 6156
427 344 524 397 991

1759 337 2029 396 JOANNIS
2071 337 2186 391 XIII
2229 335 2420 390 ΡΑΡᾹΞ

3663 339 3766 394 992

431 469 566 523 fulta
581 468 922 533 etroborata,
949 467 1044 521 Dei
1065 467 1466 537 omnipotentis
1485 467 1819 538 disponente
1841 464 2038 539 gratia,
2071 471 2114 534 Α
2143 463 2421 529 locellum,
2454 465 2549 536 qui
2604 481 2636 518 a
2678 466 2963 536 Stephano
3019 467 3137 521 viro
3191 465 3394 520 illustri
3454 473 3622 536 atque
3650 466 3765 533 ejus

431 573 527 611 vos
556 555 1012 619 commonefacio,
1044 563 1101 610 ut
1128 557 1447 627 quicunque
1505 563 1722 626 potens,
1783 554 1870 609 vel
1911 569 2040 624 per-

431 659 566 699 sona
597 645 830 713 alicujus
859 645 1124 699 momenti
1170 646 1539 714 praeminens
1579 661 1666 699 res
1691 660 1789 698 seu
1821 657 2043 713 posses-

431 732 745 802 sionesjam
775 733 1043 787 dictorum
1062 733 1309 788 locorum
1337 733 1636 804 pervadere
1665 747 1799 786 ausu
1828 729 2042 784 nefario

433 828 744 894 tentaverit,
775 843 1062 882 censuram
1094 835 1286 882 vestrae
1319 825 1903 882 excommunicationis
1928 823 2043 878 dis-

434 918 824 983 trictissimam,
856 935 976 973 mox
1004 926 1064 972 ut
1096 919 1487 990 cognoveritis,
1522 915 1964 972 irrevocabililer
1993 921 2049 967 et

427 1011 899 1073 acriusineurrat,
931 1019 1042 1064 eta
1085 1017 1361 1065 conventu
1409 1009 1655 1064 fidelium
1703 1012 2048 1080 segregetur,

434 1114 532 1168 per
560 1106 791 1153 vestram
846 1115 1021 1154 necne
1063 1099 1503 1154 testificationcm
1561 1099 1694 1152 satis
1725 1093 2047 1152 formidabi-

435 1187 541 1241 lem
571 1187 790 1242 vinculo
845 1196 1045 1242 nostra
1103 1187 1694 1242 excommunicationis
1743 1200 1800 1238 se
1833 1182 2047 1238 noverit

432 1277 772 1348 colligatum,
829 1278 1007 1332 donec
1061 1277 1435 1332 satisfactione
1465 1292 1708 1349 congrua
1737 1274 2043 1344 resipiscat,

433 1372 486 1419 et
542 1365 787 1434 praedicti
843 1365 1163 1420 monasterii
1222 1366 1360 1435 patri
1416 1365 1612 1419 Maiolo
1681 1363 2044 1418 humilitatem

433 1454 696 1507 exhibeat
719 1455 930 1508 veniam
991 1454 1320 1524 postulando
1373 1462 1427 1508 et
1483 1453 1894 1522 consequendo.
1941 1452 2042 1504 De-

431 1545 598 1615 nique
639 1561 736 1600 vos
773 1545 966 1613 adjuro
1023 1547 1123 1599 sub
1189 1545 1538 1600 invocatione
1589 1543 1950 1598 sanctissima
1989 1553 2044 1597 et

434 1631 734 1687 individua
785 1635 1068 1688 Trinitatis
1127 1643 1290 1705 atque
1362 1633 1686 1688 auctoritate
1738 1631 2044 1702 apostolica

433 1723 652 1777 enixius
684 1725 967 1794 praecipio,
997 1733 1070 1792 et,
1104 1725 1742 1780 utfratrescharissimos
1774 1739 2045 1796 rogo,non

435 1814 602 1869 licere
633 1815 790 1869 vobis
841 1817 1120 1884 praeterire
1181 1819 1285 1871 hoc
1318 1817 1486 1871 nostri
1521 1816 1739 1886 pondus
1767 1814 2048 1885 praecepti,

438 1903 587 1972 quod
618 1913 672 1957 et
699 1913 902 1959 sancta
930 1905 1185 1959 Ecclesia
1201 1907 1459 1960 exaltatio
1481 1914 1534 1960 et
1560 1913 1739 1960 vestra
1763 1906 1830 1959 ad
1847 1913 2054 1959 aterna

441 1994 585 2048 bona
615 2001 700 2048 est
729 1997 1028 2065 provectio.
1062 1998 1130 2051 Te
1161 1998 1346 2064 etiam,
1401 1998 1569 2053 frater
1625 2006 1679 2052 et
1727 1998 2054 2068 coepiscope

443 2085 744 2155 Stephano,
776 2088 831 2140 in
864 2088 1096 2143 Domino
1153 2089 1406 2160 alloquor
1451 2106 1548 2160 pro
1602 2091 1767 2144 insita
1808 2091 2054 2145 bonitate

441 2177 538 2230 tibi
568 2185 624 2232 ut
653 2180 956 2248 compellas
987 2181 1339 2234 Amblardum
1371 2181 1590 2236 fidelem
1608 2188 1760 2235 tuum
1791 2181 2055 2234 Celsinia—

440 2271 600 2324 nensi
619 2272 876 2327 canobio
893 2273 1166 2342 propriam
1184 2281 1574 2344 terram,quam
1589 2275 1860 2328 hactenus
1872 2273 2054 2327 cidem

441 2362 715 2416 subtraxit
739 2365 1524 2436 monasterio,[rcstituere],ut
1552 2364 2060 2432 tuojudiciocorre-

439 2460 558 2506 ctus
583 2451 843 2524 ligamina
878 2455 1138 2508 terribilis
1169 2455 1756 2509 excommunicationis
1781 2463 1835 2508 et
1869 2469 2060 2523 panas

441 2551 661 2599 aeterna
684 2547 1056 2600 damnationis
1083 2548 1317 2601 evadere
1341 2547 1515 2617 possit
1538 2565 1551 2612 ;
1586 2547 1846 2618 quoniam
1870 2547 1915 2600 si
1946 2562 2058 2601 non

444 2636 758 2706 rcsipucrit,
819 2638 1216 2692 interminabili
1274 2639 1618 2693 anathemate
1671 2638 1916 2692 ferietur.
1957 2638 2061 2692 Res

447 2743 668 2798 quoque
697 2729 867 2803 exigit
908 2740 966 2784 ut
994 2730 1092 2784 tibi
1119 2731 1304 2802 aliqua
1346 2732 1612 2797 dicamus,
1645 2731 1814 2785 frater
1841 2730 2058 2786 charis-

447 2821 607 2888 sime,
641 2831 696 2877 et
726 2825 958 2879 amande
989 2825 1191 2880 domne
1245 2827 1359 2881 Ado
1400 2827 1682 2897 episc0pe,
1715 2841 1901 2896 quem,
1937 2826 2064 2880 licet

453 2931 561 2968 non
589 2915 911 2982 viderimus,
956 2934 1020 2971 ex
1048 2918 1274 2973 nomine
1324 2918 1580 2974 novimus
1611 2919 1663 2971 in
1715 2917 1864 2972 omni
1896 2917 2063 2986 spiri-

449 3004 878 3060 tualihonitate.
938 3007 1310 3080 Efﬂagitamhs
1361 3009 1544 3080 itaque
1600 3008 2057 3080 benignissimam

451 3103 560 3146 tua
592 3094 934 3162 paternitatis
977 3097 1349 3160 dulcedinem,
1408 3106 1465 3151 ut
1517 3091 1625 3168 quo
1682 3097 1915 3152 vicinior
1935 3114 2058 3152 esse

451 3183 656 3238 videris
687 3186 894 3255 prafati
923 3188 1242 3242 monasterii
1267 3188 1494 3253 schola,
1527 3196 1581 3241 et
1607 3197 1698 3241 tua
1719 3189 2061 3258 protectione

456 3288 555 3342 pro
611 3284 705 3328 tuo
760 3291 920 3344 posse
957 3276 1192 3331 celerior
1247 3275 1470 3330 fratrum
1531 3278 2066 3332 necessitatibusoc-

455 3370 656 3426 currat,
691 3364 785 3433 qui
840 3373 890 3417 te
947 3381 1010 3417 cx
1051 3364 1354 3420 abundanti
1413 3367 1675 3421 charitate
1727 3366 1966 3439 diligunt
2011 3375 2066 3422 et

453 3453 598 3506 ulnis
621 3453 788 3507 totius
825 3453 1029 3508 amoris
1075 3454 1480 3524 perfectissime
1541 3456 1812 3520 ambiunt,
1845 3463 1900 3511 et
1949 3473 2064 3529 am-

454 3543 618 3613 plecti
649 3544 982 3599 desiderant.
1043 3545 1308 3609 Quocirca
1376 3546 1690 3601 Cluniensis
1748 3548 2067 3602 monasterii

451 3651 674 3706 semper
702 3646 820 3693 esto
881 3645 1177 3708 protector,
1220 3639 1362 3695 sicut
1402 3640 1544 3696 beati
1591 3641 1736 3696 Petri
1799 3659 1859 3696 es
1888 3642 2069 3698 fidelis

453 3735 684 3782 amator.

1153 3801 1355 3856 XXVIII

457 3906 677 3945 JOANNIS
727 3909 872 3946 PAP/E
928 3909 1020 3945 XIII
1087 3910 1430 3949 PRIVILEGIUM
1462 3913 1791 3952 ADALBERONI
1838 3913 2062 3952 REMENSI

870 3979 1290 4020 ARCIIIEPISCOPO
1331 3982 1658 4021 CONCESSUM.

1088 4056 1259 4111 (Anno
1287 4056 1436 4123 972.)

459 4144 750 4210 Conﬁrmat
794 4143 1063 4197 decretum
1125 4145 1492 4198 Adalberom‘s
1537 4148 1634 4214 qui
1691 4150 1974 4201 monachos
2014 4151 2071 4201 in

598 4215 1154 4268 Mosomcmicwnobio
1177 4231 1276 4283 pro
1304 4219 1578 4270 canonicis
1604 4218 1889 4271 collocarat

2085 3146 2134 3215 C

2141 556 2380 628 conjuge
2409 556 2704 624 Freduide,
2750 559 2850 611 Tin
2878 557 3098 612 nomine
3151 558 3512 619 constitutus,
3551 565 3762 612 sancto-

2144 659 2254 714 que
2286 643 2533 717 Remigio
2560 645 2882 716 suppositus
2929 645 3050 708 fuit,
3111 662 3279 717 quem
3341 645 3523 705 eidem
3579 662 3765 699 mona-

2146 736 2316 790 sterio
2348 736 2612 803 Mosomo,
2661 738 2792 808 quia
2837 754 2936 807 per
2960 754 3018 792 se
3071 737 3142 792 ob
3193 737 3554 810 exiguitatem
3590 753 3762 792 rerum

2149 835 2293 882 stare
2343 844 2454 882 non
2504 836 2738 898 poterat,
2797 828 3100 883 contulisti.
3167 827 3384 882 collatis
3414 827 3581 880 rebus
3621 841 3765 880 com-

2153 915 2478 984 pensatione
2509 916 2566 970 B.
2593 915 2863 990 Remigio,
2895 914 3378 970 consentientibus
3408 913 3688 968 fratribus.
3708 915 3767 968 Ijt

2149 1013 2331 1060 autem
2365 1014 2661 1079 cognoscat
2691 1007 2948 1061 universa
2996 1006 3241 1061 Ecclesia
3299 1021 3400 1060 nos
3435 1004 3766 1058 unanimiter

2151 1095 2424 1150 assentire
2453 1113 2466 1148 :
2497 1113 2526 1149 a
2559 1103 2611 1149 te
2641 1097 2837 1150 collata
2894 1097 2977 1148 vel
3040 1094 3404 1159 conferenda,
3450 1109 3548 1147 seu
3589 1109 3620 1146 a
3650 1094 3765 1164 qui-

2150 1185 2416 1250 buslibet,
2450 1185 2505 1238 in
2538 1185 2697 1238 terris
2722 1184 2884 1239 cultis
2911 1191 2964 1238 et
3000 1183 3246 1246 incultis,
3315 1181 3513 1244 vineis,
3585 1179 3766 1249 pratis,

2148 1277 2419 1343 ecclesiis,
2453 1276 2746 1347 mancipiis
2799 1275 3080 1345 utriusque
3112 1289 3319 1337 sexus;
3389 1270 3552 1342 aquis
3603 1286 3768 1340 aqua-

2151 1383 2268 1421 rum
2303 1366 2650 1431 decursibus,
2692 1366 2748 1419 in
2781 1365 3040 1420 omnibus
3070 1363 3139 1417 ad
3169 1362 3553 1432 supradictum
3585 1375 3770 1414 mona-

2146 1465 2374 1520 sterium
2425 1464 2859 1535 pertinentibus,
2914 1465 2950 1516 B
3029 1463 3176 1516 Petri
3211 1461 3593 1532 apostolorum
3624 1458 3770 1528 prin-

2147 1553 2308 1624 cipis,
2337 1560 2392 1608 et
2457 1553 2653 1618 nostri,
2717 1551 2996 1606 ﬁrmamus
3041 1551 3288 1614 decreto,
3322 1555 3605 1620 quatenus
3653 1546 3772 1601 sine

2150 1643 2318 1697 livore
2350 1642 2742 1697 oblatrantium
2776 1641 2928 1695 locus
2974 1640 3196 1711 quietus
3239 1645 3293 1691 et
3320 1635 3668 1690 inviolabilis
3691 1635 3772 1702 ju-

2071 1772 2124 1839 B
2148 1735 2290 1808 giter
2317 1743 2655 1805 permaneat.
2713 1735 2766 1788 Si
2825 1734 2949 1804 quis
2979 1734 3214 1797 interea,
3257 1731 3407 1801 quod
3447 1745 3561 1783 non
3595 1727 3775 1783 credi-

2153 1843 2297 1891 mus,
2331 1827 2622 1881 temerario
2653 1833 2789 1880 ausu
2844 1835 3036 1880 contra
3067 1840 3130 1877 ca
3183 1838 3307 1893 qua
3341 1821 3410 1874 ab
3444 1821 3550 1874 hac
3591 1827 3775 1873 nostra

2154 1917 2474 1972 auctoritate
2497 1917 2587 1986 pie
2615 1927 2670 1970 et
2709 1914 3074 1983 firmitcr'per
3105 1913 3212 1966 hoc
3254 1917 3502 1966 nostrum
3565 1907 3777 1978 privile-

2155 2009 2303 2081 gium
2336 2007 2604 2078 disposita
2629 2015 2776 2071 sunt,
2831 2008 2916 2066 ire
2977 2003 3291 2068 tentaverit,
3342 2001 3429 2055 vel
3463 2002 3582 2054 hac
3604 2016 3724 2070 qua
3748 2015 3775 2052 a

2157 2097 2320 2152 nobis
2351 2097 2422 2151 ob
2452 2097 2669 2150 laudem
2701 2096 2792 2150 Dei
2828 2095 3240 2165 pro’stabilitate
3267 2093 3380 2160 jam
3414 2090 3551 2144 dicti
3591 2103 3778 2142 mona-

2156 2189 2550 2253 sterii,statuta
2582 2195 2730 2251 sunt,
2786 2187 3037 2260 frangere
3077 2193 3134 2240 et
3187 2185 3244 2238 in
3277 2197 3558 2255 quoquam
3601 2187 3778 2234 trans—

2158 2279 2488 2351 gredi,sciat
2518 2295 2578 2333 se
2609 2279 2930 2333 auctoritate
2965 2278 3018 2330 Β.
3044 2276 3211 2338 Petri,
3244 2275 3428 2343 cujus,
3464 2288 3779 2345 quanquam

2160 2372 2443 2437 immeriti,
2473 2372 2884 2444 vices'agimus,
2909 2367 3280 2422 anatlicmatis
3310 2365 3780 2420 vinculoinnoda-

2161 2473 2297 2528 tum,
2330 2472 2385 2518 et
2414 2481 2537 2518 cum
2565 2463 2782 2518 diabolo
2815 2469 2868 2516 et
2891 2462 3030 2515 Juda
3063 2459 3326 2513 traditore
3364 2457 3584 2512 Domini
3606 2457 3775 2510 nostri

2159 2557 2288 2612 .lesu
2354 2556 2548 2611 Christi
2602 2563 2811 2610 aeterno
2853 2553 3108 2608 incendio
3159 2548 3655 2606 concremandum.
3718 2550 3778 2599 At

2161 2653 2292 2692 vero
2323 2642 2414 2712 qui
2443 2642 2533 2712 pio
2557 2642 2754 2696 intuitu
2782 2639 3174 2695 observatorin
3197 2637 3461 2694 omnibus
3493 2635 3775 2692 exstiterit.

2161 2730 2481 2784 custodiens
2499 2731 2667 2784 nostri
2698 2729 2986 2800 apostolici
3013 2727 3300 2784 constituti
3335 2725 3404 2778 ad
3432 2723 3639 2778 cultum
3689 2721 3776 2775 Dei

2164 2819 2518 2890 respicientis
2552 2818 3002 2890 praeceptionem,
3032 2813 3448 2870 benedictionis
3472 2813 3701 2886 gratiam
3729 2819 3781 2863 et

2165 2911 2490 2966 delictorum
2549 2925 2772 2964 suorum
2826 2907 3230 2990 indulgentiam
3289 2911 3684 2975 consequatur,
3730 2911 3781 2955 et

2165 3001 2294 3068 vita,
2321 3007 2538 3054 aternae
2571 2999 2845 3070 particeps
2871 2997 3160 3052 efficiatur.

2233 3090 2509 3161 Scriptum
2544 3105 2642 3159 per
2689 3103 2907 3142 manum
2955 3085 3224 3156 Stephani
3266 3080 3545 3137 scriniarii
3579 3092 3783 3135 sanctae

2169 3183 2425 3236 Romana
2449 3178 2727 3243 Ecclesiae,
2760 3177 2816 3230 in
2849 3191 3039 3230 mense
3073 3173 3266 3244 Aprili.
3307 3173 3441 3226 Data
3468 3186 3566 3241 per
3596 3186 3786 3223 manus

2167 3274 2398 3328 Andrea
2430 3270 2680 3343 episcopi
2712 3286 2764 3323 ix
2796 3268 3020 3322 Kalend.
3067 3265 3214 3326 Maii,
3247 3279 3398 3318 anno
3431 3262 3786 3333 pontiﬁcatus

2167 3361 2376 3428 domini
2401 3359 2571 3415 nostri
2600 3356 2933 3413 sanctissami
2981 3353 3287 3426 [Joannes],
3320 3360 3377 3408 et
3410 3353 3555 3406 tertii
3589 3351 3786 3406 decimi

2167 3469 2348 3524 papa,
2395 3451 2672 3521 septimo;
2729 3447 2947 3518 imperii
2980 3454 3164 3500 autem
3219 3445 3277 3498 D.
3311 3441 3529 3498 Ottonis
3570 3439 3791 3509 majoris

2168 3543 2399 3616 Augusti
2421 3560 2493 3609 xx,
2517 3541 2757 3611 junioris
2785 3558 2845 3606 ιι,
2879 3539 3094 3610 quinto,
3129 3537 3184 3591 in
3216 3551 3411 3590 mense
3460 3533 3654 3604 Aprili,
3701 3532 3788 3585 in-

2169 3633 2411 3688 dictione
2441 3649 2508 3686 xv

2891 3697 3064 3751 XXIX.

2167 3812 2386 3852 JOANNIS
2415 3810 2560 3848 I’APAZ
2591 3809 2682 3847 XIII
2743 3805 2988 3845 EPISTOLA
3045 3805 3112 3842 AD
3141 3801 3544 3841 ADALBERONEM

2666 3879 2765 3916 δεδι
2807 3875 3266 3915 ANCHIEPISCOPUM
3279 3899 3288 3907 .

2799 3955 2978 4022 (Anno
3003 3951 3149 4012 97:2.)

2455 4046 2804 4112 Privilcgium
2823 4043 3136 4097 monasterii
3167 4042 3222 4095 S.
3251 4041 3505 4104 Remigii.

2531 4154 2744 4226 [MANSI,
2796 4152 3018 4217 Concit,
3057 4149 3236 4214 XVIII,
3280 4147 3429 4218 485.]

3588 3801 3797 3838 1115188·-

2241 4269 2482 4325 JOANNss
2513 4267 2830 4338 episcOpus,
2852 4279 3044 4318 servus
3074 4277 3359 4317 servorum
3393 4261 3516 4326 Dei,
3553 4259 3808 4314 dilectis-

2171 4358 2312 4413 simo
2346 4357 2401 4410 in
2429 4355 2660 4411 Domino
2691 4353 2842 4408 fratri
2874 4354 3246 4416 ADALBERONI,
3287 4356 3498 4404 sancta
3555 4348 3800 4403 Remen-

2172 4451 2251 4504 sis
2280 4449 2537 4504 Ecclesia
2576 4445 2901 4521 dignissimo
2933 4442 3335 4514 archiprasuli,
3363 4450 3695 4512 perpetuam
3726 4455 3808 4494 sa-

2175 4545 2362 4598 lutem.

2243 4636 2510 4693 Convenit
2564 4631 2893 4704 apostolatui
2951 4631 3158 4696 nostro,
3218 4644 3316 4699 pro
3377 4627 3668 4682 universis
3715 4622 3814 4681 Dei

2174 4727 2453 4791 Ecclesiis,
2487 4741 2554 4779 ne
2585 4725 2784 4777 damna
2831 4737 3012 4776 rerum
3066 4737 3288 4776 suarum
3329 4719 3687 4786 sustineant,
3710 4718 3812 4773 sed

2173 4819 2349 4892 magis
2374 4832 2592 4887 semper
2646 4815 2702 4869 in
2733 4814 2931 4868 melius
2963 4819 3270 4887 augeantur
3300 4818 3357 4865 et
3387 4818 3670 4875 crescant,
3716 4826 3816 4864 cu-

2175 4927 2286 4964 ram
2345 4909 2567 4964 habere.
2628 4906 2797 4979 Igitur
2835 4905 2965 4978 quia
3003 4903 3365 4959 fraternitatis
3422 4912 3533 4956 tua
3577 4902 3817 4957 dilectio

2176 5018 2278 5056 nos
2310 5000 2915 5072 postulavit,quatenus
2944 4994 3342 5050 monasterium
3373 4994 3524 5065 quod
3561 5010 3814 5066 corpore

2176 5093 2322 5147 beati
2366 5091 2600 5164 Remigii
2644 5089 2984 5152 nobilitatur,
3019 5085 3308 5160 privilegio
3347 5093 3556 5140 sancta
3603 5097 3817 5142 nostra

2172 5185 2323 5240 sedis
2345 5183 2660 5254 apostolica
2707 5182 3072 5243 muniremus,
3115 5177 3264 5250 quod
3294 5176 3363 5230 ad
3398 5177 3492 5230 Dei
3543 5179 3817 5249 omnipo-

2174 5272 2341 5327 tentis
2363 5271 2673 5336 laudem,et
2699 5268 2948 5336 ejusdem
2983 5267 3128 5322 beati
3163 5264 3400 5338 Remigii
3420 5265 3820 5322 honorificen-

2173 5363 2325 5428 tiam,
2369 5360 2572 5416 nullius
2630 5358 2871 5413 hominis
2915 5356 3142 5411 avaritia
3181 5365 3236 5408 et
3277 5353 3604 5409 temeritate
3643 5357 3822 5410 valeat

2175 5451 2228 5503 in
2251 5465 2528 5521 quoquam
2557 5446 2773 5513 violari,
2807 5453 2861 5500 et
2916 5443 3112 5504 minui,
3167 5443 3264 5496 sed
3306 5441 3494 5513 potius
3537 5454 3825 5517 augeatur

2173 5550 2228 5596 et
2257 5548 2484 5599 crescat.
2553 5542 2896 5611 Quapropter
2941 5553 3040 5606 per
3071 5535 3448 5589 interventum
3504 5544 3626 5590 tua
3680 5536 3824 5590 dile-

2174 5633 2394 5698 ctionis,
2423 5628 2912 5686 archimonasterio
2944 5627 3094 5699 quod
3125 5626 3184 5680 in
3239 5625 3468 5680 Francia
3503 5625 3690 5681 situm
3741 5639 3823 5682 est

2176 5739 2287 5778 non
2318 5723 2480 5798 longe
2501 5739 2534 5776 a
2561 5722 2782 5777 civitate
2810 5719 3092 5785 Remensi,
3147 5718 3235 5775 cui
3296 5733 3546 5789 praesse
3583 5719 3821 5784 videris,

640 4320 812 4391 [Apud
847 4322 1040 4385 Mansi,
1074 4323 1270 4376 Concil.
1304 4330 1437 4377 tom.
1473 4323 1605 4390 XIX,
1630 4325 1734 4378 col.
1779 4325 1889 4396 3I,]

531 4449 773 4502 Joannes
803 4451 1123 4519 episcOpus,
1170 4467 1360 4505 servus
1387 4468 1669 4508 servorum
1703 4455 1818 4520 Dei,
1863 4455 2067 4511 charis-

464 4537 604 4591 simo
628 4535 681 4588 in
715 4537 944 4592 Domino
971 4537 1118 4592 fratri
1163 4541 1505 4595 Anamaaom
1546 4552 1746 4599 sancta
1779 4545 2068 4599 Rcmcnsis

469 4626 726 4681 Ecclesia
756 4627 1079 4698 dignissimo
1103 4632 1498 4702 archiprasuli,
1530 4642 1852 4705 perpetuam
1881 4637 1933 4690 in
1966 4637 2071 4691 Do-

465 4717 615 4771 mino
645 4718 874 4792 salutem
1488 4720 1507 4738 '

535 4812 589 4867 Si
607 4812 868 4868 ecclesias
895 4815 1056 4886 longe
1111 4815 1330 4888 lateque
1357 4816 1584 4872 diffusas
1625 4819 1814 4874 divino
1847 4827 1980 4874 nutu
2015 4821 2068 4875 in

463 4911 654 4959 sancta
683 4904 948 4975 religione
978 4923 1227 4963 crescere
1285 4911 1688 4981 cognoscimus,
1734 4912 1844 4966 Deo
1891 4913 2072 4966 omni-

464 4997 674 5066 potenti
715 4997 974 5052 laudibus
1027 5001 1298 5054 exsultare
1350 5001 1846 5077 gratiasquejuges
1871 5003 2072 5058 referre

465 5085 753 5140 debemus.
780 5087 1125 5157 Quapropter
1162 5091 1524 5162 cognovimus
1552 5099 1643 5146 tua
1669 5092 1935 5146 industria
1963 5102 2072 5148 sta-

467 5174 683 5229 bilitum
726 5175 781 5229 in
816 5175 1060 5232 Mosomo
1097 5187 1297 5242 castro,
1338 5181 1486 5251 quod
1530 5188 1613 5235 est
1641 5198 1809 5251 super
1839 5181 2070 5238 fluvium

466 5263 646 5329 Mosa,
679 5266 734 5320 in
755 5267 1116 5322 veneratione
1161 5267 1255 5321 Dei
1301 5270 1585 5342 genitricis
1635 5270 1835 5338 Maria,
1869 5287 2068 5328 mona-

462 5354 692 5409 sterium
720 5356 1116 5412 monachorum
1156 5356 1426 5430 religione
1456 5357 1767 5413 deculatum
1800 5360 1927 5430 [[ον.
1970 5361 2072 5416 de-

464 5454 732 5514 coratum,
762 5450 845 5502 vel
883 5466 917 5502 α
969 5450 1130 5504 decus
1171 5450 1537 5521 decusatum],
1580 5451 1798 5524 tuisque
1821 5455 2073 5524 pr0prie-

467 5538 691 5604 tatibus,
722 5540 1079 5612 ecclesiaque
1113 5550 1238 5608 tua,
1261 5543 1419 5598 terris
1435 5552 1490 5598 et
1519 5545 1772 5600 ecclesiis
1801 5542 2068 5613 dotatum,

465 5627 613 5697 quod
640 5627 744 5681 sub
801 5629 1000 5702 pagina
1042 5630 1098 5683 Β.
1159 5631 1324 5696 Petri,
1380 5633 1754 5702 apostolorum
1809 5636 2074 5706 principis

471 5716 699 5781 decreti,
737 5717 1042 5788 nostrique,
1097 5726 1149 5772 te
1178 5727 1389 5787 orante,
1434 5722 1780 5793 suscepimus
1846 5724 2076 5796 Insuper
