4038 6178
290 257 393 310 993

296 476 423 532 tatis
456 470 746 546 privilegio
786 483 984 523 omnes
1040 465 1445 538 possessiones,
1473 475 1789 532 omnesque
1830 474 1917 513 res

299 564 534 620 mobiles
562 568 617 616 et
637 556 975 622 immobiles,
1005 553 1252 628 qumdici
1276 560 1330 607 et
1356 550 1627 607 nominari
1662 556 1913 619 possunt,

299 655 367 709 de
394 652 574 717 terris.
607 648 804 711 vineis,
838 647 1013 701 servis
1046 653 1101 700 ct
1130 644 1367 707 ancillis,
1412 641 1628 697 colonis
1652 649 1709 694 et
1761 638 1916 694 colo-

302 742 504 803 nabus,
551 735 804 793 tediﬁciis
858 742 932 796 et.
966 731 1425 799 habitationibus,
1496 726 1787 793 thesauris,
1865 732 1920 780 et

302 830 662 893 ornamentis,
695 837 751 883 et
777 826 1120 899 quibuslibet
1151 823 1403 895 pecuniis
1475 823 1788 876 Statuentes
1817 819 1919 872 sub

304 921 479 975 divini
502 919 695 988 judicii
726 917 1120 979 obtestatione,
1152 923 1207 969 et
1232 911 1602 968 nuathematis
1623 908 1820 964 validis
1846 907 1925 962 in-

306 1010 741 1075 terdictionibus,
772 1017 831 1064 ut
860 1021 1164 1077 nunquam,
1197 1018 1379 1075 neque
1420 1003 1563 1057 ullus
1594 1016 1709 1066 rex,
1742 1013 1924 1068 neque

307 1101 760 1172 archiepiscopus
787 1100 872 1154 vel
893 1098 1212 1168 episcopus,
1255 1095 1340 1149 vel
1368 1095 1529 1149 etiam
1554 1088 1927 1164 quorumlibet

310 1189 596 1245 hominum
618 1203 819 1260 magna
836 1201 1110 1257 parvaque
1134 1199 1391 1255 persona,
1424 1187 1718 1253 praesumat
1743 1178 1923 1233 eidem

310 1278 804 1335 archimonasterio
834 1279 904 1332 ad
927 1277 1189 1330 damnum
1217 1274 1334 1328 sive
1372 1271 1681 1327 molestiam
1714 1269 1930 1323 incum-

313 1367 469 1434 bere,
498 1366 613 1422 sive
642 1366 712 1421 de
743 1366 909 1420 rebus
934 1374 990 1418 et
1030 1360 1482 1433 possessionibus
1512 1358 1686 1430 ipsius
1712 1356 1930 1411 auferre

312 1468 370 1515 et
396 1460 654 1514 alienare.
689 1457 1120 1531 gPromulgamus
1160 1461 1344 1509 autem
1377 1461 1434 1508 et
1470 1452 1574 1506 hoc
1608 1447 1934 1504 auctoritate

316 1547 377 1601 Β.
413 1548 580 1615 Petri,
635 1545 1011 1618 apostolorum
1072 1542 1364 1614 principis,
1420 1555 1519 1611 per
1548 1538 1710 1606 hujus
1763 1535 1936 1591 nostri

319 1640 611 1711 apostolici
637 1637 916 1713 privilegii
943 1635 1423 1700 constitutionem,
1453 1640 1513 1687 ut
1545 1630 1732 1686 omnia
1761 1644 1939 1701 quam

321 1693 378 1789 ιὲ
404 1693 504 1788 ἓέί
542 1693 585 1786 ἑ
611 1693 956 1802 quibuslibet
1003 1727 1199 1785 Christi
1253 1693 1511 1781 ﬁdelibus
1541 1722 1721 1777 eidem
1761 1693 1940 1775 archi—
1966 1693 2013 1761 Β

326 1823 661 1879 monasterio
700 1822 905 1878 donata
942 1828 1091 1888 sunt,
1120 1819 1208 1876 vel
1238 1819 1293 1874 in
1320 1818 1561 1873 futurum
1592 1815 1795 1870 donata
1821 1812 1943 1868 fue-

322 1917 453 1982 rint,
509 1914 663 1968 ﬁrma
710 1914 1010 1970 stabilitate
1061 1914 1129 1968 ad
1181 1913 1273 1981 jus
1324 1919 1377 1966 et
1415 1909 1724 1966 dominium
1768 1907 1943 1979 ipsius

324 2012 714 2077 permaneant:
765 2020 868 2060 nec
895 2005 1121 2060 licentia
1166 2004 1237 2058 sit
1274 2003 1529 2074 cuiquam
1558 1999 1800 2067 homini,
1845 1997 1930 2053 vel

323 2095 598 2163 conferre,
625 2095 710 2152 vel
740 2094 981 2149 alienare
1012 2093 1145 2164 quid
1172 2109 1237 2148 ex
1266 2091 1525 2147 omnibus
1562 2105 1685 2162 quae
1705 2089 1773 2143 ad
1797 2087 1933 2142 illud

325 2191 626 2261 pertinent,
645 2189 752 2244 nisi
774 2189 843 2244 ad
865 2203 1215 2244 communem
1240 2185 1532 2241 utilitatem
1564 2180 1935 2238 roborandam

320 2279 570 2348 justitiaa,
604 2285 659 2340 et
686 2276 919 2350 gratiam
950 2275 1317 2346 competentis
1344 2272 1812 2330 commutationis.
1846 2271 1939 2324 ln-

324 2385 494 2440 super
522 2368 798 2424 abbatiam
829 2368 1014 2423 Sancti
1039 2366 1333 2433 Timothei,
1378 2381 1545 2437 quam
1582 2363 1764 2418 eidem
1800 2362 1942 2416 San-

326 2469 416 2517 cto
446 2461 695 2535 Remigio
743 2460 812 2515 ad
840 2476 999 2515 usum
1060 2457 1445 2529 hospitalitatis
1474 2465 1570 2512 tua
1627 2455 1823 2528 largita
1864 2460 1949 2508 est

327 2551 625 2619 industria,
656 2557 931 2622 quatenus
961 2564 1086 2605 cum
1119 2555 1360 2613 tuorum,
1391 2555 1506 2602 tum
1533 2546 1698 2600 etiam
1722 2558 1951 2599 succes-

327 2660 518 2699 sorum
549 2650 713 2714 atque
741 2640 1158 2706 monachorum,
1199 2640 1268 2694 ad
1297 2638 1579 2709 hospitum
1614 2635 1949 2702 necessaria,

327 2751 449 2789 rara
480 2732 867 2789 benevolentia
896 2747 1006 2787 non
1023 2730 1265 2798 deﬁciat,
1295 2731 1467 2785 abbas
1498 2728 1606 2784 loci
1638 2726 1949 2799 provideat,

330 2833 501 2897 atque
539 2825 608 2880 ad
635 2838 989 2880 communem
1017 2822 1311 2877 utilitatem
1339 2820 1661 2876 distribuat:
1702 2817 1777 2871 ita
1815 2816 1960 2871 dun-

333 2922 506 2981 taxat,
538 2929 610 2969 ne
649 2910 1108 2983 archiepiscopali
1139 2908 1421 2965 afﬂuentia
1468 2908 1522 2962 in
1552 2907 1671 2963 suis
1702 2904 1957 2973 nimium,

336 2998 449 3065 non
481 3016 643 3080 prout
667 3007 812 3063 ferre
842 3008 998 3063 locus
1027 3006 1224 3078 possit,
1248 3005 1497 3060 excedat.
1519 3003 1576 3058 Si
1607 3002 1732 3074 quis
1753 3008 1957 3067 autem,

338 3104 491 3176 quod
524 3119 637 3159 non
675 3110 950 3174 optamus,
987 3100 1202 3157 nefario
1250 3116 1408 3166 ausu,
1441 3105 1633 3154 contra
1664 3097 1829 3165 hujus
1857 3109 1962 3150 no-

336 3191 435 3248 stri
476 3191 767 3261 apostolici
807 3189 1081 3264 privilegii
1110 3188 1364 3262 paginam
1396 3188 1578 3243 sciens
1620 3201 1788 3260 agere
1825 3200 1964 3256 prae-

337 3286 674 3357 sumpserit,
718 3286 854 3341 sciat
906 3300 965 3339 se
1024 3284 1118 3338 Dei
1173 3290 1228 3336 et
1280 3283 1334 3337 S.
1394 3280 1535 3335 Petri
1588 3279 1962 3351 apostolorum

341 3374 630 3445 principis,
675 3382 988 3444 nostraeque
1024 3370 1353 3426 humilitatis
1394 3368 1606 3438 judicio
1645 3381 1967 3422 excommu-

342 3471 611 3536 nicatum,
644 3469 756 3523 imo
794 3467 1312 3523 anathematizatum
1344 3480 1466 3519 cum
1508 3462 1730 3529 diabolo
1761 3469 1817 3516 et
1845 3475 1967 3516 om-

345 3560 517 3614 nibus
553 3557 761 3627 impiis,
793 3556 997 3627 quibus
1026 3561 1364 3626 praaparatus
1393 3560 1478 3612 est
1505 3550 1780 3606 cruciatus
1807 3557 1965 3604 teter-

348 3666 473 3706 nus.
504 3650 604 3714 Qui
634 3663 764 3704 vero
794 3648 888 3719 pio
913 3647 1119 3702 intuitu
1152 3647 1258 3701 hoc
1281 3643 1576 3700 observare
1604 3649 1658 3697 et
1687 3641 1968 3697 custodire

346 3743 645 3810 studuerit,
700 3759 731 3797 a
787 3741 1306 3798 misericordissimo
1353 3737 1582 3794 Domino
1630 3738 1743 3792 Deo
1782 3741 1968 3791 nostro

349 3834 758 3892 benedictionis
782 3835 1039 3907 gratiam,
1074 3840 1127 3889 et
1157 3840 1384 3887 aeterna:
1417 3830 1542 3885 vitae
1571 3828 1803 3904 gloriam
1836 3828 1982 3882 inter

362 3935 586 3984 sanctos
615 3936 671 3981 et
700 3926 910 3981 electos
932 3923 1203 3995 consequi
1234 3928 1525 3978 mereatur.

432 4019 649 4089 Scripta
679 4033 777 4089 per
817 4032 1011 4072 manus
1039 4015 1304 4087 Stephani
1335 4011 1608 4070 scriniarii
1640 4018 1846 4066 sanctae
1877 4009 1984 4065 Ro-

360 4125 539 4166 mana;
568 4108 852 4177 Ecclesiae,
904 4108 960 4163 in
1009 4120 1204 4162 mense
1244 4108 1369 4177 Apr.
1430 4104 1621 4160 indict.
1656 4103 1744 4158 15.
1790 4102 1982 4157 Datum

362 4218 459 4273 per
488 4216 714 4255 manum
747 4200 979 4255 Andreae
1010 4198 1260 4271 episcopi
1283 4213 1378 4251 vin
1406 4195 1635 4250 Kalend.
1660 4193 1809 4261 Maii,
1837 4207 1984 4248 anno

365 4291 721 4367 pontiﬁcatus
776 4292 991 4349 domini
1048 4291 1226 4347 nostri
1277 4290 1506 4346 Joannis
1547 4286 1878 4343 sanctissimi
1933 4292 1987 4341 et

363 4386 512 4442 tertii
541 4383 740 4440 decimi
774 4400 931 4455 papae
957 4384 1013 4449 8,
1062 4381 1285 4454 imperii
1313 4389 1498 4437 autem
1529 4378 1739 4435 domini
1776 4377 1989 4433 Ottonis

362 4472 592 4543 majoris
621 4471 848 4546 Augusti
876 4471 968 4537 11,
989 4469 1236 4525 Junioris
1264 4484 1397 4525 vero
1427 4470 1481 4535 ὅ,
1502 4469 1559 4523 in
1591 4481 1784 4522 mense
1814 4466 1869 4533 4,
1903 4464 1993 4519 in-

363 4566 610 4622 dictione
649 4563 845 4636 quinta
875 4562 1110 4619 decima.

1101 4686 1234 4741 XXX

366 4818 598 4860 JOANNIS
645 4816 795 4855 PAPE
843 4815 940 4854 XII!
982 4812 1326 4854 PRIVILEGIUM
1380 4810 1484 4851 PRO
1541 4809 1878 4850 MONASTERIO
1940 4810 1987 4848 8.

870 4884 1195 4926 SALVATORIS
1230 4883 1490 4922 PAPIENSI.

1009 4981 1188 5052 (Anno
1213 4978 1360 5051 972.)

379 5104 436 5156 1.
480 5102 867 5155 Monasterium
897 5102 1073 5154 sancti
1120 5098 1422 5155 Saluatoris
1470 5097 1752 5166 Papiensis
1790 5110 1825 5146 α
1862 5108 2001 5166 quae

459 5187 669 5241 cunque
702 5171 1087 5241 jurisdictione
1139 5169 1543 5241 ecclesiastica,
1583 5166 1692 5241 _vel
1755 5165 2003 5241 secutori

458 5237 718 5308 imniune,
750 5242 849 5296 sub
877 5244 1075 5295 sancta
1108 5242 1368 5308 Romana
1390 5237 1637 5291 Ecclesiae
1677 5237 2004 5308 protectione

459 5317 508 5366 et
532 5306 838 5381 patroCim’o
859 5313 978 5376 fore
1006 5311 1266 5363 declarat.
1299 5307 1352 5362 2.
1388 5309 1721 5381 Baptismum
1751 5310 1811 5360 in
1844 5306 2004 5381 eccle-

460 5378 559 5437 siis
575 5385 891 5437 monasterii
911 5380 1450 5449 conferrepennittit.
1466 5379 1713 5433 Chrisma
1732 5381 1782 5431 et
1792 5378 2005 5430 ordines

462 5468 646 5508 sacros
681 5470 718 5507 a
747 5467 1062 5523 quocunque
1088 5454 1332 5521 episcopo
1363 5449 2008 5523 recipiendifacultateni

464 5524 714 5591 indulget
755 5518 808 5578 Β.
828 5518 1094 5579 Αὸὸᾶεθηι
1104 5518 1131 5576 é
1141 5522 1341 5589 gremio
1362 5521 1677 5574 monasterii
1689 5535 1725 5571 ιι
1735 5518 2011 5591 monachis

465 5588 792 5664 eligendum,
828 5598 879 5648 et
906 5610 942 5647 ιι
971 5588 1287 5662 quocunque
1313 5593 1554 5661 episcopo
1569 5588 2009 5664 consecrandum,

468 5662 684 5724 statuit.
716 5666 772 5721 4.
802 5666 1047 5726 Decimus
1079 5664 1331 5719 bonorum
1357 5662 1672 5717 monasterii
1698 5677 1732 5715 ιι
1776 5673 2013 5729 quocun-

1514 239 1845 297 EPISTOLIE
1883 237 1962 293 ET
2001 229 2390 291 DIPLOMATA.

293 382 689 440 conﬁrmamus
744 384 800 432 et
826 375 1247 432 corroboramus
1290 373 1395 427 hoc
1432 376 1634 426 nostrae
1666 367 1909 424 auctori-
1940 376 1987 439 Α

1986 3061 2035 3129 C

2006 4428 2064 4497 D

3511 218 3624 273 994

2086 375 2189 430 que
2215 360 2367 425 θα,ιίρὶ
2385 356 2662 410 interdicit
2711 353 2766 430 5.
2787 350 3406 430 Egcommunicationem
3431 346 3629 401 adver—

2086 418 2177 485 ἓας
2214 418 2534 497 ἀένῖρίθηιεε
2574 431 2623 479 ct
2650 423 3029 497 perturbantes‘
3050 422 3185 473 bona
3206 418 3467 497 ejusdem
3496 433 3628 486 pro-

2088 502 2294 569 mulgat
2327 489 2385 553 Β.
2422 489 2837 569 Βθηειιίίοὶἱοῃβτη
2869 489 3628 569 benefactoribns“ciargitur.

2267 570 2610 641 [Mamurian
2636 565 2849 620 Bullar.
2884 566 3092 627 Casin.,
3125 577 3246 633 pag.
3272 560 3340 613 45
3367 558 3381 628 ]

2089 661 2195 715 Pax
2228 660 2340 714 Dei.
2374 689 2445 698 —
2470 658 2710 712 Joannes
2755 652 3072 724 episeOpus,
3111 664 3305 705 servus
3344 661 3631 702 servorum

2021 753 2141 821 Dei,
2182 751 2395 806 dilectae
2426 765 2585 815 meae,
2635 754 2689 801 et
2735 748 2791 800 in
2831 742 3215 815 spiritualibus
3255 737 3382 793 ﬁliae
3421 740 3638 793 domum

2022 849 2305 904 Auamma:
2324 843 2693 900 serenissimae
2722 842 2978 913 Augustae
3011 833 3368 907 imperatrici.

2095 938 2360 1004 Quoniam
2416 933 2775 991 concedenda
2815 940 2944 986 sunt
2983 944 3107 1000 quae
3148 923 3510 980 rationalibus
3542 922 3642 975 de-

2026 1027 2246 1082 sideriis
2294 1025 2571 1095 pertinere
2603 1025 2925 1082 noscuntur,
2977 1014 3150 1070 nostri
3179 1011 3516 1083 apostolatus
3546 1025 3643 1063 au-

2027 1118 2297 1180 ctoritate,
2359 1114 2425 1170 ad
2460 1110 2771 1168 roboranda
2823 1108 2909 1179 pia
2943 1105 3238 1161 devotione
3286 1108 3473 1156 sancta
3521 1099 3644 1154 loca

2029 1204 2490 1270 construentium,
2513 1202 2569 1256 in
2594 1197 2923 1271 praestandis
2955 1192 3260 1267 privilegiis
3284 1192 3448 1245 debet
3479 1188 3647 1244 mini-

2031 1315 2119 1353 me
2157 1296 2439 1369 abnegari.
2473 1296 2525 1349 1.
2562 1294 2733 1368 Igitur
2756 1288 3095 1345 excellentia
3125 1294 3323 1341 vestras
3357 1279 3649 1336 laudabilis

2035 1384 2401 1439 mansuetudo
2440 1379 2732 1454 postulavit
2771 1394 2802 1431 a
2842 1375 3024 1440 nobis,
3057 1380 3334 1445 quatenus
3371 1375 3653 1424 monaste-

2035 1473 2176 1528 rium
2223 1471 2339 1537 Dei,
2386 1479 2441 1525 et
2490 1467 2708 1524 Domini
2760 1463 2933 1520 nostri
2978 1460 3298 1526 Salvatoris,
3335 1460 3497 1513 situm
3543 1471 3653 1511 non

2037 1567 2201 1640 longe
2234 1582 2264 1619 a
2306 1563 2585 1620 Ticinensi
2617 1561 2858 1627 civitate,
2908 1557 3055 1629 quod
3085 1556 3152 1611 ad
3194 1555 3412 1609 laudem
3447 1559 3500 1607 et
3530 1552 3654 1627 glo-
3753 1564 3757 1575 '

2040 1658 2175 1711 riam
2212 1655 2452 1711 nominis
2481 1654 2602 1722 ejus
2651 1653 2816 1707 modo
2862 1649 3187 1715 aediﬁcasse,
3229 1660 3548 1710 renovasse,
3603 1649 3657 1697 et

2042 1746 2392 1812 exstruxisse,
2443 1744 2845 1817 religiososque
2891 1740 3194 1794 monachos
3243 1735 3655 1808 aggregatione,

2042 1838 2146 1894 sub
2176 1835 2509 1894 venerabilis
2563 1833 2781 1889 abbatis
2825 1830 3060 1904 regulari
3121 1828 3462 1884 institutione
3501 1839 3659 1880 exco-

2043 1931 2231 1996 luisse,
2260 1938 2315 1984 et
2354 1944 2417 1983 ex
2451 1927 2688 1999 prOpriis
2724 1924 2892 1979 rebus
2936 1923 3142 1977 ditasse
3170 1917 3456 1983 videmini,
3492 1915 3661 1987 privi~

2033 2022 2196 2098 legiis
2221 2028 2423 2077 sanctae
2481 2020 2740 2075 Romanae
2785 2026 2840 2071 et
2887 2013 3205 2086 apostolicae
3259 2010 3433 2076 sedis,
3481 2007 3660 2063 modis

2036 2096 2301 2168 omnibus
2350 2110 2665 2172 decoretur,
2694 2116 2753 2160 ut
2796 2104 2899 2159 sub
2944 2100 3273 2173 patrocinio,
3323 2105 3377 2152 et
3419 2096 3655 2152 tuitione

2040 2209 2245 2259 sanctas
2279 2206 2501 2265 nostrae,
2538 2198 2624 2253 cui
2661 2197 2769 2251 Deo
2812 2203 3036 2249 auctore
3063 2190 3429 2253 deservimus,
3474 2188 3664 2243 Eccle-

2045 2295 2141 2349 siae
2173 2292 2553 2356 constitutum,
2576 2288 2784 2344 nullius
2813 2285 3069 2341 Ecclesia:
3086 2281 3195 2355 juri
3226 2288 3281 2335 et
3303 2279 3499 2334 ditioni
3533 2279 3668 2332 sub-

2044 2388 2310 2443 mittatur.
2359 2386 2421 2441 Et
2466 2385 2594 2439 ideo
2645 2381 2842 2437 vestris
2896 2380 3005 2451 piis
3053 2375 3345 2432 desideriis
3398 2373 3667 2437 faventes,

2050 2480 2152 2534 hac
2198 2484 2385 2533 nostra
2442 2474 2742 2546 apostolica
2790 2470 3117 2526 auctoritate
3174 2464 3548 2528 decernimus,
3612 2460 3667 2513 id

2051 2569 2231 2639 ipsum
2266 2564 2549 2637 praefatum
2598 2560 2815 2617 Domini
2848 2557 3018 2613 nostri
3051 2551 3348 2608 Salvatoris
3384 2553 3669 2604 monaste-

2054 2663 2194 2717 rium
2225 2659 2445 2723 amodo,
2479 2666 2534 2711 et
2564 2669 2743 2726 usque
2774 2652 2831 2706 in
2864 2650 3028 2705 ﬁnem
3061 2644 3270 2708 saeculi,
3298 2644 3401 2698 sub
3434 2639 3673 2712 patroci-

2056 2754 2150 2809 nio
2187 2760 2244 2807 et
2293 2750 2527 2807 tuitione
2575 2753 2779 2802 sanctae
2827 2744 3083 2798 Romanae
3140 2735 3420 2802 Ecclesiae,
3449 2744 3506 2790 et
3543 2748 3674 2804 apo-

2057 2846 2263 2902 stolicae
2292 2841 2481 2897 matris
2509 2839 2788 2902 Ecclesiie,
2833 2850 2954 2889 cum
2987 2830 3246 2888 omnibus
3282 2843 3406 2899 quae
3438 2826 3506 2880 ad
3538 2824 3675 2880 illud

2060 2937 2361 3010 pertinent,
2419 2929 2835 3005 pertinendum.
2912 2923 3217 2979 Statuimus
3287 2934 3525 2990 namque
3573 2916 3678 2971 sub

2062 3031 2237 3087 divini
2264 3028 2458 3098 judicii
2485 3024 2854 3083 obtestatione
2878 3028 2933 3075 et
2961 3018 3107 3073 beati
3134 3016 3272 3070 Petri
3305 3011 3678 3084 apostolorum

2064 3119 2356 3192 principis,
2417 3121 2727 3183 nostraeque
2776 3106 3104 3164 humilitatis
3161 3099 3573 3164 interdictione,
3622 3102 3683 3151 ut

2064 3193 2251 3267 nullus
2288 3222 2555 3279 unquam,
2583 3204 3002 3274 imperatorum,
3046 3210 3257 3270 regum,
3290 3192 3681 3263 episcoporum

2066 3309 2120 3357 et
2173 3302 2415 3365 ducum,
2466 3296 2875 3358 marchionum,
2929 3289 3214 3350 comitum,
3270 3280 3682 3345 vicecomitum,

2067 3392 2494 3466 gastaldionum,
2519 3386 2820 3456 nullusque
2840 3381 3125 3438 hominum
3150 3379 3205 3432 in
3228 3374 3478 3447 quolibet
3498 3372 3694 3428 ordine

2068 3459 2122 3537 et
2148 3478 2457 3535 ministerio
2489 3473 2840 3535 constitutus,
2886 3469 3086 3522 audeat
3138 3465 3371 3520 moleste
3403 3461 3585 3517 causis
3613 3459 3694 3514 ei-

2069 3573 2193 3626 dem
2247 3565 2580 3624 monasterio
2610 3559 2979 3617 'incumbere.
3036 3554 3293 3610 videlicet
3327 3552 3396 3605 de
3438 3550 3605 3605 rebus
3635 3556 3691 3603 et

2072 3662 2541 3740 possessionibus,
2574 3659 2643 3714 de
2680 3653 3044 3712 ustensilibus
3081 3660 3137 3705 et
3166 3645 3509 3704 ornamentis
3565 3657 3692 3714 quae

2080 3732 2130 3812 ei
2162 3756 2442 3828 pertinere
2487 3751 2746 3805 videntur
2775 3741 3169 3818 quoquomodo
3195 3738 3413 3793 auferre
3438 3743 3527 3789 aut
3555 3732 3695 3787 alie-

2083 3826 2215 3906 nare
2243 3850 2559 3919 przesumat.
2599 3842 2708 3896 Nec
2737 3834 3045 3910 quamlibet
3075 3831 3363 3893 malitiam,
3397 3833 3452 3882 et
3470 3826 3699 3894 jacturae

2084 3941 2414 4005 molestiam,
2440 3936 2647 3992 ibidem
2672 3934 2790 3988 sive
2816 3929 2969 4002 pacis
2993 3939 3262 3997 tempore,
3289 3923 3407 3977 sive
3434 3919 3566 3974 belli
3595 3916 3701 3988 ipsi

2085 4031 2288 4087 inferre
2329 4033 2579 4084 conetur.
2639 4020 2892 4076 Profecto
2951 4032 3075 4072 eum
3127 4027 3369 4083 semper,
3406 4017 3467 4065 ut
3495 4005 3699 4079 praedi-

2084 4132 2228 4181 ctum
2256 4129 2362 4187 est,
2391 4120 2547 4174 ﬁrma
2575 4115 2892 4179 stabilitate,
2920 4110 3024 4166 sub
3048 4106 3351 4180 patrocinio
3379 4111 3435 4159 et
3463 4102 3698 4157 tuitione

2087 4223 2289 4272 sanctae
2320 4220 2520 4267 nostrae
2551 4208 2811 4264 Romanae
2861 4202 3048 4258 matris
3078 4199 3333 4255 Ecclesiae
3365 4208 3704 4267 permanen-

2089 4304 2218 4360 dum
2250 4299 2620 4363 decernimus,
2674 4292 3066 4351 conﬁrmamus
3126 4294 3180 4343 et
3234 4284 3710 4341 concedimus.—

2088 4400 2141 4454 2.
2175 4396 2516 4468 Baptismum
2543 4392 2709 4448 etiam
2746 4389 2803 4444 in
2847 4387 3056 4443 eisdem
3090 4380 3342 4439 ecclesiis
3391 4374 3710 4434 monasterii

2094 4465 2524 4558 pertinentibus,
2556 4479 2791 4534 licenter
2836 4474 2980 4531 ﬁeri.
3024 4469 3328 4543 apostolica
3370 4465 3715 4532 auctoritate,

2092 4556 2496 4645 permittimus;
2528 4568 2766 4623 chrisma
2795 4579 2924 4620 vero
2949 4563 3035 4617 vel
3088 4557 3361 4632 quidquid
3403 4556 3470 4611 ad
3501 4570 3715 4611 sacrum

2090 4664 2343 4721 ordinem
2396 4659 2658 4732 pertinet,
2682 4670 2718 4712 'a
2748 4667 3080 4727 quacunque
3129 4650 3386 4716 ecclesia,
3419 4646 3715 4709 voluerint,

2091 4762 2278 4813 nostra
2308 4753 2635 4810 auctoritate
2684 4747 2980 4820 accipiant.
3024 4745 3075 4800 3.
3113 4744 3242 4799 Post
3295 4741 3505 4797 obitum
3534 4745 3714 4794 autem

2081 4842 2305 4900 abbatis
2343 4856 2507 4897 nemo
2566 4839 2644 4894 ibi
2693 4838 2948 4892 abbatem
3007 4831 3327 4897 constituat,
3382 4827 3486 4882 nisi
3545 4840 3710 4897 quem

2094 4947 2399 4989 consensus
2451 4936 2506 4985 et
2551 4926 2860 4984 communis
2888 4923 3144 4980 voluntas
3196 4920 3423 4975 fratrum
3474 4931 3539 4970 ex
3597 4914 3717 4983 ipsa

2097 5020 2526 5097 congregatione
2557 5016 2803 5089 elegerit.
2836 5015 3020 5070 Electo
3045 5029 3177 5069 vero
3206 5013 3425 5077 abbate,
3450 5009 3521 5063 sit
3542 5002 3715 5060 facul-

2098 5121 2181 5168 tas
2207 5090 2360 5167 omni
2395 5119 2642 5179 tempore
2698 5104 2989 5177 prmsulem
3048 5102 3283 5174 eligere,
3316 5098 3408 5169 qui
3452 5105 3575 5150 tam
3608 5090 3715 5147 sibi

2103 5221 2267 5278 quam
2297 5201 2515 5259 caeteris
2557 5198 2818 5254 fratribus
2862 5212 2985 5252 cum
3038 5194 3233 5247 timore
3289 5188 3405 5249 Dei.
3442 5186 3720 5255 totiusque

2104 5293 2552 5370 congregationis
2608 5288 3039 5350 conniventiam,
3084 5284 3401 5351 ubicunque
3445 5275 3720 5332 voluerint

2107 5361 2539 5441 consecrationis
2591 5377 2852 5453 insignia,
2911 5373 3071 5440 hujus
3124 5378 3322 5424 nostrae
3383 5361 3723 5421 auctoritatis

2112 5472 2399 5547 privilegio
2443 5472 2652 5542 absque
2716 5452 2843 5521 ullo
2882 5468 3149 5534 praetextu
3206 5456 3456 5513 conferat
3502 5452 3722 5508 datione

2111 5542 2255 5637 {sic}.
2279 5542 2338 5619 ί
2357 5562 2534 5617 Simili
2567 5574 2789 5632 quoque
2819 5551 3164 5615 deﬁnitione,
3205 5550 3360 5618 juxta
3387 5542 3723 5600 desiderium

2111 5629 2375 5719 vestrum,
2402 5629 2905 5722 praecellentissima
2951 5637 3085 5706 ﬁlia,
3139 5634 3512 5699 decernimus,
3542 5636 3605 5685 ut
3628 5629 3728 5683 de-
