4038 6178
437 192 546 249 995

1771 179 1795 233 .l
1803 177 1975 234 OANN
1982 177 2040 232 IS
2078 176 2193 231 XIII
2236 176 2424 232 ΡΑΡᾹΞ

3663 186 3785 242 996

436 320 595 373 nimie
628 317 941 371 reddituum
981 311 1229 383 praedicti
1259 309 1582 366 monasterii
1620 306 1835 363 Domini
1868 303 2056 360 Salva-
2082 308 2130 374 A
2158 302 2372 360 ﬁnitum
2405 304 2589 370 fuerit,
2613 323 2725 363 non
2764 308 2932 367 debet
2951 310 3165 367 violari.
3198 313 3259 367 Et
3285 314 3417 384 quia
3443 315 3784 385 praecellen-

433 412 564 467 toris
598 415 652 477 3a
673 402 1105 475 vobisi't’undati,
1157 417 1189 455 a
1245 399 1450 454 nullius
1501 397 1750 454 ecclesiae
1798 394 2055 467 praesule,

432 501 628 573 quovis
667 497 894 571 ingenio
932 496 1238 567 exigantur.
1273 494 1325 547 5.
1362 492 1777 567 Promulgantes
1829 502 2051 559 nempe,

438 605 493 652 et
535 593 863 651 auctoritate
917 589 1223 645 beatissimi
1252 588 1396 642 Petri
1446 587 1819 658 apostolorum
1848 581 2055 653 princi-

432 687 538 757 pis,
561 700 745 740 coram
778 683 887 737 Deo
916 687 970 735 et
995 678 1226 735 terribili
1250 677 1431 732 futuro
1456 674 1730 738 examine,
1759 688 1865 742 per
1892 671 2054 740 hujus

432 776 601 831 nostri
636 773 923 846 apostolici
940 770 1211 846 privilegii
1240 768 1717 832 constitutionem,
1751 765 2051 829 sancimus,

433 878 492 924 ut
525 869 781 923 universa
808 881 929 936 quae
956 881 988 919 a
1030 863 1193 918 nobis
1230 862 1283 916 in
1318 861 1484 916 rebus
1524 858 1826 915 mobilibus
1855 863 1910 912 et
1937 856 2049 909 itn-

433 961 728 1016 mobilibus
745 958 968 1029 praefato
985 955 1319 1012 monasterio
1340 955 1523 1009 oblata
1540 961 1595 1007 et
1612 967 1874 1007 concessa
1900 957 2049 1016 sunt,

432 1072 646 1112 necnon
670 1063 723 1110 et
744 1055 1126 1126 possessiones
1147 1069 1271 1123 qum
1291 1068 1319 1106 a
1341 1050 1580 1123 regibus,
1606 1054 1660 1103 et
1680 1045 2045 1118 principibus,

430 1147 512 1201 sui
532 1144 876 1217 quibuslibet
894 1142 1090 1197 Christi
1105 1140 1360 1195 ﬁdelibus
1377 1138 1591 1193 collatze
1610 1143 1762 1204 sunt,
1777 1134 2044 1190 fuerintve

429 1236 484 1289 in
519 1241 819 1305 posterum,
852 1233 1181 1287 inconcussa
1210 1228 1510 1284 stabilitate
1540 1227 1605 1281 ad
1640 1226 1759 1294 ejus
1783 1233 1838 1280 et
1872 1222 2048 1279 domi—

430 1324 580 1379 nium
599 1324 779 1394 ipsum
799 1320 1082 1393 perpetuis
1100 1319 1441 1391 temporibus
1460 1325 1832 1388 perseverent.
1860 1315 1968 1369 Nec
1987 1313 2049 1368 li-

427 1412 614 1468 centia
627 1411 717 1477 sit,
731 1417 789 1464 ut
804 1409 1010 1464 dictum
1027 1418 1109 1462 est
1127 1407 1306 1462 eidem
1325 1415 1516 1461 sancto
1530 1403 1864 1460 monasterio
1884 1402 2049 1473 perti-

434 1504 716 1570 nentibus,
730 1502 985 1573 cuiquam
1001 1515 1215 1574 magnae
1230 1514 1523 1570 parvazque
1538 1511 1789 1569 persona)
1809 1495 2047 1566 diripere

2160 398 2366 454 tissima
2393 400 2504 455 ﬁlia
2534 409 2718 456 nostra
2763 404 3042 460 Adelaidis
3087 409 3323 481 Augusta
3352 408 3526 463 divini
3573 411 3787 466 amoris

2160 488 2373 545 fervore
2417 506 2704 558 succensa,
2750 508 2858 548 non
2886 495 3051 569 longe
3079 512 3111 550 a
3147 496 3425 551 mmnibus
3463 497 3785 554 Ticinensis

2157 584 2411 651 civitatis,
2436 585 2827 640 monasterium
2854 586 2911 639 in
2930 588 3175 657 propriis
3205 588 3507 653 constituit,
3531 599 3783 646 sanctos-

2156 689 2286 743 que,
2323 688 2386 727 ac
2416 674 2762 729 venerabiles
2805 676 3112 732 ccenobitas
3158 677 3362 735 ibidem
3396 680 3782 752 undecunque

2156 763 2353 832 potuit,
2391 765 2653 839 colligere
2701 767 2932 834 curavit,
2988 769 3083 840 qui
3135 769 3189 824 in
3242 777 3446 827 sach
3474 786 3783 827 conversa-

2155 853 2323 908 tionis
2378 855 2681 925 proposito,
2754 858 3056 912 secundum
3114 859 3426 916 beatissimi
3485 862 3779 918 Benedicti

2153 956 2399 996 normam
2432 943 2739 1018 regularem
2761 944 2864 999 sub
2887 945 3089 1002 abbate
3127 948 3397 1017 viventes,
3426 951 3782 1007 incessanter

2150 1032 2441 1088 Dominum
2465 1035 2766 1105 majestatis
2790 1053 3040 1107 exorare,
3072 1046 3180 1094 tam
3217 1057 3317 1111 pro
3346 1043 3540 1113 requie
3570 1044 3779 1114 prioris

2147 1120 2250 1175 viri
2277 1122 2361 1176 sui
2382 1122 2639 1196 gloriosae
2670 1126 2953 1181 memoria;
2988 1128 3254 1183 Lothariae
3290 1130 3457 1202 regis,
3487 1147 3780 1204 quamque

2148 1224 2247 1280 pro
2277 1216 2422 1263 statu
2455 1210 2799 1282 imperatoris
2832 1215 3250 1271 clementissimi
3280 1215 3380 1272 ﬁlii
3409 1220 3587 1274 nostri
3616 1218 3783 1275 Otto-

2146 1299 2234 1353 nis
2254 1300 2598 1357 invictissimi
2630 1306 2880 1379 Augusti,
2923 1307 3085 1362 simul
3116 1308 3282 1363 etiam
3313 1311 3628 1365 communis
3647 1311 3774 1377 ﬁlii,

2148 1400 2203 1445 et
2232 1407 2444 1459 eorum,
2503 1410 2568 1448 ac
2609 1397 2782 1451 nostri
2826 1397 2960 1452 item
2992 1398 3203 1454 Ottouis
3249 1402 3491 1473 augusti,
3539 1418 3775 1474 suaeque

2148 1483 2348 1537 animae
2400 1486 2677 1554 mercede,
2713 1489 3150 1561 praadictumque
3188 1493 3591 1547 monasterium
3626 1494 3777 1549 Iibe-

426 1597 634 1670 aliquid
650 1593 1371 1665 etauferre,utprofecto'ad
1385 1590 1710 1647 Deilaudem
1725 1601 1981 1643 securum
1994 1590 2048 1636 et
2068 1604 2123 1674 Β
2151 1577 2334 1633 raliter
2354 1581 2804 1650 possessionibus
2840 1585 3134 1652 dotaverit,
3170 1589 3617 1659 necessariisque
3647 1604 3775 1644 om-

427 1685 801 1758 tranquillum,
844 1684 1000 1752 juxta
1041 1682 1116 1747 id,
1162 1697 1272 1752 quo
1320 1681 1593 1736 munitum
1656 1675 2043 1749 patrocinium,

430 1779 661 1835 tuitione
677 1784 881 1833 sanctae
895 1776 1044 1830 sedis
1058 1775 1377 1845 apostolica:
1395 1773 1510 1828 fore
1524 1770 1889 1831 decrevimus,
1903 1769 2046 1824 bene

428 1871 694 1935 dotatum,
728 1876 781 1923 et
808 1868 861 1922 in
896 1867 1095 1922 melius
1121 1866 1424 1921 dotandum
1455 1868 1797 1935 permaneat.
1832 1861 1887 1914 Si
1920 1861 2045 1932 quis

424 1968 631 2027 autem,
662 1959 809 2032 quod
853 1974 963 2014 non
995 1964 1274 2029 optamus,
1316 1956 1526 2011 nefario
1573 1971 1731 2022 ausu,
1765 1969 2040 2025 praesum-

424 2054 594 2125 pserit
634 2054 771 2119 htec,
804 2068 928 2123 quas
955 2068 986 2105 a
1013 2050 1176 2105 nobis
1202 2050 1270 2104 ad
1322 2047 1799 2105 honoriﬁcentiam
1827 2046 2042 2102 Domini

430 2142 523 2196 Dei
556 2140 849 2195 Salvatoris
879 2139 1073 2205 nostri,
1102 2154 1202 2209 pro
1230 2136 1528 2192 stabilitate
1558 2137 1732 2206 ipsius
1761 2142 2040 2191 monaste-

432 2232 497 2287 rii
553 2237 754 2287 statuta
806 2236 952 2293 sunt,
1013 2228 1344 2303 transgredi,
1385 2227 1527 2283 sciat
1565 2243 1626 2282 se
1678 2227 2041 2282 anathematis

424 2322 670 2390 vinculo,
703 2329 759 2377 et
789 2319 1375 2377 excommunicationis
1429 2318 1776 2385 innodatum,
1833 2327 2036 2372 etcum

421 2413 670 2479 diabolo,
701 2420 756 2467 et
784 2411 1043 2467 omnibus
1084 2410 1271 2481 impiis
1317 2411 1506 2465 aeterni
1536 2409 1785 2464 incendii
1816 2407 2039 2464 atrocis.

418 2505 560 2560 simo
587 2504 863 2575 supplicio
883 2503 1228 2574 deputatum.
1251 2503 1302 2556 6.
1330 2504 1393 2556 At
1413 2518 1567 2570 vero,
1594 2502 1688 2573 qui
1716 2502 1807 2573 pio
1838 2500 2038 2555 intuitu

417 2608 605 2657 custos
628 2609 683 2655 et
707 2601 1240 2655 observator‘eorum
1263 2598 1554 2665 exstiterit,
1577 2598 1912 2654 omnimodae
1934 2598 2037 2652 bc—

420 2688 755 2744 nedictionis
771 2687 1024 2760 gratiam,
1042 2687 1402 2758 omniumque
1429 2702 1655 2742 suorum
1682 2692 2035 2757 peccatorum

418 2778 822 2834 absolutionem
850 2783 904 2831 et
925 2774 1349 2849 indulgentiam,
1380 2780 1435 2829 et
1463 2776 1725 2845 ccelestis,
1756 2776 1880 2832 vitae
1909 2776 2041 2831 bea-

419 2869 733 2938 titudinem,
759 2885 885 2925 cum
913 2868 1120 2923 sanctis
1150 2874 1205 2922 et
1233 2867 1426 2923 electis
1451 2884 1483 2922 a
1514 2868 2031 2924 misericordissimo

418 2961 646 3017 Domino
671 2970 858 3017 nostro
882 2961 1151 3033 consequi
1181 2968 1456 3017 mereatur
1483 2961 1539 3015 in
1571 2961 1772 3017 saecula
1798 2961 2032 3017 saeculo-

418 3069 538 3109 rum
595 3054 785 3106 Amen.

486 3147 759 3216 Scriptum
820 3161 921 3208 per
949 3162 1147 3200 manus
1192 3145 1457 3216 Stephani
1515 3146 1789 3201 scriniarii
1833 3154 2035 3203 sanctae

421 3235 679 3290 Romanae
715 3234 998 3301 Ecclesiae,
1042 3234 1100 3288 in
1139 3250 1331 3289 mense
1369 3234 1561 3305 Aprili,
1606 3235 1909 3290 indictione
1936 3252 2033 3292 su—

417 3323 722 3396 prascripta
750 3324 839 3377 15.

496 3413 640 3466 Bene
671 3412 866 3465 valete.
901 3412 1026 3465 Pax.

486 3505 619 3558 Data
650 3520 743 3558 VIII
774 3502 887 3557 Kal.
922 3502 1045 3558 Maii
1092 3519 1192 3574 per
1218 3520 1416 3559 manus
1474 3504 1738 3560 Vuidonis
1787 3504 2033 3576 episcopi

414 3595 820 3652 bibliothecarii
849 3601 1053 3650 sanctae
1093 3596 1244 3651 sedis
1273 3597 1592 3668 apostolicae
1622 3612 1769 3653 anno
1809 3596 2033 3668 pontiﬁ-

411 3694 567 3743 catus
606 3687 796 3743 domui
819 3685 996 3741 nostri
1024 3686 1254 3741 Joannis
1278 3686 1611 3742 sanctissimi
1643 3703 1708 3742 ac
1733 3687 2033 3760 religiosis-

410 3778 536 3834 simi
567 3778 683 3833 XIII
713 3794 894 3850 papae,
928 3777 1146 3848 imperii
1178 3794 1305 3839 vero
1337 3779 1523 3834 domui
1556 3779 1768 3835 Ottouis
1798 3779 2024 3847 majoris

411 3885 487 3936 xi,
515 3868 754 3937 junioris
806 3873 987 3921 autem
1040 3884 1091 3936 v,
1150 3866 1204 3921 in
1260 3883 1474 3935 mense,
1520 3876 1576 3923 et
1623 3868 1925 3924 indictione
1956 3868 2025 3922 15

407 3964 801 4035 suprascripta.

1120 4032 1292 4087 XXXI.

411 4141 634 4181 JOANNIS
665 4142 812 4181 ΡΑΡΔΕ
846 4143 938 4180 XIII
966 4141 1217 4180 EPISTOLA
1262 4142 1329 4179 AD
1357 4142 1567 4181 PETRUM
1599 4143 1900 4183 EPISCOPUM
1930 4145 2026 4183 PA-

1084 4212 1332 4250 PIENSEM.

1032 4274 1209 4338 (Anno
1248 4273 1394 4345 9'72.)
2040 4267 2099 4336 Ι)

408 4368 791 4421 Monasterium
812 4366 991 4419 sancti
1009 4366 1314 4420 Saluatoris
1348 4368 1626 4435 Papiensis
1653 4368 1721 4422 ab
1748 4369 2024 4425 Adelaida

476 4438 819 4508 imperatrice
836 4440 1063 4489 erectum
1086 4441 1137 4491 et
1161 4437 1404 4491 dotatam
1428 4441 1768 4508 protectioni,
1789 4456 1897 4495 non
1920 4457 2018 4495 au-

474 4512 576 4563 tem
592 4507 973 4576 jurisdictioni
999 4508 1304 4576 Papiensis,
1336 4512 1636 4564 committit.

694 4599 1039 4670 [Msucaamu
1079 4601 1289 4655 Bullar.
1326 4601 1510 4656 Casia.
1542 4602 1608 4661 II,
1640 4602 1729 4674 47]

474 4689 715 4744 Joannes
753 4690 1067 4761 episcopus,
1107 4706 1299 4746 servus
1341 4707 1623 4748 servorum
1678 4693 1794 4762 Dei,
1841 4694 2015 4751 Pa'rao

405 4782 710 4838 venerabili
735 4784 999 4854 episcopo
1027 4792 1232 4840 sanctae
1287 4784 1593 4841 Ticinensis
1635 4785 1890 4843 Ecclesiae
1925 4804 2015 4843 sa-

403 4872 597 4928 lutem.

469 4963 601 5018 Cum
647 4962 754 5034 piae
778 4961 1112 5016 desiderium
1158 4962 1477 5030 voluntatis,
1511 4972 1567 5021 et
1594 4967 1887 5024 laudandae
1917 4971 2021 5027 de-

399 5051 640 5106 votionis
667 5051 923 5117 intentio,
974 5050 1409 5107 sacerdotalibus
1463 5053 1532 5108 sit
1559 5070 1779 5127 semper
1823 5059 2023 5116 studiis

402 5142 735 5213 adjuvanda,
782 5157 913 5199 cura
952 5147 1035 5196 est
1089 5141 1451 5199 sollicitudini
1481 5146 1817 5215 adhibenda,
1852 5160 1912 5206 ut
1952 5168 2021 5208 ea

401 5250 524 5304 qua:
556 5250 655 5304 pro
681 5235 869 5307 quiete
908 5236 1183 5311 religiosae
1217 5239 1665 5309 congregationis
1696 5239 1902 5298 fuerint
1927 5259 2020 5300 or-

399 5320 608 5388 dinata,
644 5337 747 5378 nec
775 5323 1144 5380 dissimulatio
1166 5324 1473 5399 negligere,
1503 5342 1607 5382 nec
1635 5330 1889 5399 quaedam
1917 5348 2016 5389 va-

396 5412 515 5469 leat
544 5416 902 5486 praesumptio
930 5416 1273 5488 perturbare,
1300 5417 1534 5483 scilicet,
1565 5419 1710 5476 sicut
1736 5421 1842 5478 hoc
1863 5425 2014 5496 quod

394 5502 626 5558 rationis
666 5503 838 5576 exigit
875 5504 1087 5562 utilitas
1111 5513 1331 5578 Oportet
1358 5504 1601 5576 deﬁniri,
1633 5507 1707 5565 ita
1735 5510 1885 5580 quod
1915 5512 2015 5569 de-

2150 1671 2313 1727 nibus
2328 1682 2472 1741 vota,
2489 1674 2543 1729 id
2565 1675 2713 1746 quod
2741 1675 2847 1729 sibi
2872 1676 2959 1746 pie
2976 1677 3151 1732 visum
3166 1687 3250 1733 est
3272 1694 3372 1750 pro
3397 1680 3773 1735 habitantium

2146 1765 2548 1820 sustentatione
2575 1767 2955 1835 cumulaverit,
2980 1769 3126 1825 bene
3154 1769 3379 1825 fratrum
3413 1772 3773 1827 reverendis-

2144 1852 2301 1916 sime,
2334 1860 2425 1908 tua
2456 1857 2744 1922 sanctitas;
2799 1859 2888 1913 cui
2919 1875 2988 1914 ne
3017 1861 3271 1916 voluntas
3296 1879 3542 1934 unquam
3585 1864 3768 1918 duce-

2144 1952 2296 2000 retur
2313 1944 2370 1999 in
2395 1946 2653 2014 veritum,
2675 1954 2729 2002 et
2756 1963 2842 2016 ea,
2863 1965 2988 2019 quae
3020 1966 3119 2021 pro
3147 1951 3337 2023 quiete
3363 1954 3768 2008 monachorum

2144 2032 2411 2104 disposita
2437 2033 2653 2090 fuerant
2695 2036 3073 2105 turbarentur,
3130 2055 3363 2111 quaeque
3412 2042 3655 2096 contulit
3713 2044 3767 2095 in

2137 2123 2261 2192 jure
2289 2124 2471 2179 eidem
2507 2128 2845 2183 monasterio
2882 2129 3183 2200 apostolica
3239 2131 3396 2201 petiit
3434 2133 3769 2187 auctoritate

2140 2214 2364 2272 ﬁrmari.
2427 2218 2552 2272 Haec
2600 2234 2821 2291 quoque
2873 2236 2988 2275 suae
3048 2222 3303 2291 petitioni
3356 2224 3768 2300 subjungente,

2140 2313 2200 2362 ut
2252 2307 2432 2363 eidem
2492 2311 2829 2366 monasterio
2876 2319 2985 2366 tam
3042 2313 3096 2367 in
3137 2314 3503 2385 dispositione
3556 2331 3770 2379 rerum,

2139 2415 2300 2470 quam
2334 2400 2389 2454 in
2421 2402 2772 2457 ordinatione
2801 2403 3038 2470 abbatis,
3074 2406 3325 2476 quaedam
3352 2407 3565 2476 pariter
3596 2407 3773 2477 privi-

2141 2491 2284 2566 legia
2307 2492 2666 2566 Iargiremus;
2698 2495 2882 2551 sciens
2912 2497 3122 2568 quippe
3144 2513 3263 2551 eam
3288 2499 3614 2568 apostolicae
3642 2498 3763 2555 sedi

2140 2582 2503 2636 reverentiam
2534 2599 2566 2636 a
2587 2582 2846 2639 ﬁdelibus
2868 2585 3139 2652 exhiberi,
3171 2594 3232 2641 ut
3256 2603 3380 2658 quae
3407 2588 3532 2657 ejus
3556 2587 3767 2642 fuerint

2138 2670 2365 2725 decreto
2430 2671 2717 2743 disposita,
2805 2673 3013 2729 nullius
3068 2675 3333 2746 deinceps
3381 2678 3767 2748 usurpationis

2140 2759 2394 2815 molestia
2433 2761 2768 2831 quatiantur.
2806 2762 2958 2817 Unde
2998 2763 3129 2834 quia
3183 2763 3462 2830 effectum,
3496 2776 3555 2821 et
3584 2767 3766 2838 impe-

2140 2853 2292 2907 rialis
2321 2854 2596 2922 voluntas,
2629 2864 2685 2911 et
2712 2862 2819 2910 tam
2852 2856 2945 2928 pia
2975 2873 3074 2929 pro
3104 2873 3389 2914 servorum
3421 2859 3517 2914 Dei
3551 2861 3761 2931 quiete,

2135 2946 2446 3004 sollicitudo
2499 2948 2900 3019 expostulabat,
2943 2948 3097 3017 juxta
3136 2951 3461 3021 petitionem
3496 2951 3752 3021 ejusdem

2138 3041 2659 3111 praecellentissimae
2722 3040 2850 3097 ﬁliae
2924 3048 3127 3097 nostra?
3182 3044 3456 3118 Augustte,
3524 3045 3760 3114 praelato

2137 3130 2320 3184 eidem
2375 3131 2711 3186 monasterio
2766 3132 2822 3185 in
2878 3133 3144 3188 honorem
3202 3133 3417 3188 Domini
3462 3135 3762 3191 Salvatoris

2138 3218 2458 3285 constituto,
2500 3229 2702 3277 sanctae
2733 3221 2884 3275 sedis
2930 3221 3249 3291 apostolicae
3306 3222 3597 3296 privilegia
3625 3241 3757 3295 gra-

2136 3312 2317 3362 tanter
2357 3308 2736 3382 indulgemus,
2771 3310 2864 3364 ubi
2917 3311 3123 3377 omnia,
3168 3326 3293 3381 qua;
3350 3313 3758 3381 amplectenda:

2136 3400 2434 3456 voluntatis
2459 3402 2579 3473 ejus
2610 3402 2854 3457 studium
2896 3402 3256 3474 deposcebat,
3298 3402 3626 3473 apostolicae
3658 3420 3754 3457 au-

2135 3488 2372 3546 ctoritati
2403 3492 2601 3547 annisu
2633 3491 2846 3547 ﬁrmata
2890 3502 3038 3548 sunt.
3081 3493 3398 3549 Statuentes
3448 3496 3604 3551 inter
3657 3498 3759 3551 alia

2135 3586 2197 3632 ut
2245 3579 2430 3634 nullus
2466 3580 2854 3651 episcoporum
2888 3581 3311 3655 vicinarumque
3366 3584 3755 3653 ecclesiarum,

2064 3676 2071 3681 “
2136 3671 2369 3745 quilibet
2398 3675 2655 3731 sacerdos
2684 3676 2742 3730 in
2789 3676 2936 3731 idem
2968 3678 3362 3733 monasterium
3395 3679 3508 3733 sibi
3534 3681 3630 3748 jus
3666 3692 3756 3736 ec-

2133 3764 2420 3820 clesiarum
2465 3768 2820 3839 aliquomodo
2873 3769 3139 3835 vindicet,
3197 3786 3260 3825 ac
3307 3769 3597 3835 defendat,
3655 3774 3757 3838 nisi

2128 3854 2267 3909 forte
2287 3872 2318 3910 a
2349 3865 2503 3927 parte
2533 3858 2875 3923 monasterii,
2896 3856 3029 3912 licet
3046 3874 3079 3912 a
3106 3857 3369 3913 fratribus
3392 3875 3496 3929 pro
3525 3862 3756 3933 negotio

2127 3946 2313 4017 aliquo
2366 3947 2763 4014 ecclesiastico,
2819 3947 2982 4003 fuerit
3028 3948 3308 4004 invitatus.
3341 3949 3403 4004 Et
3458 3953 3751 4022 quoniam,

2129 4036 2358 4092 fratrum
2407 4038 2790 4103 dilectissime,
2850 4040 3003 4095 locus
3056 4039 3196 4109 ipse,
3265 4040 3361 4095 ubi
3422 4043 3751 4112 praedictum

2129 4128 2521 4184 monasterium
2552 4135 2884 4184 exstructum
2934 4137 3037 4193 est,
3090 4129 3157 4183 ad
3209 4128 3499 4184 dimcesim
3545 4142 3752 4187 sanctae

2129 4216 2438 4273 Ticinensis
2463 4218 2733 4283 ecclesiae,
2756 4218 2857 4273 -cui
2889 4225 2982 4273 tua
2998 4217 3334 4285 fraternitas,
3364 4219 3476 4275 Deo
3495 4231 3747 4285 auctore,

2130 4316 2330 4379 praeest
2352 4309 2617 4363 hactenus
2652 4308 2982 4378 pertinuisse
3012 4308 3374 4380 dignoscitur,
3407 4327 3480 4365 ne
3506 4313 3616 4367 sub
3649 4315 3746 4367 hac

2123 4397 2439 4460 occasione,
2471 4396 2525 4450 in
2554 4396 2750 4452 eodem
2794 4396 3128 4452 monasterio
3169 4396 3402 4465 alicujus
3456 4402 3750 4469 potestatis

2120 4489 2539 4563 praerogativam
2570 4488 2668 4542 tibi
2698 4488 2994 4560 aliquando
3026 4504 3292 4558 usurpare
3315 4505 3644 4559 praesumas,
3673 4509 3743 4547 ex

2119 4580 2264 4635 beati
2288 4579 2430 4634 Petri
2458 4579 2832 4650 apostolorum
2872 4579 3159 4649 principis,
3194 4586 3517 4651 nostraeque
3549 4583 3741 4637 humi-

2117 4670 2289 4734 litatis
2356 4670 2701 4733 auctoritate,
2781 4670 2961 4724 modis
3016 4670 3274 4725 omnibus
3333 4670 3749 4729 interdicimus.

2118 4759 2427 4815 Postulatus
2456 4773 2583 4814 vero
2626 4774 2657 4813 a
2686 4765 2841 4829 parte
2880 4760 3202 4816 monasterii
3234 4760 3448 4817 scilicet
3479 4780 3512 4817 a
3553 4763 3741 4819 fratri-

2114 4850 2240 4916 bus,
2271 4851 2643 4906 visitationem
2684 4858 2828 4905 tuam
2858 4850 2989 4916 illis,
3022 4858 3273 4922 respectu
3301 4853 3479 4909 divini
3510 4857 3742 4920 amoris,

2123 4942 2322 4996 devote
2349 4941 2577 5005 exhibe;
2607 4955 2718 4995 non
2746 4947 2928 4995 autem
2959 4940 3167 5012 petitus
3191 4944 3745 5000 monasteriisecreta

2124 5031 2401 5086 ullatenus
2425 5030 2577 5085 adire
2608 5045 2931 5101 prmsumas,
2962 5046 3033 5084 ne
3063 5046 3165 5100 per
3186 5030 3462 5086 adventus
3492 5034 3571 5087 tui
3597 5049 3745 5103 pra:-

2122 5126 2379 5193 sentiam,
2442 5125 2498 5179 in
2550 5141 2829 5181 servorum
2900 5124 2994 5179 Dei
3053 5125 3387 5191 recessibus,
3459 5128 3746 5197 popularis

2119 5212 2338 5268 occasio
2379 5213 2707 5284 praebeatur.
2737 5214 2861 5268 Haec
2882 5228 3118 5285 namque
3132 5214 3338 5280 omnia,
3371 5230 3518 5285 quae,
3554 5215 3650 5269 tibi
3686 5216 3745 5270 in

2118 5308 2377 5380 praesenti
2447 5308 2516 5363 de
2568 5308 2867 5380 saepedicto
2924 5310 3261 5364 monasterio
3332 5308 3743 5370 interdicimus.

2115 5398 2334 5455 cunctis
2358 5398 2548 5463 etiam,
2581 5397 2676 5469 qui
2736 5397 2792 5451 in
2845 5413 2935 5463 eo,
2977 5412 3088 5468 quo
3140 5412 3202 5453 es
3249 5397 3471 5464 ordine,
3505 5399 3744 5469 locoque

2114 5488 2509 5557 successerint,
2531 5487 2634 5544 sub
2657 5486 3109 5546 interminatione
3137 5488 3310 5544 divini
3336 5488 3557 5558 jndicii,
3589 5488 3741 5543 beati
