4038 6178
282 265 385 318 997

1509 227 1842 313 EPIISTOLIE
1884 257 1960 312 ετ
2003 254 2392 311 DIPLOMA’I‘A.

3510 259 3613 313 998

277 412 502 468 quoque
530 395 672 448 Petri
703 393 959 463 apostoli,
990 398 1301 462 nostraeque
1354 391 1681 445 humilitatis
1707 397 1899 445 aucto-
1927 399 1973 461 Α
2003 397 2115 442 tum
2152 404 2164 439 :
2198 386 2291 457 qui
2346 386 2423 438 uti
2481 400 2722 448 vomere,
2792 384 3007 439 novalia
3074 384 3260 438 cordis
3325 384 3616 455 gentilium

279 492 460 556 ritate,
505 489 613 543 sibi
660 487 990 542 aternaliter
1044 485 1336 540 interdicta
1391 493 1752 556 cognoscant.
1817 483 1894 537 Tu

282 599 434 645 vero,
467 582 653 646 frater,
685 596 750 633 ea
779 595 904 650 qua
935 594 966 631 a
985 577 1146 632 nobis
1173 584 1378 631 statuta
1406 574 1898 641 sunt,saccrdotali

283 672 426 726 sicut
449 672 610 725 decet
639 668 822 723 studio
846 665 1104 721 inviolata
1129 682 1422 730 conserva,
1449 681 1550 719 nec
1583 680 1647 718 ea
1679 665 1904 734 patiaris

282 766 334 818 in
368 764 554 834 aliquo
581 761 855 825 temerari,
879 760 1092 814 scilicet
1146 759 1203 812 in
1268 757 1647 813 custodiendis
1681 757 1764 812 eis
1796 757 1905 811 fra-

283 856 515 910 ternitas
531 861 622 908 tua
648 869 709 906 se
737 867 960 922 semper
989 850 1267 916 exhibeat,
1300 859 1574 921 quatenus
1606 857 1660 904 et
1683 865 1904 904 omnem

288 940 1047 1013 inquietudinisoccasionem
1063 939 1132 992 de
1155 939 1276 993 loco
1302 937 1604 992 venerabili
1633 937 1906 999 excludat,

288 1042 342 1088 et
371 1034 496 1087 aliis
522 1031 724 1087 similia
750 1030 966 1100 operari
1001 1030 1353 1099 persuadeat,
1416 1029 1509 1083 diu
1552 1045 1613 1082 se
1646 1031 1702 1081 in
1726 1034 1912 1081 custo-

290 1125 550 1180 diendam
585 1123 918 1178 voluntatem
961 1127 1227 1187 nostram,
1273 1121 1590 1184 sollicitam,
1643 1127 1701 1173 ut
1750 1119 1911 1172 decet

291 1216 626 1280 exhibuerit,
670 1223 726 1269 et
752 1214 1027 1269 devotam.
1071 1213 1240 1281 Hujus
1277 1221 1458 1267 autem
1509 1226 1755 1266 censura
1781 1226 1910 1264 cau-

293 1313 527 1374 tionem,
549 1309 755 1379 dUplici
773 1317 965 1363 tenore
993 1308 1157 1362 scribi
1190 1307 1557 1371 decrevimus,
1583 1311 1911 1370 statuentes,

293 1411 354 1458 ut
383 1419 492 1456 una
519 1402 663 1455 inter
679 1411 783 1455 tua
803 1400 1053 1455 ecclesia
1085 1399 1309 1462 scrinia,
1366 1399 1526 1452 aliam
1563 1412 1690 1451 vero
1719 1396 1786 1450 ab
1817 1396 1916 1449 ab-

296 1499 427 1552 bate
458 1505 708 1551 servetur
735 1494 1082 1550 monasterii.

370 1587 645 1657 Scriptum
696 1601 794 1654 per
823 1599 1019 1637 manus
1067 1581 1331 1652 Stephani
1401 1579 1672 1634 scriniarii
1714 1585 1919 1634 sancta

303 1679 566 1732 Romana
597 1674 847 1729 Ecclesia
902 1673 958 1726 in
1018 1687 1211 1725 mense
1240 1671 1464 1740 Aprilis,
1496 1669 1803 1724 indictione
1833 1669 1899 1724 15

302 1781 455 1820 anno
486 1762 698 1818 Domini
729 1762 856 1816 972.

1016 1873 1218 1926 XXXII.

779 1981 872 2019 XIII
933 1981 1162 2019 LITTERE
1219 1982 1286 2018 DE
1317 1979 1660 2019 INS‘I‘ITUENDO
1708 1979 1923 2018 EPISCO-

845 2053 977 2090 ρλτυ
999 2052 1251 2090 PRAGENSI
1282 2036 1388 2105 (ιη)

308 2130 485 2201 [Apud
551 2129 769 2183 Manus.
833 2130 974 2182 Acta
1037 2128 1356 2182 Sanctorum
1409 2127 1526 2181 0rd.
1587 2127 1644 2182 S.
1703 2125 1923 2189 Bened,

844 2218 980 2272 Sac.
1006 2218 1066 2271 V.
1101 2235 1222 2292 pag.
1243 2217 1388 2288 833.]

378 2351 617 2405 Jomass
659 2365 852 2403 servus
898 2364 1178 2403 servorum
1231 2348 1326 2403 Dei
1383 2348 1681 2412 Bouazmo,
1739 2347 1930 2401 catho-

308 2447 427 2499 lica
448 2444 576 2498 tidei
609 2447 855 2508 alumno,
889 2443 1251 2514 apostolicam
1280 2441 1749 2496 benedictionem.

381 2533 595 2586 Iustum
651 2541 732 2586 est
788 2531 1069 2586 benivolas
1125 2547 1291 2585 aures
1350 2531 1512 2599 justis
1569 2528 1930 2584 accomodare

311 2625 693 2695 petitionibus,
724 2623 850 2694 quia
882 2624 1022 2677 Deus
1053 2630 1136 2677 est
1185 2623 1421 2691 justitia,
1469 2630 1523 2676 et
1570 2622 1661 2692 qui
1696 2621 1932 2692 diligunt

309 2717 486 2769 Deum
512 2713 961 2782 justiticabuntur
993 2732 1006 2778 ;
1041 2721 1095 2768 et
1131 2713 1357 2767 :Omnia
1378 2713 1743 2784 diligentibus
1761 2713 1926 2766 Deum

309 2815 682 2879 c00perantur
721 2810 775 2863 in
801 2808 1028 2864 bonum.
1054 2808 1187 2862 Filia
1218 2817 1404 2863 nostra
1434 2823 1589 2862 soror
1620 2818 1730 2870 tua,
1787 2807 1931 2860 inter

309 2907 540 2953 caeteras
571 2897 716 2951 haud
769 2897 1125 2972 abnegandas
1176 2897 1494 2968 petitiones,
1536 2898 1688 2952 cordi
1743 2907 1930 2951 nostro

311 2987 503 3041 dulces
534 2986 718 3040 intulit
747 3004 812 3042 ex
853 2994 1006 3057 parte
1061 2987 1138 3041 tui
1173 3002 1386 3056 preces,
1418 2986 1630 3041 scilicet
1659 2992 1717 3039 ut
1747 2991 1935 3039 nostro

314 3096 547 3133 assensu
579 3080 635 3132 in
660 3090 752 3134 tuo
785 3080 1117 3150 principatu,
1151 3081 1219 3134 ad
1254 3081 1344 3134 Dei
1377 3081 1593 3134 laudem
1625 3088 1678 3134 et
1708 3080 1940 3152 gloriam

319 3168 597 3226 Ecclesiae.
633 3167 964 3222 liceretﬁeri
996 3169 1396 3239 episcopatum.
1425 3169 1578 3234 Quod
1611 3185 1712 3224 nos
1747 3169 1938 3240 utique

318 3266 445 3319 lato
475 3267 662 3320 animo
691 3266 1081 3336 suscipientes,
1116 3267 1226 3320 Deo
1265 3267 1469 3339 gratias
1499 3266 1807 3326 retulimus,
1848 3265 1939 3336 qui

317 3371 475 3408 suam
506 3355 801 3408 Ecclesiam
831 3371 1051 3424 semper
1080 3362 1134 3408 et
1163 3354 1374 3426 ubique
1407 3355 1618 3413 dilatat.
1653 3365 1708 3407 et
1739 3353 1945 3427 magni-

320 3445 445 3499 ticat
475 3446 528 3497 in
557 3445 815 3498 omnibus
845 3446 1180 3500 nationibus.
1218 3445 1369 3499 Unde
1397 3446 1700 3516 apostolica
1744 3452 1942 3499 aucto-

325 3534 483 3586 ritate
516 3542 570 3586 et
594 3533 766 3587 sancti
800 3534 940 3587 Petri
974 3543 1267 3604 potestate,
1302 3535 1481 3603 cujus,
1519 3536 1645 3588 licet
1706 3533 1944 3605 indigni,

327 3633 511 3678 tamen
571 3625 759 3680 vicarii
807 3641 1000 3679 sumus
1041 3627 1338 3680 annuimus
1384 3637 1438 3681 et
1493 3627 1873 3681 collaudamus
1930 3644 1943 3686 ;

325 3724 493 3786 atque
544 3717 1010 3783 incanonizamus,
1055 3727 1113 3773 ut
1157 3718 1221 3772 ad
1275 3719 1564 3773 ecclesiam
1602 3719 1782 3772 Sancti
1843 3717 1944 3772 Viti

328 3811 383 3858 et
410 3805 595 3858 Sancti
625 3805 902 3860 Wenezlai
935 3815 1232 3876 martyrum
1266 3806 1358 3861 fiat
1379 3808 1543 3861 sedes
1573 3807 1946 3877 episcopalis;

326 3896 394 3949 ad
428 3896 716 3950 ecclesiam
743 3913 873 3952 vero
896 3898 1078 3952 Sancti
1109 3898 1327 3969 Georgii
1358 3899 1610 3969 martyris
1626 3898 1729 3952 sub
1761 3899 1950 3972 regula

327 3985 504 4039 sancti
551 3986 856 4050 Benedicti,
883 3998 938 4040 et
967 3987 1290 4041 obedientia
1335 3988 1460 4043 ﬁlia
1516 3995 1715 4043 nostrae
1774 3988 1956 4043 Maria

332 4079 542 4132 sororis
598 4088 724 4144 tuae,
783 4079 1147 4134 constituatur
1201 4082 1557 4156 congregatio
1608 4081 1952 4136 monialium.

344 4167 734 4221 Verumtamen
761 4183 872 4223 non
899 4169 1206 4222 secundum
1257 4169 1420 4223 ritum
1472 4177 1565 4224 aut
1590 4179 1794 4224 sectam
1830 4169 1959 4224 Bul-

339 4254 542 4325 garica
581 4255 785 4330 gentis,
836 4257 921 4310 vel
969 4257 1171 4323 Ruzia,
1227 4263 1318 4311 aut
1364 4257 1670 4312 Slavonica
1730 4257 1956 4332 lingua,

341 4348 442 4401 sed
481 4349 658 4420 magis
683 4363 924 4419 sequens
971 4349 1268 4404 constituta
1299 4358 1355 4403 et
1386 4349 1608 4403 decreta
1634 4349 1957 4419 apostolica,

342 4452 514 4490 unum
550 4437 927 4506 potiorem,ad
962 4436 1220 4506 placitum
1249 4437 1504 4491 Ecclesia
1553 4438 1741 4502 totius,
1786 4437 1961 4508 eligas

344 4526 396 4578 in
433 4527 540 4580 hoc
565 4541 706 4597 opus
727 4526 1007 4593 clericum,
1032 4526 1236 4582 Latinis
1267 4527 1520 4598 apprime
1547 4527 1745 4582 litteris
1773 4528 1959 4582 erudi-

305 1985 530 2024 JOANNIS
578 1983 726 2021 PAPE

417 4788 535 4858 (12)
568 4791 720 4844 Anno
755 4789 1469 4845 Dominicalncarnationis
1491 4791 1618 4854 967,
1650 4790 1779 4843 Idus
1814 4789 1966 4855 Julii,

345 4861 463 4914 dux
494 4859 794 4934 Bohemia,
842 4860 928 4914 cui
979 4876 1254 4934 agnomen
1285 4863 1472 4934 Savus
1502 4862 1792 4934 Bolizlaus,
1826 4861 1970 4934 male

347 4939 653 5005 mercatum
676 4931 915 5005 fraterno
962 4931 1255 5005 sanguine,
1309 4933 1520 5005 scilicet
1542 4933 1684 4986 beati
1717 4931 1972 5005 martyris

347 5002 654 5067 Wenezlai,
690 5003 964 5056 Bohemia
1003 5002 1261 5058 ducatum
1312 5020 1435 5058 cum
1465 5004 1574 5057 vita
1629 5002 1832 5056 amisit.
1877 5003 1970 5056 Cui

349 5072 504 5126 filius
536 5073 998 5144 ejnsaquivocus
1057 5091 1190 5128 suus
1245 5076 1299 5127 in
1343 5075 1650 5144 principatu
1684 5074 1970 5138 successit,

351 5144 592 5197 multum
615 5143 896 5198 dissimilis
937 5145 1076 5214 patri
1127 5143 1377 5200 moribus
1416 5143 1578 5199 bonis
1608 5153 1663 5198 et
1683 5161 1980 5199 conversa-

356 5216 516 5268 tione
557 5215 846 5284 spirituali.
886 5217 1007 5269 Erat
1047 5217 1196 5269 enim
1214 5217 1297 5270 vir
1329 5216 1844 5272 Christianissimus.
1873 5215 1980 5268 ﬁde

356 5285 690 5357 catholicus,
705 5295 876 5355 ,pater
906 5288 1300 5357 orphanorum.
1335 5286 1596 5341 defensor
1612 5288 1900 5341 viduarum
1928 5295 1982 5340 et

363 5356 731 5431 clericorum,
771 5369 825 5411 et
857 5356 1298 5431 peregrinorum,
1333 5358 1771 5431 pracipuusque
1803 5358 1982 5431 eccle-

363 5428 576 5501 siarum
605 5428 861 5501 fundator
900 5428 1054 5501 Nam,
1089 5436 1144 5483 ut
1178 5430 1230 5482 in
1264 5429 1813 5501 privilegioecclesize
1844 5429 1985 5501 San-

364 5497 441 5551 cti
467 5498 686 5572 Georgii
720 5499 990 5572 in_I’raga
1020 5497 1275 5572 legitur,‘
1303 5517 1369 5553 xx
1401 5497 1666 5572 ecclesias
1706 5500 1906 5572 erexit,
1932 5507 1986 5572 et

367 5585 466 5623 eas
507 5569 658 5623 omni
689 5569 1330 5626 ecclesiastica‘utilitate
1359 5571 1643 5642 ampliavit
1695 5571 1863 5638 Hujus
1885 5569 1988 5624 fuit

2000 478 2275 538 scindere,
2309 484 2364 530 et
2395 476 2628 530 triticum
2661 475 2819 528 bona
2846 475 3186 544 Operationis
3219 491 3426 541 serere,
3452 484 3618 545 atque

2002 573 2318 642 manipulos
2373 571 2589 642 frugum
2622 577 2814 623 vestra
2840 569 3068 636 justitia}
3107 569 3318 623 Christo
3343 579 3621 638 reportare

2002 664 2261 719 sufﬁciat.
2299 664 2411 718 Val.

2696 734 2929 788 XXXIII.

2007 831 2231 883 Joannis
2316 829 2444 881 XIII
2510 841 2670 897 papa
2763 828 3112 895 privilegium
3193 842 3294 897 pro
3383 829 3625 883 Ecclesia

2653 899 2979 952 Arelatensi.

2593 989 2769 1056 (Anno
2799 988 3042 1045 θῶς-τευ

2301 1078 2559 1148 [Boucas,
2581 1080 2725 1133 Hist.
2757 1079 2821 1130 de
2844 1081 3123 1142 Provence,
3145 1079 3209 1142 Il,
3229 1077 3339 1148 36.]

2081 1192 2319 1245 Jomsss
2348 1190 2665 1260 episcOpus,
2719 1203 2910 1243 servus
2966 1203 3245 1243 servorum
3282 1189 3397 1255 Dei,
3429 1190 3629 1243 divinae

2014 1280 2235 1350 pietatis
2280 1285 2415 1333 nutu
2453 1278 2602 1332 sedis
2643 1277 2966 1348 apostolica
2997 1277 3222 1330 humilis
3257 1294 3396 1348 papa
3423 1278 3628 1332 YTERIO

2015 1374 2294 1448 condigna
2323 1373 2475 1428 fratri
2509 1372 2841 1427 Arelatensis
2867 1372 3122 1426 Ecclesia
3136 1372 3448 1441 metropoli,
3483 1372 3634 1442 pari-

2020 1475 2210 1556 terque
2277 1465 2678 1535 archiprasuli,
2763 1465 2993 1518 salutem
3069 1472 3125 1518 et
3185 1464 3633 1519 benedictionem

2019 1552 2172 1624 optat
2196 1555 2250 1607 in
2279 1569 2476 1617 avum,
2501 1560 2603 1607 etc.
2653 1552 2974 1606 TBETBALDO
3015 1552 3345 1606 Viennensis
3376 1552 3634 1607 Ecclesia

2022 1643 2399 1713 archiprasuli
2469 1643 2700 1712 ejusque
2791 1640 3219 1714 suffragantibus
3312 1640 3585 1694 universis
3619 1682 3632 1706 ,

1905 1713 1919 1735 ’
1953 1708 2296 1786 BAYMERICO
2328 1731 2517 1801 prima
2586 1730 2958 1784 Narbonensis
3004 1729 3306 1783 venerabili
3362 1728 3638 1798 archiepi-

2026 1837 2194 1892 θεορο
2227 1838 2350 1876 cum
2389 1821 2506 1875 suis
2534 1820 2839 1888 subjectis;
2872 1821 3174 1874 Svaasrao
3207 1819 3464 1874 secunda
3498 1819 3635 1872 Naro-

1977 1909 1979 1911 ’
2026 1915 2294 1971 bonensis
2321 1915 2492 1988 digno
2517 1915 2916 1985 archipraesuli,
2961 1915 3186 1984 suisque
3223 1913 3643 1981 subjacentibus

2025 2003 2252 2057 domino
2289 2003 2570 2068 videlicet,
2599 2003 2922 2069 Launsmco,
2963 2002 3326 2067 Tusonsaico,
3361 2005 3640 2069 Avaanno,

2026 2096 2340 2162 HONOBATO,
2363 2095 2564 2150 Pormo
2595 2103 2650 2150 et
2684 2097 2973 2150 Homer-mro
3005 2095 3347 2167 dignissimis
3375 2094 3645 2149 Ecclesia-
3694 2099 3698 2102 ’

2030 2201 2145 2238 rum
2179 2200 2396 2239 suarum
2461 2184 2774 2253 pastoribus
2829 2198 3178 2237 communem
3241 2199 3303 2236 ac
3342 2197 3644 2252 perennem

2031 2274 2357 2329 aeternitatis
2394 2273 2647 2347 gloriam.

2104 2363 2307 2418 Scitote
2332 2377 2432 2416 vos
2464 2370 2704 2416 rectores
2734 2359 2852 2414 fore
2880 2361 3175 2432 clavesque
3197 2360 3440 2415 caelestis
3461 2360 3647 2428 janua

2035 2454 2194 2510 vobis
2230 2471 2262 2508 a
2305 2454 2416 2508 Deo
2471 2459 2799 2524 potestatem
2858 2453 3064 2524 ligandi
3125 2469 3188 2507 ac
3235 2452 3508 2518 solvendi,
3541 2459 3645 2507 etc.

2034 2549 2204 2604 Doleo
2244 2549 2429 2619 itaque
2477 2555 2532 2601 et
2593 2546 3083 2602 vehementissime
3141 2545 3437 2600 contristor
3485 2561 3652 2616 super

2033 2640 2168 2695 tanti
2193 2638 2422 2694 sceleris
2449 2653 2634 2703 causa,
2664 2652 2788 2707 qua
2821 2652 2852 2690 a
2880 2636 3178 2690 multorum
3207 2635 3497 2690 hominum
3555 2650 3650 2690 ore

2032 2730 2370 2786 creberrime
2425 2730 2631 2784 nostris
2688 2728 3081 2799 conspectibus
3150 2726 3481 2794 diffamatur,
3523 2728 3654 2798 quia

2033 2820 2237 2889 primas
2299 2819 2694 2874 Arelatentium
2761 2833 2883 2888 qua
2951 2816 3316 2887 principatum
3388 2826 3442 2871 et
3489 2823 3654 2886 caput

2029 2912 2242 2966 obtinet
2262 2918 2586 2966 caterarum
2618 2909 2986 2964 Ecclesiarum
3051 2908 3298 2963 secunda
3341 2925 3371 2962 a
3401 2908 3648 2963 Romana

2040 3002 2137 3057 sed
2167 3018 2196 3056 e
2227 3002 2572 3057 multimodis
2601 3001 3034 3056 lacerationibus
3063 2999 3362 3054 eviscerata
3408 2999 3572 3067 jacet,
3607 3004 3660 3052 et

2042 3091 2415 3146 conculcatam
2468 3091 2586 3146 fore
2639 3091 2973 3157 audivimus,
3017 3091 3295 3160 impletam
3337 3090 3393 3144 in
3421 3106 3487 3144 ea
3528 3105 3658 3159 pro-

2045 3181 2222 3250 pheta
2252 3180 2584 3234 sententiam
2625 3180 2880 3235 dicentis.
2903 3180 3058 3235 Sedet
3089 3183 3147 3233 in
3173 3183 3404 3234 tristitia
3437 3181 3663 3234 domina

2043 3272 2286 3337 gentium
2316 3287 2330 3335 ;
2361 3276 2704 3339 quapropter
2752 3270 2894 3324 votis
2924 3277 2979 3324 et
3047 3268 3265 3324 cunctis
3295 3268 3664 3324 Ecclesiarum

2046 3357 2142 3411 Dei
2181 3357 2440 3412 fidelibus
2477 3358 2720 3428 propriis
2771 3358 3026 3429 apicibus
3057 3358 3348 3430 designare
3399 3357 3662 3427 cupimus

2047 3449 2327 3520 querelam
2359 3449 2495 3504 tanti
2543 3449 2842 3519 sacrilegii,
2909 3465 3008 3504 cur
3048 3451 3346 3520 pradictus
3412 3449 3662 3516 ejusdem

2051 3541 2305 3595 Ecclesia:
2334 3541 2566 3594 antistes
2611 3541 2865 3610 nequiter
2910 3541 3133 3596 assidua
3169 3541 3665 3611 conﬂigatnrinju-

2045 3634 2144 3688 ria.
2199 3633 2271 3688 Ea
2351 3648 2588 3704 namque
2656 3632 2940 3700 juvamina
3018 3649 3140 3703 qua
3222 3651 3253 3686 a
3313 3633 3667 3708 largitoribus

2049 3729 2247 3776 nostra
2289 3720 2542 3774 Ecclesia
2599 3727 2745 3784 sunt,
2817 3735 3036 3789 semper
3091 3720 3340 3774 cedenda
3398 3720 3586 3774 sciatis
3637 3735 3669 3772 a

2051 3811 2214 3866 nobis
2284 3811 2607 3881 plenissime
2657 3810 2772 3866 fore
2833 3810 3138 3879 largienda.
3204 3811 3356 3864 Hunc
3417 3810 3588 3881 igitur
3641 3826 3672 3863 a

2057 3903 2331 3976 clavigero
2386 3902 2542 3976 regni
2599 3902 2858 3962 calestis,
2922 3908 3234 3973 nostraque
3301 3902 3522 3972 inclyta
3577 3916 3681 3971 po-

2058 3991 2274 4046 testatis
2327 3998 2574 4058 auctore,
2627 3998 2924 4062 nostraque
2982 3991 3330 4060 providentia
3378 4005 3493 4044 sua
3535 4005 3678 4061 quo-

2059 4101 2169 4156 que
2224 4084 2491 4138 cessionis
2548 4084 2744 4147 coacti,
2806 4083 3072 4157 largimus
3129 4083 3179 4138 ei
3245 4083 3514 4156 integram
3577 4083 3680 4135 ha-

2061 4172 2522 4231 berelicentiam.
2581 4178 2636 4226 et
2693 4178 3018 4242 potestatem
3077 4171 3459 4237 abominandi,
3493 4170 3680 4243 gladio

2063 4279 2285 4335 quoque
2307 4262 2893 4317 excommunicationis
2914 4261 3148 4316 feriendi
3180 4278 3298 4329 eos,
3332 4261 3425 4333 qui
3468 4261 3518 4315 ei
3560 4276 3686 4316 con—

2064 4352 2230 4407 trario
2262 4352 2606 4407 obstiterint.
2631 4350 2782 4415 Quod
2816 4366 2916 4406 nos
2943 4366 3068 4405 vere
3113 4359 3173 4406 ut
3199 4351 3458 4406 omnibus
3479 4349 3670 4422 cogni-

2065 4447 2178 4494 tum
2208 4450 2291 4494 est
2317 4441 2595 4511 abnegare
2627 4455 2737 4494 non
2796 4439 3062 4494 valemus.
3121 4439 3486 4504 Quamobrem
3519 4439 3684 4493 obse-

2061 4528 2266 4582 crando
2296 4527 2455 4582 vobis
2477 4527 2848 4596 praecipimus,
2877 4532 3042 4598 atque
3069 4526 3310 4582 fraterne
3350 4526 3686 4598 ﬂagitamus,

2070 4803 2246 4854 soror,
2280 4787 2503 4842 nomine
2555 4785 2754 4860 Mlada,
2801 4787 2955 4860 virgo
2976 4800 3176 4860 _sacra,
3221 4783 3420 4860 litteris
3450 4782 3684 4838 erudita.

2072 4860 2198 4924 Qua
2255 4874 2378 4913 cum
2437 4857 2701 4912 orationis
2759 4855 2922 4911 causa
2975 4856 3200 4911 Romam
3251 4855 3514 4920 venisset,
3559 4862 3613 4907 et
3659 4869 3690 4906 a

2073 4946 2215 5004 papa
2257 4929 2676 5004 Ioanne__h_ujus
2732 4927 2985 5004 nominis
3004 4927 3167 5004 tertio
3199 4926 3416 4979 decimo
3449 4924 3690 5004 benigne

2073 4993 2409 5071 suscipitur:
2470 4993 2659 5069 ibique
2704 4999 3029 5070 aliquandiu
3073 4993 3692 5071 degens,__monas_ticis

2080 5064 2390 5142 disciplinis
2420 5064 2703 5124 imbuitur.
2739 5064 2946 5125 Dehinc
2993 5087 3131 5140 papa
3148 5064 3392 5142 consilio
3438 5064 3692 5118 cardina-

2081 5135 2236 5208 lium,
2279 5143 2386 5196 imo
2430 5143 2620 5214 volens
2650 5157 2804 5196 nova
2841 5135 3100 5196 Ecclesia
3141 5135 3689 5214 subvenireLconse-

2081 5207 2367 5268 crateam
2440 5212 2794 5279 abbatissam,
2851 5220 3058 5267 mutato
3133 5207 3397 5284 nomine,_
3443 5207 3692 5284 Mariam,

2082 5285 2222 5338 dans
2254 5284 2304 5357 ei
2335 5284 2506 5357 sancti
2537 5276 3090 5357 Benedictiregulam
3136 5276 3547 5357 etlah‘hatialem
3579 5277 3692 5357 vir-

2083 5355 2392 5429 gani._Qua
2451 5355 2675 5429 Pragam
2722 5347 2977 5429 redien§_,_
3020 5359 3072 5429 et
3117 5368 3148 5402 a
3196 5347 3361 5400 fratre
3410 5354 3708 5429 suscepta,-

2085 5418 2306 5492 obtulit,
2367 5434 2420 5481 et
2471 5418 2680 5481 litteras
2739 5423 3058 5496 Apostolici,
3117 5434 3344 5490 quarum
3407 5418 3694 5474 formulam

2089 5496 2260 5551 habes
2276 5513 2460 5568 supra.
