4038 6178
242 343 377 400 1001

1447 341 1613 395 VlTA.
1658 371 1725 380 —
1764 341 2036 396 OBSERV.
2081 339 2380 395 PRA'IVUE.

3434 343 3575 400 1002

1691 678 2125 804 VITA

677 943 1675 1102 SANCTI
1811 943 3141 1104 UDALRICI

1160 1255 1410 1313 Auctore
1455 1253 1714 1313 Gerardo
1754 1254 2113 1331 presbytero,
2161 1255 2290 1332 ejus
2328 1253 2662 1331 familiari.

461 1460 637 1531 (Apud
669 1459 871 1514 Mabill.
904 1461 1032 1513 Acta
1062 1459 1158 1514 SS.
1189 1459 1308 1513 0rd.
1341 1459 1399 1513 S.
1431 1459 1622 1514 Bened.
1657 1459 1795 1514 Saec.
1826 1459 1887 1524 V,
1922 1476 1973 1530 p.
2004 1459 2129 1525 415,
2164 1459 2410 1514 editione
2440 1459 2757 1514 Velseriana
2789 1467 2840 1513 et
2871 1459 3161 1514 codicibus
3191 1462 3348 1531 mss.)

1753 1690 2070 1710 ——

1109 1868 1947 1956 OBSERVATION
1957 1869 2082 1956 ES
2160 1869 2698 1956 PR/EVl/E.

311 2131 357 2180 1.
393 2130 654 2181 Auctores
683 2124 892 2195 antiqui
926 2128 1074 2191 (nam
1108 2125 1445 2179 recentiores
1473 2124 1691 2177 interim
1721 2123 1854 2178 sile-
1881 2123 1930 2186 A
1958 2116 2050 2170 riae
2108 2116 2413 2182 Venientes,
2456 2117 2574 2170 haec
2627 2116 2789 2171 nobis
2843 2118 3336 2172 annuntiaverunt:
3407 2116 3574 2184 Primi

239 2224 383 2280 mus)
429 2214 656 2268 omnino
706 2220 835 2278 tres,
888 2213 981 2283 qui
1039 2213 1211 2268 sancti
1259 2211 1496 2266 Udalrici
1547 2213 1626 2282 (S.
1687 2212 1854 2282 Utric)

235 2303 489 2374 episcopi
528 2301 888 2373 Augustensis
926 2308 1078 2375 gesta
1118 2302 1352 2371 posteris
1379 2300 1743 2365 tradiderunt,
1769 2300 1856 2353 in-

236 2395 556 2459 veniuntur,
584 2409 777 2448 omnes
816 2409 846 2446 a
875 2392 1050 2447 Marco
1109 2393 1350 2458 Vclsero,
1403 2391 1717 2461 reipublicae
1748 2393 1852 2445 Au-

235 2492 487 2557 gustana:
518 2483 810 2538 duumviro
847 2483 1171 2549 clarissimo,
1209 2483 1351 2553 typis
1385 2482 1586 2556 vulgati
1642 2482 1854 2535 Primus

236 2576 344 2628 sub
375 2575 633 2645 anonymi
665 2575 822 2629 titulo
848 2592 861 2640 ;
895 2574 1173 2629 secundus
1203 2574 1583 2637 Gebehardus,
1620 2573 1852 2628 Udalrici

234 2667 292 2720 in
338 2667 533 2720 eadem
585 2667 721 2720 sede
761 2681 1052 2720 successor
1103 2673 1361 2736 quartus;
1431 2666 1623 2718 tertius
1681 2666 1854 2718 Berno

235 2759 533 2834 Augiensis
575 2759 769 2827 abbas,
797 2775 906 2831 quo
954 2759 1306 2814 Ekkehardus
1331 2759 1521 2827 junior
1544 2759 1856 2829 suppressis

234 2853 559 2908 nominibus
616 2854 799 2908 laudat
860 2855 914 2907 in
968 2853 1044 2906 lib
1123 2853 1193 2907 de
1251 2853 1479 2907 Casibus
1534 2851 1856 2906 monasterii

231 2942 410 2996 sancti
443 2942 577 2996 Galli
603 2958 725 3013 cap.
765 2944 821 3008 5,
854 2942 949 2996 ubi
993 2942 1243 3012 quaedam
1281 2941 1349 2995 ab
1382 2942 1462 2995 eis
1492 2939 1859 3010 praetermissa

235 3035 428 3090 refert.
467 3036 667 3091 Praeter
708 3038 806 3092 hos
828 3037 1121 3102 Ditmarus,
1156 3037 1464 3090 (lbronicon
1485 3037 1859 3106 Augustanum

234 3126 448 3197 aliique
531 3143 714 3181 rerum
808 3126 1252 3182 Germanicarum
1316 3126 1860 3182 Alamannicarumve

237 3217 489 3272 historici
519 3219 589 3273 de
622 3219 873 3274 Udalrico
920 3218 1221 3274 honorifice
1253 3225 1454 3290 agunt;
1487 3218 1631 3272 inter
1661 3233 1858 3271 recen-

232 3313 406 3367 tiores
455 3313 854 3368 illustrissimus
891 3315 1186 3369 cardinalis
1219 3315 1501 3368 Baronius.
1558 3317 1620 3367 At
1652 3314 1718 3368 de
1751 3312 1859 3383 pri-

234 3401 340 3456 mis
369 3403 494 3456 vitae
522 3402 882 3473 scriptoribus
914 3404 999 3459 hic
1020 3404 1301 3474 praecipue
1333 3404 1658 3458 dicendum.

1957 2208 2112 2261 istius
2163 2207 2404 2262 auctoris
2455 2223 2657 2262 nomen
2711 2208 2994 2280 ignorasse
3033 2210 3251 2263 videtur
3294 2210 3573 2264 secundus

1956 2299 2079 2353 vitae
2118 2300 2353 2369 scriptor
2399 2299 2772 2366 Gebehardus,
2831 2300 2924 2370 qui
2986 2301 3215 2370 primam
3267 2302 3334 2352 de
3397 2302 3572 2356 sancti

1959 2387 2193 2443 Udalrici
2233 2387 2403 2461 gestis
2441 2387 2901 2452 lucubrationem,
2947 2410 2974 2436 α
3017 2405 3047 2441 a
3087 2389 3323 2458 quodam
3374 2387 3574 2441 illustri

1957 2481 2071 2534 viro
2098 2480 2477 2549 compositam,
2521 2501 2544 2530 η
2588 2480 2642 2532 in
2668 2481 2894 2553 prologo
2915 2495 3016 2534 suo
3039 2479 3192 2534 dicit.
3218 2479 3324 2532 Sed
3352 2479 3568 2534 tandem

1957 2572 2111 2626 istius
2140 2571 2397 2641 anouymi
2431 2587 2634 2626 nomen
2675 2571 2729 2624 in
2784 2571 2979 2626 itinere
3010 2579 3198 2626 nostro
3247 2571 3570 2626 Germanico

1957 2664 2250 2719 didicimus
2279 2679 2344 2717 ex
2377 2669 2593 2717 vetusto
2623 2662 2812 2717 codice
2845 2662 3266 2733 Ratisponensis
3295 2669 3570 2717 monaste-

1959 2760 2022 2814 rii
2071 2759 2250 2813 Sancti
2330 2757 2736 2822 Emmerammi,
2804 2765 2930 2812 ante
2994 2773 3171 2813 annos
3238 2758 3573 2828 quingentos

1958 2852 2185 2922 scripto,
2219 2852 2274 2905 in
2305 2866 2415 2923 quo
2454 2852 2628 2921 prima
2659 2851 2776 2904 haec
2816 2851 2933 2904 Vita
2962 2852 3233 2922 reperitur
3262 2852 3364 2905 sub
3413 2851 3570 2906 titulo

1961 2953 2086 3017 post
2113 2944 2628 3016 capitulationesita
2650 2960 2940 3015 expresso:
2985 2966 3010 2994 α
3055 2945 3114 2999 In
3137 2944 3361 3000 nomine
3387 2945 3572 3000 Domi-

1963 3035 2017 3089 ni
2049 3034 2244 3105 incipit
2276 3034 2389 3088 Vita
2418 3034 2591 3088 sancti
2626 3033 2861 3088 lldalrici
2902 3033 3148 3104 epiSCOpi
3191 3041 3245 3087 et
3282 3032 3569 3088 confesso-

1961 3127 2038 3180 ris
2065 3125 2284 3192 Christi,
2314 3125 2461 3180 edita
2505 3143 2536 3179 a
2565 3124 2823 3189 Gerardo,
2867 3125 2962 3196 qui
2988 3125 3057 3180 ab
3109 3141 3177 3181 eo
3207 3124 3308 3180 fuit
3337 3122 3571 3197 presby-

1962 3225 2046 3269 ter
2069 3216 2372 3271 ordinatus.
2419 3239 2443 3262 ιι
2486 3215 2784 3268 Gerardum
2818 3215 3002 3285 itaque
3035 3216 3086 3269 in
3121 3221 3398 3286 posterum
3439 3215 3574 3271 lice-

1960 3306 2042 3361 bit
2063 3307 2344 3377 appellare
2375 3322 2732 3377 anonymum,
2765 3306 2858 3377 qui
2878 3307 3064 3361 nescio
3089 3322 3157 3360 an
3185 3306 3330 3361 idem
3359 3306 3571 3362 sitcum

1960 3395 2200 3449 Gerardo
2243 3395 2478 3450 Udalrici
2536 3395 2843 3464 capellano,
2907 3394 2974 3448 de
3015 3410 3125 3465 quo
3154 3395 3208 3448 in
3253 3394 3368 3448 Vita
3417 3411 3569 3448 num.

308 3499 364 3554 2.
399 3501 498 3564 Qui
545 3470 752 3570 primus
801 3470 1039 3556 Udalrici
1085 3470 1206 3557 acta
1251 3502 1446 3556 litteris
1493 3501 1853 3574 consignavit,
1887 3470 2050 3548 363.
2077 3502 2175 3540 seu
2206 3485 2524 3556 praeposito.
2556 3484 2625 3540 de
2653 3500 2767 3556 quo
2795 3501 2945 3540 num.
2977 3484 3065 3550 70.
3097 3494 3260 3556 atque
3293 3486 3574 3558 presbyte-

238 3605 553 3662 anonymus
583 3610 614 3646 a
643 3594 864 3648 Velsero
904 3594 1227 3664 caeterisque
1270 3594 1473 3661 dictus,
1515 3593 1762 3664 pluribus
1802 3593 1856 3646 in

233 3683 372 3738 locis
403 3699 462 3737 se
493 3683 729 3738 Udalrici
759 3685 1028 3755 aequalem
1057 3701 1120 3739 ac
1149 3684 1475 3739 familiarem
1510 3683 1684 3738 fuisse
1715 3682 1861 3736 indi-

235 3785 344 3843 cat,
376 3785 438 3832 ut
464 3795 592 3832 num
652 3780 757 3832 18:
801 3800 831 3830 ιι
873 3780 944 3834 Ea
967 3780 1059 3851 qui
1091 3781 1330 3835 vidimus
1357 3795 1467 3833 non
1497 3779 1656 3833 decet
1684 3784 1858 3831 totum

235 3868 514 3923 omittere.
562 3891 582 3918 ι
629 3869 688 3922 Et
713 3870 992 3923 nuni.54:
1042 3889 1061 3917 ι
1110 3869 1376 3923 Hzecvero
1398 3867 1622 3922 nemine
1643 3865 1860 3920 dicente

233 3960 669 4030 comperiebam,
709 3961 814 4025 sed
847 3960 1087 4031 propriis
1138 3961 1312 4015 oculis
1343 3959 1398 4013 in
1438 3957 1861 4030 quamplurimis

236 4058 464 4121 peracta
512 4052 950 4122 eonspiciebam.
999 4078 1021 4098 η
1065 4052 1441 4107 Udalscalcum
1483 4067 1602 4105 esse
1635 4049 1859 4121 quidam

242 4142 456 4213 opinati
488 4151 642 4205 sunt;
676 4145 771 4198 sed
804 4144 928 4215 quis
966 4144 1034 4198 sit
1065 4145 1413 4199 Udalscalcus
1465 4143 1557 4196 ille
1591 4157 1700 4197 non
1730 4142 1864 4195 satis

241 4233 543 4303 explicant.
583 4234 730 4288 Unus
761 4233 861 4288 fuit
900 4250 965 4289 eo
996 4235 1219 4288 nomine
1260 4234 1564 4289 monachus
1592 4234 1862 4303 Augusta-

242 4341 352 4379 nus
379 4325 448 4378 ad
479 4331 720 4379 sanctam
769 4325 968 4391 Afram,
1013 4343 1110 4380 seu
1142 4327 1210 4380 ad
1242 4333 1491 4380 sanctum
1523 4324 1860 4390 Udalricum,

243 4413 290 4466 is
307 4413 402 4482 qui
425 4413 492 4467 de
515 4413 1227 4469 discidiointerlleinricum
1248 4413 1571 4484 episcopum
1596 4420 1648 4467 et
1664 4414 1863 4485 Egino-

242 4520 372 4558 nem
401 4503 656 4558 abbatem
681 4512 868 4560 exorto
902 4506 1102 4560 librum
1132 4506 1404 4580 insignem
1435 4505 1674 4576 scripsit,
1698 4505 1754 4558 in
1788 4512 1865 4559 to-

243 4611 338 4650 mo
395 4596 439 4649 ll
475 4595 689 4651 Henrici
725 4596 925 4651 Canisii
973 4598 1202 4662 editum,
1232 4598 1326 4652 ubi
1379 4597 1632 4668 quedam
1689 4596 1861 4650 sancti

247 4686 484 4741 Udalrici
516 4687 778 4742 miracula
819 4696 1230 4744 commemorat.
1287 4687 1437 4743 Idem
1481 4694 1672 4759 postea
1713 4687 1866 4755 ejus-

242 4775 372 4829 dem
411 4776 513 4830 loci
545 4776 717 4830 abbas
747 4775 849 4831 fuit
869 4777 937 4830 ab
963 4793 1108 4832 anno
1139 4776 1278 4831 “26
1309 4777 1373 4830 ad
1401 4778 1556 4831 1148.
1587 4776 1862 4830 Udalscal-

1960 3597 2039 3641 ro.
2076 3597 2227 3635 num.
2255 3581 2346 3635 83.

2031 3670 2082 3726 3.
2117 3671 2283 3725 Binos
2305 3670 2529 3724 Gerardi
2564 3668 2734 3724 libros
2764 3669 2833 3723 de
2857 3667 2990 3722 Vitae
3020 3673 3075 3722 et
3100 3667 3377 3722 Miraculis
3413 3667 3568 3722 Udal—

1959 3759 2055 3814 rici
2089 3775 2212 3814 cum
2262 3759 2498 3829 simplici
2529 3757 2669 3828 stylo
2701 3757 2936 3826 scriptos
2962 3755 3188 3828 legisset
3217 3755 3573 3809 Gebehardus

1959 3848 2276 3918 episcopus,
2326 3862 2422 3902 eos
2475 3862 2616 3900 novo
2647 3845 2912 3900 orationis
2963 3859 3169 3918 genere
3200 3843 3447 3913 expolire
3472 3859 3571 3914 ag-

1958 3954 2185 4013 gressus
2235 3945 2335 4003 est,
2369 3937 2444 3992 uti
2474 3939 2590 4008 ipse
2621 3936 2678 3992 in
2734 3936 2964 4008 Prologo
3009 3950 3108 3990 suo
3160 3941 3419 3995 testatur;
3473 3934 3573 3988 sed

1962 4036 2136 4084 morte
2168 4035 2499 4099 praeventus,
2529 4043 2668 4098 opus
2698 4024 2966 4096 perficere
2999 4041 3110 4080 non
3143 4025 3336 4095 potuit.
3380 4024 3500 4078 Fuit
3528 4025 3574 4078 is

1961 4120 2029 4174 ab
2062 4119 2311 4174 Udalrico
2364 4117 2721 4190 Augustensis
2766 4117 3060 4186 episcopus
3108 4123 3356 4186 quartus,
3386 4121 3574 4185 utpote

1961 4211 2056 4282 qui
2088 4219 2209 4282 post
2239 4211 2531 4265 Henricum
2563 4208 2801 4265 Udalrici
2833 4223 3230 4273 successorem,
3263 4222 3408 4262 anno
3447 4205 3572 4271 982,

1963 4315 2194 4378 postque
2245 4306 2495 4361 Ethicum
2551 4319 2696 4359 anno
2753 4302 2860 4358 988
2927 4302 3250 4363 exstinctos,
3313 4301 3576 4356 successit

1964 4398 2196 4454 Liutolfo
2244 4405 2366 4468 post
2404 4404 2614 4469 septem
2654 4394 2942 4467 regiminis
2983 4409 3179 4460 annos,
3236 4401 3401 4464 atque
3444 4393 3566 4463 ipse

1964 4504 2110 4543 anno
2158 4494 2282 4558 post
2329 4486 2679 4541 millesimum
2734 4483 2977 4539 secundo
3032 4493 3087 4538 et
3131 4483 3270 4538 vivis
3319 4482 3574 4538 excessit.

1965 4579 2274 4634 Gebehardi
2325 4577 2633 4632 lucubratio
2693 4575 3013 4646 imperfecta
3062 4575 3268 4629 desinit
3301 4575 3357 4628 in
3412 4575 3577 4629 laude

1965 4672 2155 4726 activae
2193 4677 2247 4724 et
2273 4669 2529 4724 theoricae
2557 4666 2795 4724 Udalrici
2847 4667 2971 4721 vitae
3002 4665 3070 4719 ab
3104 4665 3261 4720 initio
3284 4665 3402 4734 ejus
3436 4681 3578 4736 pon-

1967 4763 2222 4820 tiﬁcatus.

241 4880 344 4920 cus
390 4864 526 4919 alter
557 4865 657 4919 fuit
713 4866 1007 4937 episcopus
1065 4866 1423 4941 Augustensis
1453 4872 1575 4936 post
1621 4866 1864 4920 medium

2035 4855 2087 4908 4.
2123 4851 2290 4906 Paulo
2325 4857 2451 4922 post
2482 4850 2660 4920 ipsum
2694 4849 2868 4902 Berno
2896 4865 2926 4902 a
2968 4845 3316 4910 Fridebaldo,
3351 4862 3578 4901 monas-

238 4952 510 5007 saaculum
563 4954 983 5018 duodecimum;
1016 4955 1116 5009 sed
1146 4961 1376 5026 uterque
1426 4954 1588 5026 longe
1629 4953 1697 5006 ab
1726 4967 1859 5006 ano-

239 5045 398 5115 nymi
431 5047 601 5100 nostri
632 5052 811 5101 aetate.
843 5047 994 5102 Hunc
1036 5046 1284 5102 ecclesia;
1333 5044 1664 5100 cathedralis
1696 5059 1863 5100 cauo-

237 5134 432 5188 nicum
464 5136 735 5190 exstitisse
777 5142 925 5206 patet
965 5153 1031 5190 ex
1073 5135 1212 5190 libro
1271 5135 1340 5189 de
1370 5132 1645 5189 Miraculis
1675 5131 1863 5203 (quem

238 5227 415 5280 unius
452 5227 810 5300 ejusdemque
837 5229 1077 5283 auctoris
1111 5244 1232 5283 esse
1263 5228 1539 5296 existimo)
1571 5225 1700 5281 huic
1729 5225 1863 5280 Vitae

235 5315 516 5384 subjecto.
554 5317 710 5383 Nam,
741 5333 862 5388 cap.
903 5317 973 5371 28
1004 5317 1172 5372 relato
1214 5317 1451 5387 quodam
1501 5314 1768 5369 miraculo
1798 5313 1866 5367 ad

235 5404 419 5458 sancti
463 5404 702 5460 Udalrici
745 5406 1013 5460 tumulum
1049 5406 1104 5459 in
1147 5405 1384 5460 ecclesia
1423 5404 1479 5458 S.
1514 5403 1650 5458 Afrae
1677 5409 1865 5473 patra-

235 5500 323 5557 to,
357 5493 513 5548 addit
543 5495 744 5550 exinde
775 5512 1099 5552 concursum
1134 5495 1322 5566 pepuli
1356 5494 1555 5548 factum
1582 5494 1635 5547 in
1669 5493 1871 5562 princi-

235 5601 372 5656 pem
433 5600 528 5640 seu
604 5587 976 5658 episcOpalem
1045 5587 1335 5642 ecclesiam
1393 5587 1605 5640 Sanctae
1664 5584 1866 5638 Mariae.

239 5699 268 5721 «ι
320 5674 456 5728 Inde
487 5675 543 5728 in
571 5675 866 5738 civitatem,
897 5675 1098 5746 inquit,
1123 5677 1191 5730 ad
1214 5674 1503 5730 ecclesiam
1529 5673 1744 5728 Sanctae
1763 5671 1870 5726 Ma-

549 5826 848 5889 PATROL.
903 5825 1238 5888 CXXXV.

1962 4941 2085 4996 terii
2117 4941 2329 4995 Sanctae
2378 4937 2516 4993 Afra
2543 4937 2687 5006 apud
2715 4937 3010 5010 Augustam
3040 4935 3449 4991 Vindelicorum
3483 4933 3581 4987 ab-

1964 5033 2092 5088 bate
2123 5039 2319 5103 quarto
2353 5035 2594 5104 rogatus,
2627 5028 2887 5100 anonymi
2916 5027 3271 5100 scriptioncm
3303 5026 3408 5080 alia
3449 5024 3579 5078 item

1968 5121 2138 5178 forma
2175 5119 2546 5176 exornandam
2600 5117 2864 5188 suscepit,
2906 5117 3074 5188 idque
3109 5132 3167 5171 re
3199 5130 3326 5168 vera
3354 5127 3583 5166 exsecu-

1966 5225 2055 5272 tus
2108 5223 2190 5271 est
2241 5218 2368 5268 ante
2412 5227 2615 5266 annum
2672 5210 2833 5278 1030,
2875 5211 2970 5282 qui
3002 5204 3311 5263 Fridebaldi
3369 5204 3583 5259 abbatis

1967 5319 2259 5377 supremus
2335 5301 2455 5356 fuit.
2514 5303 2588 5356 De
2647 5302 2894 5355 Bernone
2960 5298 3297 5352 Hermannus
3357 5294 3426 5348 ad
3485 5311 3585 5348 an-

1969 5410 2101 5448 num
2148 5392 2270 5448 108.
2335 5411 2360 5442 α
2412 5391 2538 5462 Ipso
2613 5405 2778 5452 anno,
2838 5387 3034 5458 inquit,
3119 5383 3409 5439 lleinricus
3465 5399 3583 5450 rex,

1970 5483 2189 5558 cognita
2215 5482 2438 5538 tandem
2462 5489 2587 5552 post
2609 5481 2750 5536 duos
2778 5494 2953 5534 annos
2985 5476 3245 5532 Immonis
3286 5475 3586 5530 crudelita-

1971 5583 2046 5642 te,
2089 5583 2304 5631 remoto
2334 5590 2424 5642 eo,
2461 5575 2791 5637 Beruonem,
2821 5570 2996 5624 virum
3038 5569 3281 5634 doctum,
3316 5575 3370 5622 et
3409 5567 3586 5638 primo

1974 5667 2349 5724 Prumiensem
2394 5665 2746 5730 monachum,
2777 5663 2964 5732 Augire
3003 5659 3286 5718 constituit
3308 5658 3590 5734 abbatem.

3213 5811 3294 5874 32
