4062 6164
450 293 590 349 1003

1533 279 1587 332 S.
1633 274 1932 330 UDALRlCl
1975 272 2343 328 AUGUSTANI
2388 268 2700 324 EPISCOPL

3638 262 3786 316 1001

448 428 539 498 qui
573 428 848 496 gratanter
882 422 1190 487 susceptus,
1215 414 1406 468 fratres
1437 411 1720 480 dispersos
1751 406 2053 479 recollegit,
2082 411 2136 477 Α
2229 403 2282 463 6,
2319 401 2603 456 Udalricus
2651 396 2904 468 quzedam
2949 401 3077 449 ante
3134 392 3508 464 pontificatum
3551 393 3728 466 gessit
3756 409 3787 444 a

447 529 500 575 et
529 536 559 573 a
583 515 866 571 Lamberto
897 507 1296 568 Constantiensi
1320 506 1582 575 episcOpo
1607 502 1776 556 abbas
1806 499 2054 566 ejusdem

447 607 551 662 loci
592 605 886 659 vicesimus
936 614 1116 654 nonus
1143 603 1517 656 consecratus,
1577 607 1774 664 magna
1823 589 2058 658 insignis

445 695 675 750 scientia
698 695 1008 765 pietateque
1034 686 1249 759 praefuit
1270 681 1800 754 annisquadraginta
1839 699 1863 728 ι)
1913 677 2059 731 Obiit

445 804 590 844 anno
621 787 779 842 1048.
810 786 936 853 Ejus
966 781 1206 852 elogium
1235 778 1369 832 alias
1399 778 1506 830 Deo
1535 775 1700 829 dante
1732 771 2049 827 referemus.

449 883 518 936 Ex
555 882 640 935 his
689 879 866 934 tribus
911 873 1229 931 auctoribus
1270 885 1439 924 unum
1486 868 1575 922 hic
1603 867 1816 930 damus,
1861 863 2056 917 Gerar-

446 973 597 1037 dum,
623 977 912 1042 propterea
930 966 1076 1037 quod
1103 982 1164 1018 ex
1198 961 1470 1018 aliisnihil
1499 959 1614 1013 fere
1635 957 1776 1012 scitu
1803 955 2052 1027 dignum,

447 1061 593 1132 quod
627 1060 692 1113 ab
718 1060 838 1128 ipso
873 1071 982 1109 non
1012 1052 1346 1122 acceperint,
1377 1050 1592 1103 discere
1623 1046 1800 1099 liceat.
1837 1045 2057 1112 Anony-

445 1154 518 1208 mi
550 1165 733 1223 porro,
765 1147 816 1201 id
849 1141 1197 1206 estGerardi,
1229 1136 1619 1194 commentatio
1651 1135 1886 1204 primum
1911 1132 2056 1203 typis

447 1261 646 1302 excusa
701 1249 783 1296 est
831 1254 893 1293 ac
939 1236 1083 1290 notis
1123 1235 1388 1286 illustrata
1440 1228 1507 1282 ab
1549 1224 1898 1281 ornatissimo
1936 1223 2051 1277 viro

444 1341 622 1394 Marco
651 1337 869 1390 Vclsero
908 1333 1157 1403 Augustae
1188 1323 1594 1379 Vindelicorum
1628 1335 1774 1374 anno
1801 1317 1960 1383 1595,
1986 1333 2049 1370 ex

444 1445 553 1501 quo
575 1430 895 1496 sequentem
916 1411 1656 1473 editionem'adornavimus.

515 1520 568 1572 5.
604 1493 732 1578 sed,
791 1519 1084 1580 antequam
1131 1520 1250 1558 eam
1284 1501 1662 1562 exhibeamus,
1711 1496 1961 1568 quazdam
1995 1493 2049 1546 in

443 1621 788 1669 antecessum
817 1607 884 1662 ad
916 1606 1035 1674 ejus
1079 1599 1500 1656 illustrationcm
1535 1594 1864 1667 praemittere
1899 1591 2053 1659 juvat

443 1718 496 1763 et
527 1707 703 1779 primo
736 1703 959 1775 quidem
1006 1693 1397 1766 inquirendum
1431 1707 1498 1743 an
1544 1687 1846 1742 monachus
1887 1682 2053 1737 fuerit

441 1774 768 1860 Udalricus,
797 1807 959 1863 quem
1000 1788 1090 1842 alii
1141 1782 1490 1839 Vodalricum
1537 1795 1636 1833 seu
1693 1774 2047 1839 Otllalricum,

441 1889 531 1943 alii
562 1885 861 1940 Wolricum
889 1877 1191 1949 appellant.
1224 1872 1548 1927 Monachum
1582 1875 1710 1920 ante
1759 1865 2050 1936 episcopa-

440 1990 552 2038 tum
600 1979 771 2034 fuisse
803 1979 1006 2048 negant
1045 1977 1296 2025 auctores
1325 1965 1458 2019 Vitae
1505 1971 1708 2017 sanctae
1742 1958 2050 2014 Wiboradae

442 2072 585 2143 apud
621 2072 674 2125 S.
705 2067 913 2122 Gallum
943 2062 1169 2117 reclusa:
1220 2056 1332 2121 cui,
1365 2070 1485 2110 cum
1517 2068 1677 2106 suum
1707 2051 1776 2104 de
1809 2048 2053 2103 ineunda

440 2137 743 2217 monastica
785 2153 1124 2227 professione
1150 2145 1440 2202 consilium
1475 2140 1801 2213 aperuisset,
1833 2137 1981 2192 aliud
2021 2151 2052 2188 a

441 2253 550 2306 Deo
579 2226 838 2304 statutum
871 2244 940 2297 de
983 2241 1105 2311 ipso
1146 2236 1314 2290 fuisse
1342 2230 1691 2307 signiﬁcavit,
1740 2243 1940 2298 nempe
1970 2226 2054 2280 fu-

440 2353 619 2399 turum
665 2339 989 2411 episcopum
1031 2329 1282 2385 Ecclesia:
1323 2323 1701 2398 Augustensis,
1734 2328 1791 2375 ut
1837 2319 1892 2373 in
1934 2319 2054 2386 ejus

441 2432 586 2487 Actis
628 2408 885 2498 superius
928 2422 995 2476 ad
1025 2433 1228 2473 annum
1278 2413 1402 2469 925.
1463 2411 1567 2466 Sed
1599 2418 1760 2464 antea
1805 2408 2052 2476 ejusdem

440 2497 711 2577 ecclesias,
744 2512 1070 2571 canonicum
1129 2506 1302 2560 fuisse
1356 2502 1512 2557 testis
1568 2505 1652 2553 est
1701 2497 2054 2551 Ekkehardus

434 2615 624 2684 junior
653 2610 710 2664 in
752 2609 874 2664 loco
925 2619 1049 2658 mox
1088 2601 1275 2655 citato.
1328 2595 1437 2650 Etsi
1483 2607 1611 2648 vero
1654 2589 1904 2645 Udalrico
1930 2603 2053 2643 esse

439 2680 713 2761 monacho
743 2715 854 2755 non
887 2695 1061 2758 licuit,
1093 2699 1247 2747 veste
1279 2696 1459 2743 tamen
1499 2683 1804 2738 monastica
1834 2680 2056 2750 episco-

439 2817 541 2873 pus
572 2814 704 2854 usus
733 2803 835 2860 est,
869 2792 1140 2853 addictus,
1165 2794 1438 2858 quatenus
1455 2779 1788 2852 episcopalis
1814 2776 2054 2849 dignitas

437 2865 668 2953 ferebat,
700 2885 872 2941 sancti
911 2877 1192 2936 Benedicti
1242 2874 1470 2948 regulis,
1500 2871 1658 2938 cujus
1688 2869 1964 2922 elementa
1996 2865 2050 2918 in

437 2981 610 3036 sancti
641 2979 772 3032 Galli
803 2972 1136 3030 monasterio
1171 2966 1434 3022 educatus
1460 2961 1746 3016 didicerat.
1782 2958 1872 3011 Sic
1903 2956 2048 3011 enim

438 3070 710 3128 Gerardus
732 3068 976 3139 loquitur
1006 3080 1158 3118 num.
1199 3062 1300 3113 17:
1347 3079 1371 3108 α
1415 3057 1646 3124 Semper
1681 3052 1790 3106 cuti
1834 3064 1946 3104 sua?
1976 3049 2055 3102 la-

441 3178 604 3216 neum
636 3172 923 3230 apponens
961 3152 1370 3212 vestimentum,
1421 3153 1475 3199 et
1528 3143 1770 3215 regulam
1813 3153 2056 3210 sequens

439 3228 854 3304 monachorum.
904 3268 925 3287 -υ
971 3243 1146 3295 Berno
1170 3237 1322 3293 addit
1343 3251 1470 3290 eum
1487 3250 1519 3288 a
1539 3232 1798 3288 carnibus
1821 3228 2054 3300 perinde

439 3339 792 3397 abstinuisse.
844 3333 980 3398 Quia
1027 3346 1157 3386 vero
1210 3343 1460 3382 severum
1501 3324 1616 3378 suis
1670 3321 1949 3376 silentium
1983 3319 2053 3373 de

442 3442 602 3491 nocte
633 3428 935 3504 praescribit
963 3432 1186 3480 sanctus
1243 3420 1592 3484 Benedictus,
1644 3417 1696 3470 id
1729 3415 1962 3470 maxime
1996 3413 2054 3467 in

441 3522 870 3599 Quadragesima
908 3517 1237 3574 servandum
1269 3513 1372 3568 sibi
1410 3510 1694 3582 proposuit
1733 3505 2053 3576 Udalricus)

441 3632 551 3689 quo
579 3597 826 3684 tempore
872 3631 892 3660 α
935 3623 1099 3664 omne
1127 3603 1486 3674 colloquium,
1523 3599 1632 3654 nisi
1683 3613 1806 3652 cum
1849 3597 1960 3650 Deo
2002 3603 2055 3649 et

439 3688 663 3769 sanctis,
717 3715 891 3772 usque
935 3697 1003 3752 ad
1053 3694 1284 3750 alterius
1334 3691 1445 3745 diei
1485 3688 1716 3760 primam
1775 3693 2048 3756 peractam

349 3807 364 3826 τ
438 3790 958 3853 omninodevitavit.
1004 3809 1032 3839 «
1077 3787 1345 3856 Denique,
1370 3799 1493 3838 cum
1514 3776 2053 3852 episcOpalisoneris

437 3885 709 3941 sarcinam
744 3882 800 3935 in
827 3878 1225 3933 Adalberonem
1258 3878 1516 3943 nepotem
1548 3885 1708 3923 suum
1733 3867 1835 3922 sub
1877 3873 2054 3920 extre-

440 3993 587 4032 mum
619 3975 743 4030 vitae
785 3987 896 4026 suae
945 3980 1161 4038 tempus
1198 3966 1427 4033 rejicere
1467 3962 1652 4016 animo
1693 3960 2046 4022 destinasset,

442 4096 462 4116 ι·
506 4069 803 4140 episcopus
846 4063 1169 4117 indumento
1201 4074 1351 4114 more
1382 4057 1779 4111 monachorum
1809 4054 2046 4109 formato

436 4158 786 4220 induebatur,
818 4155 1049 4225 quorum
1081 4157 1244 4205 antea
1269 4147 1514 4220 regulam
1565 4145 1907 4200 multimodis
1937 4145 2051 4198 vir-

435 4249 648 4305 tutibus
685 4247 842 4318 sequi
871 4248 1251 4301 consueverat,
1296 4261 1322 4291 »
1363 4239 1507 4309 apud
1553 4237 1852 4291 Gerardum
1896 4253 2046 4290 num.

435 4340 524 4394 62.
559 4338 619 4392 Et
650 4337 706 4391 in
745 4335 958 4405 synodo
1008 4327 1434 4403 lngelheimensi
1480 4325 1720 4380 Gerardo
1764 4325 2051 4396 capellano

2080 1735 2128 1802 Β

2084 3097 2132 3166 C

2158 497 2333 550 tribus
2391 493 2710 550 auctoribus
2775 489 3003 552 omissa,
3074 504 3195 558 quae
3252 488 3338 541 hic
3387 488 3785 556 praemittenda

2155 593 2282 638 sunt
2313 600 2377 636 ex
2403 580 2707 636 Ekkehardi
2739 594 2859 648 cap.
2884 576 2946 631 5:
2997 599 3014 622 ι
3063 575 3137 628 De
3162 584 3350 629 sancto
3380 575 3635 629 Udalrico
3674 590 3782 626 au-

2157 677 2265 724 tem
2322 669 2558 740 qualiter
2598 666 2883 721 nobiscum
2932 664 3127 738 egerit,
3169 664 3311 716 dicta
3352 663 3566 716 Patrum
3629 677 3787 732 qua:-

2157 761 2282 814 dam
2317 759 2644 824 audivimus,
2679 772 2800 828 quae
2831 755 3056 826 quidem
3094 755 3150 808 in
3180 755 3287 808 vita
3325 744 3453 821 ejus
3474 753 3559 806 vel
3613 754 3783 807 tertio

2150 851 2260 920 jam
2289 851 2491 920 scripta
2520 864 2630 902 non
2665 847 2995 901 invenimus.
3047 846 3121 898 De
3149 844 3433 898 nobilibus
3464 844 3616 897 enim
3668 844 3781 905 ille,

2155 953 2214 999 ut
2241 953 2296 1000 et
2330 945 2399 998 ab
2428 944 2552 998 aliis
2575 943 2687 1010 jam
2716 941 2920 994 dictum
2955 948 3062 1004 est,
3094 947 3276 1006 natus,
3323 938 3468 1008 apud
3505 945 3784 991 nostrates

2157 1040 2422 1094 educatus
2461 1044 2612 1092 estet
2642 1037 2855 1090 doctus.
2894 1034 2987 1088 llic
3017 1033 3182 1098 viam,
3216 1049 3322 1102 qua
3345 1034 3399 1086 in
3437 1031 3615 1086 ccelos
3637 1031 3784 1085 vola-

2157 1128 2250 1193 vit,
2275 1127 2566 1181 subvolare
2598 1125 2822 1181 didicit:
2855 1123 2945 1176 hic
2976 1121 3270 1176 virtutibus
3301 1137 3437 1191 quas
3469 1136 3619 1173 nunc
3645 1135 3784 1188 ope—

2157 1231 2304 1274 ratur
2331 1219 2657 1290 praeludium
2700 1216 2848 1271 fecit.
2901 1215 3225 1268 Sanctorum
3261 1213 3408 1266 enim
3462 1221 3781 1266 nostrorum

2155 1314 2288 1367 Galli
2312 1320 2365 1367 et
2394 1313 2618 1377 Otmari,
2648 1327 2786 1383 quos
2818 1310 3082 1380 puerulus
3114 1315 3298 1378 patres
3331 1307 3523 1381 elegit,
3566 1323 3630 1360 se
3665 1322 3783 1360 mo-

2156 1409 2348 1464 nachis
2367 1411 2610 1479 jungens
2627 1424 2748 1462 cum
2773 1406 2978 1461 sanctis
3001 1405 3377 1459 sanctissimus
3395 1414 3596 1458 etcum
3631 1403 3784 1456 elec-

2155 1501 2223 1554 tis
2254 1501 2562 1575 ingreditur
2589 1500 2976 1554 eloctissimus.
3014 1497 3328 1551 Hartmanni
3357 1497 3506 1550 enim
3538 1494 3785 1564 junioris

2153 1595 2460 1665 discipulus
2493 1594 2680 1648 divina
2709 1610 2822 1663 prae
2845 1591 3107 1647 omnibus
3135 1591 3339 1661 Spiritu
3369 1598 3566 1644 sancto
3597 1589 3784 1660 praeli-

2155 1689 2313 1742 batus
2353 1689 2554 1742 hausit.
2601 1689 2657 1742 In
2690 1687 2979 1741 refectorio
3019 1703 3204 1741 coram
3247 1685 3516 1756 patribus,
3568 1685 3667 1738 ubi
3699 1685 3785 1738 vel

2155 1781 2208 1834 in
2267 1787 2471 1850 puncto
2505 1795 2735 1850 peccare
2775 1778 3009 1849 capitale
3066 1786 3202 1842 erat,
3249 1777 3420 1830 lector
3471 1775 3786 1830 inoﬂ‘ensus

2150 1872 2344 1926 creber
2381 1878 2514 1935 erat,
2568 1870 2817 1942 quamvis
2871 1869 3172 1924 canonicus
3259 1867 3412 1933 Quod
3456 1877 3645 1922 tamen
3707 1867 3784 1919 illi

2151 1963 2562 2035 progenitorum
2612 1978 2835 2017 suorum
2876 1961 3148 2024 indultum
3181 1967 3266 2014 est
3316 1959 3490 2034 gratia
3521 1959 3788 2012 Widora-

2152 2053 2275 2106 dam
2331 2051 2619 2114 inclusam,
2653 2049 2914 2104 coaavulis
2961 2065 3018 2103 se
3067 2048 3292 2103 licentia
3333 2047 3458 2102 data
3498 2047 3566 2101 ad
3621 2046 3789 2100 ludos

2154 2145 2492 2215 parantibus,
2524 2143 2733 2197 feriatis
2772 2143 2971 2197 diebus
3023 2141 3205 2197 furtim
3237 2142 3458 2197 visitare
3491 2141 3788 2201 a'ssolitus,

2154 2238 2355 2292 divinis
2376 2238 2443 2291 ab
2475 2239 2566 2291 illa
2599 2237 2875 2292 interdum
2907 2236 3093 2291 verbis
3134 2243 3190 2291 et
3228 2237 3492 2307 exemplis
3527 2236 3784 2290 instruc-

2155 2339 2242 2385 tus
2269 2339 2352 2384 est
2406 2330 2640 2403 paginis.
2696 2330 2826 2383 Nam
2862 2329 3100 2400 quadam
3132 2328 3222 2382 die
3280 2344 3401 2382 cum
3445 2329 3597 2382 illum
3653 2334 3790 2381 ante

2155 2422 2497 2477 fenestellam
2529 2421 2793 2476 clausulae
2834 2428 3072 2477 stantem
3109 2421 3389 2476 levissimo
3419 2421 3637 2474 videret
3658 2421 3790 2473 cin-

2155 2514 2285 2582 gulo
2320 2513 2699 2582 praecinctum,
2733 2513 2802 2567 de
2831 2529 2929 2568 suo
2960 2513 3010 2567 ei
3047 2522 3294 2583 paratum
3327 2510 3584 2575 offerens,
3622 2512 3795 2565 casti-

2156 2603 2303 2669 tatis,
2357 2603 2534 2674 inquit
2574 2602 2649 2656 fili
2715 2603 2812 2668 mi,
2865 2603 2964 2658 tibi
3031 2603 3312 2678 cingulum
3372 2604 3477 2656 hoc
3549 2601 3790 2655 laneum

2157 2708 2338 2746 meum
2366 2709 2397 2746 a
2428 2691 2537 2746 Deo
2569 2693 2778 2762 accipe,
2808 2692 3278 2764 continentiaeque
3310 2691 3565 2760 stropheo
3597 2691 3672 2753 (id
3698 2697 3796 2744 est

2155 2784 2376 2855 cingulo
2406 2782 2679 2855 virginali)
2722 2783 2790 2837 ab
2822 2784 2926 2838 hac
2964 2783 3230 2853 deinceps
3261 2783 3351 2836 die
3383 2798 3480 2852 per
3509 2781 3792 2835 Wibora-

2155 2876 2277 2929 dam
2334 2883 2480 2930 tuam
2526 2885 2580 2930 te
2627 2875 2981 2946 praecinctum
3032 2881 3307 2930 memento
3389 2873 3524 2928 Cave
3563 2881 3796 2934 autem,

2155 2984 2242 3021 me
2269 2967 2368 3020 tibi
2423 2983 2452 3020 a
2509 2967 2736 3022 Domino
2784 2982 2908 3020 meo
2955 2966 3193 3020 edictum
3252 2964 3481 3028 ferente,
3515 2979 3585 3017 ne
3646 2962 3795 3016 ullis

2157 3056 2359 3111 abhinc
2387 3055 2682 3126 colloquiis
2711 3055 2867 3109 vanis
2915 3054 3256 3110 mulierculis
3294 3054 3607 3117 miscearis;
3654 3053 3795 3114 etsi,

2158 3157 2215 3202 ut
2272 3147 2532 3203 facillime
2583 3146 2662 3212 fit,
2703 3147 2890 3217 aliquo
2921 3147 3106 3202 carnis
3145 3146 3272 3217 igne
3303 3146 3563 3200 incensus
3589 3143 3795 3204 fueris,

2155 3236 2276 3292 loco
2307 3237 2362 3290 in
2393 3251 2502 3307 quo
2527 3235 2698 3290 fueris
2721 3242 2949 3298 mutato,
2975 3239 3129 3299 Deus,
3156 3239 3216 3288 in
3237 3234 3579 3303 adjutorium
3602 3248 3791 3285 meum

2152 3329 2407 3394 intende;
2458 3330 2700 3392 Domine,
2738 3328 2814 3381 ad
2855 3327 3231 3395 adjuvandum
3258 3341 3341 3380 me
3380 3327 3608 3392 festina,
3650 3339 3789 3378 mox

2155 3417 2477 3474 cantaveris.
2510 3417 2600 3470 Sin
2650 3423 2832 3470 autem
2863 3414 2944 3470 sic
2975 3431 3162 3486 pacem
3225 3414 3409 3484 aliquo
3463 3412 3572 3468 alio
3622 3413 3788 3484 lapsu

2157 3515 2248 3562 tuo
2277 3514 2496 3561 vetante
2519 3522 2630 3560 non
2662 3503 2939 3568 habueris,
2967 3503 3219 3558 titionem
3244 3519 3340 3556 seu
3369 3502 3659 3556 candelam
3695 3519 3794 3555 ar-

2155 3599 2402 3664 dentem,
2449 3597 2605 3669 quasi
2655 3597 2804 3650 aliud
2835 3594 3045 3666 aliquid
3100 3610 3249 3663 agas,
3303 3609 3579 3665 qurerens,
3634 3594 3792 3668 digi-

2155 3699 2268 3746 tum
2298 3689 2381 3744 vel
2414 3689 2609 3744 leviter
2627 3688 2818 3754 adure,
2853 3687 3161 3756 eodemque
3185 3701 3344 3741 versu
3377 3684 3523 3740 dicto
3545 3701 3792 3740 securus

2156 3778 2282 3832 eris.
2334 3777 2420 3832 Sic
2471 3777 2732 3850 magistra
2763 3775 3071 3846 praadurata
3101 3772 3431 3843 discipulum
3493 3773 3794 3827 sanctissi-

2155 3889 2299 3926 mum
2346 3870 2613 3935 futurum,
2648 3877 2708 3925 ut
2767 3870 2888 3940 ipse
2942 3867 3192 3939 patribus
3251 3869 3528 3932 narrabat,
3589 3877 3792 3923 contra

2152 3963 2338 4036 ignem
2382 3964 2509 4036 igne
2590 3961 3015 4032 praeduraverat.
3097 3960 3259 4014 Multa
3321 3967 3451 4014 sunt
3502 3975 3632 4030 quae
3717 3962 3791 4014 de

2152 4052 2402 4107 doctrina
2461 4051 2692 4115 nutricis
2762 4066 2877 4105 suae
2934 4049 3029 4117 (sic
3110 4048 3260 4103 enim
3320 4048 3486 4103 etiam
3562 4049 3793 4103 vetulus

2153 4156 2272 4195 eam
2303 4140 2589 4194 nominare
2640 4137 2872 4206 solebat)
2907 4137 3154 4208 patribus
3203 4136 3295 4189 ille
3341 4135 3579 4196 dixerat,
3633 4153 3788 4206 quze,

2153 4232 2281 4304 quia
2319 4237 2535 4286 austera
2570 4230 2738 4298 hujus
2790 4229 3057 4298 temporis
3088 4227 3294 4282 sanctis
3343 4227 3515 4280 videri
3550 4237 3792 4297 possunt

2154 4327 2208 4374 et
2236 4318 2623 4390 impossibilia,
2656 4333 2726 4372 ne
2749 4317 2883 4388 quid
2910 4317 2990 4371 eis
3017 4315 3663 4386 suboleatprzeterimus.
3703 4317 3784 4370 De

438 4442 539 4481 suo
585 4426 748 4494 jussit
779 4403 1072 4476 consilium
1106 4432 1264 4471 suum
1319 4416 1388 4470 de
1427 4413 1793 4485 relinquendo
1849 4413 2050 4468 saeculo
2074 4462 2123 4494 η
2153 4408 2330 4464 cilicio
2361 4407 2545 4471 etiam,
2576 4422 2684 4477 quo
2717 4405 2839 4475 ipsa
2865 4404 3135 4467 utebatur,
3165 4404 3322 4470 cujus
3358 4403 3524 4457 hodie
3559 4403 3789 4471 asperi-

439 4529 740 4586 exponere.
772 4509 923 4577 Quod
955 4510 1074 4579 ipse
1125 4506 1396 4561 Gerardus
1445 4503 1693 4575 praestitit
1720 4503 1806 4557 his
1835 4502 2052 4557 verbis:

440 4635 467 4661 ι
519 4605 974 4664 Excellentissimi
1036 4605 1398 4674 imperatores
1455 4609 1509 4654 et
1570 4597 1916 4671 religiossimi
1962 4614 2056 4652 an-

439 4701 658 4768 tistites,
691 4699 1025 4754 desiderium
1044 4695 1252 4750 domini
1281 4693 1391 4748 mei
1421 4699 1504 4747 est
1536 4691 1854 4761 relinquere
1880 4705 2055 4744 saecu-

437 4795 572 4860 lum,
605 4799 660 4847 et
685 4789 986 4846 secundum
1013 4786 1257 4861 regulam
1288 4784 1462 4839 sancti
1499 4781 1780 4837 Benedicti
1807 4787 2053 4835 sanctam

439 4890 580 4945 inire
612 4887 802 4952 vitam,
844 4893 898 4938 et
951 4883 1006 4937 in
1039 4879 1466 4950 contemplativa
1495 4878 1606 4931 vita
1645 4877 1790 4930 diem
1823 4890 2056 4944 exspeco

439 4991 552 5037 tare
582 4979 768 5036 obitus
795 4975 900 5030 sui.
938 4975 996 5028 In
1029 4972 1356 5026 indumento
1390 4985 1486 5040 pro
1522 4975 1674 5024 certo
1712 4967 1934 5021 habitus
1961 4982 2055 5021 ex-

438 5073 656 5129 terioris
687 5068 920 5141 potestis
949 5077 1284 5139 cognoscere
1314 5061 1652 5116 voluntatem
1700 5058 1869 5113 animi
1911 5056 2052 5111 inte-

438 5166 614 5222 rioris.
660 5184 684 5214 »
729 5163 810 5217 Ita
839 5158 1111 5216 Gerardus
1140 5171 1292 5210 num.
1347 5155 1432 5210 63.
1467 5155 1583 5208 Non
1613 5153 1788 5208 visum
1840 5159 1923 5205 est
1955 5150 2055 5204 Pa-

438 5254 612 5310 tribus
633 5251 886 5307 Udalrico
916 5248 969 5302 id
1003 5245 1190 5310 licere,
1223 5244 1322 5298 sed
1353 5249 1536 5297 tamen
1570 5243 1626 5296 in
1658 5241 1846 5294 habitu
1879 5239 2053 5293 semel

438 5350 695 5416 suscepto
728 5344 906 5414 ipsum
935 5338 1244 5394 decessisse
1271 5336 1396 5405 jure
1423 5332 1695 5388 afﬁrmare
1727 5347 2052 5403 possumus;

437 5443 600 5508 atque
627 5434 766 5489 adeo
793 5447 903 5486 non
937 5429 1212 5484 immerito
1243 5442 1368 5481 eum
1403 5424 1545 5477 inter
1574 5428 1792 5477 nostros
1822 5435 2052 5491 compu-

437 5507 618 5581 tamus
674 5519 1008 5577 Trithemius
1057 5517 1115 5571 in
1159 5515 1389 5571 Historia
1432 5510 1804 5583 Hirsaugiensi
1855 5507 2053 5563 asserit

437 5633 564 5671 eum
596 5616 650 5669 in
682 5611 937 5668 coenobio
977 5610 1186 5664 Sanctae
1225 5608 1364 5662 Afrae
1389 5605 1458 5660 ab
1491 5604 1689 5659 eodem
1733 5606 2050 5657 constructo

440 5703 769 5757 monachum
805 5699 1002 5754 factum
1035 5696 1202 5752 fuisse
1232 5701 1357 5749 ante
1385 5693 1613 5748 obitum.

2156 4508 2319 4554 tatem
2346 4514 2442 4568 pro
2467 4497 2714 4568 reliquiis
2754 4496 2808 4549 id
2841 4495 3112 4549 habentes
3147 4493 3543 4556 horrescimus,
3579 4492 3798 4562 pulvil:

2154 4587 2326 4640 lulum
2358 4584 2470 4640 filio
2501 4601 2625 4651 suo,
2656 4593 2716 4640 ut
2745 4589 2798 4636 et
2837 4583 2958 4653 ipsa
2984 4598 3109 4636 eum
3144 4581 3488 4646 nominabat,
3521 4581 3577 4633 in
3608 4580 3786 4634 absti-

2155 4683 2355 4738 nentiae
2395 4681 2594 4735 diebus
2640 4679 2905 4734 utendum
2938 4683 3310 4736 connexerat;
3362 4674 3509 4745 quod
3541 4674 3788 4728 interdiu

2157 4776 2210 4829 in
2248 4775 2374 4828 sinu
2408 4780 2649 4848 gestans,
2679 4770 2937 4826 noctibus
2966 4769 3056 4822 ille
3089 4767 3326 4822 maxillis
3353 4766 3539 4836 lapide
3569 4782 3783 4836 suppa.

2153 4865 2258 4920 sito
2280 4871 2469 4934 aptare
2489 4861 2720 4917 solebat.
2753 4860 2865 4914 Tali
2913 4859 3004 4912 ille
3036 4857 3377 4912 lectisternio
3424 4871 3524 4925 pro
3558 4855 3788 4908 deliciis

2155 4968 2326 5024 usque
2366 4968 2550 5008 coram
2582 4950 2762 5019 ianuis
2799 4947 3046 5003 ecclesize
3095 4955 3497 5000 nocturnorum
3532 4944 3784 4998 sonitum

2153 5051 2246 5099 aut
2278 5045 2334 5098 in
2362 5041 2546 5109 sedili,
2591 5047 2686 5096 aut
2725 5040 2872 5093 nuda
2905 5037 3130 5110 quidem
3157 5043 3478 5105 exspectare
3512 5040 3660 5088 terra
3686 5050 3784 5089 so-

2156 5136 2321 5190 lebat.
2365 5135 2456 5188 llis
2479 5141 2534 5189 et
2572 5133 2694 5187 aliis
2735 5130 3009 5186 similibus
3040 5145 3167 5183 eum
3227 5144 3258 5182 a
3315 5126 3555 5198 pueritia
3589 5142 3786 5180 assue-

2153 5234 2420 5292 scentem,
2443 5241 2566 5280 cum
2599 5233 2653 5278 et
2682 5223 3009 5278 feminarum
3039 5220 3281 5290 alloquia
3318 5226 3374 5274 et
3402 5218 3568 5272 solita
3598 5219 3784 5273 socio-

2156 5335 2273 5374 rum
2318 5317 2599 5390 fugitasset
2647 5313 2876 5378 ludicra,
2929 5310 3240 5366 sanclulum
3293 5309 3449 5362 illum
3508 5307 3784 5361 derisorie

2150 5411 2264 5479 jam
2291 5409 2360 5465 ab
2392 5409 2522 5463 inde
2551 5411 2841 5477 coeperunt
2880 5403 3240 5460 vocitare.....
3285 5398 3559 5473 Figuratis
3591 5410 3643 5451 et
3693 5399 3785 5452 in-

2154 5499 2368 5555 terdum
2422 5497 2585 5551 etiam
2617 5495 2786 5549 risum
2835 5491 3209 5555 moventibus,
3243 5504 3353 5543 non
3408 5498 3595 5540 tamen
3629 5486 3782 5539 falsis

2154 5600 2209 5648 et
2254 5588 2538 5656 inanibus,
2591 5586 2788 5642 crebro
2841 5600 2977 5639 usus
3052 5589 3146 5637 est
3191 5580 3468 5635 verbis...
3530 5581 3773 5649 ldipsum

2153 5684 2315 5740 etiam
2350 5680 2454 5736 sibi
2503 5694 2604 5750 pro
2645 5677 2954 5736 reverentia
3006 5675 3112 5742 sui,
3164 5680 3226 5728 ut
3261 5671 3422 5727 nobis
3469 5671 3772 5726 canonicus
