4062 6164
254 377 395 434 ίοοδ
1437 365 1607 421 VITA.
1653 395 1717 405 —-
1758 363 1858 420 OB!

1976 363 2033 418 V.
2072 363 2372 421 PRAEVUE.
3440 378 3580 436 1006

252 508 615 585 Evangelium
664 505 895 579 legeret,
945 515 1294 556 concessum.
1353 500 1485 555 Nam
1540 499 1712 555 frater
1736 514 1872 553 con-
1894 502 1943 567 Α
1971 506 2029 553 ut
2057 514 2247 569 pacem
2277 502 2450 557 aviro
2497 503 2590 557 Dei
2641 513 2874 576 peteret;
2920 509 3251 582 perduxerat
3312 512 3434 583 lpsa
3482 530 3584 570 au-

250 606 493 677 scriptus
519 610 635 657 tum
661 599 813 655 vocis
846 596 1233 668 pulcherrimae
1268 595 1498 669 gratiam
1549 594 1805 648 habebat.
1838 615 1865 639 »ι
1973 594 2079 642 tem
2111 591 2549 647 sanctimonialis
2580 594 2674 650 illa
2688 605 2999 655 sanctorum
3030 603 3405 674 exemplorum
3430 616 3583 678 post-

255 698 319 752 Et
368 693 594 766 quidem
651 690 796 743 inter
847 686 1043 740 fratres
1098 684 1441 754 conscriptos
1489 683 1675 737 Sancti
1731 680 1867 735 Galli
1969 679 2195 734 modum
2226 681 2343 735 visa
2373 692 2457 737 est
2496 682 2750 741 femina:
2799 690 3004 761 quippe
3036 709 3198 764 quam
3237 694 3402 751 frater
3428 701 3584 756 novis

256 787 401 858 apud
441 783 757 839 Goldasium
790 779 847 833 in
870 777 1002 833 tomi
1041 776 1084 830 ll
1140 792 1264 847 pag.
1314 776 1411 831 185
1432 773 1634 848 legitur
1671 773 1871 829 Oadal—
1970 769 2261 823 sententiis
2312 770 2441 825 dum
2481 773 2634 864 vixit,
2673 779 2955 834 annuatim
3015 782 3326 851 puniverat.
3388 788 3586 864 Ungris

257 877 373 932 rich
402 874 717 945 episcOpus.
760 867 921 922 Addit
952 866 1305 921 Ekkehardus
1338 883 1403 919 :a
1432 864 1647 919 Diutius
1686 871 1868 917 autem
1971 864 2152 912 autem
2174 875 2206 913 a
2235 875 2295 914 se
2347 863 2757 932 recedentibus,
2803 883 2926 922 cum
2961 867 3284 929 Buchowam
3310 876 3452 946 illos,
3488 882 3584 937 ubi

258 981 423 1039 quam
436 959 621 1017 caeteri
654 957 822 1014 coaevi
855 956 1070 1010 suitum
1103 971 1202 1025 pro
1230 953 1529 1009 Wiborada
1586 969 1685 1007 sua
1706 953 1871 1006 sclio-
1972 965 2127 1005 soror
2150 952 2268 1021 ipsa
2295 959 2430 1017 erat,
2488 963 2783 1028 partesque
2833 967 3069 1029 nostras,
3104 966 3198 1020 ubi
3229 966 3581 1029 Wiboradam

259 1055 679 1111 ιίεείηιιωεθηιι,
720 1049 864 1113 Quas
914 1056 1096 1101 tamen
1129 1044 1349 1100 tandem
1383 1044 1722 1115 relinquens,
1755 1042 1872 1097 sui-
1973 1046 2199 1095 matrem
2226 1042 2457 1110 sciebat,
2515 1045 2776 1102 invadere
2802 1049 2942 1105 velle
2988 1056 3365 1125 comperisset,
3398 1076 3587 1119 orasse

258 1162 367 1221 que
416 1145 557 1215 juris
614 1142 669 1195 in
717 1137 1168 1211 possessionibus
1222 1135 1363 1191 facta
1440 1136 1735 1207 Augustae,
1772 1132 1867 1221 ubi
1972 1128 2144 1185 fertur
2177 1148 2190 1184 :
2222 1132 2450 1187 Domine
2480 1134 2576 1199 mi,
2610 1151 2787 1190 seram
2849 1138 2913 1209 [Γ.
2956 1144 3187 1215 servam]
3224 1146 3379 1202 istam
3408 1151 3590 1210 adhuc

256 1220 560 1290 canonic'us
590 1231 659 1283 ab
712 1226 941 1283 infantia
979 1234 1118 1294 erat,
1176 1225 1233 1278 in
1289 1223 1551 1278 virtutum
1605 1220 1873 1291 exemplis
1974 1225 2301 1295 impunitam
2330 1228 2466 1282 mihi
2506 1228 2674 1298 dona,
2696 1239 2757 1286 ut
2781 1233 2965 1307 gladio
2993 1253 3102 1292 non
3137 1251 3326 1310 pereat
3359 1264 3373 1312 ;
3407 1248 3506 1301 sed
3536 1256 3590 1305 et

256 1327 616 1391 clarissimus,
648 1322 859 1378 Gallum
914 1335 1076 1375 suum
1133 1318 1326 1374 crebro
1372 1317 1649 1382 visitabat,
1677 1314 1874 1369 fratres
1974 1313 2123 1367 illam
2144 1314 2331 1388 gladio
2382 1332 2603 1405 semper
2657 1327 2921 1390 paratam,
2983 1332 3043 1380 ut
3070 1328 3308 1397 palmam
3341 1335 3586 1405 martyrii

256 1433 389 1473 suos
419 1414 763 1484 conscriptos
790 1418 876 1465 ter
904 1409 961 1463 in
990 1424 1136 1464 anno
1166 1408 1284 1477 ipse
1308 1406 1561 1460 minister
1590 1410 1814 1475 paverat
1848 1426 1873 1449 »ι
1977 1409 2271 1466 mereatur,
2305 1404 2623 1460 confortans
2678 1408 2894 1465 robora.
2943 1411 3142 1470 Cellam
3193 1433 3416 1491 quoque
3456 1404 3592 1478 cum

261 1509 472 1565 Deinde
528 1504 854 1561 miraculum
926 1501 1092 1556 refert
1137 1501 1207 1555 de
1263 1516 1395 1555 vase
1451 1498 1685 1561 vinario,
1727 1494 1875 1567 quod
1979 1491 2056 1545 tui
2088 1491 2355 1566 integram
2412 1510 2535 1549 cum
2604 1496 2995 1556 famulantibus
3049 1504 3139 1574 pie
3180 1514 3237 1561 et
3277 1508 3593 1568 misericors

260 1598 518 1657 vehiculo
549 1613 581 1651 e
610 1605 778 1667 ponte
800 1595 956 1664 lapso
987 1593 1259 1667 integrum
1297 1590 1567 1661 superfuit
1622 1609 1647 1638 α
1683 1588 1879 1661 Egerat
1978 1594 2264 1644 conserva,
2296 1582 2473 1654 Atque
2504 1584 2580 1640 ita
2631 1588 2891 1658 precibus
2929 1591 3050 1662 ejus
3076 1597 3283 1650 sanctis
3335 1597 3591 1655 eflectum

261 1690 489 1762 quidem
520 1685 820 1757 aliquando
866 1689 922 1737 ln
956 1682 1076 1737 loco
1127 1680 1311 1734 Sancti
1344 1678 1523 1753 Magni
1546 1677 1709 1731 etiam
1728 1675 1877 1729 diem
1979 1674 2125 1729 Deus
2152 1676 2399 1748 undique
2428 1679 2598 1735 dedit.
2634 1706 2658 1728 ι-
2687 1683 2961 1740 Hactenus
2981 1701 3047 1741 ex
3079 1689 3426 1749 Ekkehardo.

259 1785 366 1841 sibi
388 1798 611 1854 semper
652 1779 966 1887 amabilem,
1013 1775 1391 1887 reliquiasque
1440 1773 1580 1841 ejus,
1640 1779 1702 1825 ut
1757 1784 2013 1887 111.0an
2051 1769 2107 1872 ’1ἶ
2158 1770 2455 1874 Augustam
2518 1773 2931 1887 Vin‘delicorum
2984 1780 3051 1835 ad
3110 1782 3306 1853 Lycum
3359 1789 3429 1854 (le
3480 1790 3596 1860 Lec)

267 1874 430 1931 nobis
459 1882 566 1938 est,
589 1885 763 1941 cappa
788 1869 882 1923 illa
912 1865 1203 1937 aquilifera
1226 1864 1469 1929 indutas,
1499 1876 1732 1948 vespere
1762 1859 1872 1914 diei
1903 1859 1952 1887 υ
1980 1859 2205 1916 fluvium
2236 1863 2417 1927 sitam,
2450 1868 2763 1937 complures
2817 1879 3072 1927 rexerunt
3123 1876 3374 1948 episcOpi
3405 1895 3472 1934 ex
3497 1897 3600 1937 ηο-

264 1963 441 2019 sancti
497 1962 617 2031 ipse
661 1960 886 2014 domum
937 1953 1250 2024 reportabat
1303 1958 1408 2016 ;et
1446 1966 1571 2005 cum
1624 1946 1878 2002 inﬁrmus
1978 1952 2121 2015 stris,
2154 1967 2293 2022 quos
2320 1953 2409 2008 hic
2439 1966 2590 2011 certo
2622 1957 2915 2033 designare
2966 1961 3111 2017 haud
3165 1946 3334 2021 facile:
3358 1976 3464 2035 est,
3495 1970 3602 2025 de-

265 2061 399 2108 tunc
422 2055 652 2115 esset,ut
681 2061 829 2117 saepe
869 2044 1093 2115 quidem
1144 2040 1621 2111 erat,paralyticus
1649 2036 1875 2110 quidam
1980 2038 2296 2096 ficientibus
2323 2059 2424 2097 nos
2471 2045 2689 2100 idoneis
2733 2050 3072 2122 argumentis
3127 2052 3462 2125 Simpertum
3485 2059 3598 2127 jam

265 2141 540 2210 adjutorio
585 2152 811 2194 suarum
868 2136 924 2189 in
962 2133 1105 2189 viam
1134 2148 1216 2195 se.
1272 2139 1331 2185 ιιι
1360 2132 1479 2201 ipse
1530 2143 1697 2198 super
1750 2142 1877 2181 cum
1979 2132 2322 2191 laudavimus
2360 2137 2416 2191 in
2443 2138 2717 2208 superiori
2749 2145 2897 2195 torno
2921 2158 3044 2215 pag.
3077 2145 3211 2201 553.
3254 2147 3410 2204 Hunc
3437 2151 3601 2211 Caro-

266 2238 614 2312 graderetur,
647 2236 1033 2303 prostraverat.
1066 2229 1130 2282 At
1159 2226 1253 2279 ille
1284 2223 1495 2279 homini
1522 2220 1877 2293 apprOpians,
1986 2227 2073 2282 lus
2107 2228 2340 2302 Magnus
2362 2245 2456 2285 rex
2488 2252 2512 2279 α
2546 2233 2831 2287 constituit
2888 2234 3210 2306 episcopum
3242 2240 3297 2293 in
3326 2241 3441 2313 ipsa
3464 2247 3599 2302 civi-

267 2328 429 2402 quasi
459 2328 528 2381 de
583 2324 867 2381 obstaculo
926 2322 1264 2395 indignatus,
1319 2318 1513 2388 Surge.
1548 2316 1642 2380 ait,
1674 2313 1804 2384 quia
1833 2317 1887 2404 et
1957 2320 2097 2372 ‘tate
2132 2337 2155 2367 η
2206 2319 2465 2392 Augusta,
2508 2327 2647 2376 teste
2703 2321 3018 2380 Ermenrico
3075 2327 3453 2404 Elcwangensi
3498 2351 3600 2391 saa-

267 2435 376 2495 ego
410 2416 649 2489 pedibus
694 2414 948 2469 infirmus
975 2426 1143 2482 super
1184 2419 1233 2463 te
1267 2405 1528 2480 progredi
1556 2417 1791 2474 nequeo.
1822 2402 1887 2456 At
1987 2406 2093 2461 culi
2124 2423 2177 2460 ix
2208 2409 2501 2473 monacho,
2548 2410 2926 2483 «restituitque
2965 2415 3171 2481 omnia,
3222 2402 3343 2488 quae
3397 2420 3466 2474 ab
3501 2438 3600 2476 an-

266 2515 362 2569 ille
431 2521 687 2583 tanquam
745 2509 811 2563 ad
872 2505 1212 2577 increpantis
1248 2501 1479 2557 verbum
1539 2496 1885 2553 velocissime
1988 2504 2261 2552 tecessore
2286 2514 2388 2553 suo
2418 2497 2652 2570 Pippino
2684 2500 2815 2556 illuc
2859 2502 3055 2558 tradita
3108 2503 3343 2575 fuerant,
3379 2509 3604 2583 insuper

268 2620 510 2679 surgens
553 2600 846 2657 incolumis
898 2598 1055 2662 abiit,
1119 2602 1456 2665 secutusque
1507 2590 1705 2645 fratres
1760 2588 1881 2643 sine
1986 2598 2040 2646 et
2067 2592 2283 2647 addidit
2321 2594 2576 2664 plurima.
2606 2595 2873 2667 Suscepto
2925 2599 3267 2672 episcopatu,
3296 2604 3603 2677 Simpertus

267 2697 440 2752 unius
459 2693 755 2764 adjutorio,
798 2691 980 2746 Sancti
1013 2689 1191 2761 Magni
1233 2687 1522 2743 ecclesiam
1563 2700 1688 2740 cum
1716 2690 1882 2739 caete-
1984 2681 2261 2751 profectus
2283 2689 2369 2736 est
2396 2682 2463 2736 ad
2492 2683 2789 2755 Augustam
2822 2686 3181 2743 Vindeliciam
3215 2698 3270 2745 et
3297 2708 3397 2762 per
3422 2709 3601 2751 annos

270 2790 350 2844 ris
366 2803 535 2844 sanus
592 2785 803 2840 introiit
891 2785 951 2837 Et
998 2783 1296 2854 episcopus
1325 2778 1526 2848 capitio
1551 2791 1742 2847 cappae
1775 2774 1882 2828 im-
1983 2768 2097 2825 fere
2122 2771 2345 2845 triginta
2375 2773 2515 2827 rexit
2540 2774 2658 2844 ipsa
2705 2776 3059 2841 monasteria,
3089 2799 3113 2829 ιι
3152 2796 3355 2852 nempe
3389 2782 3605 2855 Campi-

268 2883 456 2956 posito
486 2897 608 2937 cum
627 2880 861 2935 anhelus
907 2878 1172 2941 stetisset,
1230 2883 1283 2931 et
1318 2875 1389 2929 de
1436 2872 1523 2927 via
1553 2872 1748 2934 lassus,
1783 2885 1883 2923 au-
1982 2860 2252 2928 ἀοηεηεθ,
2281 2862 2463 2918 Sancti
2495 2864 2652 2931 Galli,
2677 2874 2731 2920 θῑ
2762 2867 2956 2921 cenam
2985 2868 3197 2925 8³110ῑέ
3224 2870 3383 2939 “NB,
3416 2893 3443 2924 α
3475 2889 3608 2930 ϐοη-

270 2954 436 3030 diens
488 2972 779 3028 sanitatem
828 2969 1093 3034 hominis,
1154 2967 1354 3023 acriter
1398 2966 1454 3019 in
1509 2964 1756 3018 dicentes
1800 2961 1883 3014 in-
1987 2959 2207 3008 struens
2233 2954 2518 3010 baSilicam
2552 2956 2767 3013 38110133
2798 2958 2962 3025 Mm,
2993 2970 3047 3015 el
3078 2972 3398 3019 restaurans
3420 2981 3607 3023 ϐωῐιο·

266 3072 484 3128 vectus,
525 3076 692 3132 super
734 3060 1010 3115 cancellos
1067 3057 1287 3112 tandem
1316 3053 1573 3109 innititur
1606 3052 1885 3122 :signum-
1988 3040 2137 3096 bium
2170 3042 2353 3097 Sancti
2414 3043 2612 3118 Magni,
2666 3067 2694 3095 ιι
2755 3062 2954 3119 nempe
3016 3049 3293 3108 Faucense
3340 3057 3603 3128 (Fuessen)

270 3173 383 3231 que
400 3163 508 3210 tam
531 3152 883 3209 manifestum
914 3151 983 3205 ab
1018 3164 1094 3227 se
1147 3147 1450 3207 excutiens,
1494 3144 1668 3200 sancti
1700 3140 1880 3216 Magni
1910 3186 1960 3254 Ο
1985 3134 2058 3205 (υ.
2089 3150 2242 3254 nurr‘n,
2263 3134 2733 3254 dﬁkhqjuSQVitae),
2764 3137 2834 3254 (is
2883 3156 2992 3211 quo
3022 3144 3239 3215 egimus
3294 3147 3350 3202 in
3397 3152 3605 3208 saeculo

309 3250 322 3254 -
911 3243 944 3254 ’⁸
1221 3240 1234 3254 ι
1298 3246 1308 3254 -
1367 3240 1380 3254 ι
1492 3253 1496 3254 ν
1559 3251 1661 3254 νημλ
1705 3241 1850 3254 --ι-..
1985 3237 2152 3254 annua“
2199 3239 2230 3254 Α
2285 3239 2318 3254 η
2365 3240 2377 3254 .
2445 3241 2473 3254 ,ι
2558 3237 2716 3254 ann.“
2839 3246 2978 3254 ,ι’-*⁸
3047 3251 3063 3254 μ
3132 3233 3382 3254 Πιεκ--λικ
3501 3245 3512 3254 ·

269 3223 553 3309 virtutem,
584 3260 745 3316 quam
779 3223 1034 3298 manibus
1086 3240 1334 3315 gerebat,
1367 3240 1507 3293 hanc
1546 3251 1671 3291 esse
1700 3241 1885 3289 astan—
1910 3223 1960 3254 υ
1985 3224 2253 3316 ξεξϐιιηάο,
2405 3224 2474 3279 de
2519 3226 2719 3283 Sancto
2787 3229 3001 3303 Magno.
3040 3251 3066 3282 α
3132 3233 3394 3292 Defuncto
3427 3245 3606 3294 autem

271 3341 426 3397 tibus
473 3312 777 3409 praedicans
814 3334 1051 3390 asseruit
1080 3312 1309 3403 {neque
1348 3340 1532 3385 tamen
1564 3328 1643 3382 sic
1692 3325 1796 3389 eis,
1826 3333 1887 3378 ut
1987 3312 2279 3382 δὶωρονιο-
2337 3313 2514 3409 _H_anto
2568 3318 2678 3409 _(sic
2734 3318 3054 3391 legendum,
3118 3338 3229 3377 non
3302 3326 3492 3391 Lanto,
3553 3339 3611 3382 ut

270 3404 560 3485 hominem
616 3426 684 3480 ab
715 3426 837 3496 ipso
869 3433 1120 3478 sanatum
1154 3436 1275 3476 esse
1322 3417 1723 3474 discrederent.
1760 3428 1888 3484 per-
1987 3408 2178 3472 Postea
2207 3404 2434 3473 Ρᾶιθδίι)
2490 3405 2868 3477 episcopatum
2927 3413 3189 3483 suscepit:
3251 3415 3368 3486 iPSc
3410 3418 3463 3471 ίη
3500 3420 3610 3473 Βη-

271 3519 509 3575 suadere
536 3516 762 3588 quidem
793 3515 905 3568 ullo
935 3512 1100 3567 modo
1128 3510 1323 3581 potuit.
1360 3508 1482 3563 Haec
1512 3507 1580 3561 de
1615 3502 1886 3576 pluribus,
1984 3496 2161 3567 joaria
2181 3503 2362 3588 natus.
2398 3497 2704 3555 Transactis
2737 3509 2857 3572 post
2914 3513 3197 3576 acceptum
3229 3511 3607 3582 episcoPatum

273 3627 404 3683 quae
442 3586 589 3680 apud
619 3607 875 3662 Sanctum
907 3604 1119 3658 Gallum
1166 3615 1525 3657 commanens
1574 3596 1764 3670 gessit,
1793 3594 1892 3648 tri-
1991 3595 2204 3656 septem
2230 3586 2412 3654 annis,
2442 3604 2795 3645 successores
2832 3593 2972 3661 ejus,
3002 3595 3095 3664 qui
3130 3595 3183 3649 in
3216 3597 3335 3666 ipsa
3369 3598 3610 3656 Ecclesia

278 3678 388 3757 bus
412 3678 536 3756 vitae
559 3700 680 3768 ejus
707 3695 1071 3768 scriptoribus
1086 3709 1196 3749 non
1226 3691 1656 3763 przejudicantes
1675 3685 1895 3757 scripsi-
1999 3678 2277 3733 constituti
2308 3686 2456 3743 sunt,
2486 3681 2699 3750 primus
2728 3681 3000 3737 Nitkarius
3026 3685 3193 3755 coepit
3220 3703 3252 3741 a
3282 3688 3612 3746 fundamen-

276 3808 424 3849 mus.
453 3792 641 3862 Neque
671 3789 819 3845 enim
848 3788 1114 3841 miramur
1146 3800 1262 3849 eos,
1309 3798 1431 3837 cum
1477 3779 1678 3852 quibus
1706 3777 1764 3831 in
1790 3791 1898 3830 sae-
1995 3770 2067 3824 tis
2091 3770 2383 3862 ecclesiam
2408 3770 2591 3826 Sancti
2620 3773 2795 3847 Magni
2845 3782 3165 3831 construere
3208 3795 3222 3843 ;
3254 3781 3439 3834 caeteri
3473 3798 3601 3838 vero

280 3882 411 3938 culo
440 3858 690 3935 versatus
741 3884 845 3943 est,
886 3892 949 3930 ea
1008 3890 1134 3945 quae
1180 3888 1303 3926 cum
1331 3868 1675 3941 spiritalibus
1704 3864 1895 3941 gessit,
2001 3858 2264 3928 praesules
2288 3860 2849 3932 eumsubsequentes,
2888 3873 3050 3933 prout
3095 3871 3414 3934 potuerunt,
3457 3870 3617 3924 simi-

285 3972 420 4044 quia
447 3972 630 4025 minus
666 3968 963 4031 sciverant,
998 3980 1108 4019 non
1141 3962 1429 4033 scripsisse
1459 3977 1473 4025 ;
1498 3958 1595 4013 sed
1628 3957 1784 4027 plura
1802 3970 1899 4010 eos
2003 3950 2127 4005 liter
2149 3957 2592 4044 copstruxerunt.
2647 3952 2848 4009 Tamen
2903 3970 3015 4011 non
3076 3956 3180 4011 fuit
3218 3958 3341 4013 aula
3373 3959 3614 4018 basilicas

285 4038 415 4132 quae
444 4059 513 4113 de
543 4073 611 4113 eo
642 4055 1046 4112 concinnantur
1060 4051 1228 4125 vulgo
1258 4055 1311 4104 et
1341 4052 1611 4103 canuntur
1637 4044 1889 4106 tacuisse,

2008 4039 2071 4093 ad
2110 4038 2505 4109 perfectionem
2542 4041 2729 4111 operis
2780 4043 3063 4112 perducta,
3119 4045 3318 4112 donec,
3380 4048 3612 4104 Domino

285 4171 415 4211 cum
476 4152 665 4207 infima
704 4148 957 4223 quaedam
1010 4148 1131 4215 ejus
1186 4159 1391 4219 magna
1443 4139 1695 4205 fecerint,
1737 4138 1902 4192 etiam
2003 4138 2303 4197 annuente,
2336 4149 2366 4187 a
2394 4132 2794 4207 gloriosissimo
2823 4151 2955 4209 rege
2978 4137 3275 4202 Ludovico,
3300 4138 3413 4195 filio
3437 4140 3618 4197 Ludo-

288 4243 574 4298 miramur.
621 4264 646 4286 ιο
707 4240 769 4293 Ει
818 4244 942 4308 post
999 4235 1268 4291 nonnulla
1320 4233 1390 4287 de
1421 4229 1612 4286 facetis
1667 4226 1901 4283 Udalrici
2002 4224 2107 4280 vici
2174 4224 2466 4279 clarissimi
2511 4225 2882 4297 imperatoris,
2950 4228 3116 4283 Lanto
3168 4229 3342 4300 ipsam
3373 4240 3619 4288 sanctam

285 4329 474 4394 dictis,
498 4335 552 4383 et
572 4327 642 4383 de
673 4325 968 4383 obsidione
1025 4326 1279 4396 Augustas
1338 4336 1440 4391 per
1487 4317 1698 4389 Ungros
1741 4314 1906 4387 (quod
2008 4316 2196 4372 sedem
2255 4316 2488 4388 adaptus
2544 4326 2647 4373 est.
2708 4339 2729 4369 ι
2798 4319 2934 4374 Hinc
2962 4321 3326 4395 corrigendus
3370 4323 3621 4379 Bruschii

288 4423 636 4488 postremum
695 4415 749 4468 in
799 4413 1005 4469 notulis
1050 4412 1373 4471 referemus)
1410 4406 1766 4464 Bkkehardus
1793 4405 1911 4459 hinc
2010 4405 2308 4480 cataIOgus,
2350 4406 2445 4476 qui
2472 4406 2708 4463 Hantoni
2755 4406 3096 4463 Waltherum
3151 4410 3349 4480 primo,
3380 4413 3624 4469 secundo

288 4508 483 4565 subdit
513 4525 526 4562 :
561 4530 585 4559 α
607 4507 758 4579 Hugo
802 4507 966 4561 etiam
999 4505 1251 4576 quidam,
1286 4502 1423 4576 regii
1487 4498 1709 4572 generis
1744 4498 1910 4551 homo
1933 4552 1986 4579 ἢ
2010 4500 2363 4573 Adelgerum,
2394 4515 2459 4555 ac
2483 4501 2642 4556 tertio
2670 4508 2880 4556 tantum
2922 4503 3041 4558 loco
3069 4503 3472 4578 Neodegarium
3503 4507 3630 4562 sub-

290 4600 612 4674 primarius,
643 4604 870 4670 propter
919 4612 1168 4653 sororem
1211 4595 1311 4650 viri
1362 4593 1457 4649 Dei
1506 4592 1777 4665 virginem
1826 4592 1987 4644 sa-U
2016 4594 2210 4653 stituit.
2236 4610 2360 4649 cum
2418 4610 2485 4649 ex
2539 4595 2771 4651 adverso
2810 4596 3175 4665 Ermenricus,
3230 4608 3425 4656 auctor
3476 4601 3627 4659 illius

291 4709 471 4759 cram,
504 4693 720 4747 incestu
754 4690 994 4762 agnitam
1025 4687 1095 4742 ab
1112 4687 1254 4758 ipso,
1286 4686 1415 4757 quia
1445 4699 1593 4755 saepe
1622 4682 1918 4738 inclinatus
2019 4686 2308 4757 temporis,
2366 4686 2602 4741 Hantoni
2660 4687 2908 4756 proxime
2972 4688 3297 4755 Nitkarium,
3350 4692 3444 4763 qui
3503 4709 3628 4748 cum

286 4789 401 4849 est,
434 4781 749 4836 insolenter
789 4779 838 4834 ei
892 4777 1152 4833 inimicus
1200 4775 1438 4848 quadam
1470 4773 1559 4828 die
1599 4771 1741 4828 carri
1763 4770 1920 4826 vehi-
2019 4778 2364 4852 Neodegario
2392 4778 2539 4833 idem
2591 4784 2693 4845 est,
2721 4778 2960 4847 subjicit.
3010 4779 3331 4838 Ermenrico
3361 4782 3633 4855 summa-

293 4870 448 4935 culo,
487 4877 549 4923 ut
634 4875 750 4923 erat
799 4865 1136 4921 inﬁrmitalis
1184 4880 1322 4930 31152,
1399 4862 1639 4921 occurrit
1680 4861 1914 4915 invecto.
2020 4875 2109 4922 ιω·
2130 4876 2286 4922 vetus
2312 4866 2477 4923 index
2529 4867 2959 4942 Augustcnsium
2990 4868 3404 4941 episcoporum,
3433 4872 3489 4926 in
3525 4870 3634 4926 ﬁne

288 4964 469 5029 Quem
511 4949 637 5016 cum
658 4960 865 5015 milites
893 4958 1141 5029 episcOpi
1193 4971 1579 5029 prmeessores,
1611 4954 1692 5009 uti
1731 4953 1781 5008 ei
1804 4968 1915 5008 non
2019 4955 2179 5023 hujus
2205 4956 2330 5011 vita:
2360 4956 2560 5021 editus,
2593 4956 2649 5010 in
2682 4970 2791 5027 quo
2813 4956 3061 5028 episcOpi
3091 4959 3197 5014 hoc
3230 4959 3425 5014 ordine
3447 4974 3636 5014 recen-

284 5061 632 5119 occurreret,
677 5058 1104 5124 praemonerem,
1156 5049 1551 5113 carrucarium,
1592 5046 1792 5117 inquit,
1846 5045 1914 5100 il-
2014 5055 2224 5102 sentur.
2258 5047 2585 5119 Simpertus,
2645 5048 2837 5111 Hanto,
2894 5048 3119 5121 Nidger,
3171 5050 3454 5116 Odalman,
3489 5050 3640 5123 Wig-

287 5144 417 5198 lum
440 5142 726 5197 abitinere
767 5157 894 5197 meo
924 5156 1206 5212 nunquam
1259 5138 1571 5194 declinabo.
1633 5134 1787 5201 Quod
1820 5135 1912 5190 ille
2013 5154 2133 5210 ger,
2194 5138 2387 5204 Lanto,
2440 5138 2736 5209 Adalpero,
2786 5140 3011 5208 lliltine,
3064 5140 3407 5196 Oudalricus.
3467 5141 3639 5196 Lanto

284 5230 669 5286 adicentibns
695 5229 1088 5300 postaudiens,
1118 5227 1602 5298 carrucze,inquit,
1634 5224 1911 5292 vehiculo,
2028 5232 2309 5288 basilicam
2335 5232 2519 5287 sancti
2568 5232 2749 5308 Magni
2807 5234 3032 5306 .quinto
3084 5248 3228 5287 anno
3291 5231 3643 5303 episcopatus

279 5319 517 5385 scitote,
553 5318 648 5373 ﬁlii
681 5320 811 5386 mei,
838 5318 961 5389 ipse
992 5320 1115 5389 plus
1162 5334 1326 5389 quam
1356 5332 1486 5389 ego.
1518 5315 1746 5390 indigus
1800 5313 1921 5368 erit.
2028 5320 2111 5375 sui
2169 5318 2419 5391 perfecit,
2470 5338 2501 5371 ι
2551 5320 2798 5390 ejusdem
2859 5320 3033 5376 sancti
3092 5320 3268 5390 Magni
3328 5335 3530 5391 corpus
3587 5319 3645 5373 in

288 5410 555 5481 Necpost
609 5410 840 5464 multum
884 5415 1046 5464 nocte
1094 5409 1332 5480 quadam
1370 5407 1561 5478 sopori
1588 5422 1646 5461 se
1679 5405 1921 5471 tradens,
2025 5409 2401 5465 decentiorem
2462 5409 2644 5466 locum
2706 5411 3003 5476 transtulit,
3039 5435 3062 5457 κ
3089 5410 3324 5467 consilio
3355 5411 3495 5466 inito
3521 5425 3646 5465 cum

282 5519 424 5561 cum
455 5503 791 5578 evigilasset,
824 5503 1045 5559 tumbos
1070 5503 1128 5556 in
1156 5502 1361 5574 quibus
1388 5508 1731 5572 peccaverat,
1764 5516 1922 5554 acer-
2040 5499 2462 5571 archiepiscopo
2512 5499 2967 5572 Magontiacensis
3024 5498 3281 5554 Ecclesiae
3348 5499 3564 5554 Otkario
3595 5504 3651 5553 et

278 5593 436 5649 rime
458 5592 678 5659 dolens,
712 5592 765 5646 iu
801 5592 1159 5647 inferioribus
1189 5590 1259 5645 ab
1310 5590 1404 5645 illa
1433 5596 1595 5645 nocte
1626 5595 1701 5644 ita
1731 5589 1937 5645 decre-
2044 5588 2257 5645 caeteris
2293 5589 2573 5660 episcopis
2602 5589 2718 5643 suis
2747 5586 3129 5660 suffraganeis.
3160 5608 3191 5639 io
3220 5589 3343 5645 Haec
3371 5588 3491 5644 fuse
3554 5587 3653 5642 de-

280 5690 474 5749 verat,
504 5691 565 5739 ut
588 5691 792 5755 praeter
818 5691 1003 5740 cutem
1024 5691 1080 5738 et
1096 5696 1226 5738 ossa
1247 5682 1477 5756 gracilia
1502 5681 1642 5735 nihil
1683 5680 1935 5736 haberet.
2045 5678 2238 5735 scribit
2269 5677 2673 5744 Hermenricus,
2706 5676 2800 5748 qui
2830 5691 3073 5747 praesens
3111 5678 3320 5746 aderat,
3352 5677 3498 5749 apud
3528 5676 3657 5733 Gol-

281 5772 508 5844 Sicque
538 5772 903 5846 lougaevitatis
935 5758 1213 5842 tempora,
1266 5785 1555 5841 nunquam
1597 5769 1721 5841 cegi
1754 5769 1948 5825 valens
2048 5768 2261 5824 dastum
2295 5767 2351 5821 in
2382 5774 2530 5823 tomo
2560 5767 2602 5820 Ι.
2628 5765 2828 5820 Rerum
2858 5764 3337 5831 Alamannicarum
3370 5782 3492 5842 pag.
3526 5765 3655 5829 315,
