4062 6164
293 345 429 403 1009

1877 346 2044 400 VITA.

3489 345 3628 401 1010

289 474 401 529 nati
441 479 572 528 sunt
616 481 910 528 novatores
961 489 1026 527 ex
1073 472 1256 528 Encas
1309 470 1464 526 Silvii
1507 449 1784 547 'Apol0gia
1838 473 1902 527 ad
1931 479 1980 545 Α
2010 473 2239 540 curavit,
2293 487 2414 528 cum
2447 471 2765 543 frequenter
2801 469 3114 526 admonitus
3169 470 3499 542 resipiscere
3526 488 3631 528 no-

288 561 586 630 Mayerum,
618 559 713 614 ubi
756 559 1075 631 pontiﬁcem
1127 560 1196 613 ab
1249 559 1504 614 Udalrico
1543 559 1612 614 de
1643 559 1910 615 concubi-

286 653 376 706 nis
417 654 818 722 reprehensum
853 653 1007 706 dicit.
1041 653 1117 706 Ad
1153 669 1348 722 purum
1384 660 1759 707 commentum
1784 668 1911 707 cen-

287 754 370 799 set
402 745 684 808 Velserus;
716 751 829 798 tum
861 745 990 816 quia
1029 745 1214 798 nullus
1248 749 1359 798 toto
1391 743 1626 798 Udalrici
1660 751 1908 814 tempore

285 833 548 888 Nicolaus
587 849 729 902 papa
761 832 1014 887 Ecclesiae
1049 832 1306 887 Romana:
1343 831 1591 902 praefuit;
1627 841 1736 888 tum
1781 833 1910 904 quia

291 925 410 978 haec
446 922 630 977 [lineae
660 921 829 976 verba
859 921 914 975 in
946 921 1222 992 aliquibus
1253 921 1538 976 codicibus
1577 938 1684 977 non
1715 923 1913 994 legun-

285 1024 396 1080 tur,
427 1013 741 1084 absuntque
761 1013 830 1067 ab
859 1013 1104 1067 editione
1136 1013 1380 1067 Romana
1405 1012 1537 1067 anni
1571 1013 1744 1077 1584;
1776 1025 1912 1081 prte-

283 1115 440 1163 terea
491 1091 768 1163 Gerardus
808 1107 1014 1161 nullam
1053 1107 1216 1176 hujus
1265 1107 1720 1178 reprehensionis
1752 1121 1912 1160 men-

291 1197 502 1251 tionem
538 1195 669 1250 facit
721 1195 956 1250 Tametsi
999 1211 1109 1250 non
1164 1195 1366 1263 injuria
1405 1196 1542 1250 dicit
1598 1203 1797 1267 potest,
1857 1196 1910 1249 id

283 1287 486 1344 cadere
519 1303 683 1357 posse
715 1287 769 1340 in
816 1287 1086 1341 Joannem
1128 1286 1247 1354 XII,
1298 1303 1460 1358 quem
1498 1287 1719 1360 ﬂagitiis
1750 1287 1907 1341 dedi-

285 1395 401 1440 tum
439 1381 560 1435 Otto
593 1379 818 1452 Magnus
876 1378 931 1432 in
980 1378 1253 1450 frequenti
1303 1379 1515 1450 synodo
1565 1380 1902 1436 exauctorari

933 1636 1394 1644 ———-————____-_

2011 562 2225 616 luisset.

2083 653 2168 708 10.
2212 652 2317 706 Sed
2343 653 2454 723 jam
2487 651 2709 707 tandem
2750 650 3039 706 referenda
3081 657 3168 704 est
3213 651 3474 721 anonymi
3519 667 3624 704 seu

2009 745 2228 800 Gerardi
2264 745 2592 809 lucubratio,
2649 761 2811 816 quam
2868 744 3132 798 Baronius
3170 745 3388 799 caeteris
3430 744 3623 798 merito

2011 833 2250 904 prmtulit
2280 834 2351 888 ob
2372 833 2808 904 simplicitatem,
2838 850 2964 904 quae
2995 833 3238 888 veritatis
3269 833 3462 905 magis,
3490 850 3624 888 con-

2010 929 2273 976 sentanea
2311 928 2434 984 est;
2491 922 2787 993 laudatque
2839 921 3077 976 Marcum
3133 921 3437 984 Velserum,
3477 923 3624 992 apud

2012 1013 2356 1085 Augustanos
2414 1013 2582 1066 duum
2641 1012 2815 1066 virum
2871 1011 3316 1076 celeberrimum,
3363 1011 3457 1082 qui
3485 1012 3626 1067 hanc

2011 1100 2366 1171 scriptionem
2412 1120 2436 1150 α
2473 1101 2584 1168 jam
2609 1099 2887 1155 oblivione
2914 1100 3184 1170 sepultam
3213 1099 3354 1170 typis
3369 1100 3626 1154 cudendo

2011 1200 2067 1247 et
2115 1191 2261 1247 notis
2306 1191 2653 1257 illustrando,
2691 1192 2966 1248 revocavit
3013 1192 3082 1245 ad
3125 1191 3306 1246 vitam.
3356 1211 3380 1240 u
3427 1190 3504 1245 lta
3543 1190 3628 1245 vir

2007 1283 2408 1339 illustrissimus
2437 1283 2505 1338 ad
2536 1299 2739 1338 annum
2770 1283 2894 1341 924.

1747 1883 2190 2007 VITA

717 2199 1712 2362 SANCTI
1859 2195 3191 2356 UDALBICI

1458 2557 1981 2622 AUGUSTANI
2037 2557 2458 2621 EPISCOPI.

1319 2809 1660 2871 AUCTORE
1711 2811 2046 2872 GERARDO
2094 2812 2324 2873 PRESB
2337 2813 2581 2873 YTERO.

893 3052 1070 3122 (Apud
1102 3051 1305 3106 Mabill.
1345 3056 1488 3108 Λεία
1515 3059 1824 3108 sanctorum
1853 3054 2064 3109 ordinis
2104 3056 2159 3110 S.
2207 3057 2402 3111 Bened.
2437 3057 2572 3112 Saec.
2608 3059 2667 3122 V,
2701 3075 2824 3130 pag.
2866 3060 2884 3112 τι
2899 3060 2963 3111 17
3003 3063 3015 3122 )

370 3569 539 3622 Aures
594 3569 952 3640 plurimorum
982 3583 1105 3622 cum
1156 3567 1301 3622 fama
1333 3569 1718 3624 miraculorum
1755 3569 1908 3624 Chri-
1939 3573 1986 3640 Β
2011 3577 2069 3624 ut
2095 3567 2460 3642 diligentibus
2497 3569 2666 3622 Deum
2701 3567 2953 3636 exempla
2986 3564 3368 3621 aediﬁcationis
3396 3574 3631 3635 antepo-

299 3660 391 3725 sti,
424 3675 549 3730 quae
582 3675 682 3729 per
722 3674 940 3713 servum
981 3674 1139 3712 suum
1185 3666 1432 3714 sanctum
1485 3660 1796 3715 Udalricum
1852 3662 1908 3715 in

304 3751 572 3804 honorem
603 3749 1086 3804 suaesanctissimae
1116 3749 1402 3822 genitricis
1417 3749 1602 3805 Mariae
1625 3750 1746 3806 ﬁeri
1777 3766 1914 3806 con-

297 3839 488 3904 cessit,
545 3837 991 3909 frequentissime
1031 3838 1292 3908 pulsaret,
1366 3846 1422 3893 et
1469 3839 1652 3894 adhuc
1702 3847 1916 3894 mentes

300 3944 490 3982 eorum
516 3927 786 3982 dubitatio
817 3933 1131 3996 occuparet,
1175 3926 1359 3981 missis
1391 3928 1459 3981 ad
1485 3944 1574 3982 me
1607 3928 1803 4002 legatis
1829 3943 1916 3982 re-

305 4039 423 4077 rum
470 4022 731 4076 veritates
784 4039 849 4076 ex
891 4021 1030 4076 meis
1085 4021 1542 4092 responsionibus
1580 4038 1917 4097 cognoscere

303 4134 367 4171 cu
376 4117 620 4187 piebant,
654 4125 911 4190 rogantes
925 4132 1014 4170 me
1027 4122 1086 4170 ut
1107 4132 1171 4171 ea
1185 4133 1309 4188 quas
1326 4132 1430 4188 ego
1453 4116 1508 4170 in
1530 4117 1759 4171 veritate
1779 4118 1918 4172 scire

307 4212 628 4282 potuissem,
682 4211 866 4266 lucida
934 4211 1309 4282 descriptione
1345 4213 1431 4266 eis
1487 4211 1913 4267 manifestarem.

304 4306 550 4378 Cumque
581 4305 1038 4380 interrogantium
1095 4312 1244 4360 tanta
1283 4307 1515 4378 pluritas
1547 4324 1634 4361 me
1674 4308 1919 4379 undique

305 4397 838 4471 interrogationibus
876 4397 1159 4464 cinxisset,
1196 4405 1256 4452 ut
1281 4399 1539 4455 omnibus
1568 4400 1920 4474 singulariter

304 4501 568 4556 responsa
599 4487 820 4557 scriptis
849 4486 982 4541 dare
1026 4501 1134 4541 non
1164 4501 1325 4556 posse
1373 4487 1722 4552 aestimarem,
1765 4489 1919 4561 cogi-

304 4584 416 4630 tare
447 4577 642 4631 tacitus
673 4578 815 4648 ccepi
870 4577 1012 4632 intra
1047 4578 1460 4648 memetipsum,
1507 4585 1567 4634 ut
1595 4595 1717 4634 cum
1760 4580 1920 4633 tacita

305 4667 645 4735 experientia
669 4666 905 4736 experiri
933 4667 1268 4721 studuissem
1299 4669 1569 4743 originem
1600 4678 1751 4725 ortus
1778 4670 1919 4738 ejus,

309 4767 386 4824 ut,
403 4757 680 4830 descripto
705 4760 979 4827 ejusortu,
1008 4760 1172 4813 vitam
1189 4761 1617 4833 subsequentem
1633 4774 1687 4818 et
1709 4763 1920 4817 obitum

2015 3665 2168 3726 nant,
2229 3663 2282 3710 et
2340 3656 2433 3710 Dei
2495 3662 2768 3726 praecepta
2807 3653 3199 3724 spernentibus
3251 3650 3633 3706 conversionis

2015 3745 2473 3810 emolumentum,
2497 3743 2582 3796 vel
2605 3741 2977 3796 damnationis
2998 3739 3499 3795 interminationem
3533 3739 3631 3792 ad-

2019 3840 2274 3907 augeant.
2313 3834 2417 3886 Ista
2447 3846 2546 3901 pro
2575 3837 2724 3885 certo
2765 3831 2820 3883 in
2851 3844 3037 3884 amore
3062 3828 3257 3883 Christi
3299 3827 3631 3900 legentibus,

2017 3923 2279 3978 auxilium
2304 3922 2398 3976 Dei
2428 3919 2827 3992 omnipotentis
2856 3920 3052 3974 adesse
3075 3917 3426 3982 conﬁdimus,
3453 3923 3510 3970 ut
3537 3931 3633 3986 per

2019 4030 2242 4069 servum
2262 4030 2420 4068 suum
2451 4013 2561 4067 sint
2583 4012 2639 4066 in
2672 4013 2776 4066 isto
2791 4012 2997 4066 saeculo
3023 4010 3171 4076 freti,
3195 4018 3270 4076 et,
3302 4008 3630 4078 eojuvante,

2021 4106 2153 4160 fiant
2176 4107 2243 4160 ad
2286 4114 2494 4161 aeterna
2519 4105 2719 4178 gaudia
2758 4103 3027 4174 perducti.

2091 4208 2316 4278 Oportet
2337 4205 2614 4277 imprimis
2640 4221 2708 4258 ne
2737 4205 3067 4259 reticeamus
3094 4201 3226 4256 tanti
3251 4201 3485 4272 talisque
3506 4199 3630 4266 viri,

2020 4297 2226 4368 Spiritu
2283 4303 2473 4350 sancto
2507 4295 2757 4366 juvante,
2794 4293 3035 4350 nominis
3092 4290 3634 4362 interpretationem.

2019 4388 2283 4443 Theutica
2313 4388 2498 4458 itaque
2538 4386 2725 4458 lingua
2774 4385 3065 4439 haereditos
3117 4399 3148 4437 a
3188 4382 3402 4453 proavis
3432 4381 3636 4435 dereli-

2019 4488 2103 4535 cta
2147 4481 2411 4534 Altuodal
2460 4479 2678 4543 dicitur,
2738 4480 2834 4532 Bic
2869 4477 3088 4530 divitias
3129 4482 3309 4540 sonat,
3366 4474 3492 4528 ideo
3524 4490 3634 4528 non

2022 4570 2324 4642 incongrue
2354 4566 2675 4622 Vodalricus
2705 4581 2734 4617 a
2762 4573 2990 4646 paterna
3024 4564 3340 4618 haereditate
3373 4563 3526 4616 dives
3545 4563 3634 4617 in-

2022 4659 2310 4731 terpretari
2339 4663 2543 4728 potest,
2576 4671 2698 4708 nam
2730 4655 2920 4708 aeterni
2945 4653 3120 4708 Patris
3143 4653 3466 4707 haereditate
3492 4653 3634 4708 dita-

2026 4764 2111 4812 tus
2140 4755 2345 4821 ﬂoruit,
2375 4755 2444 4807 de
2476 4769 2585 4824 quo
2625 4754 2774 4806 Patre
2807 4749 3056 4822 quotidie
3089 4749 3144 4802 in
3175 4749 3422 4803 oratione
3451 4756 3636 4802 nostra

306 4850 488 4904 veraci
529 4851 701 4905 relatu
759 4852 1222 4925 interrogantibus
1276 4862 1332 4907 et
1385 4853 1568 4928 legere
1610 4855 1916 4908 volentibus

2025 4847 2294 4901 dicimus:
2323 4867 2345 4896 α
2367 4846 2526 4899 Pater
2547 4851 2757 4908 noster,
2779 4843 2872 4914 qui
2896 4858 2954 4896 es
2977 4842 3030 4895 in
3061 4839 3236 4906 cmlis,
3260 4863 3284 4889 ι)
3313 4848 3416 4894 etc.
3440 4840 3516 4892 Ad
3539 4855 3637 4892 cu-

308 4943 570 4996 omnibus
625 4944 679 4997 in
711 4959 1006 4999 commune
1040 4945 1220 5001 facere
1279 4913 1606 5017 potuissem,
1641 4963 1749 5002 non
1785 4948 1924 5002 meis
1946 4913 1995 4982 (ἶ
2021 4941 2109 5011 jus
2139 4935 2476 4992 ha-reditatis
2514 4942 2735 4989 sanctus
2768 4933 2967 4987 Paulus
2999 4934 3409 5004 possessionem
3453 4929 3507 4982 in
3544 4927 3634 4981 Dei

308 5034 774 5089 antecedentibus
793 5036 1005 5091 meritis
1017 5036 1326 5103 confidens,
1347 5054 1450 5093 nec
1476 5038 1758 5112 sagacitati
1778 5055 1927 5094 men-

310 5126 378 5180 tis
426 5141 587 5189 meze,
643 5127 742 5180 sed
783 5127 840 5180 in
896 5127 991 5182 Dei
1047 5129 1479 5184 misericordiam
1531 5131 1927 5200 omnipotentis

310 5231 564 5286 Sperans,
583 5217 674 5288 qui
707 5217 870 5271 dixit:
904 5239 929 5267 σι
955 5218 1190 5289 Aperios
1211 5229 1386 5287 tuum,
1412 5228 1465 5275 et
1486 5238 1588 5296 ego
1610 5222 1928 5292 adimplebo

311 5303 444 5358 illud
479 5321 492 5368 ;
544 5326 561 5352 ι
607 5312 665 5360 ut
694 5321 791 5375 per
843 5306 1037 5362 merita
1067 5308 1274 5378 praefati
1307 5311 1552 5381 episc0pi
1610 5311 1928 5385 irrigatione

307 5392 548 5463 Spiritus
573 5394 748 5449 sancti
782 5403 837 5449 et
867 5395 1036 5450 divini
1069 5397 1211 5467 ignis
1243 5397 1459 5453 fervore
1490 5416 1712 5454 sensum
1743 5419 1924 5456 meum

307 5482 548 5556 dirigere
575 5483 852 5555 dignetur,
906 5484 1046 5556 utid
1086 5487 1234 5557 quod
1289 5487 1357 5540 ad
1397 5489 1748 5562 cogitandum
1790 5491 1924 5545 mihi

311 5570 620 5640 inspiravit,
648 5588 712 5626 ae
745 5571 1146 5642 perficiendum
1181 5575 1326 5630 vires
1355 5591 1464 5631 non
1488 5579 1790 5646 subtrahat,
1821 5580 1923 5633 nisi

313 5662 706 5732 prmdestinata
724 5666 909 5720 animo
929 5664 1128 5720 idonea
1153 5667 1426 5723 taxatione
1449 5668 1615 5724 edere
1635 5671 1924 5738 concedat,

2025 5031 2338 5085 voluntates
2369 5034 2790 5099 perseverantes
2830 5025 3162 5080 consolatur.
3204 5023 3421 5075 dicens:
3455 5023 3640 5074 Haere-

2028 5123 2119 5176 des
2149 5120 2365 5190 quidem
2401 5121 2517 5184 Dei,
2547 5119 2841 5172 coheredes
2868 5121 3044 5170 autem
3079 5115 3209 5171 Chri
3220 5116 3268 5166 ti
3314 5114 3486 5178 (Rom.
3519 5125 3638 5173 vin;

2033 5216 2049 5269 l
2083 5216 2198 5271 Cor.
2233 5217 2330 5284 ll);
2383 5211 2450 5267 de
2483 5229 2589 5283 qua
2629 5212 2792 5266 etiam
2846 5209 3167 5265 haereditate
3218 5205 3479 5274 scriptum
3514 5212 3596 5259 est
3625 5223 3637 5259 :

2029 5308 2180 5373 Quot
2206 5307 2387 5359 oculus
2417 5321 2523 5359 non
2555 5305 2714 5366 vidit,
2747 5319 2839 5356 nec
2870 5303 3021 5355 auris
3052 5298 3286 5363 audivit,
3324 5313 3417 5350 nec
3448 5299 3507 5350 in
3550 5313 3642 5350 cor

2029 5399 2260 5451 hominis
2290 5397 2530 5450 ascendit
2547 5413 2660 5465 qua:
2683 5393 3016 5464 praeparavit
3048 5394 3184 5444 Deus
3213 5390 3566 5455 diligentibus
3587 5405 3642 5442 se

2029 5491 2076 5560 (ι
2106 5492 2226 5545 Cor.
2286 5491 2384 5561 n);
2445 5491 2601 5559 cujus
2641 5485 2970 5556 compendio
3039 5499 3150 5538 non
3205 5483 3377 5537 solum
3419 5483 3639 5536 sibimet

2029 5581 2243 5646 fruitur,
2273 5597 2462 5635 verum
2487 5580 2650 5634 etiam
2685 5576 2950 5648 plurimos
2971 5573 3310 5628 multimodis
3333 5573 3638 5628 beneficio-

2028 5689 2148 5727 rum
2179 5670 2650 5727 consolationibus
2697 5667 2752 5720 in
2796 5667 2899 5720 hac
2950 5664 3396 5740 peregrinatione
3443 5664 3635 5719 vivens
