4062 6164
404 278 534 334 1011

1477 278 1530 330 S.
1576 273 1886 330 UDALRlCl
1926 273 2293 330 AUGUSTANI
2335 276 2651 332 EPISCOPI.

3593 284 3730 339 1012

401 420 939 487 traxit,multimodis
961 421 1335 491 juvaminibus
1351 429 1407 478 et
1426 421 1705 478 continuis
1731 418 2012 474 miraculis

2138 402 2280 470 titus,
2313 405 2568 462 inducias
2594 406 2969 477 respondendi
3011 409 3325 478 postulavit.
3355 409 3509 465 Tunc
3537 411 3731 482 itaque

403 512 471 566 ad
492 512 634 566 hanc
654 510 986 573 introducet,
1009 510 1152 565 sicut
1181 511 1237 565 in
1252 511 1617 582 sequentibus
1645 511 1936 581 reperitur.

474 602 514 656 Ι.
556 603 735 656 Beata:
767 601 934 674 igitur
976 602 1258 658 memoriae
1306 610 1530 658 sanctus
1581 602 1864 658 Udalricus
1917 616 2014 656 ex-

403 694 548 749 celsa
578 694 831 765 prosapia
872 694 1295 751 Alamannorum
1327 711 1390 749 ex
1424 693 1700 769 religiosis
1728 701 1784 749 et
1812 692 2014 749 nobili-

404 787 508 843 bus
535 787 856 857 parentibus
883 794 1057 855 ortus,
1090 796 1243 859 patre
1273 787 1487 844 scilicet
1517 787 1765 859 Hupaldo
1797 787 1872 855 (1)
1959 791 2014 840 ct

407 883 580 929 matre
631 874 926 949 Thetpirga
973 877 1044 945 (2)
1090 882 1442 947 nuncupata;
1492 875 1587 947 qui
1645 875 1808 930 solito
1861 889 2013 930 more

407 961 654 1029 laetatus,
687 972 743 1017 et
765 978 981 1018 summo
1021 964 1203 1019 studio
1231 965 1486 1031 nutritus,
1520 963 1771 1035 quamvis
1808 969 2016 1018 statura

408 1052 722 1122 corpusculi
755 1054 1002 1127 elegans,
1050 1053 1141 1107 tali
1174 1062 1353 1107 tamen
1392 1053 1705 1109 macilentia
1735 1051 2020 1108 confectus

408 1151 543 1208 erat,
601 1151 663 1196 ut
713 1143 1076 1198 nutritoribus
1127 1142 1457 1198 verecundia
1512 1148 1657 1197 esset
1716 1141 1762 1195 si
1820 1141 2020 1213 aliquis

411 1234 719 1308 ignotorum
760 1234 956 1290 faciem
988 1234 1108 1303 ejus
1148 1234 1498 1306 inspexisset.
1535 1234 1855 1290 Mirantibus
1889 1248 2020 1288 vero

415 1329 566 1394 patre
598 1330 652 1378 et
681 1330 853 1378 matre
899 1341 1068 1396 quare
1114 1332 1262 1381 tanta
1306 1325 1573 1381 tenuitate
1602 1334 1657 1381 et
1686 1324 2020 1381 informitate

413 1418 662 1489 corporis
698 1427 1079 1491 occuparetur,
1140 1429 1193 1476 et
1248 1438 1396 1493 saepe
1452 1422 1581 1477 inde
1627 1420 2019 1495 cogitantibus,

415 1510 767 1566 hebdomada
804 1512 1023 1566 interim
1053 1513 1383 1569 duodecima
1410 1513 1530 1582 ejus
1565 1513 1867 1568 nativitatis
1896 1512 2022 1583 qui-

415 1600 538 1653 dam
570 1600 792 1675 ignotus
822 1601 1076 1668 clericus,
1100 1618 1229 1657 casu
1250 1603 1572 1669 adveniens,
1600 1600 1949 1672 supplicabat
1966 1609 2025 1654 ut

417 1687 484 1740 ab
511 1686 593 1741 eis
621 1688 832 1760 aliquot
860 1690 1051 1744 diesin
1083 1691 1380 1761 hospitium
1413 1691 1779 1761 reciperetur;
1809 1690 1901 1762 qui
1935 1690 2025 1743 bc-

707 1741 828 1760 j—w
1085 1741 1379 1761 --ν-τ-μ-η-
1766 1741 1778 1755 τ
1813 1741 1901 1762 τη

419 1776 586 1847 nigne
639 1784 947 1848 susceptus,
988 1785 1043 1832 et
1094 1794 1215 1833 cum
1249 1779 1332 1832 eis
1388 1778 1441 1832 in
1491 1780 1630 1835 atrio
1679 1780 1876 1834 domus
1915 1741 2102 1834 suaeB

422 1868 553 1922 hora
577 1868 898 1925 refectionis
925 1870 1148 1935 sedens,
1173 1871 1434 1927 audiebat
1473 1871 1527 1926 in
1550 1871 1805 1928 cubiculo
1837 1871 2027 1926 infan-

422 1958 594 2013 tulum
620 1959 952 2033 vagientem,
990 1960 1377 2016 sciscitabatur
1406 1962 1531 2032 quis
1556 1969 1649 2017 aut
1677 1962 1835 2031 cujus
1864 1968 2028 2029 esset,

424 2064 535 2120 pra}
566 2049 779 2119 pudore
808 2065 939 2105 vero
977 2051 1191 2117 maciei,
1247 2051 1355 2106 illis
1399 2053 1716 2108 nolentibus
1763 2053 2029 2119 indicare,

423 2140 589 2194 dixit:
613 2165 637 2187 α
661 2141 716 2195 Si
730 2141 941 2197 salvum
960 2141 1110 2196 illum
1123 2159 1246 2199 esse
1258 2144 1515 2214 cupiatis,
1534 2145 2036 2203 celoriterablacte-

430 2244 517 2290 tur
569 2257 588 2284 ρ
621 2236 721 2299 Qui
753 2234 1218 2306 parvipendentes
1244 2236 1739 2304 ejuslocutionem,
1762 2238 2032 2295 eumlacti

425 2343 533 2383 non
567 2327 966 2382 subduxerunt.
997 2328 1178 2383 Altero
1198 2344 1329 2383 vero
1360 2328 1451 2383 die
1483 2345 1609 2383 eum
1641 2328 1896 2393 audiens,
1928 2330 2036 2384 ite-

423 2433 540 2472 rum
566 2416 737 2481 dixit;
779 2436 803 2465 α
834 2417 1010 2481 Quare
1030 2432 1140 2472 non
1171 2416 1382 2472 fecistis
1407 2418 1712 2473 secundum
1744 2418 2033 2473 consilium

422 2521 605 2560 meum
620 2505 647 2559 ?
663 2526 684 2556 ι
713 2504 811 2569 Qui
829 2506 1007 2559 adhuc
1027 2513 1446 2562 contemnentes
1468 2508 1590 2576 ejus
1605 2507 1894 2563 consilium
1924 2521 2036 2563 non

424 2599 779 2654 crediderunt
812 2598 883 2652 ei.
912 2596 1091 2652 Tertia
1134 2605 1315 2652 autem
1348 2598 1460 2665 die,
1518 2600 1750 2654 audiens
1795 2600 2033 2673 vagitum

423 2689 544 2758 ejus
571 2686 927 2743 inﬁrmiorem
957 2704 1122 2759 quam
1152 2696 1334 2754 antea,
1368 2687 1590 2744 dicebat
1615 2688 1683 2742 ad
1711 2704 1835 2744 eos:
1881 2709 1905 2740 α
1931 2690 2034 2744 Pro

424 2781 637 2836 incuria
680 2786 860 2836 vestra
904 2779 1201 2850 perditioni
1256 2779 1487 2835 traditur
1537 2778 1855 2835 infantulus
1894 2781 2030 2846 iste;

426 2886 523 2941 pro
551 2876 704 2925 certo
731 2869 914 2923 sciatis
957 2869 1108 2940 quia,
1137 2885 1197 2923 se
1229 2868 1496 2924 uberibus
1536 2887 1646 2927 non
1673 2870 2033 2938 subtrahitur,

424 2965 479 3018 in
510 2964 611 3018 ista
630 2970 791 3017 nocte
819 2962 1114 3019 morietur:
1142 2963 1187 3016 si
1240 2972 1420 3017 autem
1451 2965 1781 3032 subtractus,
1800 2964 2036 3019 salvabi-

2112 495 2178 550 ad
2203 497 2497 567 quamdam
2520 497 2595 552 ibi
2626 505 3059 553 commorantem
3090 499 3353 555 inclusam
3382 501 3629 556 Wiberat
3656 502 3729 569 (3)

2113 586 2471 655 nominatam,
2526 588 2819 643 consilium
2876 589 3178 659 quaerendo
3213 631 3228 656 ,
3285 591 3546 654 accessit;
3606 608 3730 663 quae

2114 683 2481 752 respondens,
2505 682 2643 737 dixit
2667 682 2754 737 ei:
2789 707 2816 730 α
2848 683 2975 738 Post
2997 682 3238 738 triduum
3255 684 3324 738 ad
3354 700 3442 737 me
3472 684 3733 749 veniens,

2114 769 2159 823 si
2191 770 2300 824 Deo
2330 770 2529 840 placet,
2562 786 2746 825 meum
2800 770 3009 841 poteris
3067 771 3507 827 animadvertere
3536 774 3735 827 consi-

2114 863 2246 918 lium
2305 883 2329 913 η
2366 864 2520 929 lnde,
2553 863 2646 918 illo
2677 863 2999 929 recedente,
3047 864 3167 934 ipsa
3213 864 3425 919 devotae
3470 865 3740 920 orationis

2115 952 2298 1006 studio
2355 952 2644 1007 Dominum
2701 952 2981 1025 ﬂagitabat
3032 960 3109 1018 ut,
3171 960 3377 1008 statuto
3420 954 3535 1019 die,
3604 954 3736 1008 certi

2120 1040 2443 1111 veracisque
2492 1040 2709 1095 consilii
2752 1040 3019 1095 indicium
3066 1041 3172 1096 sibi
3226 1042 3588 1098 manifestare
3628 1058 3739 1113 po-

2121 1133 2337 1188 tuisset.
2380 1132 2625 1204 Cumque
2679 1133 2795 1199 ille,
2851 1149 3175 1204 responsum
3228 1141 3582 1206 accepturus,
3634 1135 3742 1189 ad-

2120 1223 2535 1287 venisset,dixit
2556 1223 2667 1277 illi:
2697 1248 2723 1270 ιι
2749 1224 2893 1279 Ultra
2919 1224 3186 1281 haesitatio
3210 1232 3355 1281 tuam
3375 1242 3485 1281 non
3507 1234 3745 1298 occupet

2123 1324 2386 1377 mentem,
2417 1314 2560 1385 gquia
2591 1314 2750 1369 istius
2779 1314 3023 1371 coenobii
3050 1315 3353 1386 spiritualis
3380 1327 3541 1389 pater
3572 1335 3604 1372 a
3633 1319 3742 1373 Deo

2123 1405 2377 1460 decretus
2408 1405 2474 1458 ad
2506 1406 2809 1478 regendum
2840 1406 2992 1461 nullo
3026 1408 3191 1462 modo
3218 1410 3610 1474 constitueris;
3645 1411 3741 1464 sed

2124 1499 2178 1552 in
2213 1499 2467 1554 orientali
2504 1506 2675 1569 parte.
2726 1500 2820 1554 ubi
2852 1500 3075 1572 quidam
3115 1501 3315 1556 fluvius
3358 1504 3427 1574 (4)
3475 1504 3619 1558 duas
3655 1504 3743 1557 di-

2123 1591 2259 1644 vidit
2281 1590 2558 1665 regiones,
2600 1591 2656 1645 in
2688 1591 2927 1646 futurum
2955 1593 3259 1664 episcopali
3288 1595 3603 1649 ministerio
3635 1596 3745 1649 Deo

2125 1680 2363 1735 militare
2394 1680 2648 1748 debebis,
2678 1690 2732 1737 et
2764 1683 2817 1736 in
2849 1683 3045 1738 eodem
3086 1684 3209 1739 loco
3238 1686 3408 1740 multa
3437 1686 3574 1740 talia
3607 1702 3738 1756 per-

2130 1792 2390 1846 pessurus
2420 1782 2474 1830 et
2501 1776 2793 1845 laboriosa,
2827 1778 3011 1849 qualia
3043 1795 3325 1851 nunquam
3357 1787 3743 1836 antecessores

2129 1867 2206 1924 tui
2236 1867 2618 1923 sustinuerunt
2647 1885 2679 1922 a
2708 1869 2938 1942 paganis
2967 1878 3021 1925 et
3049 1871 3208 1926 malis
3241 1871 3584 1937 Christianis,
3627 1890 3747 1944 qua:

2129 1967 2311 2014 tamen
2344 1959 2548 2026 omnia,
2581 1960 2690 2014 Deo
2734 1959 2982 2027 juvante,
3016 1960 3071 2014 in
3118 1961 3330 2016 ultimis
3355 1963 3748 2018 decentissime

2130 2054 2457 2125 superabis;
2492 2074 2514 2102 ν
2550 2055 2669 2110 haec
2698 2055 2884 2110 audita
2913 2056 3295 2112 secretissimis
3322 2056 3589 2112 fratribus
3619 2058 3751 2112 inti-

2132 2146 2320 2211 mavit,
2351 2151 2404 2200 et
2431 2160 2620 2200 eorum
2649 2146 2964 2200 suasionem
2996 2146 3147 2201 suavi
3191 2146 3472 2218 colloquio
3519 2147 3749 2220 mitiga-

2134 2235 2234 2302 vit,
2267 2242 2549 2306 totamque
2599 2251 2752 2306 spem
2799 2235 3044 2305 pristinae
3099 2236 3492 2292 destinationis
3548 2238 3608 2291 in
3655 2255 3752 2292 sua

2134 2337 2318 2385 mente
2351 2329 2640 2400 deposuit;
2671 2339 2726 2385 et
2756 2331 2826 2385 ob
2857 2331 2962 2385 hoc
2992 2339 3175 2386 tamen
3208 2330 3459 2386 discendi
3505 2332 3749 2386 studium

2136 2436 2249 2476 non
2279 2420 2481 2483 omisit,
2509 2420 2606 2474 sed
2639 2418 2775 2473 inibi
2805 2436 2927 2474 cum
2957 2419 3218 2475 omnibus
3259 2419 3591 2474 charitative
3623 2436 3752 2474 ver-

2136 2509 2386 2574 sabatur;
2419 2508 2618 2571 donec,
2651 2523 2894 2581 congruo
2952 2516 3223 2578 tempore,
3255 2508 3501 2578 duplicis
3561 2508 3754 2582 sagina

2134 2601 2380 2657 scientiae
2410 2617 2474 2656 ac
2525 2600 2811 2674 religionis
2863 2600 3123 2671 repletus,
3182 2600 3462 2654 communi
3502 2600 3751 2655 omnium

2137 2694 2390 2749 oratione
2454 2692 2790 2759 consolatus,
2850 2698 2904 2747 et
2958 2691 3314 2747 fraternitatis
3386 2708 3579 2747 amore
3653 2692 3755 2747 fre-

2138 2789 2244 2846 tus,
2306 2788 2564 2852 parentes
2639 2794 2770 2835 suos
2843 2780 3076 2834 amative
3145 2782 3345 2836 missus
3426 2781 3753 2836 revisitavit.

2139 2874 2237 2939 Qui
2286 2880 2434 2939 tunc,
2493 2871 2731 2943 sapienti
2778 2881 2939 2943 capto
2995 2873 3247 2936 consilio,
3322 2889 3448 2928 eum
3509 2873 3759 2944 praesulis

2138 2963 2504 3040 Augustensis
2550 2962 2803 3019 Ecclesiae
2836 2962 3196 3018 Adalberonis
3225 2964 3300 3030 (5)
3345 2963 3601 3018 dominio
3630 2964 3758 3018 sub-

429 3060 544 3118 tur;
580 3054 635 3107 in
666 3059 947 3122 posterum
976 3068 1007 3105 a
1036 3052 1268 3107 Domino
1316 3052 1526 3123 aliquid
1568 3069 1828 3126 magnum
1885 3053 1941 3106 in
1974 3069 2039 3108 eo
2064 3083 2114 3153 Ο
2142 3056 2423 3119 diderunt,
2481 3070 2668 3125 quem,
2738 3053 2906 3108 multa
2979 3059 3111 3107 tunc
3169 3051 3433 3122 temporis
3483 3052 3757 3122 sapientia

429 3147 900 3202 manifestabatur.
928 3170 953 3193 »
972 3146 1123 3201 Tunc
1143 3147 1361 3201 demum
1378 3148 1428 3201 ei
1447 3148 1897 3219 obtemperantes
1914 3149 2040 3203 aliis
2068 3140 2114 3153 ν
2142 3146 2433 3216 repletum,
2497 3143 2816 3213 musicaque
2863 3148 2978 3196 arte
3006 3156 3119 3212 prie
3175 3140 3390 3195 caeteris
3437 3141 3755 3211 prazditum,

428 3255 554 3294 eum
593 3238 734 3293 escis
785 3243 1094 3292 sustentare
1125 3246 1431 3307 coeperunt.
1469 3238 1569 3302 Qui
1596 3239 1781 3294 statim
1826 3255 2040 3294 recrea-

430 3336 535 3391 tus,
569 3328 636 3381 de
670 3326 762 3381 die
789 3326 844 3381 in
885 3326 1033 3381 diem
1065 3324 1382 3397 proficiens,
1425 3328 1587 3382 talem
1642 3329 1891 3400 corporis
1936 3328 2041 3385 for-

432 3417 740 3473 mositatem
773 3414 1006 3486 accepit,
1058 3422 1116 3470 ut
1165 3415 1268 3486 ipsi
1329 3416 1415 3470 sui
1467 3424 1725 3487 parentes
1761 3425 2044 3491 gratantes

430 3523 554 3562 eum
589 3505 955 3570 intuerentur,
988 3510 1042 3557 et
1069 3503 1191 3558 aliis
1218 3504 1594 3559 ostenderent.
1625 3505 1723 3571 Qui
1753 3505 2044 3561 laudantes

430 3602 722 3657 Dominum
748 3598 841 3654 die
855 3609 1129 3671 nocteque
1153 3614 1252 3669 pro
1280 3599 1544 3669 sospitate
1574 3601 1750 3670 pueri,
1776 3608 1830 3655 et
1852 3617 1953 3672 pro
1974 3618 2041 3658 eo

431 3689 579 3760 quod
609 3689 770 3745 talem
820 3687 889 3741 ad
922 3702 1020 3741 eos
1049 3686 1247 3741 direxit
1290 3686 1562 3758 hospitem
1610 3688 1703 3758 qui
1756 3687 1915 3744 istius
1964 3691 2043 3745 rei

432 3779 820 3835 discretionem
852 3778 1242 3852 cognoscebat,
1271 3785 1325 3832 et
1373 3778 1480 3833 illis
1532 3778 1935 3836 inuotescebat.
1968 3782 2042 3837 De

434 3870 724 3943 praeteritis
754 3885 887 3943 ergo
929 3869 1111 3924 futura
1163 3869 1473 3937 credentes,
1532 3878 1900 3928 tractaverunt
1946 3873 2042 3928 ubi

431 3963 597 4016 vitam
623 3960 1096 4036 religiosissimam
1112 3966 1167 4015 et
1186 3960 1423 4016 docendi
1452 3963 1862 4018 studiossimam
1890 3965 2048 4020 invo-

433 4052 551 4107 nire
577 4050 911 4121 potuissent,
956 4056 1296 4121 acceptoque
1346 4051 1577 4106 consilio
1630 4053 2049 4108 commendave-

433 4150 561 4198 runt
589 4158 714 4197 eum
737 4141 806 4196 ad
837 4141 1022 4196 Sancti
1057 4141 1192 4196 Galli
1224 4142 1645 4209 monasterium,
1676 4144 1807 4215 quia
1842 4144 1916 4198 ibi
1945 4161 2046 4201 no-

433 4236 627 4291 bilium
660 4232 753 4288 Dei
788 4248 1072 4289 servorum
1125 4232 1442 4300 multitudo,
1485 4240 1538 4287 et
1577 4234 1908 4308 religiositas
1960 4237 2045 4291 di-

433 4328 625 4385 scendi
647 4328 999 4398 docendique
1012 4326 1254 4381 studium
1279 4333 1411 4381 tunc
1432 4327 1700 4398 temporis
1718 4329 2045 4386 habebatur.

435 4419 861 4476 Commendatus
888 4434 1020 4474 vero
1066 4417 1283 4473 cuidam
1318 4418 1574 4493 religioso
1617 4420 1731 4476 viro
1766 4438 2043 4496 gramma-

435 4509 555 4563 ticae
587 4507 718 4562 artis
747 4506 963 4572 edocto,
1007 4507 1244 4580 Waning
1296 4518 1635 4579 nuncupato,
1676 4527 1708 4564 a
1740 4527 1848 4582 quo
1902 4510 2044 4567 bene

434 4608 760 4671 procuratus
812 4599 1187 4671 quotidianam
1229 4595 1729 4675 religionis‘atque
1796 4604 2047 4660 lectionis

433 4695 738 4751 doctrinam
771 4696 1001 4766 accepit,
1032 4703 1086 4750 et
1124 4697 1187 4761 in,
1221 4697 1428 4752 intimis
1457 4697 1543 4752 sui
1573 4698 1758 4753 cordis
1790 4698 2042 4765 inseruit,

434 4786 574 4840 adeo
614 4792 673 4839 ut
703 4784 962 4855 paulatim
997 4785 1190 4839 fratres
1239 4784 1295 4840 in
1328 4801 1395 4840 eo
1427 4786 1694 4842 doctrina:
1747 4787 2046 4844 fructifica-

435 4879 639 4934 tionem
670 4877 837 4932 nimis
868 4876 1136 4948 proficere
1181 4879 1470 4946 sentirent,
1501 4887 1556 4934 et
1593 4880 1665 4935 ob
1698 4881 1802 4936 hoc
1830 4897 1954 4937 eum
1991 4884 2047 4940 in

434 4984 547 5024 suae
607 4965 966 5022 fraternitatis
1008 4967 1344 5022 consortium
1413 4967 1710 5043 ﬂagitando
1768 4987 2050 5028 assumere

435 5067 787 5116 conarentur.
812 5059 1011 5114 Horum
1037 5058 1223 5130 itaque
1250 5059 1611 5130 petitionibus
1631 5078 1778 5133 saepe
1803 5078 2048 5121 commo-

505 5213 578 5285 (1)
607 5214 726 5280 Αι.,
752 5212 1053 5285 Hucpaldo.

504 5283 572 5353 (2)
602 5283 882 5354 Diepirch.
1096 5338 1099 5343 ,

505 5356 582 5423 (3)
604 5356 881 5410 Wiberata
900 5357 1133 5413 inclusa.

505 5427 578 5498 (4)
607 5427 780 5498 Lycus
808 5427 914 5483 Sue
940 5430 1081 5486 viam
1115 5436 1170 5485 et
1192 5429 1472 5486 Bavariam
1504 5429 1861 5486 discriminat.

436 5497 1033 5624 lar(‘2)Commendatur
1094 5501 1427 5557 Adalberoni
1488 5502 1750 5573 episcopo
1831 5504 2042 5577 Augus-

505 5640 579 5713 (β)
602 5639 750 5713 Rege
772 5640 1046 5713 Ludovico
1070 5643 1152 5697 ιν.

508 5709 582 5783 (7)
614 5709 850 5785 On'ulpb.
897 5712 975 5770 De
1021 5713 1202 5772 vocib.
1247 5714 1505 5773 Ecclesiae
1545 5714 1817 5783 obscuris,
1869 5732 2044 5774 came-

2064 4469 2119 4537 D

2142 3235 2625 3311 gubernaculaque
2679 3233 2832 3305 regni
2885 3249 3026 3303 pene
3082 3232 3269 3287 omnia
3318 3248 3442 3287 cum
3505 3248 3641 3306 rege
3689 3232 3756 3302 1’6)

2143 3329 2527 3399 disponentem
2560 3334 2919 3400 agnoverunt.
2954 3325 3073 3396 Ipse
3103 3340 3255 3392 vero,
3297 3331 3528 3396 propter
3552 3324 3756 3379 nobili-

2142 3423 2305 3470 tatem
2333 3421 2644 3485 parentum,
2678 3422 2733 3467 et
2784 3414 2984 3467 bonam
3016 3413 3137 3481 ejus
3166 3412 3409 3467 indolem
3454 3419 3512 3466 et
3552 3410 3761 3467 formo-

2141 3505 2380 3570 sitatem,
2414 3503 2536 3557 ιτειο
2567 3502 2750 3556 animo
2805 3500 3138 3569 suscipiens,
3169 3500 3542 3555 ministerium
3576 3515 3762 3555 came-

2143 3595 2271 3650 rarii
2301 3595 2366 3664 (7)
2400 3592 2507 3648 sibi
2553 3592 2975 3648 commendavit.
3035 3592 3149 3656 Quo
3188 3599 3470 3662 suscepto,
3520 3598 3578 3646 et
3638 3591 3761 3646 aliis

2144 3688 2450 3745 secundum
2504 3705 2675 3744 suam
2706 3688 3026 3763 dignitatem
3068 3685 3375 3752 beneficiis,
3427 3686 3597 3742 sicuti
3621 3703 3764 3756 prte-

2144 3798 2354 3853 coquus
2382 3788 2500 3836 erat
2539 3780 2595 3835 in
2633 3779 2912 3845 omnibus,
2954 3795 3220 3850 prospere
3249 3794 3417 3853 agens
3457 3780 3527 3833 de
3574 3778 3669 3832 die
3705 3779 3760 3833 in

2145 3870 2290 3925 diem
2333 3867 2673 3940 proficiebat.
2725 3868 2951 3923 Interim
3011 3883 3142 3923 vero
3194 3867 3357 3922 libuit
3393 3883 3516 3921 eum
3570 3866 3769 3920 limina

2146 3958 2369 4015 visitare
2394 3959 2679 4013 beatorum
2711 3956 3085 4028 apostolorum
3119 3956 3262 4010 Petri
3286 3962 3340 4011 et
3377 3956 3551 4010 Pauli.
3584 3954 3765 4009 Cum-

2148 4072 2255 4128 que
2285 4055 2415 4110 illuc
2450 4055 2813 4125 pervenisset,
2855 4071 2886 4108 a
2910 4052 3229 4108 venerando
3261 4068 3402 4123 papa
3441 4050 3653 4105 Marino
3683 4050 3767 4119 (8)

2147 4152 2289 4206 bene
2345 4157 2634 4220 susceptus
2661 4156 2764 4216 est,
2811 4149 2964 4203 etab
3012 4162 3078 4203 eo
3124 4148 3493 4220 interrogatus
3540 4145 3613 4200 de
3655 4162 3769 4217 qua

2147 4244 2429 4314 provincia
2482 4242 2569 4296 vel
2609 4241 2829 4296 civitate
2885 4246 3036 4295 esset
3089 4239 3324 4294 nativus.
3388 4239 3488 4302 Qui
3526 4253 3769 4309 respoua

2147 4332 2288 4386 deus
2318 4331 2487 4385 dixit:
2537 4350 2560 4380 σ
2601 4331 2674 4383 De
2731 4327 3013 4399 provincia
3050 4325 3393 4389 Alamannia,
3433 4324 3583 4380 etde
3617 4324 3762 4377 civi-

2149 4430 2257 4478 tate
2303 4424 2539 4496 Augusta
2579 4420 2848 4476 oriundus
2897 4436 3038 4484 sum,
3084 4434 3383 4489 versorque
3431 4418 3486 4471 in
3527 4416 3763 4471 servitio

2146 4516 2511 4573 Adalberonis
2533 4515 2780 4583 ejusdem
2808 4512 3043 4570 civitatis
3072 4512 3344 4583 episcopi.
3371 4537 3395 4558 ιι
3417 4541 3486 4551 -
3517 4531 3539 4560 ε
3558 4510 3769 4564 Natur-

2144 4609 2330 4669 beris.
2381 4607 2590 4679 inquit,
2652 4607 2868 4671 animo,
2923 4622 2956 4661 ο
3010 4606 3178 4664 frater
3223 4606 3313 4670 (9t,
3363 4604 3456 4657 ille
3518 4602 3590 4656 de
3646 4617 3771 4671 quo

2146 4697 2280 4753 mihi
2360 4696 2596 4761 dixisti,
2677 4694 2864 4751 senior
2946 4701 3071 4749 tuus
3158 4693 3424 4747 Adalbero
3500 4688 3771 4762 migravit

2149 4808 2179 4846 a
2233 4789 2457 4851 saeculo.
2530 4797 2604 4852 et,
2662 4788 2774 4842 Deo
2827 4786 3077 4854 iubente,
3143 4793 3194 4839 te
3251 4783 3498 4851 ejusdem
3564 4782 3773 4837 matri-

2150 4879 2285 4935 culaa
2316 4877 2420 4949 (10)
2468 4878 2630 4933 decet
2655 4891 2781 4932 esse
2840 4884 3137 4947 pastorem.
3180 4894 3205 4923 ι)
3255 4874 3329 4927 Eo
3383 4871 3612 4943 quidem
3670 4888 3768 4925 re-

2151 4976 2355 5023 nuente
2402 4967 2547 5023 infit:
2595 4986 2620 5017 α
2663 4966 2769 5021 Cur
2806 4981 3026 5021 recusas
3070 4963 3491 5019 destinationem
3546 4960 3698 5016 Dei?
3725 4960 3771 5015 si

2151 5080 2297 5119 nunc
2354 5063 2737 5119 inconcussam
2792 5069 2848 5116 et
2893 5060 3257 5116 indesolatam
3286 5058 3533 5129 accipere
3589 5057 3773 5111 refra-

2140 5222 2350 5274 rarium
2400 5217 2925 5289 interpretaturAqui
2968 5217 3331 5289 pecuniarum
3368 5229 3551 5289 curam
3594 5215 3768 5289 gerit,

2144 5286 2578 5361 Welserusivero
2610 5289 2699 5343 hic
2729 5286 3125 5361 cubicularium
3159 5286 3436 5361 intelligit.

2217 5362 2294 5439 (β)
2326 5360 2632 5439 Welserus_
2666 5366 2819 5439 putat
2873 5359 3134 5439 Marinum
3182 5357 3377 5439 papam
3432 5372 3528 5428 per
3537 5357 3769 5439 “antici-

2145 5427 3058 5508 pationemvocari,‘idem_sentit_
3076 5427 3508 5508 Baroniusanno

2219 5506 2285 5571 (9)
2315 5503 2555 5558 Marinus
2593 5502 2639 5557 si
2680 5501 2928 5572 pontifex
2986 5500 3195 5567 fuisset,
3229 5499 3541 5556 Udalricum
3584 5497 3761 5553 filium

2145 5591 2254 5631 non
2285 5574 2504 5630 fratrem
2532 5581 2801 5630 vocasset.

2218 5646 2304 5717 (10
2336 5646 2589 5702 Ecclesiae
2628 5642 2959 5701 cathedralis
