4062 6164
289 264 434 320 1Ο13

1872 262 2042 316 νιΤΑ.

3506 258 3642 314 1014

280 394 436 466 garis
457 394 515 448 in
544 393 964 465 tranquillitate,
993 393 1050 447 in
1105 400 1269 447 antea
1319 408 1450 448 vero
1483 394 1816 448 destructam
1857 401 1912 448 et
1939 398 1988 464 Α
2017 399 2103 447 tur
2140 408 2223 459 se,
2265 391 2406 446 sicut
2453 389 2684 457 solebat,
2727 405 2849 444 cum
2911 388 3004 442 illo
3070 387 3310 457 psalmos
3340 387 3637 443 decantare

281 483 662 554 depraedatam
694 482 749 536 in
809 481 1228 552 perturbatione
1270 481 1535 551 accipies,
1569 490 1624 536 et
1673 498 1794 536 cum
1829 481 1911 535 la-

281 577 424 633 bore
454 575 798 650 gubernabis
826 580 880 628 et
937 572 1324 629 retediticabis.
1379 595 1403 624 α
1451 574 1636 628 Altera
1666 589 1794 628 vero
1823 573 1912 628 die

283 671 412 725 sine
443 668 663 723 licentia
710 684 891 738 papae,
951 674 1176 738 propter
1205 667 1479 722 tristitiam
1545 667 1791 722 defuncti
1813 667 1913 722 do-

281 761 424 816 mini
448 761 552 823 sui,
585 769 639 814 et
683 776 752 814 ne
795 760 864 812 ab
919 773 986 814 eo
1041 759 1165 828 plus
1194 759 1380 813 verbis
1413 760 1906 832 constringeretur,

275 859 449 914 exivit
489 859 681 920 Roma,
733 858 1146 929 Augustamque
1198 855 1521 922 revisitavit,
1583 864 1637 909 et
1700 855 1910 911 invenit

279 952 357 1005 ita
377 951 518 1006 sicut
549 948 809 1019 praefatus
839 964 983 1018 papa
1043 947 1315 1017 praedixit.
1368 947 1520 1002 Tunc
1556 947 1758 1001 Hiltine
1799 947 1906 1017 (ll)

275 1058 570 1098 successor
597 1039 961 1095 Adalberonis
990 1038 1221 1094 eﬁ‘ectus
1269 1049 1368 1094 est.
1404 1040 1502 1104 Qui
1531 1046 1714 1094 tamen
1744 1046 1907 1094 tantae

278 1151 394 1191 non
426 1135 532 1190 fuit
561 1131 906 1190 celsitudinis
935 1138 994 1185 ut
1033 1147 1134 1186 suo
1165 1148 1224 1187 se
1271 1131 1436 1186 vellet
1470 1131 1750 1201 applicare
1789 1147 1906 1186 ser-

274 1222 414 1300 vitio
495 1222 722 1276 interim
774 1236 906 1275 vero
966 1228 1118 1290 patre
1183 1221 1304 1289 ejus
1347 1219 1630 1285 defuncto,
1684 1220 1907 1274 rediens

275 1315 526 1387 suscepit
557 1314 1002 1387 procurationem
1033 1315 1223 1368 matris
1261 1330 1397 1380 suae,
1432 1314 1730 1368 recordans
1760 1329 1904 1384 prte-

277 1408 426 1478 cepti
456 1407 672 1462 Domini
700 1405 938 1461 dicentis
971 1422 984 1458 :
1031 1408 1253 1460 Honora
1281 1411 1491 1474 patrem
1531 1410 1680 1458 tuum
1709 1410 1756 1456 et
1785 1421 1902 1457 ma-

274 1504 411 1554 trem
452 1499 653 1568 (Emod.
687 1497 801 1567 xx),
837 1503 945 1552 etc.
997 1497 1165 1551 Tanta
1223 1497 1409 1567 itaque
1465 1511 1585 1550 eam
1617 1495 1902 1569 diligentia

272 1598 332 1646 et
359 1590 547 1646 omnia
567 1605 669 1643 sua
691 1587 988 1644 custodivit
1025 1604 1088 1643 ac
1139 1587 1436 1657 disposuit,
1482 1594 1646 1657 prout
1674 1593 1728 1641 et
1755 1587 1900 1641 vires

271 1677 565 1733 aDomino
595 1691 879 1731 concessae
934 1675 1322 1746 suppetabant.
1391 1675 1518 1729 Post
1575 1675 1894 1745 quindecim

270 1787 452 1826 annos
481 1770 740 1825 defuncto
779 1768 978 1823 Hiltine
1029 1769 1316 1838 episcopo,
1349 1768 1759 1822 machinatione
1794 1782 1892 1820 ne-

271 1864 422 1934 potis
449 1861 554 1926 sui,
591 1861 887 1915 Burchardi
918 1861 1094 1925 ducis,
1122 1868 1177 1915 et
1199 1860 1431 1915 aliorum
1455 1859 1891 1931 pr0pinquorum

266 1971 512 2011 suorum.
549 1953 801 2008 Heinrico
832 1953 944 2023 (12)
964 1953 1078 2023 regi
1114 1959 1497 2022 praesentatus,
1541 1953 1773 2022 ejusque
1796 1968 1893 2005 su-

268 2043 525 2099 blimitati
557 2050 688 2098 nota
718 2042 857 2096 facta
886 2047 970 2096 est
1021 2042 1273 2098 decessio
1321 2041 1588 2112 episcopi,
1614 2041 1892 2110 supplica-

269 2144 500 2207 tumque
539 2141 706 2189 estut
745 2134 968 2204 praefato
999 2135 1225 2189 domino
1257 2133 1514 2187 Udalrico
1556 2132 1892 2202 episc0palis

272 2229 517 2289 potestas
541 2221 611 2274 ab
641 2236 708 2275 eo
755 2221 1174 2276 concederetur.
1222 2221 1328 2275 Rex
1385 2235 1516 2275 vero
1550 2221 1770 2274 intuens
1795 2221 1891 2273 he-

274 2313 536 2367 rilitatem
564 2320 786 2368 stature:
813 2313 979 2378 illius,
1015 2323 1069 2367 et
1099 2314 1448 2384 comperiens
1483 2314 1746 2368 doctrinm
1777 2329 1890 2371 sua:

271 2401 582 2466 scientiam,
609 2402 862 2472 petitioni
889 2417 1079 2457 eorum
1104 2419 1391 2458 assensum
1427 2404 1698 2473 praebens,
1737 2406 1891 2480 regio

272 2506 429 2546 more
461 2491 517 2544 in
544 2507 740 2544 manus
781 2507 906 2545 eum
929 2491 1161 2562 accepit,
1219 2507 1562 2562 munereque
1605 2491 1894 2563 pontiﬁca-

281 2589 371 2638 tus
400 2585 710 2640 honoravit.
748 2585 837 2638 His
892 2599 1022 2639 vero
1082 2584 1155 2638 ita
1207 2585 1468 2654 peractis,
1521 2584 1680 2640 hilari
1714 2587 1898 2641 animo

277 2671 345 2724 de
404 2687 534 2745 rege
601 2679 960 2738 revertentes,
1013 2679 1069 2725 et
1125 2672 1422 2742 Augustam
1483 2674 1895 2743 pervenientes,

275 2759 581 2814 secundum
639 2760 783 2831 regis
859 2760 1098 2815 edictum
1175 2759 1500 2829 potestativa
1586 2777 1750 2816 manu
1811 2763 1894 2815 in-

275 2851 586 2906 vestitatum
661 2853 1014 2923 episcOpatus
1086 2850 1190 2904 sibi
1267 2850 1635 2920 perfecerunt.
1696 2854 1895 2908 Succe-

276 2943 445 2996 dente
484 2957 613 2997 vero
644 2950 891 3014 tempore
949 2944 1254 3001 Nativitatis
1312 2944 1524 2999 Domini
1586 2945 1638 2998 in
1691 2945 1781 2998 die
1807 2961 1899 3000 so-

279 3031 582 3086 lemnitatis
620 3032 730 3103 (l3)
806 3035 1185 3089 Innocentium
1245 3033 1732 3089 cousuetudinario
1791 3036 1898 3089 ritu

2015 485 2297 550 debuisse,
2348 491 2402 538 et
2462 483 2680 538 interim
2738 481 3140 536 Adalberonem
3199 480 3522 551 episcopum
3579 482 3636 536 in

2013 580 2320 652 aquilonari
2354 584 2506 650 parte
2549 583 2770 650 cryptae,
2825 576 3109 632 missatico
3166 584 3434 646 apparatu
3463 577 3636 632 vesti-

2014 671 2269 741 tum,sibi
2289 679 3125 740 apparentem,annuentemque
3140 674 3197 721 ut
3219 667 3286 720 ad
3308 683 3368 721 se
3393 667 3628 732 veniret;

2013 759 2111 812 sed
2146 760 2236 814 ille
2263 761 2490 831 ancipiti
2522 762 2718 816 timore
2749 769 2938 830 septus
2969 760 3204 814 viventis
3237 766 3401 830 atque
3431 757 3631 815 defun-

2010 848 2080 902 cti
2111 848 2345 914 domini,
2369 849 2536 919 οαψὶι
2566 849 2742 904 oculis
2784 864 2989 919 pavens
3021 847 3076 901 in
3109 864 3234 902 eum
3269 847 3581 918 conspicari
3609 865 3623 912 ;

2011 935 2491 1010 interrogatusque
2537 937 2606 991 ab
2653 953 2741 1002 eo,
2771 926 2941 1008 quare
2989 937 3068 991 sic
3121 935 3312 991 oculos
3371 935 3424 988 in
3452 952 3511 990 se
3541 936 3629 990 in-

2008 1030 2273 1098 ﬂecteret,
2298 1032 2390 1085 ille
2409 1032 2774 1102 respondens,
2801 1031 2937 1084 dixit
2972 1048 2984 1084 :
3023 1051 3041 1078 o
3080 1031 3214 1084 Ecce
3255 1030 3417 1084 video
3447 1029 3628 1085 senio-

2009 1137 2123 1176 rem
2156 1139 2338 1177 meum
2375 1124 2779 1178 Adalberonem
2821 1122 3208 1192 episcOpaliter
3247 1128 3496 1193 paratum
3558 1122 3626 1176 ad

2007 1211 2253 1278 missam,
2281 1230 2480 1285 meque
2505 1223 2792 1268 vocantem
2817 1213 2885 1267 ad
2913 1228 2990 1267 se.
3024 1233 3049 1262 »
3084 1215 3148 1266 At
3178 1212 3270 1266 ille
3296 1229 3308 1265 :
3342 1233 3362 1260 ι
3389 1213 3626 1277 Festina,

2005 1303 2202 1375 inquit,
2229 1306 2537 1373 jussionem
2571 1307 2692 1376 ejus
2721 1307 2971 1377 implere.
3011 1327 3031 1355 ι
3067 1305 3159 1362 Cui
3194 1305 3436 1361 venienti
3467 1306 3534 1360 ad
3569 1322 3628 1361 se

2003 1397 2140 1452 dixit
2169 1416 2180 1452 :
2209 1423 2231 1444 ει
2279 1399 2589 1461 Ramberte,
2626 1399 2950 1454 dicdomino
2977 1407 3070 1454 tuo
3107 1399 3393 1469 episcopo,
3416 1416 3628 1455 merce-

2003 1487 2127 1542 dem
2157 1505 2188 1543 a
2230 1491 2458 1544 Domino
2489 1500 2846 1562 accepturum
2883 1507 2979 1562 pro
3020 1491 3363 1546 orationibus
3395 1499 3450 1546 et
3479 1492 3629 1547 elee-

2003 1580 2249 1649 mosynis
2286 1596 2425 1650 quas
2446 1580 2577 1634 mihi
2623 1580 2857 1635 fideliter
2925 1581 3244 1646 transmisit,
3287 1587 3341 1634 et
3372 1581 3476 1634 hoc
3513 1581 3624 1652 sig-

2000 1688 2130 1726 num
2155 1673 2322 1727 dicito
2356 1673 2456 1737 illi,
2482 1674 2630 1744 quod
2658 1675 2987 1728 Fortunatus
3009 1675 3052 1737 )1
3072 1675 3118 1743 4)
3142 1681 3196 1728 et
3218 1689 3321 1747 ego
3356 1673 3410 1727 in
3444 1674 3625 1744 proxi-

1995 1777 2081 1814 ma
2108 1777 2260 1814 caena
2291 1762 2527 1826 Domini,
2562 1763 2792 1817 Domino
2815 1762 3184 1826 concedente,
3216 1777 3338 1815 cum
3368 1762 3459 1816 illo
3476 1762 3623 1816 chri-

1993 1866 2110 1904 sma
2139 1849 2627 1914 sanctificabimus,
2671 1857 2726 1904 et
2753 1850 2902 1922 quod
2933 1850 3183 1920 Operatio
3215 1850 3377 1917 hujus
3405 1859 3612 1920 cryptae

1994 1949 2077 1996 est
2105 1943 2316 1996 ruitura
2352 1961 2366 2008 ;
2401 1943 2470 1996 ob
2504 1943 2609 1996 hoc
2640 1949 2823 1996 tamen
2849 1957 2958 1996 non
2991 1942 3158 1996 debet
3184 1941 3438 1996 omittere
3469 1942 3618 2012 ,quin

1991 2033 2211 2087 studeat
2239 2033 2293 2086 in
2347 2040 2627 2102 posterum
2685 2033 2956 2087 stabiliter
3012 2039 3350 2103 perpetrare.
3408 2033 3620 2086 Fratres

1992 2139 2211 2194 quoque
2262 2123 2535 2178 recordari
2589 2131 2834 2190 monete,
2903 2123 3052 2194 quod
3109 2123 3229 2177 sine
3290 2123 3363 2187 vi,
3419 2131 3473 2177 et
3522 2140 3620 2177 sua

1991 2223 2209 2286 sponte,
2237 2215 2431 2270 sedula
2462 2224 2516 2269 et
2545 2216 2766 2269 assidua
2795 2221 3042 2270 oratione
3106 2230 3203 2284 pro
3236 2230 3325 2268 me
3364 2215 3617 2269 laborare

1991 2310 2430 2380 spoponderunt,
2492 2319 2545 2364 et
2589 2309 2736 2380 quod
2778 2310 2859 2363 sic
2891 2325 2999 2363 non
3048 2308 3322 2374 fecerunt,
3349 2315 3402 2362 et
3436 2309 3478 2361 si
3515 2309 3619 2363 hoc

1991 2401 2335 2455 emendaturi
2396 2416 2505 2455 non
2564 2401 2790 2465 fuerint,
2848 2401 3024 2455 sciant
3054 2416 3112 2454 se
3167 2415 3288 2454 esse
3321 2401 3388 2455 de
3424 2401 3617 2455 hocin

1999 2499 2301 2562 conspectu
2331 2492 2544 2547 Domini
2592 2492 2859 2546 rationem
2903 2491 3217 2546 reddituros
3247 2495 3265 2557 (
3304 2499 3358 2545 et
3389 2498 3442 2545 tu
3477 2508 3617 2562 quo-

1992 2581 2134 2657 tidie
2166 2598 2336 2635 unum
2371 2597 2470 2652 pro
2493 2597 2581 2635 me
2611 2582 2882 2651 psalmum
2915 2580 3183 2645 cantabis,
3227 2580 3348 2633 sine
3380 2581 3617 2645 cautela,

2003 2679 2058 2728 et
2098 2673 2203 2726 hoc
2225 2680 2276 2726 te
2299 2673 2593 2726 emendare
2651 2672 2911 2726 monebo.
2953 2697 2974 2717 η
3009 2673 3130 2742 Ipse
3162 2688 3290 2726 vero
3320 2674 3618 2744 episcopus

2001 2763 2218 2818 interim
2253 2763 2420 2837 regiis
2465 2769 2766 2833 occupatus
2825 2763 3110 2834 obsequiis
3166 2779 3380 2816 cursum
3423 2763 3623 2818 direxit

1999 2854 2066 2907 ad
2093 2860 2321 2915 curtem,
2377 2853 2567 2924 ibique
2624 2853 2769 2923 apud
2809 2854 3016 2908 aulicos
3064 2853 3233 2927 digno
3287 2855 3494 2909 honore
3524 2854 3617 2908 diu

2001 2951 2262 3010 retentus,
2295 2944 2628 3014 tandemque
2685 2942 2951 3014 requisita
3016 2943 3224 2998 salubri
3265 2944 3486 2999 licentia
3519 2945 3620 2998 do-

1999 3049 2147 3085 mum
2181 3032 2481 3102 repedavit,
2505 3047 2757 3102 opusque
2788 3032 2947 3100 cujus
2961 3031 3213 3087 effectum
3247 3049 3368 3088 sese
3394 3050 3620 3088 cernere

274 3120 554 3174 ordinatio
593 3120 713 3188 ejus
771 3131 993 3192 peracta
1025 3129 1126 3178 est.
1174 3124 1304 3178 Inde
1352 3138 1482 3178 vero
1515 3140 1780 3194 prospero
1810 3141 1899 3178 re-
1925 3093 1972 3160 Ο
1999 3123 2262 3194 speravit,
2294 3130 2466 3177 totum
2497 3122 2718 3194 penitus
2748 3122 3022 3193 dilapsum
3057 3125 3263 3194 reperit
3302 3142 3365 3178 ac
3395 3126 3622 3180 subver-

277 3211 396 3265 ditu
444 3211 670 3265 domum
701 3213 950 3280 veniens,
993 3213 1460 3286 conspiciensque
1501 3229 1687 3268 muros
1716 3215 1898 3269 eccle-

276 3302 374 3357 size
433 3302 681 3374 undique
729 3304 1031 3374 depositos,
1101 3305 1398 3377 omniaque
1447 3305 1678 3360 aediﬁcia
1737 3308 1899 3361 nimis

279 3397 538 3468 delapsa;
568 3398 708 3452 sicut
746 3399 848 3453 sub
905 3400 1072 3470 priori
1106 3401 1353 3454 antistite
1408 3401 1535 3472 igne
1591 3408 1716 3455 sunt
1764 3417 1901 3456 con-

277 3497 570 3554 summata,
601 3491 771 3544 nimia
820 3498 946 3547 tunc
1005 3492 1210 3546 mentis
1267 3493 1544 3547 anxietate
1604 3492 1895 3558 ﬂuctuans,

279 3580 558 3653 cogitabat
604 3583 841 3649 qualiter
921 3585 1441 3639 convenientissime
1527 3592 1634 3639 tam
1678 3587 1898 3655 penitus

282 3672 559 3727 destructa
588 3673 926 3729 retedificare
981 3677 1283 3746 potuisset:
1340 3676 1470 3747 quia
1509 3677 1744 3731 maxima
1777 3695 1900 3748 pars

282 3759 504 3815 familiaa
535 3778 564 3815 a
597 3763 827 3835 paganis
864 3763 1037 3819 fuerat
1067 3765 1268 3830 occiSa,
1305 3775 1358 3820 et
1385 3766 1590 3836 oppida
1619 3773 1813 3822 exusta
1847 3775 1902 3822 et

281 3852 622 3921 depraedata,
656 3870 781 3924 pars
807 3864 990 3909 autem
1044 3857 1264 3911 familiae
1317 3873 1442 3928 quae
1483 3866 1821 3913 remanserat
1845 3859 1898 3913 in

287 3959 485 4017 magno
515 3945 780 4018 egestatis
836 3946 1024 4002 labore
1062 3955 1179 4003 erat
1228 3948 1448 4004 afﬂicta.
1497 3950 1788 4021 Acquisitis
1819 3961 1902 4005 ta-

286 4047 412 4086 men
443 4034 755 4088 architectis
784 4043 837 4089 et
889 4036 1245 4092 multitudine
1296 4048 1626 4113 congregata
1659 4038 1903 4106 familiae,

285 4121 458 4190 coepit
504 4124 779 4195 sagaciter
823 4124 1003 4179 diruta
1065 4133 1395 4192 restaurare,
1447 4128 1696 4198 satisque
1727 4129 1904 4183 sensi-

285 4212 470 4267 biliter
497 4214 776 4277 ordinare,
837 4232 1149 4291 magnoque
1202 4217 1372 4272 animi
1425 4217 1638 4274 fervore
1675 4220 1907 4276 studens

289 4311 347 4356 ut
391 4312 572 4374 coepta
633 4305 898 4374 perlicere
958 4322 1068 4361 non
1122 4307 1429 4363 desisteret.
1495 4309 1626 4364 Cum
1657 4326 1789 4366 vero
1820 4312 1904 4365 vir

289 4406 505 4467 magnae
526 4394 812 4448 suavitatis
850 4395 1168 4450 inchoatum
1222 4413 1382 4466 opus,
1415 4398 1666 4468 quamvis
1712 4415 1900 4470 pressa

286 4457 654 4554 supellectile,
683 4485 873 4541 divino
919 4496 1031 4541 tum
1080 4457 1615 4545 fretus'adminiculo
1646 4457 1976 4545 ardenterD

289 4577 866 4649 implevit,omniaque
892 4578 1066 4648 ipsius
1089 4579 1277 4650 templi
1308 4581 1571 4636 interiora
1585 4583 1902 4655 omnigeno,

288 4676 556 4738 quantum
599 4669 788 4735 valuit,
831 4670 1186 4726 decoramine
1207 4687 1404 4726 ornare
1434 4673 1718 4728 contendit
1749 4693 1764 4736 ς
1805 4689 1907 4728 nec

291 4774 402 4813 non
437 4759 600 4812 etiam
636 4759 952 4829 frequenter
982 4761 1162 4832 sagaci
1205 4761 1488 4816 oculorum
1520 4762 1638 4816 aeie
1678 4763 1825 4816 intus
1852 4771 1907 4818 et

288 4850 598 4905 forinsecus
616 4851 918 4920 positiones
946 4851 1195 4906 ecclesiae
1221 4859 1377 4907 caute
1397 4853 1756 4923 perlustrans,
1781 4873 1906 4926 par-

289 4940 512 4994 vitatem
546 4954 654 4994 non
685 4938 881 4994 lucidas
929 4948 1135 5009 cryptae
1167 4940 1545 5012 vilitatemque
1584 4941 1693 4996 sibi
1740 4945 1906 4999 nimis

289 5031 586 5102 displicere
616 5039 973 5103 conquestus,
1007 5048 1179 5103 seque
1231 5033 1511 5103 professus
1568 5045 1650 5090 est
1677 5052 1904 5107 compe-

291 5117 497 5172 tentius
534 5117 955 5191 decentiusque,
994 5120 1040 5174 si
1086 5122 1228 5176 Deus
1263 5123 1518 5176 annuerit
1577 5125 1899 5194 positurum.

289 5209 534 5281 Cumque
582 5227 723 5280 opus
776 5222 1016 5282 emptum
1075 5213 1208 5268 satis
1288 5230 1539 5269 crescere
1599 5217 1905 5284 videretur,

291 5301 586 5357 Bamberto
616 5303 834 5359 cuidam
869 5303 1019 5358 fratri
1081 5305 1135 5358 in
1185 5306 1383 5360 exstasi
1422 5309 1622 5363 mentis
1682 5309 1910 5364 videba-

355 5487 466 5554 t“)
487 5487 740 5551 Hiltinus,
768 5487 1054 5543 Hiltenius.

362 5557 468 5630 (lg)
489 5558 729 5630 Henrico,
748 5559 979 5630 Aucupi.

360 5627 465 5696 (13)
496 5629 650 5684 Anno
680 5627 938 5684 nimirum
961 5631 1031 5686 24
1063 5630 1286 5687 ineunte

1999 3234 2140 3283 sum,
2173 3218 2477 3272 secundum
2516 3217 2832 3288 praedictam
2896 3219 3162 3274 rationem
3206 3219 3415 3290 praefati
3456 3221 3622 3274 Ram-

2000 3308 2162 3363 berti.
2193 3309 2328 3362 Tum
2384 3323 2517 3362 vero
2577 3308 2925 3364 cautioribus
2982 3309 3358 3366 fundamentis
3403 3312 3620 3383 positis,

1998 3401 2269 3455 stabiliter
2300 3399 2550 3470 perfecit.
2765 3469 2767 3472 ⁴

2070 3490 2186 3543 Alia
2225 3497 2404 3543 autem
2437 3488 2552 3541 vice
2575 3504 2698 3542 cum
2734 3472 2786 3541 in
2819 3489 3025 3558 Oppido
3056 3490 3332 3562 Waringa,
3372 3493 3611 3548 vocitato

2002 3586 2180 3656 primo
2235 3600 2396 3638 mane
2442 3583 2933 3638 consuetudinario
2986 3599 3184 3652 more,
3260 3585 3618 3655 psalmodiam

2000 3691 2122 3729 cum
2153 3674 2348 3728 eodem
2383 3671 2674 3725 Ramberto
2714 3671 3018 3726 studuisset
3041 3673 3288 3742 explere,
3327 3673 3474 3727 idem
3509 3675 3623 3729 fra-

2001 3771 2083 3818 ter
2111 3763 2279 3832 coepit
2309 3761 2525 3815 reﬂexis
2564 3760 2738 3815 oculis
2796 3761 2988 3816 timide
3046 3763 3274 3817 moveri.
3311 3763 3618 3836 Interroga-

2002 3861 2197 3924 tusquc
2223 3854 2292 3907 ab
2330 3869 2417 3916 eo,
2445 3852 2834 3922 respondebat,
2865 3853 3056 3908 dicens
3085 3871 3097 3907 :
3129 3874 3154 3903 «
3189 3854 3325 3909 Ecce
3349 3854 3510 3910 video
3530 3872 3621 3910 se-

2008 3950 2216 4003 niorem
2259 3964 2440 4002 meum
2473 3947 2873 4001 Adalberonem
2917 3949 3111 4003 eodem
3146 3950 3309 4003 modo
3342 3949 3483 4003 sicut
3523 3967 3620 4004 an-

2007 4050 2089 4097 tea
2111 4059 2237 4096 eum
2261 4041 2370 4094 vidi
2405 4039 2816 4110 praecipientem
2840 4040 2970 4095 mibi
2990 4042 3138 4095 utilli
3158 4041 3523 4096 ministrarem
3551 4044 3616 4096 ad

2006 4132 2250 4184 missam.
2287 4153 2311 4175 ιι
2347 4129 2447 4193 Qui
2475 4128 2654 4182 statim
2686 4144 2937 4200 surgens,
2970 4131 3218 4186 retractis
3268 4130 3506 4199 foribus,
3531 4149 3619 4186 re-

2005 4222 2167 4276 cessit
2190 4221 2260 4274 de
2286 4220 2521 4274 ecclesia
2559 4218 2739 4273 donec
2792 4220 2908 4274 haec
2937 4220 3073 4275 visio
3131 4220 3404 4276 finiretur.
3439 4222 3610 4277 Aliam

2006 4325 2134 4364 vero
2152 4309 2441 4373 visionem,
2477 4324 2639 4379 quam
2669 4308 2737 4361 de
2777 4309 2964 4362 multis
2995 4309 3250 4364 fratribus
3285 4310 3340 4364 in
3390 4311 3614 4365 veritate

2003 4401 2315 4455 dicentibus
2341 4400 2606 4454 accidisse
2659 4399 2990 4465 dedieimus,
3034 4401 3297 4457 oblivioni
3341 4418 3442 4456 nos
3498 4408 3614 4456 tra-

2005 4494 2138 4548 dere
2169 4508 2278 4546 non
2308 4497 2542 4560 Oportet.
2596 4491 2727 4554 Quia
2754 4507 2878 4545 cum
2919 4492 3211 4563 religiosus
3253 4493 3331 4547 vir
3372 4493 3464 4548 die
3492 4494 3620 4548 l'as-

2007 4587 2122 4641 chze
2153 4584 2512 4639 ministerium
2570 4590 3034 4638 sacramentorum
3077 4585 3321 4639 studiose
3351 4585 3618 4655 perficere

2007 4679 2330 4739 decertaret,
2356 4673 2704 4729 multitudine
2729 4673 3052 4727 clericorum
3069 4673 3418 4739 adveniente,
3435 4685 3488 4728 ct
3507 4676 3620 4730 cui-

2007 4767 2130 4820 dam
2159 4763 2511 4833 Heilricoﬂb)
2554 4761 2873 4833 presbytero
2896 4746 3138 4816 'cantore
3177 4763 3452 4817 existente
3480 4764 3616 4832 (sic),

2009 4854 2260 4926 apparuit
2290 4853 2510 4907 dextera
2548 4867 2670 4906 cum
2729 4850 2950 4904 dextera
2988 4851 3234 4921 episcopi
3275 4857 3617 4906 sacramenta

2009 4945 2378 5001 sanctificans.
2415 4943 2636 5012 Expleta
2675 4957 2804 4996 vero
2834 4941 3022 5008 missa,
3055 4942 3146 4996 ille
3181 4941 3436 5011 praefatus
3471 4941 3620 4993 Heil-

1957 5106 1975 5122 .
2009 5037 2152 5091 ricus
2192 5050 2433 5106 sequens
2486 5049 2610 5088 eum
2671 5033 2726 5086 in
2758 5033 3074 5088 cubiculum
3135 5047 3291 5085 suum
3325 5029 3522 5084 cecidit
3550 5031 3619 5085 ad

2009 5126 2181 5196 pedes
2211 5125 2418 5192 ejus,et
2449 5123 2720 5177 incautius
2752 5139 2916 5194 quam
2937 5119 3289 5175 debuissetin
3325 5120 3620 5189 praesentia

2010 5218 2446 5272 laicorumhanc
2475 5215 2743 5269 visionem
2804 5211 3133 5284 explanavit.
3193 5209 3320 5264 Cum
3378 5211 3470 5266 ille
3525 5228 3620 5266 rc-

2008 5310 2310 5380 spondens,
2345 5309 2480 5362 dixit
2513 5326 2525 5362 :
2561 5329 2584 5358 ››
2632 5307 2829 5362 Utilius
2880 5305 2979 5359 tibi
3032 5302 3223 5356 fuisset
3255 5302 3359 5358 ista
3391 5303 3620 5359 reticere

2077 5495 2186 5564 (1-4)
2219 5491 2569 5548 Fortunatum
2602 5489 2999 5545 Pictaviensem
3040 5486 3364 5560 episCOpum
3400 5487 3613 5542 intelli-

2001 5565 2081 5639 git
2107 5565 2416 5639 Veseris.

2073 5637 2182 5705 (l5)
2227 5636 2476 5691 Henrico.
