4062 6164
407 268 547 323 1015

1481 261 1533 315 S.
1581 258 1884 314 UDALRICI
1928 258 2300 314 AUGUSTANI
2345 258 2656 314 EPISCOPI.

3607 268 3760 328 1016

406 414 566 469 quam
600 396 747 466 loqui
777 413 788 448 :
825 413 850 444 ω
881 394 948 447 de
980 394 1082 446 hac
1114 407 1240 446 vero
1272 391 1634 462 responsione
1673 388 2011 459 stupefactus
2041 393 2089 460 Α
2115 404 2241 442 cum
2270 387 2493 458 populis
2523 386 2867 442 diversarum
2921 388 3330 458 provinciarum
3365 392 3558 449 habuit
3590 413 3606 457 ;
3648 399 3754 452 ubi

406 485 632 540 recessit
660 485 728 538 ab
749 498 837 550 eo,
882 489 936 536 et
963 481 1020 535 in
1052 496 1203 536 caena
1229 496 1352 550 quas
1378 489 1506 533 ante
1539 477 1852 532 cubiculum
1893 477 2014 546 ejus

405 587 488 632 est
510 585 616 631 sua
645 574 916 634 consedit,
951 580 1004 626 et
1023 571 1207 625 statim
1235 570 1379 624 oculi
1410 569 1529 637 ejus
1583 584 1780 642 magna
1815 566 2016 620 nimie-

407 677 516 724 tate
554 673 840 738 coeperunt
870 666 1136 734 lacrymas
1163 660 1470 726 effundere,
1500 661 1624 714 etin
1649 676 1716 713 ea
1747 657 2016 712 effusione

409 760 830 829 permanserunt
856 768 1030 822 usque
1070 751 1198 804 dum
1233 749 1288 802 in
1315 755 1486 804 totum
1523 747 1779 818 praesenti
1808 745 2016 801 lumine

409 849 604 921 privati
635 857 783 901 sunt.

480 941 546 994 ll.
588 940 703 993 Alio
737 945 1005 1007 tempore,
1035 936 1092 989 in
1125 942 1288 989 nocte
1319 932 1685 989 antecedente
1714 931 1860 985 diem
1893 947 2019 985 san-

409 1040 556 1086 ctum
585 1031 764 1084 C(BDEB
798 1027 1032 1091 Domini,
1065 1026 1222 1097 quasi
1271 1025 1326 1078 in
1355 1023 1567 1078 somnis
1593 1022 1804 1077 audivit
1829 1037 2018 1076 vocem

407 1124 511 1178 sibi
542 1125 862 1194 loquentem
896 1138 949 1173 :«
981 1119 1236 1173 Udalrice
1254 1119 1539 1190 episc0pe,
1573 1117 1716 1170 scias
1747 1123 1799 1170 te
1855 1114 2022 1170 hodie

411 1212 656 1282 hospites
680 1225 802 1264 esse
829 1215 1234 1278 suscepturum.
1266 1229 1285 1256 ι
1321 1206 1380 1260 Et
1401 1204 1820 1279 expergefactus
1842 1219 2022 1258 avoce

411 1307 504 1377 qui
535 1314 721 1359 essent
747 1303 825 1357 illi
864 1302 1112 1372 hospites
1162 1301 1331 1371 coepit
1373 1307 1627 1352 tractare.
1663 1297 1799 1352 Cum
1839 1303 2021 1351 autem

411 1393 994 1466 dormiret,loqueutis
1019 1393 1126 1446 sibi
1188 1392 1355 1446 verba
1388 1389 1593 1445 audivit
1631 1409 1642 1442 :
1687 1409 1710 1439 α
1737 1389 2024 1443 Orationes

412 1497 531 1543 tuas
557 1497 612 1542 et
640 1487 1023 1556 eleemosynas
1051 1490 1172 1537 tuas
1209 1483 1354 1538 oculi
1411 1481 1625 1536 Domini
1659 1496 2021 1550 conspexere,

411 1588 464 1635 et
503 1581 628 1634 ideo
659 1578 805 1631 binis
857 1574 1301 1630 antecessoribus
1366 1573 1475 1627 tuis
1505 1573 1615 1641 (16)
1651 1571 1948 1625 Fortunato
1971 1577 2024 1624 et

2117 495 2210 534 rex
2232 479 2598 552 Berengarius
2653 479 2721 533 de
2779 479 3162 553 Longobardia
3215 483 3327 552 (17)
3357 490 3412 537 et
3443 483 3593 540 ﬁlius
3625 489 3756 557 ejus

2118 568 2440 623 Adalbertus
2472 583 2593 621 cum
2624 567 2810 622 multis
2839 568 3116 638 episcopis
3149 585 3210 622 se
3234 579 3746 641 praesentaverunt,

2119 669 2174 715 et
2212 659 2459 714 dominio
2501 659 2615 726 (18)
2668 659 3058 713 subdiderunt.
3109 660 3488 734 lndicavitque
3513 667 3562 718 ei
3603 683 3755 721 ven-

2121 760 2295 807 turam
2341 750 2852 825 supergressionem
2917 751 3282 824 Ungarorum,
3333 762 3387 808 et
3417 755 3538 810 loca
3585 757 3755 822 belli,

2121 847 2176 896 et
2199 841 2448 912 quamvis
2488 839 2783 905 laboriose,
2843 849 3029 894 tamen
3096 841 3380 896 victoriam
3411 843 3757 900 Christianis

2121 951 2440 991 concessam
2474 949 2596 988 esse
2638 933 2931 988 nuntiavit.
2991 934 3096 990 Hac
3139 936 3356 990 visione
3379 946 3628 1007 peracta,
3658 957 3753 995 re-

2122 1031 2342 1085 ductum
2396 1045 2521 1084 eum
2568 1028 2625 1082 in
2679 1027 2880 1082 lectulo
2940 1029 3268 1084 collocatum
3324 1032 3552 1088 dimisit.
3619 1036 3748 1104 Ipse

2122 1133 2250 1173 vero
2276 1118 2344 1172 ad
2399 1133 2459 1171 se
2519 1132 2774 1171 reversus
2817 1117 3110 1189 cogitabat.
3164 1127 3484 1192 reverenter
3541 1123 3599 1175 in
3661 1139 3758 1177 re—

2122 1208 2499 1263 cordationem
2522 1222 2677 1261 suam
2710 1207 2921 1260 ducens
2953 1206 3088 1260 illud
3118 1206 3347 1262 illustris
3384 1209 3756 1266 verbisatoris

2124 1303 2262 1372 rapti
2286 1303 2352 1356 ad
2378 1309 2590 1356 secreta
2635 1300 2777 1356 tertii
2823 1301 2946 1356 coeli
2998 1301 3235 1356 dicentis
3291 1321 3304 1356 :
3365 1305 3490 1360 Sive
3539 1308 3603 1359 in
3634 1322 3755 1360 cor—

2121 1405 2267 1458 pore,
2299 1393 2410 1443 sive
2439 1395 2598 1444 extra
2627 1405 2818 1458 corpus
2859 1392 2922 1454 (ΙΙ
2980 1391 3098 1444 Cor.
3162 1392 3282 1458 xu),
3316 1400 3421 1448 etc.
3461 1394 3586 1449 Haec
3617 1411 3756 1449 vero

2125 1480 2261 1534 visio
2293 1479 2362 1534 ab
2381 1495 2446 1534 eo
2470 1479 2660 1550 paucis
2714 1479 3080 1549 prudentibus
3116 1497 3178 1535 ac
3227 1482 3337 1535 sibi
3382 1482 3757 1540 familiaribus

2125 1567 2469 1621 manifestata
2487 1575 2587 1622 est.
2623 1567 2818 1622 Postea
2874 1577 3053 1622 autem
3104 1576 3311 1625 curtem
3353 1573 3500 1646 regis
3528 1575 3752 1640 adiens,

418 1673 744 1730 Adalberoni
769 1687 828 1726 es
882 1669 1324 1732 commendatus,
1379 1675 1438 1721 ut
1477 1667 1574 1722 tibi
1621 1666 1785 1720 hodie
1817 1675 1871 1720 et
1903 1673 2025 1736 post
2055 1696 2101 1760 Β
2127 1659 2288 1713 solito
2310 1674 2464 1713 more
2495 1659 2720 1713 servitio
2747 1661 2869 1727 ejus
2895 1659 3260 1728 subdebatur,
3293 1680 3469 1735 usque
3503 1666 3638 1719 dum
3659 1683 3756 1720 rex

414 1771 544 1824 hinc
571 1768 625 1821 in
677 1768 800 1821 istis
858 1765 1026 1819 sacris
1081 1762 1524 1818 solemnitatibus
1567 1779 1720 1817 sacra
1769 1762 2027 1833 mysteria

415 1859 716 1917 celebranti
749 1858 1030 1922 assistant,
1063 1862 1116 1910 et
1153 1871 1215 1909 ea
1259 1863 1435 1910 tecum
1456 1855 1806 1910 benedicant.
1833 1855 2032 1909 »Mane

417 1961 597 2007 autem
628 1951 792 2015 facto,
825 1948 967 2012 aliis,
997 1947 1136 2001 sicut
1164 1961 1284 2000 mos
1318 1952 1424 2009 est,
1459 1945 1697 2015 peractis
1726 1944 2030 2016 mysteriis,

415 2039 900 2098 circumstantibus
925 2037 1301 2091 ministrorum
1336 2035 1649 2102 ordinibus,
1691 2051 1813 2090 cum
1843 2051 2032 2090 sacra-

415 2141 602 2187 menta
623 2134 998 2191 consecraret,
1040 2128 1159 2198 ipse
1185 2133 1239 2180 et
1279 2126 1501 2197 quidam
1550 2127 1620 2181 de
1666 2127 2032 2182 circumstan-

416 2221 559 2275 tibus
589 2218 904 2274 devotiores
953 2216 1212 2270 viderunt
1243 2215 1524 2270 dexteram
1577 2216 1790 2270 Domini
1818 2231 1940 2270 cum
1968 2230 2036 2270 eo

414 2312 758 2360 sacramenta
791 2319 1141 2368 consecrare,
1176 2307 1232 2356 et
1257 2304 1472 2374 signum
1507 2304 1686 2358 crucis
1712 2303 2034 2372 imponere;

415 2395 638 2466 quibus,
681 2393 809 2464 quia
856 2411 955 2462 per
991 2393 1241 2464 Spiritum
1294 2409 1389 2448 eos
1419 2394 1648 2455 sciebat,
1699 2410 1822 2448 cum
1862 2393 2026 2448 viati-

414 2506 536 2543 cum
568 2489 636 2542 ab
669 2505 735 2543 eo
765 2487 1046 2558 accepturi
1086 2489 1434 2553 accederent,
1461 2489 1692 2561 digitum
1725 2488 1804 2542 ori
1827 2504 2029 2557 super-

416 2577 764 2646 posuitutde
795 2577 1006 2631 visione
1068 2583 1330 2636 tacerent.
1367 2576 1567 2646 quibus
1619 2576 1806 2640 etiam,
1842 2583 2030 2643 postea

414 2668 480 2720 ad
507 2684 567 2721 se
598 2667 825 2732 vocatis,
859 2682 980 2737 qua;
1010 2667 1061 2720 ei
1122 2667 1176 2719 in
1208 2673 1366 2720 nocte
1419 2666 1564 2720 dicta
1615 2675 1764 2731 sunt,
1815 2673 2029 2721 secreto

416 2758 708 2821 nuntiavit,
740 2765 793 2811 et
820 2758 1080 2828 prmoepit
1129 2765 1208 2821 ut,
1251 2772 1317 2811 eo
1376 2756 1615 2823 vivente,
1670 2774 1852 2828 neque
1893 2757 2027 2824 visa,

416 2867 596 2922 neque
625 2852 693 2904 ab
724 2866 789 2904 eo
838 2857 1049 2904 secrete
1097 2849 1284 2903 audita
1327 2849 1491 2904 alicui
1532 2849 2028 2914 manifestarent,si

415 2948 741 3010 praesentem
773 2939 952 2993 adhuc
982 2939 1148 2992 vitam
1182 2939 1386 2992 habere
1419 2939 1740 2994 voluissent.

487 3028 705 3095 Majoris
737 3029 899 3080 etiam
927 3027 1157 3081 visionis
1189 3027 1522 3097 sibimetipsi
1555 3027 1903 3081 manifestata
1930 3027 2028 3080 mi-
2055 3046 2101 3110 (τ

419 3120 601 3175 racula
633 3120 734 3172 sub
764 3117 986 3172 silentio
1032 3119 1444 3171 recondendum
1498 3119 1703 3171 bonum
1756 3134 1878 3171 esse
1917 3134 2026 3171 non

416 3212 644 3265 aestimo.
682 3210 814 3273 Quia
832 3210 1067 3280 quadam
1117 3219 1297 3274 nocte,
1335 3227 1457 3262 cum
1494 3226 1695 3280 corpus
1726 3210 1926 3264 lectulo
1959 3210 2027 3262 ad

417 3299 802 3353 dormiendum
867 3299 1211 3362 collocasset,
1261 3299 1396 3352 vidit
1449 3305 1692 3352 sanctam
1739 3297 1917 3352 Afrani
1971 3298 2024 3352 in

416 3403 615 3460 magna
649 3386 1007 3453 formositate,
1043 3387 1270 3456 pulchra
1325 3387 1508 3441 tunica
1561 3387 1809 3442 indutam
1864 3397 2029 3459 atque

417 3477 776 3543 succinctam,
809 3485 1047 3532 stantem
1073 3487 1198 3531 ante
1226 3478 1430 3547 ipsum,
1464 3479 1854 3551 dicentemque
1877 3481 1983 3534 sibi
2014 3499 2026 3534 :

418 3569 648 3642 «Surge,
672 3577 725 3624 et
742 3585 978 3640 sequere
1001 3586 1108 3624 me.
1140 3592 1166 3620 ››
1183 3570 1247 3624 Ει
1267 3571 1384 3624 haec
1405 3571 1617 3636 dicens,
1637 3573 1959 3627 eduxiteum
1977 3574 2031 3627 in

417 3678 666 3732 campum
691 3663 785 3734 qui
826 3664 989 3738 vulgo
1029 3664 1232 3718 dicitur
1277 3664 1554 3719 Lechfeld.
1615 3665 1696 3719 lbi
1724 3667 1877 3720 enim
1903 3683 2031 3722 san-

415 3762 562 3807 ctum
591 3752 829 3816 Petrum,
880 3753 1185 3824 principem
1235 3755 1636 3824 apostolorum,
1670 3756 1881 3811 invenit
1907 3774 2031 3812 cum

417 3843 767 3896 multitudine
801 3859 998 3917 magna
1026 3845 1410 3914 cpisCOporum
1443 3853 1498 3900 et
1548 3847 1781 3902 aliorum
1813 3857 2034 3904 sancto-

418 3951 559 3999 rum,
589 3943 644 3988 et
674 3951 863 3988 eorum
897 3952 1036 4005 quos
1094 3936 1186 3990 ille
1234 3945 1360 3991 ante
1414 3953 1522 3992 non
1552 3938 1798 4004 videbat,
1833 3950 1887 3994 et
1917 3949 2028 3994 tum

417 4028 550 4076 nutu
582 4022 676 4075 Dei
739 4024 1108 4094 cognoscebat
1167 4024 1331 4089 bene,
1391 4027 1656 4096 synodale
1689 4028 2027 4100 colloquium

417 4133 539 4169 cum
567 4116 649 4170 eis
681 4114 994 4180 facientem,
1023 4124 1078 4172 et
1108 4134 1305 4194 magna
1319 4128 1373 4173 et
1393 4119 1819 4175 innumerabilia
1842 4122 2031 4192 dispo-

419 4215 663 4272 nentem,
705 4209 1162 4280 Arnolphumque
1212 4211 1408 4266 ducem
1463 4213 1815 4268 Bavariorum
1849 4215 2031 4269 adhuc

418 4303 786 4366 viventem,de
805 4303 1182 4359 destructione
1215 4307 1509 4361 multorum
1548 4309 2030 4376 monasteriorum,

420 4415 542 4467 quae
574 4398 628 4451 in
659 4396 931 4452 beneficia
960 4399 1222 4454 laicorum
1257 4401 1465 4465 divisit,
1499 4402 1568 4456 de
1600 4402 1791 4457 multis
1831 4405 2035 4459 sanctis

418 4494 735 4541 accusatum
766 4487 1394 4561 legaliterjudicantem,
1437 4501 1491 4546 et
1522 4509 1683 4548 enses
1711 4495 1853 4549 duos
1878 4495 2034 4549 valde

421 4575 642 4641 herilcs,
675 4594 846 4632 unum
889 4594 1011 4633 cum
1067 4581 1284 4650 capulo,
1327 4589 1381 4636 et
1411 4581 1640 4636 alterum
1669 4583 1791 4637 sine
1838 4585 2034 4654 capulo

419 4671 524 4724 sibi
556 4672 962 4737 ostendentem,
994 4683 1049 4728 et
1079 4675 1158 4730 sic
1190 4675 1580 4747 loquentemu
1615 4678 1708 4732 Dic
1739 4679 1853 4749 regi
1889 4679 2032 4733 Hen-

420 4761 667 4825 rico,ille
692 4764 840 4818 ensis
865 4766 958 4836 qui
985 4773 1068 4820 est
1118 4767 1238 4820 sine
1281 4768 1496 4838 capulo,
1541 4768 1811 4842 significat
1846 4786 2029 4841 regem

419 4856 514 4926 qui
545 4856 667 4910 sine
695 4857 1083 4913 benedictione
1125 4860 1426 4929 pontificali
1477 4841 1705 4934 regnum
1767 4841 1982 4918 timebit
2016 4882 2030 4929 ;

419 4949 704 5017 capillatus
734 4958 943 5010 autem,
972 4952 1064 5022 qui
1120 4952 1514 5008 benedictione
1565 4953 1750 5007 divina
1781 4953 1933 5026 regni
1961 4961 2036 5008 te-

420 5040 977 5115 nebitgubernacula.
1015 5065 1038 5092 »
1097 5043 1274 5098 Finita
1305 5045 1492 5116 itaque
1533 5045 1749 5115 synodo
1782 5045 2030 5116 prmfata,

420 5128 512 5181 Dei
545 5136 746 5200 martyr
775 5133 1096 5186 monstravit
1143 5132 1219 5186 illi
1278 5134 1394 5188 loca
1425 5142 1726 5189 castrorum
1779 5134 1873 5188 ubi
1933 5149 2034 5204 po-

420 5226 534 5274 stea
554 5220 693 5285 Otto,
743 5238 834 5276 rex
865 5223 1045 5278 adhuc
1088 5239 1338 5291 manens,
1398 5227 1638 5299 regalem
1691 5225 2025 5281 locutionem

489 5374 595 5498 (16)
648 5375 759 5430 Hoc
822 5378 1050 5432 verbum
1112 5379 1219 5433 late
1271 5381 1599 5434 sumendum
1647 5379 1882 5441 videtur,
1907 5393 2030 5431 cum

489 5493 491 5498 .
519 5446 604 5498 lus
628 5446 950 5498 Fortunatus
989 5451 1331 5498 Angustanns
1377 5452 1671 5498 enignnnns
1701 5450 2026 5498 reneriatur.

419 5446 604 5522 nullus
628 5446 950 5522 Fortunatus
988 5451 1331 5522 Augustanus
1377 5452 1671 5522 episcopus
1701 5450 2026 5521 reperiatur.

440 5528 443 5530 '
492 5517 534 5592 (1
546 5517 597 5592 ξι)
627 5517 726 5592 lilii
759 5534 946 5592 regem
983 5517 1147 5576 [taliae
1169 5529 1381 5576 vocant.

497 5589 602 5672 '18)
632 5589 999 5672 Ιέθηςιξεξετίυε
1018 5610 1118 5672 res
1145 5609 1253 5672 usa
1293 5610 1419 5672 cum
1454 5593 1666 5672 tilias?
1714 5590 2030 5672 ρὲιοηίλλυ-

420 5666 593 5734 gustaa
633 5659 870 5731 dedidit,
900 5679 969 5718 an
1015 5665 1136 5721 95³1.
1173 5664 1438 5720 Contract.
1466 5666 1688 5722 Witich.
1716 5667 1850 5722 Dict.
1895 5661 2024 5727 Mar.

2053 4448 2104 4513 ι)

2137 1752 2401 1807 Henricus
2454 1761 2780 1822 praesentem
2827 1752 2993 1806 vitam
3043 1752 3225 1809 finiret
3264 1756 3398 1826 (l9).
3431 1759 3624 1813 Ottoni
3660 1760 3758 1813 ita-

2135 1857 2240 1912 que
2280 1839 2395 1896 filio
2416 1840 2536 1910 ejus
2557 1843 2609 1894 in
2644 1858 2874 1914 regnum
2929 1843 3246 1912 sublimato,
3280 1848 3536 1902 eamdem
3585 1867 3755 1920 quam

2137 1932 2276 2002 patri
2300 1931 2652 1986 sedulitatem
2678 1932 2885 1987 servitii
2908 1943 2961 1987 et
2994 1932 3122 1988 fidei
3147 1934 3468 1992 firmitatem
3516 1939 3573 1992 in
3615 1956 3759 1994 cun-

2135 2024 2518 2094 ctisimpertiri
2560 2025 2833 2080 studebat.
2883 2027 3036 2082 Tunc
3056 2043 3184 2082 vero
3218 2032 3484 2100 temporis
3515 2033 3763 2088 habebat

2136 2117 2430 2186 episcopus
2476 2116 2762 2172 Udalricus
2811 2116 2982 2172 ﬁlium
3038 2120 3242 2174 sororis
3285 2138 3398 2176 suae
3443 2123 3759 2196 Luitgardze

2137 2205 2298 2260 bona:
2327 2205 2554 2270 indolis,
2579 2206 2980 2260 Adalberoncm
3037 2209 3283 2275 nomine,
3305 2211 3524 2264 cuidam
3547 2214 3762 2268 doctis-

2138 2297 2277 2351 simo
2308 2298 2591 2370 magistro,
2623 2297 2920 2352 Benedicto
2953 2300 3244 2365 monacho,
3287 2302 3354 2355 ad
3386 2305 3763 2360 erudiendum

2130 2386 2416 2440 scientiam
2458 2387 2827 2459 grammaticae
2883 2389 3017 2443 artis
3074 2397 3128 2444 et
3189 2391 3423 2446 aliorum
3483 2394 3762 2449 librorum

2132 2475 2598 2532 commendatum.
2633 2477 2876 2548 Cumque
2901 2477 2994 2533 ille
3021 2478 3088 2532 ab
3126 2494 3192 2533 eo
3221 2479 3276 2532 in
3327 2483 3591 2538 omnibus
3624 2501 3762 2554 pro—

2131 2568 2371 2623 fectibus
2413 2570 2574 2624 bona:
2614 2571 2861 2626 scientiae
2905 2583 2960 2626 et
2990 2573 3300 2643 disciplinae
3342 2576 3541 2630 doctus
3585 2587 3766 2648 atque

2132 2658 2396 2714 educatus
2427 2657 2481 2714 in
2501 2659 2658 2715 virile
2690 2661 2856 2716 robur
2881 2662 3219 2730 devenisset,
3241 2665 3425 2718 statim
3447 2666 3517 2720 de
3557 2669 3761 2722 schola

2132 2754 2444 2815 exemptus,
2490 2748 2559 2801 ab
2605 2751 2877 2805 avunculo
2936 2767 3034 2805 suo
3093 2751 3358 2822 episc0po
3431 2753 3765 2824 imperatori

2132 2842 2515 2904 praesentatus,
2556 2845 2611 2892 et
2663 2838 2719 2892 in
2764 2856 2960 2894 manus
3011 2840 3131 2907 ejus
3185 2841 3577 2897 misericordia:
3605 2859 3767 2899 com-

2130 2925 2439 2989 mendatus,
2471 2927 2638 3001 regali
2677 2928 2897 2982 servitio
2933 2935 3038 2983 tam
3069 2929 3314 2985 studiose
3346 2940 3512 3002 atque
3539 2934 3764 2988 decen-

2131 3019 2213 3065 ter
2240 3013 2546 3079 iusistebat,
2578 3031 2750 3084 usque
2802 3017 2932 3069 dum
2993 3018 3311 3088 imperatori
3353 3020 3474 3086 ejus
3500 3021 3768 3076 ministe-

2132 3101 2266 3154 rium
2291 3102 2346 3156 in
2369 3102 2757 3158 ecclesiasticis
2787 3115 2842 3158 et
2866 3106 3228 3161 saecularibus
3271 3109 3413 3163 bene
3436 3109 3764 3180 placuisset.

2132 3196 2202 3250 De
2235 3197 2335 3252 hac
2364 3214 2460 3268 pro
2492 3205 2640 3253 certo
2669 3199 2963 3254 sedulitate
3000 3202 3120 3270 ejus
3168 3203 3381 3257 servitii
3414 3205 3766 3289 quotidiani,

2126 3306 2450 3345 concessum
2474 3300 2558 3346 est
2609 3291 2729 3360 ejus
2759 3294 3031 3348 avunculo
3087 3305 3275 3350 sancto
3343 3297 3600 3352 Udalrico
3642 3303 3766 3370 epi—

2130 3401 2320 3455 sc0po,
2378 3393 2436 3440 ut
2466 3385 2726 3456 praefatus
2794 3388 3065 3443 Adalbero
3121 3389 3176 3442 in
3232 3391 3351 3460 ejus
3405 3392 3524 3446 vice
3555 3393 3766 3449 itinera

2133 3479 2354 3534 hostilia
2374 3496 2496 3547 cum
2522 3480 2722 3534 militia
2749 3481 3054 3552 episcopali
3099 3482 3156 3536 in
3207 3485 3547 3540 voluntatem
3582 3488 3769 3558 impe-

2133 3571 2328 3625 ratoris
2359 3577 2666 3642 perageret,
2707 3581 2766 3625 et
2795 3572 2848 3626 in
2877 3582 3032 3626 curte
3081 3573 3432 3644 imperatoris
3479 3575 3608 3643 ejus
3641 3579 3765 3633 vice

2133 3665 2457 3719 assiduitate
2481 3665 2688 3720 servitii
2738 3673 3062 3731 moraretur,
3124 3683 3190 3720 ea
3217 3668 3474 3723 videlicet
3504 3685 3682 3725 causa
3709 3681 3768 3726 ut

2134 3757 2359 3828 praefato
2417 3758 2656 3826 praesuli,
2691 3759 2785 3812 Dei
2837 3759 3085 3824 servitio,
3145 3768 3199 3814 et
3242 3762 3509 3816 custodiae
3561 3767 3768 3836 gregis

2135 3849 2528 3915 commendati,
2561 3857 2616 3904 et
2642 3849 2974 3904 utilitatibus
3003 3851 3275 3912 ecclesim,
3302 3861 3357 3907 et
3387 3855 3767 3919 orationibus,

2137 3947 2191 3992 et
2220 3937 2586 4008 cleemosynis
2614 3939 2920 3992 secundum
2978 3955 3138 3993 suum
3193 3939 3532 3994 desiderium
3556 3940 3767 3995 immo—

2134 4031 2238 4085 rari
2266 4033 2526 4086 licuisset.
2549 4032 2647 4086 llle
2673 4047 2824 4098 vero,
2847 4040 3115 4103 quantum
3146 4035 3690 4088 saecularibuscuris
3707 4053 3770 4089 se

2131 4124 2527 4179 absolutiorem
2545 4139 2664 4178 esse
2697 4125 2990 4194 persensiit
3021 4127 3164 4191 (sic),
3196 4133 3402 4179 tantum
3424 4127 3681 4196 seipsum
3709 4128 3765 4180 in

2132 4218 2226 4272 Dei
2258 4219 2538 4277 voluntate
2565 4217 2746 4271 facere
2786 4217 3067 4272 nitebatur
3108 4218 3525 4287 obligatiorem.
3555 4218 3769 4273 Cursus

2135 4311 2349 4367 scilicet
2403 4310 2762 4381 quotidianus
2839 4327 2964 4366 cum
3050 4312 3442 4367 matriculariis
3517 4313 3641 4380 (ΞΟ)
3705 4313 3762 4366 in

2134 4401 2570 4468 choroejusdem
2602 4400 2900 4456 matriculze
2957 4401 3025 4456 ab
3083 4417 3150 4457 eo
3208 4413 3366 4456 caute
3408 4402 3763 4457 observaba-

2137 4498 2244 4556 tur,
2303 4491 2750 4560 quandocunque
2791 4489 2842 4544 ei
2899 4490 3047 4544 domi
3105 4491 3443 4545 manendum
3484 4492 3609 4545 aliae
3664 4507 3763 4546 oc-

2137 4585 2432 4654 cupatione
2508 4595 2930 4649 consenserunt,
3003 4585 3237 4655 Insuper
3311 4590 3494 4637 autem
3583 4600 3763 4636 unum

2134 4680 2426 4736 cursumin
2461 4681 2668 4734 honore
2721 4686 2922 4734 sanctas
2972 4680 3151 4734 Mariae
3201 4679 3486 4753 genitricis
3545 4679 3668 4742 Dei,
3703 4688 3765 4733 et

2135 4773 2366 4828 alterum
2415 4772 2482 4826 de
2513 4779 2699 4826 sancta
2748 4788 2927 4834 cruce,
2982 4772 3199 4827 tertium
3229 4769 3297 4825 de
3335 4770 3595 4824 omnibus
3624 4787 3764 4825 san-

2137 4863 2260 4927 ctis,
2288 4861 2499 4916 etalios
2525 4861 2765 4931 psalmos
2790 4861 3076 4931 plurimos,
3111 4868 3400 4930 totumque
3430 4859 3760 4929 psalterium

2137 4950 2286 5006 omni
2319 4949 2412 5004 die
2457 4950 2680 5020 explere
2717 4950 2912 5006 solitus
2943 4959 3080 5013 erat,
3127 4949 3230 5002 nisi
3261 4949 3306 5002 si
3337 4964 3463 5002 eum
3513 4948 3763 5018 impedi-

2136 5053 2216 5101 ret
2266 5045 2449 5116 aliqua
2500 5045 2835 5100 inevitabilis
2905 5044 3228 5099 necessitas.
3312 5043 3501 5097 Missas
3565 5051 3759 5096 autem

2135 5143 2246 5190 tres
2283 5136 2390 5200 (21)
2447 5136 2532 5190 vel
2588 5137 2724 5189 duas
2770 5143 2863 5189 aut
2916 5150 3103 5198 unam,
3161 5133 3464 5188 secundum
3498 5132 3751 5201 spatium

2130 5225 2413 5295 temporis,
2447 5231 2666 5280 cantare
2691 5224 2936 5296 quotidie
2985 5239 3097 5279 non
3138 5221 3322 5286 desiit,
3377 5221 3423 5275 si
3455 5220 3760 5275 infirmitas

2133 5384 2186 5432 ct
2214 5379 2327 5443 alii,

2207 5451 2312 5519 (19)
2345 5454 2424 5505 An
2469 5453 2592 5508 936.

2203 5517 2311 5589 (20)
2344 5523 2713 5589 Matricularii,
2733 5521 2921 5576 clerici
2952 5517 3545 5595 matricis_ccclesi§e._n
3591 5586 3602 5595 _

2202 5585 2313 5666 (21)
2343 5595 2568 5651 Sublata
2585 5602 2668 5651 est
2697 5585 2762 5648 ea
2781 5591 3127 5648 consuetudo
3173 5591 3304 5646 Vide
3332 5605 3376 5644 c.
3415 5585 3654 5651 Sufficit,
3685 5585 3754 5637 de

2153 5672 2424 5723 consecrat
2453 5669 2506 5723 d.
2543 5669 2595 5722 1.
