4038 6178
267 373 403 426 1017

1845 371 2012 425 νιτΑ.

3458 362 3594 416 1018

261 502 512 572 corporis
570 507 663 554 aut
693 499 916 569 aliquod
969 498 1210 552 studium
1241 498 1446 552 bonum
1505 498 1554 553 ei
1598 514 1707 554 non
1737 498 1875 552 sub-
1908 507 1952 570 Α
1984 497 2105 564 ejus
2134 505 2350 558 ornatu,
2381 495 2467 548 vel
2493 495 2560 548 de
2598 492 2868 563 paraturis
2890 492 3136 547 altarium
3166 500 3221 545 et
3245 491 3598 556 clericorum,
3627 541 3634 547 .

262 591 440 646 traxit.

339 689 426 742 lll.
465 687 640 740 Multis
700 685 1040 756 temporibus
1082 699 1246 738 carne
1303 683 1588 749 abstinuit,
1645 685 1740 738 sed
1799 693 1883 738 ta-

263 799 392 836 men
433 781 556 835 aliis
585 795 708 834 cum
741 794 806 832 eo
841 776 1304 831 manducantibus
1333 777 1680 831 abundanter
1706 777 1881 830 dona-

265 870 359 922 vit.
399 869 456 921 In
495 866 836 938 quotidianis
879 864 1294 930 refectionibus,
1349 865 1571 935 quando
1616 880 1736 919 cum
1769 865 1883 920 suis

261 959 330 1012 ad
374 973 618 1010 mensam
659 954 914 1018 sedebat,
971 953 1145 1024 prima
1173 953 1446 1023 appositio
1487 969 1690 1024 panum
1719 961 1882 1024 atque

263 1049 536 1111 ciborum,
578 1062 642 1099 ex
700 1045 932 1098 maxima
965 1053 1138 1114 parte,
1167 1060 1263 1113 per
1318 1044 1562 1114 aliquem
1619 1045 1880 1098 clericum

270 1141 356 1194 cui
400 1141 516 1193 haec
542 1137 928 1193 commendata
962 1144 1109 1201 sunt,
1144 1136 1482 1206 pauperibus
1513 1136 1882 1202 dividebatur,

197 1297 200 1304 ι
266 1231 519 1300 exceptis
546 1230 632 1283 his
663 1229 872 1283 mancis
896 1236 1058 1298 atque
1090 1227 1367 1282 debilibus
1396 1228 1512 1298 qui,
1546 1228 1600 1280 in
1632 1227 1887 1300 grabatu-

267 1320 338 1373 lis
380 1328 432 1372 et
487 1319 542 1372 in
576 1317 796 1371 lectulis
826 1323 878 1369 et
923 1316 976 1368 in
1009 1315 1286 1368 scamellis
1333 1316 1698 1381 ambulantes,
1731 1325 1782 1371 et
1830 1317 1886 1369 in

267 1413 565 1484 sperulatis
591 1410 827 1473 lectulis,
852 1410 1238 1481 quotidianum
1263 1411 1463 1464 victum
1497 1411 1554 1464 in
1585 1412 1706 1479 ejus
1737 1427 1884 1480 prm-

265 1509 444 1562 sentia
477 1513 812 1576 acceperunt
839 1506 907 1558 de
948 1504 1180 1574 optimis
1204 1505 1346 1558 escis
1377 1512 1429 1558 et
1462 1507 1701 1574 potibus.
1734 1506 1884 1560 Alio-

270 1617 387 1653 rum
423 1609 605 1653 autem
651 1597 757 1667 (22)
794 1611 980 1658 nemo,
1023 1597 1116 1667 qui
1162 1596 1217 1650 in
1266 1613 1364 1650 sua
1407 1598 1721 1666 prtesentia,
1767 1598 1882 1652 sive

272 1703 438 1746 notus
481 1691 674 1745 fuisset
737 1690 852 1744 sive
909 1689 1172 1760 ignotus,
1243 1689 1425 1742 cibum
1481 1695 1880 1759 sumpserunt,

273 1784 526 1837 esuriens
555 1789 646 1836 aut
676 1781 869 1835 sitiens
899 1780 1210 1843 recededat,
1253 1780 1357 1832 nisi
1388 1779 1688 1850 aliquando
1728 1781 1886 1835 incu-

269 1878 349 1930 ria
381 1882 476 1928 aut
507 1874 720 1928 tenacia
750 1873 1125 1925 ministrorum
1180 1871 1504 1940 contigisset
1531 1879 1721 1927 contra
1766 1873 1886 1943 epi-

268 1965 423 2033 sc0pi
483 1964 836 2016 voluntatem.
913 1961 1168 2030 Hospites
1227 1969 1408 2014 autem
1459 1977 1580 2016 cum
1639 1961 1704 2015 ad
1761 1978 1886 2016 eum

272 2056 652 2118 (lc-venissent,
704 2053 946 2123 tripudio
1004 2058 1060 2106 et
1100 2059 1247 2106 tanta
1293 2053 1570 2107 hilaritate
1607 2053 1788 2108 vultus
1836 2063 1890 2109 et

276 2147 446 2201 animi
481 2145 720 2214 suscepti
753 2152 880 2199 sunt
909 2151 964 2198 et
1010 2143 1062 2197 in
1093 2144 1352 2199 omnibus
1384 2145 1676 2214 procurati,
1717 2146 1886 2200 veluti

275 2237 358 2290 eis
389 2238 598 2306 optime
657 2234 1042 2299 conveniebat,
1091 2235 1274 2289 sciens
1303 2232 1358 2287 in
1390 2234 1472 2287 eis
1517 2233 1786 2288 Christum
1827 2250 1889 2289 se

267 2326 608 2394 suscepisse,
641 2323 732 2377 illo
772 2323 1024 2377 dicente:
1075 2325 1276 2392 Hospes
1318 2325 1426 2389 fui,
1483 2328 1532 2377 et
1579 2326 1888 2392 suscepistis

269 2433 351 2470 me
390 2417 590 2486 (Matii.
621 2418 762 2471 xxv)
810 2414 983 2468 Vasali
1024 2422 1207 2469 autem
1264 2415 1380 2483 {23)
1429 2415 1774 2485 imperatoris
1820 2415 1889 2469 ab

269 2521 336 2560 eo
373 2510 671 2575 pergentes
703 2504 787 2556 vel
819 2503 886 2556 ad
921 2519 1046 2557 cum
1077 2503 1398 2567 redeuntes,
1432 2519 1646 2558 summo
1681 2504 1886 2558 honore

273 2597 543 2666 suscepti,
580 2603 634 2649 et
690 2595 743 2648 in
787 2602 995 2648 tantum
1044 2600 1170 2648 sunt
1195 2595 1498 2664 epulentati
1544 2604 1602 2648 ut
1649 2594 1702 2648 in
1737 2595 1888 2649 nullo

271 2704 370 2742 eos
401 2694 495 2740 aut
521 2687 768 2751 jumenta
795 2701 984 2740 eorum
1017 2685 1128 2739 ulla
1159 2685 1465 2758 indigentia
1498 2685 1766 2755 fatigaret,
1799 2701 1888 2740 ac-

272 2779 563 2848 ceptisque
614 2792 801 2832 secum
833 2776 1126 2846 stipendiis
1153 2776 1369 2831 itineris
1402 2793 1592 2831 eorum
1636 2792 1888 2830 necessa-

273 2869 388 2931 riis,
449 2869 553 2922 lzeti
599 2869 667 2922 ab
725 2882 792 2922 eo
839 2867 1102 2922 redirent.
1149 2868 1448 2922 il‘lonachos
1497 2877 1678 2922 autem
1731 2875 1892 2938 atque

274 2961 511 3015 clericos
565 2967 617 3013 et
687 2959 1132 3014 sanctimoniales
1214 2975 1336 3014 eum
1397 2960 1679 3013 visitantes
1741 2974 1892 3013 more

277 3048 518 3102 filiorum
554 3048 776 3112 amavit,
806 3055 858 3100 et
886 3047 1267 3117 spiritualibus
1310 3063 1405 3102 eos
1440 3055 1606 3118 atque
1635 3063 1895 3117 corpora-

269 3138 420 3190 libus
449 3137 591 3190 escis
639 3137 989 3190 abundanter
1027 3138 1314 3204 recreavit,
1363 3149 1420 3193 et
1449 3155 1570 3192 cum
1630 3139 1722 3194 illo
1779 3155 1887 3193 ma-
1913 3174 1959 3240 (η
1987 3143 2150 3197 solito
2192 3157 2344 3196 more
2373 3155 2590 3195 crucem
2637 3138 3006 3209 portantibus,
3060 3137 3181 3208 ipse
3210 3150 3502 3190 remanens
3556 3133 3609 3186 in

697 3229 726 3240 -Α
961 3228 994 3240 ιο
1405 3230 1415 3240 1
1564 3230 1595 3240 ,ο
1813 3230 1823 3240 ι
1948 3217 1962 3236 Ι
2094 3238 2101 3240 .
2178 3215 2199 3240 -“
2343 3234 2374 3240 -.
2458 3235 2468 3240 -
2610 3233 2622 3240 .
2751 3233 2760 3240 .
3160 3231 3170 3240 ι
3241 3230 3250 3238 .
3527 3225 3579 3240 ιο·

272 3244 405 3281 nere
462 3229 734 3282 concessit
790 3228 1036 3299 quandiu
1085 3245 1278 3283 eorum
1331 3230 1598 3284 voluntati
1645 3230 1891 3300 compla-

265 3320 397 3381 cuit,
435 3327 488 3373 et
532 3335 776 3392 congruo
816 3327 1066 3390 tempore
1097 3321 1152 3373 in
1207 3321 1466 3375 omnibus
1520 3323 1779 3378 hilaratos
1811 3324 1888 3377 ire

264 3408 496 3462 dimisit.
536 3407 776 3462 Cleri'cos
815 3415 994 3462 autem
1019 3423 1149 3462 suos
1188 3424 1253 3462 ex
1310 3408 1538 3474 familia,
1570 3410 1655 3463 vel
1686 3409 1890 3465 liberos

269 3497 582 3553 medioeres
620 3496 704 3551 vel
746 3497 1068 3562 nobiliores,
1109 3513 1324 3553 summa
1364 3498 1648 3571 diligentia
1681 3499 1889 3554 nutrire

274 3595 330 3640 et
373 3587 576 3641 docere
627 3588 912 3656 praicepit,
967 3595 1020 3641 et
1058 3603 1439 3658 quoscumque
1486 3588 1629 3642 inter
1667 3603 1764 3643 eos
1797 3589 1892 3643 ho-

273 3699 412 3737 nore
444 3684 644 3754 dignos
681 3684 960 3758 cognovit,
990 3685 1314 3739 ministeriis
1341 3694 1396 3740 et
1433 3687 1692 3758 congruis
1717 3686 1891 3740 bene-

275 3774 421 3830 ficiis
473 3775 704 3830 ditiores
749 3776 896 3830 fecit.
941 3776 1084 3831 Laici
1139 3785 1318 3832 autem
1359 3794 1473 3841 sua:
1529 3778 1892 3834 dominationi

269 3867 532 3934 subjecti,
585 3884 804 3938 semper
852 3885 975 3923 cum
1019 3885 1084 3924 eo
1139 3870 1286 3924 omni
1341 3870 1547 3923 honore
1600 3877 1654 3923 et
1708 3871 1894 3926 laetitia

267 3958 776 4023 commorabantur,
808 3959 1013 4012 nullam
1045 3960 1390 4030 deceptionis
1417 3960 1661 4015 fraudem
1693 3961 1761 4016 ab
1793 3962 1888 4016 illo

269 4050 392 4104 fieri
449 4049 727 4115 timentes,
768 4050 864 4103 sed
912 4050 1140 4105 firmiter
1186 4052 1478 4106 credentes
1525 4061 1688 4122 atque
1739 4059 1889 4106 certe

268 4141 516 4195 scientes
541 4141 725 4211 [quod]
748 4141 1014 4212 quidquid
1047 4143 1129 4196 eis
1155 4143 1500 4212 promiserat,
1528 4145 1631 4197 hoc
1663 4144 1892 4200 Domino

272 4237 558 4285 annuente
598 4232 993 4300 compendiose
1013 4231 1338 4301 perfecerat.
1371 4234 1445 4287 De
1478 4233 1682 4288 familia
1712 4242 1892 4288 autem

273 4320 326 4373 ei
361 4320 653 4374 commissa
697 4319 1030 4390 quicumque
1063 4327 1188 4374 ante
1229 4337 1354 4375 eum
1387 4329 1611 4376 venerat
1631 4339 1690 4376 se
1713 4324 1897 4377 excla-

282 4406 488 4460 mando
523 4406 725 4472 injuste
754 4422 877 4460 esse
909 4423 1232 4478 oppressum
1275 4411 1358 4463 vel
1387 4411 1774 4481 exspoliatum,
1807 4419 1899 4466 aut

278 4496 468 4566 aliquo
501 4496 664 4550 modo
714 4496 1029 4562 injuriatum
1082 4497 1151 4550 de
1191 4498 1417 4552 domino
1458 4500 1680 4570 praprio
1726 4501 1811 4556 cui
1844 4502 1898 4555 in

280 4585 613 4640 beneficium
661 4603 962 4641 concessus
989 4596 1126 4654 erat,
1183 4589 1298 4644 sive
1335 4592 1404 4644 de
1455 4607 1721 4648 conservo
1753 4593 1896 4659 ejus,

275 4679 365 4732 vel
385 4679 455 4731 de
476 4679 585 4732 alio
607 4679 814 4748 aliquo,
831 4679 897 4732 ad
919 4680 1189 4734 rationem
1221 4683 1342 4750 ejus
1362 4691 1519 4737 caute
1540 4684 1896 4748 auscultavit;

275 4777 330 4822 et
386 4767 482 4821 ubi
521 4769 781 4840 cognovit
822 4768 1023 4836 injuste
1071 4779 1261 4825 contra
1310 4788 1437 4825 cum
1469 4773 1670 4827 factum
1704 4773 1898 4840 fuisse,

278 4855 512 4909 firmiter
541 4857 828 4911 confestim
866 4861 1125 4930 praecepit
1160 4869 1218 4914 ut
1251 4862 1511 4933 iniquitas
1537 4865 1586 4918 ei
1619 4864 1760 4919 facta
1791 4867 1900 4921 cito

276 4948 693 5014 emendaretur,
753 4957 805 5002 et
862 4966 970 5005 non
1030 4953 1216 5007 omisit
1277 4954 1454 5009 donec
1518 4954 1897 5025 perficeretur.

279 5039 614 5111 Legitimum
638 5055 765 5094 vero
788 5041 878 5109 jus
912 5043 1075 5097 totius
1106 5044 1350 5108 familiae,
1381 5063 1488 5116 quo
1521 5064 1619 5118 pro
1648 5059 1899 5103 anteces-

275 5129 503 5182 soribus
533 5129 648 5182 suis
677 5129 952 5196 utebatur,
979 5131 1204 5186 firmiter
1235 5150 1356 5188 eam
1385 5143 1574 5190 tenere
1606 5138 1900 5203 concessit,

280 5228 340 5273 et
369 5220 576 5274 nullius
612 5222 896 5290 potestatis
929 5224 1205 5278 hominem
1239 5226 1341 5280 sub
1371 5243 1471 5282 suo
1505 5229 1775 5302 regimine
1803 5230 1902 5284 de-

278 5323 508 5389 gentem
547 5317 650 5370 hoc
687 5316 737 5370 ei
800 5318 988 5372 tollere
1050 5303 1318 5388 permisit.
1379 5323 1498 5378 Otio
1548 5325 1698 5378 inani
1749 5326 1900 5380 nullo

279 5414 534 5473 tempore
583 5407 826 5459 animum
886 5423 1046 5461 suum
1093 5410 1376 5478 subjacere
1425 5414 1752 5482 patiebatur,
1795 5417 1898 5470 nisi

275 5495 497 5564 aliquid
540 5496 787 5550 utilitatis
837 5506 1173 5569 excogitaret
1228 5508 1317 5554 aut
1373 5511 1735 5573 perpetraret,
1786 5507 1899 5561 sive

277 5587 352 5640 de
386 5587 622 5640 ecclesia
654 5605 818 5659 quam
851 5590 1098 5662 undique
1145 5593 1411 5661 dilapsam
1455 5595 1685 5662 invenit,
1723 5598 1807 5652 vel
1831 5600 1900 5653 de

378 5729 467 5764 -ιὶννε
500 5729 576 5764 PI;

378 5729 467 5764 ,Μ
566 5731 576 5739 ο

492 5728 789 5857 Elfalréctio
820 5803 1006 5871 habet,
1066 5805 1264 5861 Vasalli
1293 5813 1474 5863 autem
1507 5809 1628 5877 ejus
1685 5810 1740 5863 in
1776 5828 1904 5880 pro-

1984 596 2039 642 et
2079 589 2148 641 de
2192 586 2483 658 disciplina
2514 583 2902 647 canonicorum
2936 593 2989 638 et
3037 582 3246 648 schola,
3279 584 3348 637 de
3379 592 3598 638 susten-

1983 676 2186 730 tatione
2225 685 2279 728 et
2309 674 2611 728 salvatione
2658 673 2900 737 familiae,
2935 681 2990 726 et
3021 672 3256 742 qualiter
3299 672 3596 736 civitatem,

1982 785 2145 839 quam
2179 759 2381 838 ineptis
2411 766 2680 821 valliculis
2728 775 2782 819 et
2814 765 2976 836 lignis
3031 763 3262 834 putridis
3289 762 3600 816 circumda-

1984 866 2090 912 tam
2125 857 2355 917 invenit,
2417 854 2586 909 inuris
2634 855 2858 928 cingere
2900 853 3180 914 valuisset,
3240 853 3372 922 quia
3410 852 3465 905 in
3512 851 3598 906 his

1986 948 2334 1019 temporibus
2389 946 2728 1021 Ungarorum
2769 945 2974 999 savitia
3025 944 3094 1013 in.
3135 944 3254 998 istis
3301 943 3601 1014 provinciis

1985 1058 2138 1097 more
2179 1041 2574 1096 daemoniorum
2624 1039 2992 1113 grassabatur.
3058 1039 3180 1093 Haec
3237 1053 3366 1092 vero
3415 1037 3602 1092 omnia

1985 1151 2107 1188 cum
2137 1133 2379 1188 exterius
2405 1147 2632 1205 suogum
2657 1131 2908 1184 fidelium
2941 1131 3192 1184 consultu
3222 1135 3600 1198 pertractaret,

1986 1234 2121 1280 aestu
2155 1233 2335 1279 tamen
2369 1223 2601 1278 interius
2639 1223 2816 1276 Divini
2859 1221 3064 1275 amoris
3099 1234 3421 1284 succensus,
3453 1218 3600 1293 vigi-

1991 1311 2076 1364 liis
2108 1321 2162 1364 et
2199 1311 2544 1365 orationibus
2575 1316 2628 1363 et
2652 1309 2884 1379 jejuniis
2906 1317 2959 1362 et
2997 1307 3367 1376 eleemosynis
3399 1306 3519 1360 Deo
3541 1321 3600 1360 se

1988 1401 2198 1456 sociare
2238 1401 2642 1455 studiosissime
2692 1399 3005 1463 festinabat,
3060 1412 3281 1467 semper
3336 1396 3446 1450 cuti
3486 1411 3601 1450 suae

1985 1496 2202 1548 laneum
2233 1509 2521 1564 apponens
2551 1492 2960 1556 vestimentum,
2995 1500 3048 1544 et
3081 1491 3323 1563 regulam
3361 1503 3602 1559 sequens

1984 1587 2401 1640 monachorum.
2452 1586 2580 1639 Post
2630 1583 3058 1654 Completorium
3112 1597 3418 1651 nunquam,
3475 1596 3605 1651 pro—

1984 1687 2106 1751 pter
2148 1679 2314 1733 ullius
2347 1678 2582 1732 hominis
2640 1677 2984 1747 petitionem,
3040 1690 3218 1729 escam
3270 1677 3353 1728 vel
3389 1680 3602 1744 potum,

1985 1771 2337 1825 delectationi
2371 1769 2620 1840 corporis
2665 1784 2778 1822 sua:
2825 1768 3204 1832 consentiens,
3252 1765 3506 1835 sumpsit.
3544 1766 3603 1818 In

1987 1863 2216 1918 mollitia
2245 1862 2499 1932 plumarii
2536 1877 2644 1915 non
2698 1859 2979 1925 dormivit,
3011 1860 3110 1913 sed
3149 1858 3384 1929 psiatliio
3413 1857 3519 1927 (24)
3546 1865 3603 1910 et

1989 1974 2121 2032 sago
2151 1963 2244 2012 aut
2273 1957 2494 2027 tapetiis
2535 1955 2838 2026 suppositis
2878 1953 3168 2025 requievit.
3215 1953 3272 2006 In
3304 1961 3464 2006 nocte
3497 1951 3605 2021 pri-

1991 2067 2138 2104 mum
2199 2055 2430 2103 sonante
2460 2049 2618 2119 signo
2671 2047 2927 2110 surrexit,
2972 2053 3026 2100 et
3067 2045 3357 2116 praedictos
3412 2058 3604 2097 cursus

1990 2142 2224 2196 maxima
2255 2141 2467 2196 cautela
2495 2139 2810 2210 complevit.

2063 2233 2145 2287 ιν.
2180 2235 2420 2302 Tempus
2448 2248 2578 2287 vero
2598 2229 3040 2303 Quadragesima:
3070 2235 3278 2298 quanta
3307 2226 3604 2280 devotione

1990 2324 2313 2386 celebraret,
2346 2337 2528 2376 sermo
2570 2320 2702 2374 mihi
2738 2335 2844 2372 non
2887 2316 3090 2371 sufficit
3125 2315 3192 2369 ad
3235 2313 3605 2373 narrandum;

1990 2415 2085 2471 sed
2118 2426 2299 2471 tamen
2331 2432 2395 2470 ea
2417 2430 2539 2486 qua:
2569 2413 2808 2468 vidimus
2829 2428 2939 2467 non
2961 2412 3121 2465 decet
3153 2409 3314 2464 nobis
3345 2409 3399 2462 in
3431 2415 3604 2463 totum

1990 2511 2268 2566 omittere.
2321 2509 2598 2564 Matutinis
2651 2523 2890 2579 namque
2918 2505 3175 2560 laudibus
3223 2503 3474 2573 expletis,
3505 2518 3605 2556 au-

1993 2617 2111 2656 rora
2141 2600 2251 2654 diei
2283 2599 2458 2669 prima
2489 2598 2897 2659 illuscescente,
2918 2594 3040 2648 aliis
3061 2591 3604 2661 orationibusexple-

1993 2691 2060 2745 tis
2089 2689 2323 2759 psallere
2355 2687 2672 2757 psalterium
2704 2685 2894 2755 cmpit,
2937 2698 3046 2754 quo
3077 2682 3295 2751 expleto
3323 2688 3375 2734 et
3408 2679 3609 2734 letania

1993 2779 2229 2850 expleta,
2279 2778 2401 2831 aliis
2439 2776 2786 2832 orationibus
2815 2775 3043 2829 firmiter
3082 2772 3394 2836 insistebat,
3435 2785 3609 2842 usque

1994 2873 2122 2925 dum
2154 2871 2370 2943 signum
2431 2869 2496 2922 ad
2527 2868 2742 2941 vigilias
2795 2866 3181 2921 defunctorum
3227 2869 3465 2925 sonaret,
3497 2876 3609 2932 quo

1993 2964 2180 3018 audito
2232 2962 2412 3016 statim
2471 2959 2726 3028 surrexit,
2779 2966 2831 3013 et
2886 2975 3007 3013 cum
3061 2957 3319 3012 fratribus
3358 2954 3608 3028 Vigiliam

1995 3054 2296 3110 celebravit
2325 3059 2378 3107 et
2410 3053 2672 3115 Primam;
2707 3051 2884 3105 Prima
2920 3066 3049 3105 vero
3083 3051 3320 3120 expleta,
3349 3047 3612 3101 fratribus

1991 3237 2225 3291 ecclesia
2255 3234 2566 3290 codiculum
2610 3233 2917 3286 breviatum
2952 3247 3016 3285 ex
3057 3230 3285 3300 psalmis
3327 3244 3450 3283 cum
3491 3225 3615 3280 aliis

1991 3327 2338 3382 orationibus
2370 3325 2591 3378 interim
2649 3324 2981 3385 decantavit,
3028 3337 3204 3392 usque
3259 3321 3388 3374 dum
3420 3318 3616 3372 fratres

1991 3433 2112 3472 cum
2155 3433 2317 3471 cruce
2373 3417 2618 3469 redirent
2658 3422 2712 3468 et
2751 3414 2973 3467 missam
3026 3409 3446 3466 sacriﬁcationis
3471 3409 3618 3462 cele-

1994 3513 2150 3565 brare
2184 3509 2504 3580 caepissent,
2551 3508 2669 3578 ipse
2725 3507 2960 3576 primum
3002 3506 3199 3559 devote
3241 3506 3352 3559 Deo
3409 3501 3617 3558 sacrifi-

1992 3607 2135 3660 cium
2185 3603 2445 3669 offerens,
2497 3618 2715 3656 manum
2757 3599 3065 3655 sacerdotis
3125 3597 3407 3651 humiliter
3443 3611 3613 3650 oscu-

1994 3695 2128 3747 lans.
2187 3692 2412 3761 Expleta
2467 3705 2596 3744 vero
2644 3688 2830 3750 missa,
2880 3685 3115 3740 Tertiam
3157 3700 3278 3738 cum
3353 3681 3612 3736 fratribus

1995 3784 2276 3854 explevit;
2325 3781 2581 3835 fratribus
2608 3796 2736 3835 vero
2777 3781 2844 3833 ad
2886 3778 3182 3848 capitulum
3219 3773 3607 3845 pergentibus.

1995 3879 2115 3948 ipse
2141 3877 2305 3931 solito
2334 3891 2487 3930 more
2520 3876 2570 3929 in
2603 3873 2834 3928 ecclesia
2868 3869 3154 3932 remansit,
3185 3869 3362 3922 donec
3383 3867 3604 3939 signum

1990 3973 2054 4026 ad
2077 3973 2290 4025 Sextam
2324 3977 2544 4023 sonaret
2597 3968 2756 4022 Sexta
2799 3973 2980 4020 autem
3034 3966 3165 4018 hora
3196 3962 3434 4032 eXpleta,
3470 3959 3609 4013 alta-

1992 4064 2070 4117 ria
2099 4063 2338 4117 cicuibat
2376 4077 2496 4114 cum
2527 4060 2707 4122 venia,
2741 4066 2970 4113 cantans
2999 4059 3254 4110 Miserere
3283 4055 3408 4118 mei,
3455 4053 3610 4114 Deus,

1995 4159 2048 4205 et
2077 4149 2499 4219 deprofundis;
2541 4155 2670 4201 tunc
2723 4147 2943 4201 demu-n
2978 4146 3043 4198 ad
3096 4143 3409 4198 cubiculum
3450 4141 3614 4196 rediit

1997 4244 2064 4298 ad
2112 4242 2399 4296 lavandam
2434 4240 2623 4294 faciem
2659 4255 2811 4292 suam
2856 4244 2909 4292 et
2937 4238 3002 4291 ad
3049 4237 3271 4290 missam
3305 4252 3365 4289 se
3400 4250 3617 4305 praepa-

1998 4335 2247 4388 randum.
2298 4333 2580 4387 Missarum
2637 4339 2818 4384 autem
2851 4327 3328 4384 celebrationibus
3387 4326 3620 4397 expletis

2001 4430 2054 4477 et
2107 4421 2361 4493 Vesperis
2410 4421 2734 4480 decantatis,
2797 4420 2863 4473 ad
2921 4417 3272 4488 hospitiolum
3319 4432 3617 4486 pauperum

2003 4511 2272 4581 pervenit,
2292 4517 2345 4562 et
2376 4509 2670 4563 duodecim
2700 4523 3002 4578 pauperum
3039 4507 3211 4576 pedes
3239 4505 3388 4568 lavit,
3415 4513 3468 4558 et
3496 4505 3622 4558 uni-

2001 4603 2201 4673 cuique
2255 4618 2444 4656 eorum
2505 4601 2572 4654 de
2637 4600 2825 4654 accolo
2897 4599 3129 4668 pretium
3188 4598 3353 4651 unius
3408 4596 3620 4651 denarii

2001 4687 2243 4742 donavit.
2280 4688 2412 4741 Inde
2443 4687 2692 4751 rediens,
2719 4687 2786 4738 ad
2811 4700 3057 4739 mensam
3090 4699 3390 4754 pransurus
3418 4700 3618 4740 conse-

2002 4783 2101 4847 dit,
2144 4782 2219 4836 ibi
2254 4783 2416 4836 lectio
2448 4797 2558 4836 non
2592 4781 2789 4846 defuit,
2843 4796 2945 4834 nec
2977 4780 3362 4849 prmdictorum
3415 4793 3617 4848 paupe-

2005 4891 2120 4928 rum
2156 4873 2447 4927 multitudo
2477 4873 2702 4942 copiosa
2767 4871 3029 4941 Apposita
3061 4886 3205 4925 \cum
3241 4869 3442 4940 gaudio
3471 4885 3621 4922 sum-

2006 4969 2133 5037 psit,
2175 4975 2228 5021 et
2257 4984 2378 5022 cum
2413 4982 2480 5021 eo
2520 4966 2873 5020 manentibus
2921 4966 3157 5019 maxima
3196 4964 3469 5018 hilaritate
3505 4962 3621 5014 dis-

2004 5058 2216 5124 tribuit,
2251 5057 2699 5112 recordansillud
2735 5057 3008 5128 Apostoli:
3037 5058 3279 5111 Hilarem
3295 5057 3441 5107 enim
3462 5054 3619 5106 dato-

2004 5167 2118 5204 rem
2146 5151 2331 5217 diligit
2362 5151 2503 5204 Deus
2534 5153 2606 5214 (II
2634 5151 2753 5204 Cor.
2794 5151 2886 5216 ix).
2936 5149 3242 5217 Unicuique
3298 5145 3445 5198 enim
3480 5160 3619 5213 pra:-

2004 5241 2172 5295 hebat
2217 5244 2362 5312 quod
2421 5258 2546 5296 eum
2598 5243 2959 5297 libentissime
3008 5253 3226 5293 sumere
3289 5235 3615 5290 aestimabat.

2005 5329 2136 5384 Cibo
2167 5345 2294 5384 vero
2326 5339 2679 5400 consumpto,
2734 5337 2787 5384 et
2815 5330 3074 5385 omnibus
3105 5344 3228 5382 cum
3275 5341 3343 5380 eo
3373 5340 3618 5380 commo-

2004 5419 2276 5485 rantibus,
2309 5420 2614 5488 laetiﬁcatis,
2651 5437 2894 5496 congruo
2919 5428 3165 5490 tempore
3188 5416 3616 5488 Completorium

2002 5513 2270 5580 recitavit,
2305 5514 2534 5585 insuper
2563 5517 2686 5570 aliis
2724 5513 3070 5570 orationibus
3116 5512 3377 5583 peractis,
3408 5515 3618 5565 secreta

2003 5602 2242 5657 cubiculi
2271 5620 2396 5658 cum
2428 5605 2649 5660 silentio
2684 5603 2962 5674 repetivit,
2999 5610 3052 5657 et
3090 5618 3256 5659 omne
3287 5601 3622 5671 colloquium

2011 5744 2128 5812 pria
2149 5746 2218 5798 ab
2252 5762 2336 5800 eo.

2080 5816 2191 5885 (24)
2219 5818 2412 5883 ψίαθος,
2444 5826 2622 5871 storea
2653 5823 2824 5889 teges.
