4042 6156
411 285 551 339 1019

1486 286 1541 341 S.
1585 242 1893 340 UDALRIGI
1934 282 2308 337 AUGUSTANI
2352 282 2663 337 EPISCOPI.

3612 284 3744 340 1020

367 460 378 467 .
412 411 518 466 nisi
540 428 664 466 cum
700 412 809 467 Deo
834 416 890 466 et
919 411 1127 467 sanctis
1172 412 1318 481 ejus,
1358 428 1535 485 usque
1564 414 1630 468 ad
1659 413 1884 468 alterius
1911 409 2022 467 diei
2047 412 2102 482 Α
2127 409 2482 475 desisterent,
2509 417 2881 481 (veterumque
2921 413 3185 481 pepulum
3215 413 3379 466 Pater
3416 417 3600 465 noster
3627 428 3743 466 cum

415 500 645 555 Primam
678 508 951 571 peractam
983 500 1211 557 omnino
1238 501 1519 557 devitavit.
1571 502 1683 557 Hoc
1712 502 1876 557 modo
1907 501 2028 556 dies

415 592 855 663 Quadragesimae
881 593 1141 663 explevit,
1176 608 1351 664 usque
1390 592 1447 647 in
1487 593 1632 648 diem
1668 592 2028 667 indulgentiae

413 699 585 753 quem
640 683 829 737 dicunt
859 683 1064 737 Pascha
1094 683 1421 753 palmarum,
1454 699 1522 738 eo
1578 684 1667 738 die
1698 700 1861 738 mane
1893 684 2031 737 dilu-

411 772 537 828 culo
569 773 640 828 ad
683 774 939 829 Sanctam
970 773 1150 829 Afram
1185 775 1291 846 (25)
1322 775 1599 840 veniebat,
1632 775 1676 828 si
1708 774 1763 828 in
1791 780 2030 844 'prveter-

415 864 490 919 ita
537 871 699 920 nocte
758 865 830 919 ibi
889 880 998 920 non
1051 866 1356 933 manebat,
1426 867 1651 922 missam
1711 867 1781 922 de
1834 867 2033 922 Sancta

412 956 671 1011 Trinitate
699 957 974 1023 cantabat,
1019 966 1077 1012 et
1108 973 1289 1013 ramos
1321 958 1623 1029 palmarum
1652 958 2029 1013 diversarum—

358 1108 359 1111 η
414 1064 522 1119 que
550 1047 826 1102 frondium
878 1048 1266 1115 benedicebat,
1307 1050 1714 1124 Evangelioque
1769 1056 1825 1104 et
1857 1047 2035 1104 cruci-

418 1144 518 1198 bus
547 1150 601 1198 et
624 1142 922 1198 fanonibus
950 1144 1079 1214 (26),
1113 1153 1167 1199 et
1195 1160 1316 1199 cum
1350 1143 1532 1216 efﬁgie
1563 1145 1813 1199 sedentis
1842 1143 2031 1200 Domi-

417 1230 474 1286 ni
528 1249 694 1304 super
732 1232 1117 1298 asinum,cum
1158 1232 1375 1287 clericis
1427 1239 1481 1286 et
1508 1233 1862 1288 multitudine
1922 1247 2029 1303 po-

417 1327 533 1396 puli
564 1342 744 1382 ramos
767 1327 1070 1397 palmarum
1103 1328 1157 1380 in
1192 1327 1448 1382 manibus
1490 1328 1781 1397 portantis,
1815 1334 1869 1383 et
1907 1345 2030 1383 cum

416 1414 827 1469 cantationibus
867 1414 918 1467 in
953 1415 1217 1469 honorem
1251 1415 1498 1482 ejusdem
1543 1416 1654 1470 diei
1686 1417 2027 1488 compositis,

415 1512 622 1560 etcum
667 1520 866 1578 magno
909 1504 1113 1559 decore
1170 1504 1436 1579 pergebat
1492 1522 1670 1577 usque
1710 1506 1775 1559 ad
1829 1506 2029 1561 collem

414 1610 538 1665 quae
590 1593 793 1649 dicitur
846 1592 1111 1658 Perleich,
1169 1592 1357 1663 ibique
1392 1593 1610 1647 obviam
1661 1593 1711 1647 ei
1773 1592 2031 1648 veniebat

414 1686 617 1739 chorus
670 1684 1064 1738 canonicorum
1095 1699 1218 1737 cum
1260 1681 1670 1750 pulchritudine
1699 1698 1918 1754 magna,
1979 1688 2107 1779 etB

415 1794 541 1833 cum
568 1776 781 1831 civibus
807 1776 901 1847 qui
951 1775 1006 1828 in
1036 1775 1254 1829 civitate
1287 1781 1683 1842 remanserant,
1716 1782 1769 1829 et
1821 1775 1915 1846 qui
1965 1776 2033 1831 de

418 1868 641 1938 Oppidis
662 1867 1182 1934 circumjacentibus
1212 1867 1351 1937 ipsis
1372 1882 1431 1921 se
1457 1866 1694 1939 jungere
1719 1867 2031 1933 voluerunt,

418 1956 519 2022 ibi,
551 1957 616 2010 ad
663 1957 992 2010 imitandum
1042 1956 1408 2011 humilitatem
1468 1972 1763 2026 puerorum
1805 1965 2036 2012 caetero-

414 2067 651 2123 rumque
684 2038 1036 2122 populorum,
1063 2051 1229 2105 ramis
1258 2052 1562 2121 palmarum
1605 2061 1661 2106 et
1688 2051 2034 2107 vestimentis

411 2140 526 2194 suis
568 2140 711 2194 viam
758 2139 1146 2194 sternentium.
1206 2139 1278 2193 lis
1332 2139 1607 2209 expletis,
1674 2140 1757 2193 vir
1811 2146 2035 2194 sanctus

407 2230 959 2303 congruentissimam
1017 2230 1454 2285 admonitionem
1516 2231 1585 2285 de
1626 2231 1886 2301 passione
1927 2231 2035 2286 Do-

403 2324 537 2379 mini
571 2325 641 2379 ad
697 2340 892 2379 omnes
942 2323 1090 2390 fecit,
1137 2339 1387 2395 cousque
1418 2341 1565 2394 saapc
1624 2331 1679 2379 et
1722 2325 1814 2379 ille
1849 2324 2029 2389 ﬂeret,

407 2416 652 2487 ﬂetuque
681 2431 781 2471 suo
808 2416 1012 2471 multos
1041 2416 1175 2471 flere
1205 2415 1451 2472 fecisset.
1487 2416 1877 2472 Admonitione
1905 2433 2035 2487 per-

407 2513 528 2559 acta
574 2520 770 2560 omnes
825 2504 990 2558 simul
1039 2505 1209 2560 Deum
1267 2505 1554 2560 laudantes
1603 2505 1671 2560 ad
1740 2505 2033 2560 ecclesiam

411 2592 755 2647 matriculam
791 2600 1180 2661 pervenerunt,
1214 2594 1401 2665 ibique
1431 2594 1654 2649 missam
1674 2610 1801 2649 cum
1833 2609 1900 2649 eo
1932 2610 2032 2649 ce-

412 2683 783 2745 lebraverunt,
817 2689 871 2735 et
901 2681 1031 2735 inde
1060 2697 1257 2736 omnes
1289 2683 1344 2736 in
1374 2698 1473 2737 sua
1499 2683 1803 2737 redierunt.
1841 2683 2036 2738 Postea

413 2784 592 2831 autem
623 2775 679 2829 in
703 2776 788 2829 his
819 2775 993 2830 tribus
1022 2776 1222 2831 diebus
1252 2776 1532 2851 contiguis
1564 2776 1830 2847 synodale
1863 2777 2038 2832 collo-

414 2868 600 2938 quium
642 2866 845 2919 habcre
892 2866 1201 2930 consuevit,
1239 2881 1307 2920 eo
1346 2866 1493 2936 quod
1524 2882 1772 2922 canones
1810 2866 1916 2937 (27)
1948 2866 2039 2921 bis

415 2957 471 3010 in
529 2969 675 3010 anno
728 2954 1117 3024 episcoporum
1187 2955 1422 3010 concilia
1491 2954 1609 3009 fieri
1668 2955 2034 3025 praecipiunt:

2128 513 2326 567 magna
2353 497 2663 551 humilitate
2695 497 2986 553 decantare
3016 498 3248 572 rogavit.
3276 499 3396 564 Quo
3428 499 3742 562 benedicto,

2128 598 2183 647 et
2210 592 2416 663 populo
2446 608 2601 648 sacro
2633 593 2831 649 viatico
2872 604 3142 661 recreato,
3172 595 3528 666 Vesperaque
3563 596 3750 665 exple-

2131 691 2203 749 ta,
2262 685 2328 738 ad
2360 685 2658 739 sacrarium
2698 685 2847 739 venit
2900 686 3140 740 chrisma
3205 694 3262 741 et
3304 686 3496 740 oleum
3539 686 3750 741 clericis

2132 771 2589 842 dispensandum.
2636 772 2727 827 His
2782 773 3138 845 dispensatis,
3170 775 3239 829 ad
3292 775 3599 845 hospitium
3631 792 3755 847 pau-

2132 878 2328 934 perum
2362 862 2531 928 venit,
2563 869 2617 916 et
2657 862 2739 917 eis
2764 863 2928 919 solito
2980 880 3133 919 more
3176 865 3598 919 mininistravit.
3634 866 3758 920 Inde

2133 961 2318 1009 autem
2350 953 2406 1007 in
2456 954 2742 1010 ecclesiam
2806 955 3126 1023 ambulavit,
3160 964 3217 1011 et
3275 965 3404 1011 ante
3461 957 3756 1011 sacrarium

2134 1044 2306 1109 venit,
2338 1043 2529 1116 ibique
2554 1061 2585 1099 a
2611 1046 2910 1102 camerario
2940 1047 3121 1101 allatis
3146 1048 3396 1102 vestibus
3428 1048 3593 1102 novis
3623 1048 3760 1103 duo-

2134 1137 2314 1192 decim
2348 1153 2623 1208 pauperes
2662 1139 2900 1204 vestivit,
2941 1147 2995 1194 et
3025 1141 3343 1194 acervulum
3396 1140 3574 1195 aceoli
3641 1141 3761 1195 aliis

2135 1231 2493 1302 dispensavit,
2529 1238 2584 1287 et
2615 1247 2682 1288 eo
2722 1233 2815 1287 die
2872 1233 3080 1287 nullum
3114 1234 3183 1289 ab
3212 1249 3279 1289 eo
3340 1250 3580 1288 vacuum
3614 1235 3763 1288 abire

2135 1319 2365 1384 dimisit,
2398 1320 2653 1390 quamvis
2692 1336 2883 1375 eorum
2934 1322 3233 1376 multitudo
3267 1338 3471 1395 magna
3519 1323 3759 1376 adesset.

2134 1411 2330 1467 Postea
2358 1412 2425 1465 ad
2453 1411 2637 1466 cibum
2668 1412 2840 1475 venit,
2874 1413 3185 1485 cibatisque
3212 1415 3481 1469 omnibus
3522 1432 3652 1470 cum
3698 1431 3761 1470 eo

2133 1503 2505 1561 manentibus,
2556 1505 2812 1574 exemplo
2867 1505 3084 1559 Domini
3136 1505 3309 1576 pedes
3361 1506 3760 1577 discipulorum

2132 1610 2358 1649 suorum
2391 1595 2571 1649 lavare
2611 1595 2802 1666 caspit.
2842 1595 3246 1668 Lavationeque
3276 1615 3401 1653 cum
3444 1600 3767 1670 antiphonis

2132 1686 2566 1760 congruentibus
2579 1696 2634 1741 et
2660 1687 2910 1742 versibus
2928 1694 2983 1741 et
3006 1688 3347 1744 lectionibus
3372 1690 3763 1744 decentissime

2138 1787 2381 1848 peracta,
2414 1778 2613 1849 pocula
2642 1779 2850 1849 Optima
2903 1779 2957 1834 iu
3016 1780 3132 1834 suis
3177 1781 3419 1835 cellariis
3481 1782 3766 1836 recondita

2136 1886 2258 1924 cum
2292 1886 2491 1944 magna
2522 1870 2789 1926 charitate
2819 1881 2872 1926 et
2903 1872 3218 1927 humilitate
3251 1872 3602 1928 sufficienter
3634 1890 3760 1944 por-

2136 1958 2294 2024 rexit,
2327 1965 2403 2024 et,
2456 1957 2824 2030 Completorio
2857 1960 3098 2030 expleto,
3146 1961 3393 2015 membra
3426 1961 3483 2014 in
3520 1962 3613 2015 Dei
3648 1979 3767 2016 ser-

2137 2048 2268 2104 vitio
2299 2049 2521 2123 fatigata
2547 2050 2717 2121 quieti
2754 2050 2936 2104 lectuli
2964 2051 3395 2105 commendavit.
3454 2052 3553 2106 Die
3584 2059 3766 2106 autem

2136 2160 2454 2214 paresceve,
2485 2146 2637 2201 horis
2683 2146 2987 2200 sr-cundnm
3021 2146 3274 2200 ordinem
3316 2154 3480 2201 caute
3512 2148 3769 2218 expletis.

2134 2233 2352 2288 omissis
2383 2233 2505 2288 aliis
2544 2233 2818 2299 cursibus,
2874 2233 3034 2288 sicuti
3066 2234 3120 2287 in
3181 2250 3343 2288 coena
3386 2235 3628 2297 Domini,
3661 2235 3767 2289 nisi

2135 2325 2202 2379 ad
2235 2325 2492 2380 eumdem
2520 2325 2663 2379 diem
2691 2325 3125 2394 pertinentibus,
3151 2341 3317 2379 mane
3348 2325 3601 2381 diluculo
3627 2326 3770 2395 psal-

2137 2415 2334 2483 terium
2385 2415 2609 2485 explere
2669 2413 2969 2477 festinavit,
3021 2421 3096 2477 et,
3152 2429 3312 2469 sacro
3368 2414 3463 2467 Dei
3505 2416 3772 2484 mysterio

2137 2509 2476 2574 perpetrato,
2503 2502 2824 2572 populoque
2848 2517 3006 2556 sacro
3020 2502 3220 2556 Christi
3240 2518 3477 2573 corpore
3494 2505 3770 2573 saginato,

2137 2604 2211 2663 et,
2244 2595 2732 2652 consuetudinario
2758 2610 2932 2661 more,
2965 2596 3115 2666 quod
3152 2604 3500 2651 remanserat
3526 2597 3768 2668 sepulto.

2138 2690 2335 2744 iterum
2381 2689 2523 2743 inter
2553 2688 2819 2742 ecclesias
2846 2688 3183 2743 ambulando
3217 2689 3545 2760 psalterium
3580 2691 3768 2761 exple-

2136 2778 2216 2832 vit
2269 2776 2638 2839 decantando,
2699 2785 2774 2837 et,
2832 2776 3151 2846 vespertina
3184 2777 3341 2839 hora,
3401 2777 3529 2830 sine
3587 2793 3774 2831 mensa

2137 2876 2301 2940 atque
2334 2868 2694 2939 mensalibus,
2740 2869 2793 2921 in
2828 2869 3082 2923 cubiculo
3135 2884 3237 2923 suo
3269 2884 3415 2939 pane
3444 2876 3501 2923 et
3548 2869 3775 2923 cervisia

2137 2974 2197 3012 se
2231 2943 2482 3013 recreare
2537 2958 2725 3027 coepit,
2778 2965 2832 3011 ct
2888 2957 3191 3027 unicuique
3232 2956 3326 3027 qui
3384 2973 3580 3012 secum
3624 2966 3773 3011 erant

414 3062 584 3100 unum
616 3062 681 3099 xv
706 3045 816 3099 Kal.
852 3045 991 3110 00L,
1035 3052 1090 3099 et
1126 3044 1273 3098 aliud
1306 3053 1500 3115 quarta
1533 3045 1885 3100 hebdomadi!
1912 3053 2036 3116 pOSl
2059 3064 2108 3132 Ο
2134 3069 2336 3130 panem
2369 3061 2423 3105 et
2478 3049 2769 3103 cervisiam
2798 3050 2949 3115 juxta
2992 3065 3181 3103 eorum
3227 3049 3575 3103 voluntatem
3609 3051 3767 3104 exhi-

419 3138 656 3208 pascha;
693 3139 796 3192 hoc
845 3137 900 3191 in
934 3138 1038 3192 isto
1086 3143 1331 3207 tempore
1362 3135 1627 3206 perlicere
1667 3136 1932 3202 decrevit,
1964 3153 2036 3192 ne

421 3231 475 3285 in
531 3237 691 3284 antea
745 3229 795 3283 ei
845 3227 1068 3299 aliquod
1125 3227 1470 3282 obstaculum
1536 3227 1668 3281 illud
1712 3226 2036 3297 perﬁciendi

422 3320 879 3391 impedimentum
931 3317 1155 3383 faceret,
1186 3328 1240 3372 et
1269 3327 1330 3373 ut
1367 3319 1424 3373 in
1455 3334 1611 3373 caena
1639 3319 1857 3373 Domini
1910 3334 2034 3373 cum

422 3408 617 3462 eadem
650 3407 1009 3462 multitudine
1047 3406 1375 3462 clericorum
1416 3415 1472 3461 et
1501 3406 1691 3477 pupuli
1720 3406 1940 3477 plenius
1981 3415 2037 3462 ct

420 3499 878 3556 honorificentius
934 3499 1174 3553 chrisma
1238 3506 1293 3553 et
1337 3498 1518 3554 oleum
1579 3497 2033 3555 sanctiﬁcaretur.

418 3596 493 3651 Eo
532 3610 663 3651 vero
693 3594 808 3659 die,
848 3595 981 3649 hora
1012 3593 1172 3649 tertia
1209 3609 1404 3649 omnes
1446 3594 1658 3660 clerici,
1691 3593 2038 3649 solemnissi-

416 3687 522 3741 mis
548 3687 817 3758 paraturis
847 3686 1048 3751 induti,
1080 3694 1349 3741 venerunt
1379 3685 1435 3739 in
1466 3684 1777 3749 ecclesiam,
1811 3693 1867 3740 et
1891 3685 2030 3755 ipse,

417 3791 519 3832 suo
564 3791 717 3832 more
773 3776 1171 3846 gloriosissime
1218 3770 1285 3831 ad
1326 3776 1423 3831 Dei
1474 3776 1755 3831 servitium
1789 3783 2032 3847 paratus,

418 3883 541 3922 cnm
592 3867 674 3922 eis
704 3883 916 3922 sacrum
974 3867 1296 3933 mysterium
1329 3882 1495 3937 agere
1524 3866 1879 3922 devotissime
1918 3883 2036 3922 cae-

422 3956 519 4026 pit,
548 3958 905 4026 perlectoque
937 3955 1252 4029 Evangelio,
1299 3962 1356 4011 et
1381 3955 1760 4010 admonitione
1800 3955 1941 4010 facta
1965 3956 2032 4010 ad

420 4048 707 4118 pepulum,
752 4055 805 4101 et
835 4047 1184 4102 confessione
1216 4046 1407 4118 populi
1458 4057 1702 4118 accepta,
1735 4046 2033 4118 indulgen-

420 4141 548 4194 tiam
580 4140 888 4194 humillime
922 4140 1002 4195 eis
1034 4140 1184 4206 fecit,
1227 4147 1283 4195 et
1306 4148 1419 4195 tota
1449 4140 1661 4209 synodo
1695 4138 2030 4195 oblationem

417 4226 706 4296 oﬁ'crente,
738 4229 1043 4284 secundum
1094 4228 1369 4292 ordinem,
1421 4227 1734 4281 cautissime
1780 4227 2036 4299 implevit

418 4336 594 4391 usque
617 4320 685 4374 ad
703 4320 1153 4375 benedictionem
1183 4318 1498 4375 chrismatis
1524 4328 1578 4373 et
1603 4319 1744 4385 olei;
1773 4320 1879 4374 hoc
1897 4319 2031 4374 fecit

422 4426 621 4483 magna
672 4412 980 4466 reverentia
1034 4410 1142 4466 sibi
1181 4411 1480 4483 apportari,
1539 4426 1663 4465 cum
1696 4411 1950 4466 crucibus
1976 4420 2031 4466 et

421 4517 545 4556 cum
579 4502 769 4573 pueris
800 4502 1146 4573 portantibus
1196 4503 1301 4559 sub
1353 4501 1591 4573 palliolo.
1616 4502 1925 4569 occultatis,
1979 4508 2034 4557 et

421 4590 618 4655 cereis,
651 4606 773 4645 cum
792 4590 1044 4646 versibus
1070 4592 1137 4646 ad
1169 4592 1276 4647 hoc
1305 4590 1671 4645 ministerium
1711 4590 2035 4660 compositis

423 4680 817 4738 formosissimo
845 4683 1168 4747 decantatis,
1198 4689 1254 4736 et
1280 4698 1404 4737 cum
1437 4681 1793 4752 processione
1818 4681 2034 4737 duode-

421 4774 528 4829 cim
549 4774 1022 4847 presbyterorum,
1041 4776 1135 4847 qui
1155 4792 1286 4831 cum
1304 4791 1372 4831 eo
1392 4790 1566 4846 usque
1586 4775 1643 4829 in
1666 4774 1830 4829 ﬁnem
1855 4775 2034 4829 missae

420 4871 475 4924 in
506 4886 607 4927 suo
626 4870 937 4926 ministerio
964 4886 1317 4941 perseverare
1338 4869 1667 4925 debuerunt.
1704 4868 1824 4923 Rite
1850 4876 2033 4924 autem

418 4959 526 5015 sibi
556 4961 745 5024 allato,
804 4959 1112 5014 humillime
1150 4959 1416 5031 suscepit,
1475 4968 1530 5013 et
1557 4965 1726 5014 totam
1760 4957 2034 5029 synodum

422 5054 631 5125 rogavit
671 5063 752 5119 ut,
785 5052 1008 5124 quando
1057 5051 1149 5106 ille
1181 5067 1402 5107 crucem
1457 5050 1839 5131 benedicendp
1868 5065 2038 5121 super

428 5143 560 5199 illud
590 5143 815 5209 faceret,
848 5148 903 5197 et
932 5143 1057 5213 ipsi,
1089 5157 1213 5197 cum
1242 5141 1450 5196 eisdem
1482 5140 1826 5213 presbyteris
1856 5140 1950 5213 qui
1980 5140 2037 5195 in

419 5234 777 5305 processione
807 5240 964 5290 erant
983 5240 1040 5289 et
1066 5232 1173 5288 sibi
1191 5232 1540 5298 assistebant,
1573 5232 1906 5289 benedicere
1927 5247 2039 5288 non

491 5381 598 5454 (25)
628 5381 952 5454 Εοοὶεξδίδὲι
978 5380 1118 5454 Attae
1145 5397 1232 5454 ea,
1251 5397 1381 5454 quae
1411 5395 1563 5454 ηυρο
1584 5380 1747 5454 vulso
1779 5380 1833 5435 S-
1871 5380 2032 5454 Uda!-

419 5452 521 5508 rici
574 5452 816 5509 ccenobii
872 5452 966 5507 SS.
1026 5450 1376 5508 Udalrici'et
1438 5450 1577 5505 Afrae
1620 5450 1842 5516 dicitur,
1898 5452 2031 5506 urbe

422 5532 554 5580 tunc
578 5539 689 5580 non
721 5524 1316 5594 comprehendebatur.

500 5594 605 5663 (26)
631 5595 883 5650 Fanones
912 5594 1129 5648 vexilla.

501 5666 610 5733 (27)
638 5665 1058 5731 Distinet.18,c.
1091 5666 1155 5719 4:
1199 5685 1229 5716 α
1270 5664 1509 5719 Primum
1525 5669 1647 5735 post
1664 5663 1879 5719 tertiam
1903 5664 2039 5719 heb-

431 5734 721 5790 domadam
775 5736 1019 5801 Paschze,
1058 5745 1120 5791 ut
1174 5735 1228 5789 in
1280 5745 1472 5806 quarta
1524 5734 1897 5807 eempleatur;
1944 5750 2039 5790 se-

2138 3150 2270 3202 bcre
2295 3142 2575 3215 przecepit.
2608 3141 2964 3196 Sanctis‘simo
2992 3149 3174 3195 autem
3199 3140 3427 3195 Sabbati
3459 3141 3555 3195 die
3582 3143 3771 3213 exple-

2141 3242 2210 3296 tis
2241 3235 2528 3295 nocturnis
2556 3232 2776 3299 officiis,
2822 3241 2877 3287 et
2915 3232 3151 3287 amando
3191 3233 3461 3303 psalterio
3495 3233 3761 3302 perlecta,

2139 3335 2502 3402 praeparatum
2551 3324 2657 3378 sibi
2700 3322 2962 3377 balneum
3014 3321 3254 3375 intravit.
3314 3306 3430 3392 quo
3482 3338 3763 3393 nunquam

2136 3419 2214 3475 uti
2246 3416 2462 3473 solebat
2488 3429 2554 3469 eo
2577 3421 2823 3483 tempore
2856 3411 2959 3465 nisi
2995 3411 3047 3464 in
3078 3410 3327 3464 Sabbato
3355 3420 3489 3465 ante
3523 3414 3767 3477 Quadra-

2136 3511 2400 3584 gesimam
2433 3506 2564 3561 etin
2597 3502 2778 3558 media
2824 3501 3269 3574 Quadragesima,
3302 3509 3359 3556 et
3396 3517 3466 3557 eo
3499 3502 3614 3557 die.
3661 3503 3764 3556 La-

2136 3598 2357 3654 vatione
2406 3602 2587 3649 autem
2639 3591 2890 3660 corporis
2946 3597 3192 3661 peracta,
3250 3597 3306 3644 ct
3356 3593 3765 3662 praeparatione

2135 3688 2586 3741 vestimentorum
2620 3681 2835 3746 induta,
2868 3681 2934 3734 ad
2966 3695 3179 3733 sacrum
3223 3679 3471 3735 officium
3504 3681 3768 3736 solemni-

2138 3784 2220 3831 ter
2243 3793 2303 3830 se
2334 3772 2678 3846 praeparavit,
2711 3777 2766 3824 ct
2821 3776 2992 3823 totum
3032 3768 3247 3823 clerum
3278 3769 3415 3823 hora
3473 3770 3588 3824 diei
3622 3786 3767 3825 nona

2135 3882 2259 3921 cum
2293 3881 2358 3919 eo
2392 3871 2639 3936 paratum
2672 3877 2793 3916 esse
2815 3859 3130 3924 destinavit,
3159 3860 3487 3932 statimque,
3524 3862 3768 3931 perlecta

2135 3959 2275 4014 trina
2306 3958 2527 4023 letania,
2586 3969 2861 4025 cereoque
2910 3951 3250 4008 sanctiﬁcato
3309 3953 3762 4024 lectionibusque

2136 4058 2190 4101 et
2214 4048 2403 4102 tractis
2456 4044 2872 4110 consummatis,
2904 4059 3027 4097 cum
3087 4042 3258 4112 quina
3290 4043 3499 4097 letania
3553 4051 3610 4097 et
3636 4058 3761 4097 cum

2134 4137 2285 4192 omni
2317 4137 2525 4192 honore
2545 4135 2614 4190 ad
2645 4132 2978 4204 baptismum
3010 4131 3451 4186 consecrandum
3483 4131 3556 4185 ad
3583 4132 3763 4186 eccle-

2134 4230 2269 4284 siam
2302 4228 2485 4283 Sancti
2515 4226 2743 4282 Joannis
2775 4225 3026 4294 Baptistm
3052 4222 3318 4294 perrexit,
3350 4223 3761 4294 baptizatisque

2132 4320 2206 4374 ibi
2235 4319 2303 4373 ab
2335 4334 2402 4374 eo
2427 4318 2604 4374 tribus
2628 4316 2838 4387 pueris,
2870 4330 2994 4370 cum
3027 4321 3262 4385 septena
3291 4314 3520 4380 letania,
3555 4328 3763 4386 regres-

2133 4431 2227 4470 sus
2256 4412 2432 4469 estad
2462 4411 2755 4467 sacrarium
2812 4409 2880 4464 ad
2920 4409 3141 4464 missam
3184 4425 3243 4463 se
3308 4409 3758 4479 praeparandum,

2135 4506 2283 4561 clero
2307 4504 2526 4559 interim
2554 4502 2828 4574 psallente
2870 4501 2923 4554 in
2956 4500 3144 4554 choro.
3186 4498 3474 4552 Missarum
3506 4513 3636 4553 vero
3665 4512 3762 4551 so-

2135 4594 2356 4648 lemniis
2375 4592 2696 4648 solemniter
2714 4605 2836 4645 cum
2857 4589 3095 4659 Vespera
3127 4586 3385 4658 peractis,
3413 4601 3764 4656 corporeque

2138 4687 2335 4742 Christi
2365 4687 2707 4757 dispensato,
2761 4690 2816 4738 et
2853 4681 3025 4738 sacris
3081 4680 3334 4735 vestibus
3365 4679 3662 4750 depositis,
3695 4694 3764 4734 eo

2137 4779 2225 4833 die
2251 4794 2444 4834 mensa
2468 4775 2721 4847 apposita
2749 4776 2817 4828 ad
2850 4772 3208 4828 refectionem
3238 4787 3363 4827 cum
3399 4788 3600 4845 magua
3629 4771 3767 4824 mul-

2139 4871 2374 4926 titudine
2386 4868 2659 4934 consedit,
2674 4876 2731 4922 ct
2751 4865 3009 4925 omnibus
3029 4864 3379 4919 abundanter
3390 4862 3616 4919 refectis
3637 4878 3765 4917 cum

2138 4958 2341 5033 gaudio
2365 4958 2434 5012 ad
2462 4955 2876 5011 mansiunculas
2906 4953 3088 5008 redire
3119 4952 3393 5022 permisit.
3429 4951 3769 5006 Desideran-

2140 5046 2351 5101 tissimo
2390 5052 2554 5116 atque
2578 5042 2926 5098 sanctissimo
2972 5040 3218 5095 Paschali
3274 5039 3366 5095 die
3396 5039 3765 5106 adveniente,

2142 5146 2266 5212 post
2302 5138 2539 5194 Primam
2571 5136 2795 5192 intravit
2814 5135 3101 5192 ecclesiam
3125 5134 3309 5189 Sancti
3339 5133 3618 5190 Ambrosii
3636 5134 3765 5202 (28),

2143 5230 2238 5285 ubi
2269 5229 2358 5283 die
2387 5228 2685 5283 Parasceve
2713 5241 2914 5297 corpus
2956 5223 3154 5279 Christi
3182 5222 3539 5294 superposito
3575 5222 3768 5294 lapide

2134 5379 2379 5434 cundum
2410 5376 2597 5432 Idibus
2614 5375 2709 5432 Oct
2776 5399 2800 5422 «
2844 5373 3282 5445 Apparetitaque
3307 5373 3402 5445 hic
3422 5389 3488 5427 xv
3502 5371 3761 5445 rKal.O_c_t.

2134 5458 2414 5521 sumptum
2452 5464 2551 5521 pro
2579 5447 2645 5502 15
2671 5446 2760 5501 die
2791 5442 2904 5521 Oc_t',
2922 5442 2955 5521 ξ⁸
2972 5460 3135 5517 quam
3157 5442 3405 5521 phrasim
3441 5444 3605 5498 etiam
3638 5442 3769 5497 aliis

2136 5521 2192 5574 in
2223 5513 2606 5590 scriptoribus,
2639 5532 2831 5590 parum
2863 5513 3113 5590 latinam,
3136 5513 3219 5569 est
3256 5513 3579 5590 observare.

2210 5592 2313 5661 (28)
2335 5586 2528 5659 hujus
2558 5586 2831 5661 ecclesiae
2857 5587 3062 5661 nullam
3093 5586 3427 5661 memoriam
3446 5600 3767 5654 superesse,

2139 5656 2240 5718 sed
2270 5656 2490 5718 stetisse
2522 5675 2692 5735 prope
2733 5658 3105 5714 cathedralem
3129 5664 3282 5712 notat
3308 5656 3614 5711 Welserus.
