4038 6178
272 295 403 352 1021

1848 310 2017 365 νιτΑ.

3462 329 3604 384 1022

267 425 580 483 collocavit.
641 426 839 497 lbique
878 443 1000 482 cum
1063 432 1250 499 paucis
1289 433 1508 488 clericis
1564 437 1782 493 missam
1816 440 1886 495 de
1914 448 2118 514 Agere
2172 446 2458 515 potuisset,
2510 447 2877 505 Wthinuvanc
2927 452 3054 521 (33;,
3104 454 3430 526 Stapbense,
3464 458 3604 514 Fau-

266 523 460 570 sancta
478 514 738 569 Trinitate
752 516 1239 588 cxplcvit;expleta
1269 528 1452 576 autem
1492 524 1658 579 missa
1677 527 1882 583 clerum

1986 548 2080 586 ces
2113 574 2127 599 ,
2197 534 2635 613 Wissintesteiga
2664 580 2678 605 ,
2769 539 3083 597 llenvibach
3118 584 3133 609 ,
3220 545 3388 616 (quae
3454 564 3599 601 nun-

264 606 487 660 interim
518 615 913 681 congregatum
969 609 1025 662 in
1064 625 1222 666 caena
1280 613 1385 683 (29)
1422 613 1576 682 juxta
1630 619 1883 674 eamdem
1984 641 2148 695 quam
2215 626 2269 680 in
2314 627 2646 684 beneﬁcium
2702 631 2964 687 laicorum
3022 636 3317 699 concessit,
3386 638 3491 692 nisi
3521 639 3592 695 de

263 701 557 756 ecclesiam
615 702 774 757 sitam
842 705 1267 761 solemnissimis
1320 711 1566 766 vestibus
1628 712 1879 768 indutum

259 790 578 856 antecessit,
618 807 807 846 secum
838 798 1051 862 portato
1108 810 1341 866 corpore
1382 797 1576 854 Christi
1601 808 1657 854 et
1698 802 1879 857 Evan-

260 885 433 958 gelio,
459 894 516 940 et
544 886 745 951 cereis,
776 894 832 942 et
862 888 1111 952 incenso,
1143 897 1198 945 et
1243 907 1367 946 cum
1401 908 1647 969 congrua
1667 898 1879 952 saluta-

261 973 416 1029 tione
436 990 693 1029 versuum
724 992 757 1030 a
806 977 994 1047 pueris
1042 979 1329 1036 decantata
1365 999 1465 1053 per
1509 986 1709 1040 atrium
1739 1004 1873 1057 per-

260 1062 404 1118 rexit
426 1063 493 1117 ad
533 1063 822 1119 ecclesiam
863 1068 1046 1123 Sancti
1107 1069 1338 1124 Joannis
1370 1072 1647 1142 Baptistae,
1689 1075 1876 1148 ibique

259 1151 497 1207 Tertiam
554 1154 889 1222 decantavit,
946 1156 1189 1229 indeque
1245 1175 1370 1214 cum
1428 1162 1754 1233 antiphonis
1806 1166 1875 1220 ad

263 1245 530 1301 honorem
561 1247 724 1315 hujus
751 1248 862 1302 diei
907 1251 1404 1324 congruentissima
1423 1256 1765 1325 compositis,
1806 1258 1875 1312 ad

259 1349 508 1394 tuomum
556 1340 663 1408 (30)
718 1339 1114 1397 formosissima
1169 1345 1542 1413 processione,
1611 1347 1759 1402 binis
1819 1358 1876 1406 et

259 1431 410 1486 binis
432 1432 737 1487 secundum
763 1433 1017 1488 ordinem
1076 1434 1239 1489 simul
1269 1436 1687 1494 ambulantibus
1738 1441 1875 1497 mis-

259 1540 377 1578 sam
417 1522 797 1578 celebraturus
826 1533 1171 1594 pervenerat.
1206 1526 1361 1582 Missa
1410 1528 1598 1600 itaque
1628 1531 1877 1587 devotis-

259 1612 401 1666 sime
424 1610 949 1683 religiosissimeque
980 1613 1290 1682 decantata,
1325 1617 1651 1689 cunctisque
1683 1636 1872 1676 sacra-

1984 720 2349 775 exterioribus
2380 722 2515 778 locis
2552 725 2621 778 ad
2665 726 2858 780 eadem
2918 730 3252 799 monasteria
3310 732 3599 801 pertinen~

1983 806 2130 862 tibus
2158 809 2322 863 alicui
2345 811 2413 864 de
2437 812 2542 867 isto
2574 829 2714 888 pago
2738 815 2791 869 in
2824 832 2934 887 quo
2987 818 3383 874 monasterium
3431 837 3592 876 suum

1979 899 2145 955 situm
2167 909 2250 957 est
2275 904 2658 972 concessisset,
2692 915 2751 961 ut
2802 908 2875 962 ibi
2908 908 3231 965 advocatum
3280 913 3598 968 monasterii

1980 992 2185 1047 habere
2215 995 2505 1064 potuisset,
2538 1004 2596 1051 ut
2623 997 3013 1055 ecclesiasticae
3064 1001 3133 1056 ab
3165 1018 3231 1057 eo
3284 1019 3373 1058 res
3398 1004 3598 1060 defen-

1978 1085 2259 1152 derentur,
2288 1088 2385 1142 sed
2416 1089 2483 1142 ad
2514 1106 2669 1144 suam
2728 1099 3056 1161 potestatem
3121 1095 3328 1164 Optima
3359 1113 3596 1168 quaeque

1977 1175 2234 1244 detinuit,
2266 1195 2332 1233 ea
2360 1181 2616 1236 videlicet
2671 1199 2835 1238 causa
2883 1191 2943 1239 ut
2994 1188 3307 1241 facultatem
3348 1203 3413 1242 ea
3462 1190 3593 1244 visi-

1978 1269 2127 1323 tandi
2156 1280 2209 1324 et
2239 1270 2315 1324 ibi
2349 1273 2629 1337 manendi,
2673 1284 2728 1328 et
2778 1292 2903 1346 quae
2936 1262 3245 1333 necessaria
3274 1289 3433 1336 erant
3463 1296 3590 1336 cor-

1976 1356 2191 1430 rigendi
2243 1359 2299 1412 in
2331 1361 2626 1431 stipendiis
2666 1363 2992 1436 habuisset),
3048 1367 3278 1423 sedebat
3321 1370 3507 1442 itaque
3536 1371 3591 1424 in

1979 1445 2123 1501 solio
2161 1464 2330 1517 super
2392 1458 2713 1520 carpentum
2766 1454 3095 1525 composito,
3153 1456 3225 1511 de
3280 1458 3585 1514 humerulis

1982 1537 2205 1606 plaustri
2236 1539 2290 1593 in
2323 1540 2465 1596 ferro
2487 1543 2785 1612 pendente,
2817 1554 2872 1599 et
2898 1562 3023 1600 cum
3080 1563 3146 1602 eo
3178 1565 3320 1603 unus
3349 1549 3587 1606 clericus

1978 1629 2048 1683 de
2078 1631 2377 1699 capellanis
2408 1634 2551 1704 ejus,
2592 1636 2686 1705 qui
2734 1652 2855 1693 cum
2902 1653 2967 1692 eo
2995 1645 3142 1693 totus
3172 1640 3294 1694 dies
3342 1642 3587 1710 psalmos

261 1712 448 1761 menta
479 1705 674 1760 Christi
707 1707 1109 1777 accipientibus
1140 1716 1196 1765 et
1234 1710 1290 1764 in
1318 1727 1419 1766 sua
1446 1715 1871 1778 revertentibus,
1902 1747 1953 1815 Β
1978 1722 2324 1779 (lecantasset
2374 1726 2490 1781 Non
2522 1727 2649 1782 ideo
2703 1730 2926 1799 quando
2973 1731 3242 1801 imprimis
3300 1705 3393 1787 tali
3422 1735 3589 1789 modo

256 1796 350 1851 ille
376 1797 447 1851 ad
487 1797 668 1852 cibum
699 1799 953 1861 accessit,
998 1800 1076 1855 ibi
1108 1818 1328 1857 mensas
1351 1810 1460 1859 tres
1488 1806 1639 1861 omni
1668 1807 1871 1863 decore

258 1894 597 1955 praeparatas
626 1885 840 1941 invenit
873 1905 886 1941 :
913 1904 1075 1943 unam
1108 1890 1195 1943 cui
1226 1890 1454 1947 illecum
1487 1893 1689 1964 quibus
1716 1896 1869 1950 vale-

254 1971 347 2026 bat
373 1973 621 2028 assidere
662 1974 897 2041 solebat,
931 1984 992 2030 et
1019 1976 1185 2031 aliam
1208 1979 1513 2035 matriculis
1574 1982 1707 2051 (31),
1761 1990 1871 2038 ter-

247 2064 382 2118 tiam
436 2066 851 2137 congregationi
901 2073 1106 2122 sanctae
1160 2068 1302 2124 Afrae
1356 2071 1485 2140 (32).
1519 2072 1869 2129 Sanctiﬁcato

247 2151 434 2223 itaque
483 2152 629 2219 cibo,
683 2170 877 2209 carnes
917 2156 1043 2227 agni
1100 2164 1155 2212 et
1204 2159 1502 2227 particulas
1555 2161 1694 2217 lardi
1729 2164 1871 2220 inter

244 2240 537 2294 missarum
566 2243 844 2298 solemnia
881 2244 1159 2300 benedicti
1208 2248 1469 2304 omnibus
1500 2251 1865 2322 dispensavit,

240 2340 299 2380 et
325 2335 456 2382 tunc
485 2329 708 2384 demum
740 2331 924 2387 cibum
957 2350 1082 2390 cum
1104 2338 1185 2393 eis
1202 2340 1353 2395 omni
1382 2343 1586 2415 gaudio
1609 2347 1864 2416 sumpsit.

241 2422 514 2493 Tempore
537 2425 687 2478 enim
735 2433 936 2482 statuto
991 2433 1376 2502 symphoniaci
1436 2446 1705 2493 venerunt
1735 2457 1868 2511 quo-

243 2532 366 2568 rum
413 2523 520 2570 tam
565 2517 793 2588 cepiosa
824 2519 1116 2579 multitudo
1146 2524 1264 2593 fuit,
1299 2535 1359 2583 ut
1404 2546 1546 2600 pene
1600 2532 1744 2587 inter
1774 2550 1865 2589 ca-

242 2603 509 2673 pedinem
537 2606 674 2659 aulae
707 2609 1011 2664 secundum
1056 2613 1308 2669 ordinem
1356 2618 1551 2674 stando
1582 2618 1868 2690 implevis-

244 2702 409 2758 sent,
469 2700 523 2747 et
566 2703 676 2750 tres
714 2697 910 2753 modos
962 2703 1437 2771 symphonizando
1487 2707 1859 2777 perfecerunt.

250 2780 344 2834 llis
373 2780 445 2835 ita
470 2783 689 2853 gaudiis
741 2785 1141 2857 multiplicatis,
1190 2795 1466 2863 canonici,
1498 2798 1861 2869 praecipiente

241 2874 534 2945 episcopo,
558 2879 880 2935 charitatem
910 2884 1252 2954 accipientes
1286 2897 1341 2943 et
1380 2899 1658 2964 rogantes,
1690 2910 1858 2949 unum

239 2964 656 3033 responsorinm
695 2967 765 3023 de
815 2973 1222 3029 resurrectione
1261 2978 1477 3033 Domini
1507 2980 1727 3035 interim
1768 2984 1860 3037 de-

234 3062 618 3112 cantaverunt.
650 3058 713 3114 Et
744 3060 844 3115 hac
891 3063 1156 3119 charitate
1204 3068 1446 3139 expleta,
1504 3072 1573 3125 ad
1623 3073 1856 3129 alteram

229 3166 483 3205 mensam
515 3155 869 3227 congregatio
902 3156 956 3209 S.
989 3156 1130 3214 Afrae
1155 3160 1410 3218 similiter
1456 3163 1606 3221 fecit.
1641 3170 1857 3238 Appro-

228 3242 541 3313 pinquante
570 3261 700 3301 vero
732 3249 1203 3318 vespera,illcsibi
1234 3260 1490 3311 etsecum
1531 3259 1856 3317 sedentibus

223 3332 479 3385 laetanter
508 3335 704 3403 pocula
743 3337 1024 3410 porrigere
1056 3343 1340 3413 praecepit,
1382 3352 1437 3399 et
1470 3347 1683 3401 tertiam
1713 3350 1851 3404 cha-

224 3424 444 3480 ritatem
469 3441 664 3484 omnes
691 3431 1015 3489 charitative
1042 3434 1235 3491 bibere
1264 3439 1851 3516 rogavit,acceptaque

223 3533 292 3571 ea
348 3518 638 3587 charitate,
699 3522 919 3577 tertium
973 3529 1388 3597 responsorinm
1439 3533 1622 3588 omnis
1668 3534 1850 3591 clerus

222 3609 398 3664 simul
429 3627 551 3665 cum
579 3612 767 3669 laetitia
792 3614 1121 3674 decantavit.
1173 3619 1296 3687 Quo
1342 3622 1656 3693 decantato,
1692 3628 1850 3699 hym-

222 3719 361 3756 num
382 3703 730 3762 decantando
759 3710 1011 3765 canonici
1043 3725 1422 3782 surrexerunt,
1451 3725 1511 3772 ut
1542 3726 1669 3789 apte
1707 3738 1847 3792 prte-

218 3798 396 3865 parati
437 3800 508 3853 ad
539 3801 833 3872 Vesperam
888 3805 1154 3863 devenire
1218 3811 1555 3881 potuissent.
1608 3815 1846 3887 Vespera

215 3895 407 3941 autam
442 3897 683 3959 peracta,
711 3893 1033 3966 episcopus,
1068 3912 1191 3952 cum
1222 3899 1535 3970 hospitibus
1557 3910 1612 3957 et
1641 3905 1845 3962 militi-

218 3977 353 4043 bus,
386 3979 454 4032 ad
469 3995 623 4035 suam
654 3982 831 4038 aedem
862 4000 1059 4042 omnes
1097 3990 1487 4048 exhilarandos
1528 3998 1841 4053 reverteba-

218 4076 331 4124 tur.
359 4069 516 4126 Mane
552 4089 682 4129 vero
709 4076 857 4146 quod
903 4086 985 4132 est
1030 4079 1121 4133 die
1176 4082 1341 4149 lunae,
1393 4086 1573 4140 clerus
1604 4094 1750 4143 totus
1781 4094 1846 4145 ad

220 4159 483 4214 Sanctam
541 4162 720 4218 Afram
777 4170 1236 4242 congregabatur,
1293 4181 1353 4226 ut
1391 4174 1713 4247 episcopum
1754 4196 1851 4235 ve-

219 4252 473 4304 nientem
518 4251 933 4311 formosissimis
975 4261 1244 4329 paraturis
1273 4261 1499 4320 indutus
1540 4267 1847 4326 honoriﬁce

218 4342 588 4411 suscepisset,
618 4346 748 4416 quia
779 4348 901 4415 ejus
956 4353 1297 4410 consuetudo
1330 4363 1445 4411 erat
1473 4365 1531 4413 ut
1550 4375 1617 4415 eo
1644 4361 1735 4416 die
1765 4362 1841 4417 ibi

1974 1830 2207 1887 pergere
2236 1817 2402 1887 coepit
2428 1818 2533 1873 nisi
2550 1820 2658 1887 (34)
2697 1820 2878 1874 adhuc
2936 1822 3261 1878 raballicare
3295 1826 3585 1894 potuisset,

1971 1906 2069 1960 sed
2099 1914 2219 1962 uta
2279 1909 2498 1979 pOpulis
2546 1919 3003 1982 sequestraretur.
3075 1930 3143 1968 ne
3201 1913 3588 1983 ascantatione

1975 1996 2305 2065 psalmorum
2365 2013 2555 2053 eorum
2603 2001 2897 2071 colloquiis
2948 2002 3151 2073 ineptis
3212 2004 3567 2075 impediretur

1973 2087 2226 2143 Comitari
2261 2105 2390 2144 vero
2436 2106 2658 2160 semper
2706 2108 2831 2147 cum
2891 2094 2986 2149 illo
3034 2096 3250 2166 aliquos
3301 2113 3431 2152 suos
3461 2115 3588 2169 pre-

1970 2177 2221 2249 sbyteros
2243 2180 2721 2249 prudentissimos,
2753 2188 2810 2237 et
2854 2183 2925 2237 de
2956 2185 3256 2254 capellanis
3285 2193 3493 2241 tantum
3529 2196 3588 2243 ut

1969 2268 2220 2337 quotidie
2247 2268 2530 2323 servitium
2585 2270 2677 2325 Dei
2737 2272 2939 2327 decore
2991 2271 3258 2342 perﬁcere
3316 2274 3586 2345 potuisset

1970 2361 2248 2429 praecepit.
2284 2359 2545 2415 Similiier
2574 2369 2629 2416 et
2655 2364 2725 2417 de
2740 2364 2963 2418 vasallis
2994 2364 3110 2419 suis
3142 2381 3363 2437 semper
3390 2382 3578 2421 serum

1967 2447 2183 2519 aliquos
2214 2449 2655 2519 sapientissimus
2677 2451 2882 2507 habere
2913 2453 3108 2518 voluit,
3154 2454 3198 2508 si
3256 2455 3308 2508 ei
3355 2454 3579 2526 aliquod

1966 2538 2246 2612 negotium
2279 2540 2349 2595 de
2375 2541 2764 2596 ecclesiasticis
2811 2542 2980 2597 rebus
3007 2545 3089 2597 vel
3122 2545 3482 2601 saecularibus
3508 2546 3578 2600 ad

1966 2631 2308 2685 tractandum
2359 2631 2698 2699 devenisset,
2766 2640 2824 2688 ut
2877 2650 3067 2689 eorum
3122 2637 3356 2692 consilio
3419 2646 3578 2692 caute

1966 2731 2199 2779 tractare
2226 2734 2280 2779 et
2335 2742 2524 2800 regere
2580 2743 2802 2798 semper
2867 2736 3090 2798 paratus
3142 2738 3308 2785 esset.
3341 2731 3585 2786 Fuerunt

1962 2815 2123 2869 etiam
2148 2816 2309 2871 electi
2340 2817 2409 2871 de
2434 2818 2639 2872 familia
2661 2835 2885 2890 semper
2904 2820 2998 2891 qui
3026 2822 3375 2876 trahentibus
3403 2821 3582 2877 bobus

1961 2902 2218 2958 ductores
2247 2902 2502 2970 fuissent,
2537 2915 2591 2959 et
2616 2922 2741 2960 eum
2764 2914 2891 2961 ante
2921 2914 2977 2962 et
3008 2916 3151 2963 retro
3184 2910 3253 2961 ad
3296 2909 3576 2963 dexteram

1959 3000 2014 3047 et
2037 2994 2105 3047 ad
2132 2993 2322 3049 laevam
2351 3003 2511 3050 caute
2541 2996 2950 3061 observassent,
2970 3000 3172 3070 quibus
3203 3000 3292 3054 ille
3324 3000 3575 3071 quotidie

1883 3112 1932 3179 Ο
1958 3092 2161 3140 tantam
2193 3103 2429 3142 annonae
2467 3088 2687 3158 copiam
2720 3107 2816 3159 per
2872 3090 3118 3161 seipsum
3171 3099 3228 3146 et
3286 3108 3385 3161 per
3412 3090 3577 3147 mini-

1956 3181 2100 3229 stros
2131 3174 2251 3243 ejus
2290 3176 2419 3231 dare
2457 3176 2587 3232 fecit
2616 3178 2673 3231 in
2727 3180 3023 3248 praesentia
3082 3179 3224 3248 ejus,
3283 3188 3343 3235 ut
3373 3180 3575 3251 triplici

1957 3278 2188 3318 numero
2227 3264 2470 3318 virorum
2511 3264 2767 3321 sufﬁcere
2809 3268 3099 3337 potuisset.
3159 3268 3577 3324 Amantissimus

1955 3341 2177 3422 quoque
2208 3353 2499 3407 comitatus
2529 3370 2833 3423 pauperum
2892 3372 3118 3425 semper
3168 3373 3292 3412 cum
3328 3373 3394 3412 eo
3433 3358 3582 3412 inter

1954 3456 2053 3495 sua
2084 3440 2204 3495 loca
2234 3440 2348 3496 ibat
2378 3460 2391 3507 ;
2423 3442 2517 3512 qui
2552 3442 2806 3497 virtutem
2841 3444 3202 3499 caballicandi
3228 3446 3579 3501 habebantin

1950 3527 2282 3584 cautissimis
2312 3530 2747 3585 ambulatoribus
2770 3531 3101 3606 pergebant.
3145 3532 3245 3586 Alii
3278 3542 3461 3587 autem
3491 3533 3578 3588 his

1949 3619 2217 3674 vehiculis
2247 3620 2301 3675 in
2334 3620 2541 3692 quibus
2570 3622 2721 3677 soliti
2776 3630 2934 3677 erant
2984 3639 3233 3697 pergere,
3288 3640 3412 3678 cum
3443 3640 3573 3679 car-

1949 3713 2131 3783 pentis
2161 3714 2502 3786 episcopalia
2554 3716 2861 3772 ministeria
2919 3719 3270 3789 portantibus
3311 3735 3570 3788 perrexe-

1948 3811 2092 3858 runt.
2153 3805 2391 3870 Quorum
2450 3822 2576 3862 vero
2657 3807 2760 3877 (35)
2839 3807 3253 3862 mansiunculas
3308 3815 3363 3862 et
3423 3813 3565 3862 totas

1955 3900 2375 3969 procurationes
2434 3901 2551 3972 ipse
2604 3919 2704 3974 per
2758 3902 2997 3973 aliquem
3047 3917 3270 3957 suorum
3329 3898 3573 3955 ﬁdelium

1954 3992 2203 4063 quotidie
2235 4000 2395 4048 caute
2425 3993 2708 4065 disposuit
2779 3995 3067 4066 Nunquam
3123 4010 3252 4049 vero
3295 3994 3348 4047 in
3389 3994 3574 4065 aliquo

1956 4082 2343 4152 praedictorum
2380 4084 2846 4140 monasteriorum
2903 4084 3114 4139 otiosus
3144 4082 3420 4146 manebat,
3464 4081 3570 4136 nisi

1952 4172 2005 4225 in
2038 4170 2291 4226 wdiﬁeiis
2335 4173 2601 4235 ecclesiae,
2654 4174 2740 4228 vel
2789 4173 3174 4239 claustrorum,
3210 4172 3295 4226 vel
3336 4171 3569 4227 aliorum

1949 4260 2331 4325 mdiliciornm,
2381 4261 2468 4315 vel
2500 4277 2780 4317 murorum
2821 4269 2981 4316 antea
3013 4260 3348 4331 pralparatis,
3381 4269 3434 4315 et
3457 4260 3573 4314 col-

1946 4351 2103 4406 lectis
2149 4353 2589 4424 supellectilibus
2637 4354 2954 4409 laborasset.
2997 4354 3169 4408 Vitam
3219 4368 3348 4408 vero
3382 4352 3435 4406 in
3468 4367 3565 4407 eo-

220 4445 506 4484 sacrarum
534 4431 818 4489 solemniis
843 4436 1132 4497 missarum
1166 4441 1277 4496 Deo
1310 4443 1589 4512 militaret,
1630 4454 1687 4501 et
1718 4456 1843 4518 post
1864 4479 1918 4547 Β
1944 4444 2068 4498 dem
2110 4447 2445 4502 monasterio
2476 4448 2588 4501 Deo
2621 4447 2973 4500 militantium
3015 4446 3408 4501 monachorum
3435 4444 3556 4501 sive

220 4528 443 4547 nu“...
475 4538 747 4547 “nmw
785 4527 935 4547 μη
1188 4533 1200 4547 .
1342 4535 1352 4545 .
1665 4539 1699 4547 ..
2128 4537 2138 4547 .
2409 4543 2417 4547 .
2498 4538 2528 4547 Α.
2669 4538 2700 4547 ..
3135 4538 3146 4547 .
3545 4543 3554 4547 -

216 4528 448 4591 peracta
475 4538 751 4580 sacrarum
785 4527 1073 4585 missarum
1123 4533 1390 4590 solemnia
1422 4538 1835 4596 multitudinem

215 4613 417 4684 p0puli
451 4612 580 4670 illuc
609 4623 928 4695 congregati
970 4639 1125 4679 sacro
1155 4626 1446 4682 chrismate
1468 4629 1839 4699 conﬁrmaret,

224 4712 284 4757 et
318 4702 406 4757 his
435 4702 509 4757 ita
537 4707 797 4776 peractis,
828 4710 895 4764 ad
912 4711 1186 4768 civitatem
1227 4716 1409 4782 rediit,
1460 4725 1514 4772 et
1564 4719 1637 4773 ibi
1673 4728 1839 4777 totam

216 4795 545 4864 paschalcm
576 4798 981 4856 hebdomadam
1003 4805 1354 4861 devotissime
1376 4809 1693 4867 celebravit.

292 4883 355 4938 ν.
388 4885 567 4942 Finita
596 4889 835 4959 paschali
891 4891 1264 4961 solemnitate,
1313 4912 1435 4952 cum
1494 4898 1729 4969 alicujus
1758 4904 1838 4958 rei

1944 4537 2335 4591 canonicorum
2372 4543 2425 4591 et
2463 4538 2738 4608 stipendia
2777 4553 2966 4593 eorum
2998 4538 3227 4593 omnino
3278 4553 3474 4611 regere
3504 4543 3562 4591 et

1942 4643 2278 4698 componere
2307 4629 2535 4693 studuit,
2585 4629 2750 4700 etjus
2780 4628 3001 4683 familiae
3034 4627 3341 4683 dissolvere
3379 4627 3562 4683 omni-

1942 4719 2107 4773 modo
2156 4734 2265 4774 non
2322 4721 2614 4776 concessit.
2693 4722 2843 4777 Dona
2892 4721 3058 4776 etiam
3114 4719 3290 4776 sancti
3323 4719 3564 4790 Spiritus

1941 4808 2175 4872 tradere;
2206 4809 2297 4873 ubi
2331 4810 2635 4865 necessitas
2665 4809 2787 4877 fuit,
2829 4809 3251 4866 conﬁrmatione
3279 4809 3560 4865 chrisma-

1943 4899 2010 4952 tis
2038 4915 2147 4953 non
2175 4899 2364 4955 omisit

208 4976 529 5032 necessitas
576 4981 971 5051 preposuisset,
1027 4991 1085 5040 ut
1112 4986 1179 5040 ad
1211 4986 1316 5043 alia
1343 4988 1464 5044 loca
1498 4991 1583 5045 vel
1621 4992 1691 5046 ad
1720 5010 1838 5050 mo-

2011 4998 2094 5052 Vl.
2127 4998 2346 5053 Gratum
2378 5005 2560 5068 autem
2615 5004 2670 5053 et
2717 4998 3089 5053 necessarium
3152 4997 3253 5052 iter
3307 4992 3556 5064 populis,

205 5064 466 5120 nasteria
491 5068 822 5137 pertinentia
872 5072 940 5125 ad
994 5074 1371 5146 episcopatum
1428 5079 1673 5155 legitime
1700 5100 1833 5155 per-

1937 5105 2060 5144 cum
2112 5097 2305 5160 quarto
2368 5089 2475 5160 (36)
2534 5105 2703 5156 anno,
2741 5089 3048 5145 secundum
3096 5083 3546 5143 constitutionem

288 5233 399 5304 (29)
426 5235 667 5293 Porticu.

283 5305 391 5428 φῦ)
427 5305 867 5379 Superscriptum
888 5322 1006 5368 erat
1038 5332 1051 5368 :
1078 5317 1425 5374 adsummum
1453 5321 1834 5382 Germanicum

283 5377 288 5428 ἱ
316 5376 772 5428 icetcathedmlis
804 5384 1049 5428 analogia:
1074 5403 1271 5428 nnmnn
1315 5392 1551 5428 νοεηονίι
1610 5397 1810 5428 unum...

196 5376 778 5461 scillic‘etgathedralis.
804 5384 1057 5461 ecclesiae
1074 5403 1274 5443 nomen
1315 5392 1573 5461 respexit,
1600 5376 1831 5454 riam

280 5447 401 5524 (si)
434 5449 903 5524 naucularum.
937 5472 987 5522 ρ,
1012 5458 1160 5513 clero
1194 5447 1444 5516 ecclesiae
1481 5447 1833 5524 οδίιιὲᾶιῖέιῖίὲζ

283 5517 396 5582 (32)
436 5518 626 5577 Clerici
686 5517 983 5594 regulares.
1026 5528 1079 5582 id
1145 5533 1411 5595 temporis
1456 5517 1830 5595 εεὸοίέέἰῖιῆυὲ

192 5586 374 5665 Afrae,
410 5607 531 5660 qua:
556 5610 700 5650 nunc
732 5586 1042 5652 StUdalrici
1075 5611 1178 5665 est,
1222 5586 1562 5659 obtinebant;

283 5662 397 5727 (33;
462 5665 557 5747 Al;
604 5666 917 5747 ship/tense,
963 5662 1453 5747 _W_isz'nt_essteigia,
1496 5679 1829 5747 Houvibach,

191 5732 442 5798 Fauces,
518 5732 820 5793 Suichuvac
893 5741 976 5795 vel
1040 5732 1451 5802 Fuich-Wd'ncf
1526 5750 1632 5811 AL,
1658 5732 1832 5806 "sed:

1939 5259 2157 5327 phense,
2219 5261 2658 5328 Unisintessbela,
2710 5259 3069 5318 Houivibach,
3129 5259 3344 5321 Fauces,
3422 5257 3555 5313 Sin-

1940 5330 2201 5391 chuvanc,

2012 5400 2119 5467 (34)
2149 5403 2275 5457 Nisi
2304 5417 2402 5472 pro
2432 5403 2577 5472 quod
2604 5419 2730 5457 non.

2156 5472 2263 5552 l-l‘oc
2291 5489 2418 5527 vero
2447 5475 2708 5528 abundat.
3169 5542 3178 5552 ι
3300 5540 3334 5552 ν

2007 5542 2116 5609 (36)
2168 5543 2324 5599 Forte
2353 5560 2458 5599 uno
2514 5560 2763 5614 quoque;
2812 5558 3053 5614 canones
3092 5542 3240 5598 enim
3282 5541 3555 5614 diteceses

1935 5614 2245 5694 annuehab.
2277 5611 2556 5694 episcopis
2607 5611 2855 5694 visitari“
2880 5613 3092 5694 volunt.
3128 5615 3219 5694 _10
3249 5613 3376 5694 qz‘l.
3426 5627 3472 5665 ο.
3515 5611 3549 5665 9

1934 5691 1988 5737 et
2018 5687 2076 5738 10
2123 5683 2366 5755 Capitula
2395 5683 2559 5741 etiam
2606 5684 2780 5740 Caroli
2810 5686 2880 5741 M.
2936 5693 2991 5741 et
3029 5685 3233 5740 Ludov.
3287 5683 3368 5738 Pii
3407 5697 3543 5737 cou-

1933 5756 2195 5823 sentiunt,
2227 5757 2323 5811 lib.
2356 5774 2447 5822 vn,
2488 5772 2607 5825 cap.
2642 5759 2765 5812 Act.
2789 5757 2842 5812 8.
