4038 6178
475 350 607 404 1023

1552 352 1605 405 S.
1648 351 1953 405 UDALRICI
1997 348 2369 404 AUCUSTANI
2412 346 2725 402 EPISCOPI.

3669 347 3818 400 1024

464 492 737 531 canonum
789 477 1147 531 ministerium
1205 494 1364 533 suum
1415 478 1483 532 ad
1514 477 1873 550 implendum,
1909 494 2077 534 causa
2100 479 2147 547 Α
2177 492 2243 531 eo
2295 475 2493 530 clerico
2547 475 2634 530 cui
2703 475 2796 529 illa
2838 475 3160 530 obedientia
3243 482 3371 530 erat
3413 477 3817 530 commendata

467 565 695 638 regendi
727 573 781 620 et
815 566 1148 636 prredicandi
1182 577 1346 640 atque
1395 568 1760 624 confirmandi
1789 570 2075 624 dimcesim

466 654 572 708 sibi
592 655 943 710 commissam
987 656 1207 710 visitare
1253 657 1608 723 decrevisset,
1667 658 1862 712 eodem
1889 658 2075 723 modo,

464 743 603 798 sicut
628 743 884 814 superius
910 745 1166 806 diximus,
1194 745 1248 798 in
1280 746 1419 800 solio
1447 747 1692 814 carpenti
1726 746 2077 816 superposito

467 841 718 904 sedebat,
742 842 1092 912 psalmosque
1124 842 1286 897 solito
1317 857 1467 896 more
1511 841 1862 905 decantabat,
1899 857 2078 894 eunu-

466 932 628 986 chum
669 932 818 986 illum
877 933 1097 987 imitans
1125 935 1240 1004 qui,
1269 933 1462 1008 legens
1517 933 1708 987 Isaiam
1754 933 2079 1002 prophetam

467 1044 636 1097 super
659 1045 878 1083 currum
911 1045 1067 1082 suum
1102 1031 1322 1092 sedens,
1360 1046 1457 1099 per
1482 1029 1622 1082 viam
1676 1026 1959 1098 pergebat,
1993 1025 2079 1081 cui

467 1116 824 1185 praecipiente
855 1118 1053 1186 Spiritu
1093 1129 1281 1173 sancto
1306 1119 1589 1188 Philippus
1648 1117 1937 1185 adjunctus
1977 1123 2080 1178 est,

469 1205 586 1274 qui,
614 1206 770 1260 abeo
829 1207 1160 1276 prtedicatus
1191 1214 1241 1260 et
1283 1208 1606 1278 baptizatus,
1667 1206 1830 1260 fidem
1882 1213 2083 1258 sanctae

466 1293 744 1349 Trinitatis
773 1296 1006 1365 accepit.
1060 1297 1337 1350 aestimans
1388 1311 1484 1366 pro
1513 1304 1682 1357 certo,
1727 1304 1992 1366 quantum
2022 1309 2082 1346 se

467 1385 756 1456 colloquiis
788 1387 1043 1441 humanis
1071 1388 1454 1453 subtraxisset,
1507 1396 1569 1442 ut
1595 1394 1802 1442 tantum
1843 1402 1903 1440 se
1938 1384 2083 1439 divi-

469 1475 552 1527 nis
583 1475 1034 1546 prOpinquiorem
1069 1476 1247 1530 facere
1296 1477 1582 1546 potuisset.
1615 1477 1694 1530 Ad
1751 1476 1870 1530 loca
1893 1485 2079 1530 autem

470 1562 559 1615 illa
603 1579 724 1616 cum
778 1565 1120 1634 pervenisset
1179 1565 1272 1618 ubi
1317 1565 1550 1620 consilia
1605 1583 1705 1620 sua
1761 1565 2083 1621 denuntiata

468 1653 704 1720 fuerant,
763 1671 884 1708 cum
935 1657 1222 1729 evangelio
1261 1664 1315 1710 et
1356 1674 1495 1728 aqua
1549 1657 1841 1712 benedicta
1898 1665 2076 1711 etso-

467 1743 1022 1814 nantibuscampanis
1051 1754 1105 1798 et
1138 1753 1285 1798 tanta
1336 1745 1754 1800 honorificentia
1785 1754 2078 1817 susceptus

467 1841 571 1896 est,
604 1843 870 1904 quantum
928 1834 1037 1888 illis
1091 1836 1184 1906 qui
1242 1836 1317 1889 ibi
1359 1838 1676 1911 congregati
1735 1844 1864 1891 sunt
1906 1838 2079 1891 virtus

465 1924 813 1993 suppetebat.
875 1926 1063 1980 Statim
1098 1943 1228 1982 vero
1288 1928 1453 1982 missa
1508 1929 1786 1983 celebrata
1843 1946 1896 1982 in
1955 1945 2083 1984 con-

468 2016 594 2070 cilio
623 2018 938 2084 considens,
980 2020 1246 2089 p0pulum
1277 2027 1402 2074 ante
1447 2036 1509 2074 se
1542 2021 1724 2075 vocari
1766 2021 1913 2088 fecit,
1948 2037 2081 2091 pru-

460 2104 853 2176 dentioresque
898 2114 952 2161 et
983 2109 1294 2162 veraciores
1350 2117 1692 2164 sacramento
1734 2111 2077 2183 interrogare

462 2194 746 2263 praecepit,
777 2211 898 2265 quze
957 2197 1012 2250 in
1053 2197 1144 2250 illa
1203 2198 1460 2267 parochia
1491 2199 1880 2253 emendatione
1910 2200 2077 2272 digna

461 2285 710 2350 fuissent,
751 2294 804 2341 et
857 2295 1049 2342 contra
1102 2289 1227 2356 jura
1279 2288 1704 2344 Christianitatis
1760 2298 2075 2361 perpetrata

457 2383 698 2445 peccata,
729 2383 787 2430 ut
837 2377 888 2430 ei
928 2378 1107 2432 veraci
1152 2379 1324 2432 relatu
1381 2388 1509 2434 nota
1570 2379 1769 2434 fierent
1808 2380 1971 2434 facta.
2008 2380 2071 2435 Ut

457 2473 636 2521 autem
678 2467 748 2521 ab
789 2469 868 2522 eis
894 2470 1077 2539 aliqua
1100 2486 1346 2524 normam
1399 2473 1752 2526 rectitudinis
1775 2489 2073 2547 supergre-

461 2556 668 2611 dientia
705 2559 927 2629 cognita
985 2560 1216 2626 audivit,
1249 2561 1368 2615 sine
1428 2562 1785 2631 perceptione
1816 2577 2077 2632 persona-

467 2667 584 2705 rum
615 2651 1216 2718 secundumjudicium
1273 2653 1620 2719 clericorum,
1678 2654 1747 2707 ad
1805 2655 2076 2709 tramitem

463 2740 834 2804 rectitudinis,
894 2749 1182 2812 quantum,
1239 2743 1605 2812 omnipotenti
1672 2745 1780 2800 Deo
1829 2746 2076 2816 juvante,

464 2829 659 2898 potuit,
693 2829 971 2882 retrahere
1025 2829 1320 2898 festinavit,
1351 2838 1407 2887 et
1462 2833 1602 2887 male
1661 2833 1928 2904 pullulata
1957 2851 2082 2889 sur-

464 2918 586 2972 cula
613 2918 868 2973 vitiorum
910 2918 1161 2974 falcastro
1209 2921 1362 2975 verbi

2110 1883 2159 1950 Β

1425 2923 1518 2976 Dei
1570 2925 1970 2980 studiosissime
1999 2941 2087 2979 re-

2179 566 2564 639 erogabantur.
2628 563 2916 619 Debilibus
2971 572 3155 618 autem
3207 581 3330 619 cum
3391 580 3458 619 eo
3496 565 3815 619 advenien-

2181 659 2401 714 tibusin
2433 677 2530 713 sua
2565 659 2858 730 praesentia
2909 659 3218 724 collocatis,
3277 659 3658 713 abundantem
3719 675 3816 712 re-

2181 752 2471 806 fectionem
2533 751 2737 821 apponi
2799 751 3068 822 praecipit.
3123 752 3180 804 ln
3232 751 3566 822 quibusdam
3616 757 3809 804 autem

2182 841 2378 894 diebus
2428 841 2665 910 capitula
2713 857 2835 895 cum
2903 839 3121 894 clericis
3167 839 3372 893 habere
3413 839 3697 909 disposuit
3754 839 3810 892 in

2184 931 2267 984 his
2307 930 2441 984 locis
2492 929 2587 982 ubi
2654 929 2769 982 heec
2823 929 3108 998 aptissime
3153 928 3274 982 ﬁeri
3335 928 3815 998 archipresbyteri

2186 1030 2534 1094 putaverunt,
2563 1031 2616 1078 et
2662 1021 2758 1077 ubi
2820 1038 2945 1075 eum
2986 1022 3055 1075 ab
3110 1021 3236 1075 aliis
3287 1020 3586 1074 mundanis
3625 1020 3824 1074 conci-

2187 1113 2272 1166 liis
2326 1112 2716 1166 absolutiorem
2768 1126 2888 1164 esse
2974 1109 3394 1164 arbitrabantur.
3451 1107 3823 1181 Congregatis

2185 1211 2312 1256 ante
2379 1217 2436 1255 se
2482 1201 2719 1264 clericis,
2787 1200 3315 1270 archipresbyteros,
3349 1204 3400 1252 et
3431 1197 3706 1262 decanos,
3768 1205 3824 1250 et

2185 1291 2428 1361 optimos
2457 1307 2596 1362 quos
2656 1292 2798 1344 inter
2855 1305 2951 1344 cos
3005 1289 3255 1344 invenire
3288 1287 3486 1359 potuit,
3532 1295 3698 1342 caute
3732 1287 3818 1339 in-

2185 1381 2484 1453 terrogavit
2532 1381 2771 1453 qualiter
2833 1381 3220 1452 quotidianum
3271 1379 3367 1433 Dei
3414 1379 3706 1432 servitium
3747 1377 3819 1430 ab

2184 1474 2264 1528 eis
2295 1473 2636 1544 impleretur,
2673 1481 2728 1528 et
2789 1472 3027 1544 qualiter
3081 1472 3192 1526 illis
3224 1471 3464 1541 pOpqus
3523 1470 3818 1537 subjectus

2183 1578 2248 1617 ex
2277 1563 2358 1616 eis
2388 1567 2676 1634 regeretur
2707 1561 2762 1614 in
2789 1560 2972 1615 studio
3019 1558 3356 1630 praedicandi
3405 1558 3764 1629 docendique
3802 1577 3818 1618 ;

2183 1663 2499 1728 quantaque
2560 1656 2778 1710 cautela
2833 1655 3071 1709 infantes
3108 1653 3542 1723 baptizarentur,
3606 1650 3812 1706 infirmi

2179 1752 2533 1806 visitarentur
2553 1757 2606 1804 et
2653 1756 3016 1823 ungerentur,
3069 1746 3463 1802 defunctorum
3494 1746 3665 1800 etiam
3689 1761 3813 1802 cor-

2183 1860 2314 1914 pora
2345 1848 2548 1914 quanta
2610 1840 2995 1911 compassione
3054 1839 3356 1910 sepulturis
3409 1838 3813 1903 traderentur;

2184 1932 2423 2004 qualiter
2455 1932 2525 1986 de
2564 1930 2798 1986 decimis
2848 1936 2902 1983 et
2945 1927 3323 1983 oblationibus
3387 1926 3638 1980 fidelium
3683 1942 3819 1994 pau-

2185 2041 2347 2094 peres
2377 2033 2433 2078 et
2485 2023 2704 2078 debiles
2761 2027 3164 2085 recrearentur,
3215 2019 3399 2072 viduis
3452 2026 3505 2072 et
3538 2019 3810 2087 orphanis

2183 2116 2235 2169 in
2266 2116 2536 2169 universis
2569 2112 3004 2168 necessitatibus
3048 2112 3409 2166 subvenirent
3441 2128 3455 2175 ;
3489 2120 3817 2181 quantoque

2178 2208 2362 2262 studio
2386 2207 2440 2260 in
2465 2205 2778 2276 hospitibus
2809 2212 2862 2258 et
2889 2203 3119 2258 advenis
3134 2203 3351 2257 Christo
3386 2203 3772 2256 ministrarent
3799 2220 3814 2260 :

2176 2295 2220 2348 si
2257 2295 2710 2349 subintroductas
2769 2292 3027 2346 mulieres
3074 2307 3262 2344 secum
3332 2289 3682 2354 habuissent,
3756 2295 3813 2342 et

2176 2388 2306 2441 inde
2363 2387 2568 2442 crimen
2625 2383 2954 2454 suspicionis
2997 2383 3306 2436 inciderent
3348 2399 3361 2444 ;
3404 2381 3450 2434 si
3480 2397 3604 2436 cum
3667 2381 3821 2435 cani-

2177 2477 2278 2530 bus
2330 2475 2415 2528 vel
2470 2473 2826 2543 accipitribus
2909 2471 3232 2526 venationes
3315 2477 3705 2542 sequerentur,
3761 2465 3816 2522 si

2180 2565 2436 2619 tabernas
2473 2578 2640 2617 causa
2698 2561 2901 2616 edendi
2959 2561 3047 2615 vel
3082 2560 3312 2613 bibendi
3337 2559 3771 2632 ingrederentur
3806 2553 3821 2596 ἶ

2180 2657 2225 2710 si
2255 2665 2442 2725 turpes
2491 2655 2650 2722 jocos
2708 2655 2762 2707 in
2819 2669 2918 2707 usu
2969 2653 3287 2717 haberent;
3340 2651 3386 2705 si
3418 2651 3727 2704 ebrietates
3767 2659 3825 2705 et

2181 2748 2618 2803 comessationes
2673 2761 2838 2816 supra
2900 2744 3126 2799 modum
3175 2751 3469 2803 amarent;
3521 2743 3564 2796 si
3595 2743 3734 2796 rixis
3757 2753 3817 2797 et

2185 2837 2634 2894 contentionibus
2651 2844 2706 2891 et
2727 2836 3179 2892 aemulationibus
3207 2835 3546 2889 deservirent
3583 2853 3601 2896 ;
3634 2835 3682 2889 si
3708 2851 3821 2888 nu-

2187 2927 2694 3001 ptiissaacularibus
2750 2926 3120 2988 interessent;
3162 2924 3244 2978 vel
3299 2924 3343 2977 si
3394 2923 3560 2994 aliqui
3621 2939 3822 2977 eorum

465 3029 676 3076 secare,
735 3030 802 3068 ne
851 3015 1085 3089 virgulta
1134 3017 1400 3070 malorum
1458 3019 1773 3092 germinum
1839 3026 2084 3094 segetem
2189 3017 2497 3072 ministeria.
2551 3013 2868 3069 indecentia
2926 3013 2978 3066 in
3013 3011 3415 3068 consuetudine
3479 3012 3810 3072 haberent:

466 3104 662 3158 Christi
692 3105 796 3158 sibi
824 3107 1170 3161 commissam
1227 3106 1497 3163 suffocare
1531 3109 1820 3164 licentiam
1855 3111 2083 3165 habuis-

2188 3107 2232 3161 si
2263 3122 2360 3177 per
2392 3104 2676 3167 Kalendas,
2733 3117 2887 3157 more
2945 3110 3356 3156 antecessorum
3419 3111 3670 3164 suorum,
3738 3103 3813 3155 ad

464 3201 588 3247 sent
621 3201 712 3260 ;et
742 3194 950 3249 morbis
979 3195 1238 3250 vitiorum
1296 3197 1581 3266 aptissima
1613 3198 1856 3254 fomenta
1889 3216 2079 3255 emen-
2113 3235 2162 3303 C
2186 3200 2304 3253 loca
2333 3204 2530 3252 statuta
2590 3195 2970 3260 convenirent,
3032 3194 3224 3265 ibique
3279 3195 3470 3250 solitas
3524 3194 3821 3250 orationes

466 3284 746 3338 dationem
817 3286 1095 3355 Opposuit,
1129 3287 1226 3341 sed
1274 3295 1454 3342 tamen
1507 3290 1817 3345 secundum
1849 3291 2082 3346 verbum

466 3368 559 3421 Dei
593 3369 823 3425 dicentis
853 3388 866 3424 :
900 3373 1101 3440 Argue,
1142 3375 1384 3441 obsecra,
1442 3379 1663 3447 increpa
1715 3381 1774 3432 in
1808 3383 1958 3434 omni
1986 3398 2088 3449 pa-

467 3459 735 3513 tientiaet
765 3460 1015 3514 doctrina
1046 3462 1120 3532 (Il
1167 3465 1302 3518 Tim.
1339 3469 1430 3534 iv).
1489 3466 1559 3519 Ea
1618 3482 1746 3522 vero
1797 3484 1920 3539 quze
1977 3469 2084 3522 dif-

468 3545 636 3600 ficilia
666 3555 721 3601 et
750 3547 1150 3618 insuperabilia
1204 3552 1473 3606 ministris
1530 3555 1646 3608 suis
1707 3571 1829 3610 esse
1882 3557 1951 3611 ab
2002 3559 2084 3612 eis

465 3641 752 3711 comperit,
787 3642 842 3695 in
908 3644 1201 3713 praesentia
1247 3646 1354 3709 sui,
1400 3648 1646 3701 omnium
1695 3667 1820 3704 cum
1862 3667 1928 3706 eo
1964 3667 2080 3707 ma-

465 3733 736 3799 nentium,
777 3733 1076 3803 adjutorio,
1110 3744 1366 3806 percauta
1425 3739 1733 3796 directione
1764 3741 1908 3797 finiri
1940 3761 2077 3799 con-

462 3824 656 3879 tendit.
692 3825 821 3890 Quae
844 3834 1024 3880 autem
1049 3828 1118 3880 ab
1148 3829 1229 3882 eis
1259 3828 1378 3883 sine
1409 3830 1812 3888 obtrectatione
1844 3835 2076 3891 aliorum

464 3916 517 3968 in
577 3925 778 3973 statum
828 3919 1173 3974 rectitudinis
1215 3922 1484 3976 convertit
1543 3926 1840 3994 persensit,
1888 3944 2076 3983 eorum

467 4009 724 4082 regimini
773 4010 1168 4080 perficiendum
1227 4011 1458 4068 firmiter
1514 4017 1936 4072 commendavit.
1983 4020 2078 4076 Ille

464 4108 669 4167 autem,
725 4117 969 4172 sequens
1021 4104 1263 4178 regulam
1318 4105 1401 4159 sui
1471 4106 1781 4174 ministerii,
1842 4109 2079 4180 Spiritus

463 4190 639 4244 sancti
663 4190 870 4245 donum
905 4194 1109 4263 pOpulo
1149 4194 1218 4246 ad
1275 4195 1380 4248 hoc
1429 4194 1561 4248 illud
1592 4205 1948 4271 congregato,
1990 4217 2078 4255 sa-

463 4298 568 4336 crae
621 4282 896 4337 unctionis
953 4283 1428 4339 confirmationem
1496 4288 1706 4341 studuit
1762 4289 2071 4360 imponere.

464 4368 519 4421 Si
571 4376 752 4422 autem
805 4371 887 4422 liis
939 4371 1122 4425 adhuc
1187 4373 1523 4443 imperfectis
1564 4390 1668 4430 nox
1708 4377 1871 4434 solito
1925 4397 2075 4436 more

466 4460 776 4529 subrepens
832 4462 1075 4528 advenit,
1150 4479 1219 4518 ne
1308 4465 1492 4537 aliqua
1549 4484 1674 4537 pars
1730 4470 1910 4525 ovium
1969 4475 2072 4528 sibi

469 4557 884 4612 commissarum
926 4558 1256 4615 detrimento
1311 4562 1637 4631 privationis
1681 4567 1922 4621 caelestis
1943 4569 2073 4624 doni

468 4657 804 4722 gravaretur,
838 4651 1078 4706 incensis
1131 4653 1492 4710 luminaribus
1523 4657 1576 4710 in
1611 4659 1834 4714 nomine
1861 4662 2073 4716 Domini

466 4749 647 4810 coepta
701 4742 967 4811 perficere
1020 4744 1338 4800 decertavit.
1381 4747 1660 4802 Interdum
1721 4757 1924 4816 autem,
1954 4769 2076 4808 cum

465 4828 536 4882 de
586 4829 1008 4902 rel’ragatoribus
1051 4833 1276 4900 justitiaa
1336 4841 1490 4888 tanta
1545 4837 1829 4893 contentio
1887 4855 2078 4895 excre-

464 4920 657 4985 visset,
687 4931 749 4976 ut
789 4923 1095 4979 decedente
1123 4925 1232 4990 die,
1268 4926 1511 4981 tenebrae
1561 4929 1736 4984 noctis
1775 4929 2078 4986 funderen-

465 5019 553 5067 tur
582 5013 638 5067 in
665 5014 896 5078 mundo,
956 5031 1024 5069 ne
1085 5031 1180 5085 pro
1235 5033 1301 5071 eo
1355 5018 1590 5074 concilia
1630 5020 1764 5075 inibi
1817 5023 2077 5078 ventilata

463 5104 1162 5170 remanerentincorrecta,
1221 5107 1522 5163 luminibus
1553 5110 1798 5165 incensis
1862 5114 2078 5182 regulas

464 5197 759 5251 canonicas
803 5199 985 5271 legere
1037 5199 1316 5268 praecepit,
1388 5208 1445 5254 ut
1510 5202 1647 5256 seris
1697 5204 1924 5269 justitiae
1983 5220 2078 5260 ora

464 5287 854 5359 refragatorum
895 5291 1295 5361 Oppilarentur,
1356 5301 1411 5347 et
1444 5293 1608 5361 justis
1633 5296 1863 5364 judiciis
1890 5299 2079 5369 omnia

466 5377 522 5431 in
574 5380 667 5433 Dei
739 5381 1019 5436 voluntate
1106 5392 1642 5441 consummarentur.
1702 5391 1831 5442 tium
1892 5396 2077 5444 autem

461 5471 737 5541 completo
764 5473 998 5528 concilio
1054 5475 1140 5530 vel
1197 5473 1615 5530 confirmatione
1665 5479 1733 5532 ad
1792 5481 2077 5535 mansiun-

462 5563 614 5618 culas
645 5563 828 5630 rediit,
869 5581 1070 5636 corpus
1125 5565 1485 5622 reficiendum
1541 5583 1650 5622 non
1693 5570 1844 5639 prius
1911 5589 2079 5642 pran-

468 5649 618 5706 dium
685 5653 940 5726 gustavit,
989 5671 1152 5725 quam
1203 5655 1537 5727 pauperibus
1584 5656 1950 5730 eleemosynae
2007 5661 2075 5715 ab

2189 3291 2499 3361 explerent,
2528 3303 2763 3360 suasque
2791 3287 3059 3343 Ecclesias
3097 3287 3166 3342 ad
3195 3295 3414 3358 tempus
3456 3290 3771 3346 reviserent
3797 3312 3816 3353 ;

2187 3386 2233 3439 si
2285 3383 2660 3439 obedientiam
2719 3398 2909 3436 eorum
2974 3381 3247 3455 magistris
3310 3381 3702 3451 praebuissent,
3757 3394 3816 3440 et

2189 3479 2243 3532 in
2290 3485 2404 3532 toto
2452 3492 2552 3532 suo
2598 3475 2908 3530 ministerio
2967 3475 3149 3530 devoti
3203 3485 3258 3529 et
3284 3475 3398 3546 apti
3438 3491 3661 3530 manere
3687 3484 3816 3531 stu-

2185 3570 2437 3623 duissent
2500 3567 2877 3637 Responsione
2931 3576 3113 3621 autem
3146 3566 3216 3620 de
3247 3565 3600 3640 interrogatis
3629 3569 3813 3635 facta,

2185 3668 2238 3715 et
2262 3661 2475 3715 ratione
2524 3659 2773 3714 veritatis
2819 3664 3097 3728 percepta,
3150 3657 3422 3711 stantibus
3473 3659 3526 3711 in
3576 3660 3821 3714 rectitu-

2181 3750 2311 3803 dine
2373 3747 2708 3802 dulcissimae
2761 3745 3158 3801 consolationis
3211 3745 3386 3819 gratia
3443 3745 3806 3818 gratiﬁcavit,

2181 3847 2234 3892 et
2277 3845 2335 3892 ut
2377 3838 2645 3907 deinceps
2693 3852 2724 3889 a
2773 3851 2962 3890 norma
3015 3834 3244 3902 justitiae
3300 3851 3410 3889 non
3484 3836 3808 3900 deviarent,

2180 3929 2329 3983 suavi
2353 3925 2632 3996 colloquio
2671 3923 2997 3988 admonuit;
3042 3938 3274 3977 errones
3318 3931 3494 3977 autem
3541 3941 3648 3992 per
3706 3926 3811 3980 de-

2179 4028 2266 4081 via
2297 4025 2620 4081 incedentes
2647 4022 2861 4084 fratres,
2891 4020 3076 4094 dignis
3103 4021 3296 4075 terruit
3325 4021 3806 4091 correptionibus,

2180 4124 2235 4170 et
2290 4124 2349 4168 ut
2404 4121 2594 4183 postea
2655 4117 2918 4166 consueta
2965 4108 3098 4163 vitia
3165 4110 3501 4175 omitterent,
3584 4127 3812 4180 prece-

2181 4207 2279 4277 pit.
3550 4277 3558 4283 ν

2248 4301 2356 4354 Vll.
2395 4299 2594 4354 Horum
2655 4303 2834 4351 autem
2880 4295 2972 4366 qui
3022 4295 3078 4350 in
3133 4309 3236 4349 suo
3282 4295 3604 4366 episcopatu
3662 4315 3813 4368 pro-

2179 4394 2436 4464 prietates
2487 4391 2787 4454 habebant,
2849 4390 3102 4462 quisquis
3157 4389 3536 4463 religiosorum
3570 4403 3812 4462 prOpter

2176 4497 2418 4536 amorem
2462 4479 2653 4532 Christi
2695 4478 2985 4533 ecclesiam
3034 4492 3367 4547 componere
3424 4477 3705 4546 cupiebat,
3745 4490 3806 4534 et

2177 4591 2300 4629 cum
2351 4587 2614 4627 concessa
2669 4571 2889 4624 licentia
2943 4570 3011 4622 ab
3065 4569 3258 4623 eodem
3291 4576 3479 4623 sancto
3525 4571 3812 4643 episcolio

2181 4680 2308 4716 eam.
2353 4659 2741 4722 aedificaverat,
2801 4659 3388 4728 consecrationemque
3450 4658 3613 4712 habili
3651 4669 3812 4715 tem-

2182 4770 2313 4826 pore
2337 4754 2402 4807 ab
2427 4768 2492 4808 eo
2543 4749 2659 4805 fieri
2713 4749 2997 4821 flagitavit,
3027 4751 3313 4820 aptissime
3356 4752 3813 4825 uniuscujusque

2183 4844 2433 4915 petitioni
2476 4841 2710 4913 praebuit
2755 4856 3061 4903 assensum,
3110 4841 3154 4893 si
3203 4841 3492 4896 confestim
3536 4843 3631 4898 ille
3661 4862 3818 4902 con-

2179 4939 2404 4988 secratae
2420 4931 2668 4986 ecclesiae
2703 4930 3005 5005 legitimam
3051 4929 3233 4983 dotem
3288 4931 3342 4984 in
3375 4931 3528 4984 terris
3554 4940 3609 4986 et
3641 4951 3818 4990 man-

2179 5022 2340 5092 cipiis
2371 5021 2426 5074 in
2451 5035 2674 5074 manum
2706 5019 2827 5086 ejus
2849 5018 3196 5073 celsitudinis
3225 5018 3355 5072 dare
3384 5035 3491 5073 non
3524 5020 3814 5090 differret,

2181 5115 2234 5168 in
2252 5119 2552 5183 conspectu
2579 5111 2782 5165 civium
2809 5126 3032 5164 suorum
3075 5120 3129 5164 et
3160 5110 3380 5164 testium
3398 5111 3812 5183 veridicorum,

2180 5221 2250 5259 ne
2271 5212 2462 5274 postea
2507 5210 2677 5274 gestae
2729 5203 2803 5256 rei
2856 5202 3058 5257 veritas
3094 5201 3459 5257 oﬂ'uscaretur
3487 5221 3500 5266 ;
3527 5219 3598 5258 ea
3632 5207 3810 5262 etiam

2179 5296 2390 5351 ratione
2410 5302 2468 5349 ut
2507 5295 2630 5349 aliis
2667 5294 3189 5362 circumjacentibus
3247 5293 3498 5348 ecclesiis
3539 5295 3674 5361 jura
3705 5316 3814 5355 eo.

2184 5386 2373 5440 rumin
2433 5385 2600 5440 nullis
2619 5385 2784 5438 rebus
2829 5394 3054 5455 pr0pter
3081 5383 3228 5437 illam
3246 5399 3440 5438 novam
3477 5385 3812 5444 minueren-

2181 5485 2286 5530 tur.
2312 5475 2846 5544 Consecrationeque
2876 5481 3116 5544 peracta,
3143 5473 3384 5545 doteque
3434 5478 3812 5543 contradicta,

2179 5570 2537 5642 comprobato
2562 5569 2676 5623 illic
2727 5569 3051 5640 presbytero
3097 5567 3284 5622 altaris
3344 5572 3807 5638 procurationem

2178 5659 2606 5725 commendavit,
2662 5666 2716 5714 et
2785 5659 3033 5714 ecclesiae
3091 5657 3510 5714 advocationem
3574 5658 3818 5716 ﬁrmiter
