4038 6178
252 317 395 373 1025

1838 319 2002 373 VITA.

3436 323 3582 379 1026

252 448 502 522 legitimo
544 449 749 504 heredi
803 465 987 520 panno
1032 450 1139 517 (37)
1197 451 1451 523 imposito
1509 451 1868 506 commenda-
1899 458 1940 519 Α
1969 447 2303 502 debitoribus
2330 448 2530 501 nostris
2563 446 2778 517 (Matth.
2823 449 2934 516 v1);
2976 457 3031 502 et
3068 448 3372 502 secundum
3406 449 3584 504 Evan-

251 540 346 592 vit.
382 540 626 608 Alicujus
677 541 1012 600 oblationem
1063 543 1308 598 muneris
1349 559 1457 598 non
1513 543 1864 612 exposcebat,

251 627 358 681 nisi
393 631 679 699 presbyter
709 630 958 700 ejusdem
991 633 1241 687 ecclesiae
1280 633 1486 704 aliquid
1520 640 1744 704 propter
1775 632 1867 687 ho-

251 734 444 774 norem
500 737 683 787 suum,
744 729 798 776 et
845 722 1046 778 bonam
1087 724 1422 781 voluntatem
1470 741 1625 780 suam
1669 731 1865 796 sponte

249 827 380 865 eum
419 814 669 882 accipere
708 814 1047 884 impetraret.

326 903 462 956 VIII.
503 902 634 956 Jesu
660 919 789 958 vero
836 905 1076 975 quodam
1110 914 1356 976 tempore
1399 905 1688 976 praeceptis
1735 905 1867 960 obe-

251 991 481 1056 diendo,
521 1006 644 1045 cum
688 992 743 1046 in
802 1010 942 1064 pago
1002 993 1293 1067 Aldegowe
1349 993 1460 1064 (38)
1519 993 1863 1048 nominatum

251 1085 542 1139 ministerii
571 1083 912 1140 suiofﬁcium
944 1086 1173 1156 implere
1205 1087 1560 1151 decrevisset,
1594 1092 1867 1141 venerunt

249 1174 478 1245 quidam
513 1174 762 1228 homines
814 1174 882 1227 de
920 1173 1116 1228 eodem
1151 1189 1291 1249 pago
1341 1174 1412 1228 ad
1450 1190 1600 1242 eum,
1655 1174 1864 1228 lamen-

252 1264 422 1319 tando
452 1264 731 1318 dicentes:
793 1289 816 1308 η
854 1259 1038 1318 l’atres
1077 1265 1248 1318 nostri
1292 1265 1345 1318 in
1377 1279 1475 1318 sua
1535 1264 1867 1334 praprietate

250 1373 416 1427 quam
451 1355 610 1409 nobis
655 1355 948 1426 reliquere,
991 1356 1059 1409 de
1113 1356 1392 1425 lapidibus
1431 1364 1485 1410 et
1514 1363 1784 1410 caemento
1815 1361 1870 1408 et

253 1445 422 1518 lignis
449 1444 739 1498 zediculam
773 1451 1221 1505 construxerunt,
1252 1461 1415 1514 quam
1440 1445 1548 1498 Deo
1581 1455 1635 1498 et
1664 1443 1869 1498 sanctis

255 1534 378 1602 ejus
422 1535 664 1588 dedicari
720 1533 1030 1595 voluerunt,
1082 1541 1138 1588 et
1190 1541 1248 1588 ut
1305 1535 1409 1604 ipsi
1464 1534 1538 1588 ibi
1589 1550 1869 1590 sacrorum

256 1621 565 1678 ofﬁciorum
625 1625 1052 1680 celebrationem
1104 1625 1294 1679 audire
1335 1626 1689 1692 meruissent,
1740 1627 1871 1697 quia

258 1713 414 1767 locus
467 1713 566 1766 iste
597 1713 652 1766 in
684 1729 883 1786 magna
921 1714 1174 1768 vastitate
1227 1715 1398 1768 eremi
1447 1724 1529 1768 est
1559 1714 1721 1779 situs,
1771 1715 1870 1768 sed

260 1811 486 1872 pr0pter
513 1801 890 1858 difﬁcultatem
947 1803 1049 1857 viae
1090 1811 1145 1857 et
1192 1803 1512 1874 pauperiem
1553 1803 1873 1858 substantiae

257 1911 450 1949 eorum
484 1937 498 1961 ,
563 1912 841 1966 nunquam
920 1897 1240 1966 episcOpum
1313 1898 1381 1950 ad
1438 1898 1872 1952 consecrandam

259 1989 544 2058 praefatam
599 1988 886 2043 aediculam
945 1989 1296 2044 introducere
1345 1997 1663 2060 potuerunt.
1711 2011 1738 2040 υ
1781 1991 1874 2044 HIs

259 2076 490 2142 auditis,
522 2076 616 2131 Dei
654 2093 844 2131 servus
876 2078 1033 2132 hilari
1076 2078 1226 2133 vultu
1269 2079 1526 2134 dicebat:
1579 2104 1592 2127 ι
1643 2079 1874 2134 Potestis

264 2185 412 2223 nunc
437 2169 502 2222 ad
537 2175 756 2238 tempus
775 2185 896 2240 quae
926 2170 1330 2225 consecrationi
1358 2169 1605 2225 ecclesiae
1625 2180 1753 2225 sunt
1775 2187 1877 2225 ne-

259 2264 501 2318 cessaria
523 2265 803 2336 acquirere
826 2264 854 2316 7
881 2287 909 2314 ι
943 2266 1043 2330 Qui
1074 2265 1376 2320 amicorum
1399 2265 1877 2320 consolationibus

260 2352 383 2407 freti
402 2354 845 2423 responderunt:
884 2376 908 2404 «
945 2355 1256 2409 Possumus.
1304 2374 1328 2404 »
1374 2354 1582 2418 Quibus
1603 2353 1696 2408 ille
1719 2354 1873 2409 inﬁt:

259 2469 286 2490 α
320 2444 548 2498 Cautum
563 2446 695 2499 mihi
726 2447 828 2500 via:
843 2446 1126 2502 ductorem
1144 2446 1503 2512 dimittendo,
1538 2446 1874 2501 antecedite.

255 2548 462 2608 etquae
496 2547 621 2594 sunt
654 2539 964 2594 ordinando
1017 2541 1291 2603 ordinate,
1346 2557 1475 2596 ecce
1518 2541 1623 2612 [ad]
1687 2547 1878 2595 vestrm

257 2627 704 2684 subveniendum
747 2631 1061 2685 necessitati
1111 2631 1241 2686 illuc
1280 2633 1622 2700 perveniam,
1656 2641 1732 2695 et,
1769 2633 1878 2685 Deo

253 2720 504 2789 juvante,
557 2723 844 2778 ecclesiam
905 2725 1260 2779 consecrabo.
1293 2744 1316 2774 ι)
1357 2725 1452 2778 Die
1498 2740 1628 2779 vero
1683 2724 1879 2788 altera,

263 2813 678 2868 consecratione
731 2823 968 2884 peracta,
1026 2815 1176 2870 cives
1217 2816 1324 2885 ipsi
1367 2816 1676 2870 secundum
1725 2831 1880 2869 suam

262 2898 578 2956 facultatem
622 2918 849 2957 munera
878 2902 1176 2957 offerentes
1224 2911 1350 2959 ante
1392 2920 1517 2958 eum
1547 2903 1880 2968 veniebant;

264 3010 388 3065 qua:
417 2994 632 3058 videns,
665 2994 958 3049 subridens
977 2995 1143 3050 dixit:
1175 3021 1198 3043 ιι
1235 2995 1351 3050 Non
1384 3003 1611 3066 propter
1640 3011 1882 3050 amorem

264 3083 498 3150 alicujus
531 3083 800 3145 muneris,
843 3085 936 3137 sed
979 3091 1038 3137 ut
1075 3093 1271 3138 vestrae
1305 3085 1620 3140 necessitati
1673 3101 1880 3140 consu-

268 3174 463 3240 lerem,
494 3183 549 3230 et
577 3177 859 3230 servitium
904 3176 996 3230 Dei
1028 3176 1081 3229 in
1115 3177 1220 3231 hoc
1250 3177 1369 3232 loco
1402 3177 1880 3247 multiplicaretur,
1908 3143 1956 3209 Ο

269 3268 377 3322 huc
405 3268 553 3334 veni,
595 3269 711 3323 haec
763 3268 925 3322 nobis
954 3268 1138 3323 oblata
1163 3277 1357 3323 vestrm
1399 3269 1618 3323 utilitati
1655 3285 1880 3324 servan-

269 3362 374 3415 tes.
407 3358 540 3411 etin
565 3358 660 3412 Dei
698 3358 920 3412 servitio
951 3366 1282 3421 crescentes,
1318 3366 1536 3413 manete
1575 3360 1628 3412 in
1662 3375 1818 3429 pace.
1857 3384 1880 3406 ιο

271 3448 397 3504 Haec
423 3449 616 3503 dicens
643 3449 891 3515 recessit,
923 3459 977 3503 et
1006 3451 1074 3504 de
1109 3451 1369 3521 scrupulo
1401 3451 1503 3504 viae
1536 3452 1742 3505 nullam
1775 3452 1881 3506 nisi

269 3538 428 3608 quasi
459 3537 696 3592 laetanda
722 3538 1120 3609 querimoniam
1143 3539 1291 3594 fecit.

345 3626 429 3680 IX.
465 3627 556 3680 His
581 3642 710 3682 vero
751 3627 1024 3682 bonorum
1071 3644 1303 3699 Operum
1353 3629 1551 3683 studiis
1599 3630 1880 3697 insistens,

267 3737 466 3776 omnes
495 3721 640 3791 apud
673 3737 798 3776 eum
827 3729 1241 3776 commanentes
1266 3723 1646 3778 exhortatione
1677 3723 1881 3797 benig-

269 3809 499 3863 nissima
525 3809 882 3880 spiritualiter
911 3812 1198 3877 recreavit,
1240 3811 1446 3866 docens
1476 3827 1584 3866 non
1617 3811 1790 3866 solum
1826 3812 1881 3866 in

269 3901 456 3955 verbis
501 3902 598 3955 sed
635 3901 804 3956 etiam
837 3902 890 3956 in
947 3904 1365 3973 Operationibus
1395 3913 1454 3959 ut
1503 3905 1885 3976 unusquisque

269 3993 566 4048 Dominum
608 4010 672 4048 ex
725 3995 986 4048 omnibus
1047 3995 1257 4050 viribus
1317 3994 1562 4066 perfecte
1609 3995 1890 4068 diligeret,

271 4090 330 4138 et
365 4084 485 4153 ejus
505 4083 677 4138 amori
701 4083 835 4137 nihil
871 4083 1171 4154 praeferret,
1206 4091 1257 4138 et
1293 4084 1601 4154 proximum
1629 4091 1892 4155 tanquam

269 4174 542 4246 seipsum,
600 4183 809 4246 patrem
867 4184 921 4229 et
988 4183 1218 4230 matrem
1279 4176 1601 4241 honoraret;
1666 4176 1896 4246 insuper

272 4283 473 4322 omnes
503 4268 661 4323 bona:
685 4268 982 4324 voluntatis
1008 4269 1286 4336 homines,
1317 4270 1387 4324 de
1418 4269 1622 4340 quibus
1643 4270 1895 4343 angelica

271 4361 423 4414 canit
462 4361 779 4428 multitudo,
820 4361 1046 4416 dicens:
1080 4365 1150 4416 Et
1177 4364 1237 4416 in
1262 4366 1410 4416 terra
1431 4378 1550 4432 pas:
1591 4363 1895 4418 hominibus

275 4451 426 4504 bona
454 4451 745 4505 voluntatis
763 4453 904 4520 (Luc.
932 4451 1019 4521 ii);
1054 4451 1313 4525 malignis
1335 4459 1516 4506 autem
1547 4451 1605 4505 in
1635 4452 1896 4507 omnibus

1967 535 2210 610 gelium:
2242 537 2330 591 Sic
2359 541 2409 590 et
2448 539 2609 591 Pater
2649 552 2794 590 meus
2833 537 3055 591 ccclesiis
3110 541 3277 604 faciet
3316 540 3484 604 vobis,
3537 544 3587 594 si

1967 647 2075 685 non
2113 633 2430 685 remiseritis
2474 633 2845 700 unusquisque
2897 632 3065 697 fratri
3101 649 3196 688 suo
3233 634 3298 687 de
3336 635 3590 690 cordibus

1965 725 2158 778 vestris
2222 723 2441 791 (Matth.
2511 726 2694 792 xvm):
2775 731 2829 777 et
2905 724 3133 778 iterum:
3201 727 3484 792 Dimittite,
3540 734 3591 783 et

1967 812 2320 867 dimittemini
2357 813 2507 878 (Luc.
2567 812 2659 879 γι).
2719 812 2968 867 Decimas
3028 814 3274 868 omnium
3333 817 3587 872 laborum

1966 923 2187 964 suorum
2216 908 2445 962 Domino
2476 915 2529 962 et
2557 909 2766 963 sanctis
2799 909 2942 976 ejus,
2984 911 3345 982 ecclesiisque
3379 913 3584 982 quibus

1966 1011 2096 1057 sunt
2150 1002 2478 1067 terminatas,
2521 1017 2591 1056 ne
2650 1012 2859 1057 reatum
2900 1003 3026 1057 Cain
3090 1004 3382 1060 fratricida;
3444 1006 3587 1062 inci-

1968 1091 2165 1146 derent
2197 1107 2321 1145 cum
2365 1108 2565 1163 magna
2593 1091 2806 1145 cautela
2849 1101 3181 1163 praesentare
3234 1093 3583 1160 festinarent,

1970 1183 2281 1240 Dominicas
2337 1183 2502 1238 etiam
2557 1183 2678 1237 dies
2736 1188 2791 1236 et
2821 1190 3047 1237 caeteras
3088 1186 3470 1241 solemnitates
3529 1188 3583 1240 in

1969 1289 2115 1328 anno
2141 1289 2251 1329 non
2303 1273 2479 1328 solum
2512 1273 2567 1326 in
2606 1272 2945 1327 abstinentia
2993 1273 3275 1328 servilium
3327 1290 3586 1345 operum,

1971 1365 2068 1420 sed
2127 1374 2182 1420 et
2245 1364 2492 1419 omnium
2570 1363 2850 1424 vitiorum.
2921 1365 3274 1420 devotissime
3341 1367 3589 1420 venerari

1971 1453 2221 1511 monuit:
2265 1452 2662 1508 Encharistiam
2694 1468 2973 1523 quemque
3041 1453 3262 1508 assidue
3315 1456 3590 1524 accipere,

1971 1555 2134 1620 atque
2188 1556 2314 1604 ante
2367 1550 2749 1620 acceptionem
2803 1557 3089 1624 purgatum
3137 1564 3194 1602 se
3235 1547 3496 1613 exibere;
3539 1558 3593 1601 et

1975 1645 2096 1709 post
2147 1641 2522 1710 acceptionem
2567 1641 2831 1695 mundum
2886 1657 2944 1695 se
2995 1639 3274 1695 custodire
3329 1644 3589 1693 certaret.

1977 1731 2101 1786 Dies
2154 1733 2591 1805 Quadragesimae
2641 1741 2946 1805 caiteraque
3006 1733 3221 1801 jejunia
3281 1732 3594 1802 antiquitus

1976 1821 2269 1875 constituta
2309 1827 2364 1874 et
2393 1821 2611 1876 noviter
2633 1813 2787 1876 'cum
2827 1837 3102 1876 consensu
3134 1821 3378 1885 inventa,
3437 1819 3587 1874 omni

1975 1912 2188 1966 monuit
2243 1912 2535 1968 devotione
2587 1913 2655 1966 ab
2717 1913 2976 1967 omnibus
3027 1911 3317 1978 custodiri,
3352 1911 3596 1985 abnega-

1976 2003 2182 2058 tionem
2212 2004 2296 2058 sui
2330 2003 2529 2064 facere.
2563 2011 2619 2059 et
2673 2003 2866 2058 Christi
2921 2002 3152 2076 vestigia
3182 2002 3364 2073 sequi,
3393 2017 3596 2072 corpus

1976 2098 2265 2171 castigare.
2303 2098 2527 2152 delicias
2549 2113 2658 2153 non
2691 2113 2897 2160 amare,
2922 2098 3232 2151 esurientes
3263 2103 3318 2150 et
3344 2095 3596 2150 sitientes

1977 2189 2118 2244 escis
2143 2197 2198 2243 et
2232 2190 2448 2259 poculis
2485 2205 2752 2254 recreare,
2774 2189 2936 2244 nudis
2966 2191 3294 2245 vestimenta
3325 2190 3593 2260 praebere,

1978 2277 2228 2332 inﬁrmos
2260 2288 2314 2332 et
2347 2279 2400 2331 in
2440 2279 2711 2351 angustiis
2739 2279 3073 2334 constitutos
3125 2280 3370 2343 visitare,
3405 2279 3598 2350 egenis

1978 2376 2033 2422 et
2051 2367 2205 2439 vagis
2237 2367 2647 2421 mansiunculas
2667 2367 2997 2432 concedere,
3023 2375 3076 2422 et
3101 2384 3224 2439 quze
3249 2375 3377 2422 sunt
3409 2383 3600 2421 neces-

1979 2461 2123 2516 saria
2183 2469 2406 2533 prOpter
2435 2478 2676 2517 amorem
2717 2461 2912 2516 Christi
2949 2462 3217 2532 praebere,
3277 2465 3517 2534 pupillos
3547 2471 3601 2519 et

1979 2553 2176 2608 viduas
2227 2553 2281 2606 in
2317 2552 2768 2607 tribulationibus
2820 2551 3065 2617 visitare,
3111 2559 3274 2624 atque
3305 2553 3360 2607 in
3391 2554 3604 2608 cunctis

1982 2654 2174 2700 eorum
2209 2644 2637 2699 necessitatibus
2676 2644 2994 2707 subvenire,
3054 2645 3290 2698 malitias
3341 2645 3394 2698 in
3435 2645 3600 2700 corde

1983 2750 2094 2789 non
2125 2735 2380 2795 retinere,
2423 2741 2477 2787 et
2508 2733 2689 2788 verbis
2719 2734 2957 2804 aliquem
3013 2734 3079 2787 ad
3117 2734 3453 2788 iracundiam
3489 2751 3597 2790 non

1985 2843 2307 2899 provocare,
2358 2828 2492 2882 iram
2543 2828 2846 2898 deponere,
2907 2828 3318 2898 vindictamque
3371 2830 3602 2885 Domino

1985 2917 2312 2983 concedere,
2345 2916 2481 2970 nulli
2509 2917 2712 2970 malum
2747 2932 2844 2986 pro
2876 2917 3018 2971 malo
3053 2917 3306 2983 reddere,
3345 2934 3442 2972 nec
3499 2919 3602 2973 ali-

1986 3023 2094 3079 qua
2122 3007 2347 3076 laisione
2377 3007 2726 3072 exacerbare,
2759 3007 3157 3062 maledicentes
3185 3025 3244 3062 se
3279 3024 3390 3064 non
3420 3025 3597 3063 rema-

1987 3096 2252 3162 ledicere,
2303 3095 2400 3150 sed
2442 3095 2618 3166 magis
2667 3095 3024 3160 benedicere,
3067 3103 3120 3150 et
3162 3098 3601 3166 persecutionem

1986 3205 2084 3260 pro
2133 3191 2346 3258 justitia
2395 3191 2692 3257 sustinere,
2750 3192 3130 3246 discordantes
3172 3201 3227 3247 et
3285 3193 3606 3247 inimicitias

1987 3279 2131 3334 inter
2198 3295 2256 3334 se
2337 3279 2607 3334 habentes
2661 3280 2728 3334 ad
2810 3281 3188 3336 unanimitatis
3244 3281 3600 3337 concordiam

1986 3382 2262 3429 revocare,
2323 3368 2435 3421 Deo
2488 3368 2874 3422 resistentibus
2929 3370 3205 3435 resistere,
3240 3378 3295 3424 et
3342 3370 3448 3424 sibi
3482 3387 3606 3425 cum

1987 3457 2094 3512 ﬁde
2158 3458 2519 3512 militantibus
2591 3459 2874 3526 juvamina
2923 3460 3191 3529 praebere,
3262 3462 3415 3516 nullo
3486 3470 3609 3517 octo

1985 3549 2242 3604 vitiorum
2283 3549 2674 3619 principalium
2730 3566 2856 3620 quae
2888 3566 3055 3604 omne
3107 3566 3286 3623 genus
3319 3551 3606 3605 hominum

1986 3638 2248 3694 infestant
2312 3638 2573 3693 scandalo
2643 3638 2908 3709 laqueari.
2979 3638 3370 3701 Quaerentibus
3427 3646 3611 3693 autem

1984 3745 2108 3800 quae
2162 3737 2347 3783 essent
2397 3737 2522 3785 octo
2581 3729 2712 3784 vitia
2763 3728 3112 3799 principalia,
3164 3730 3450 3799 respondit
3501 3745 3611 3785 non

1982 3818 2160 3872 solum
2196 3818 2322 3884 illis,
2373 3818 2470 3872 sed
2527 3825 2580 3872 et
2625 3818 2708 3872 his
2753 3818 2850 3888 qui
2900 3818 3081 3872 adhuc
3145 3820 3198 3872 in
3256 3819 3605 3874 haesitatione

1992 3916 2236 3976 manent,
2269 3926 2391 3981 quae
2429 3910 2540 3964 sint
2576 3916 2700 3965 octo
2738 3910 2890 3976 vitia,
2930 3911 3122 3965 dicens
3165 3912 3310 3981 (39):
3369 3911 3607 3966 Primum

1993 4005 2074 4052 est
2099 3999 2500 4073 gastrimargia,
2545 3999 2648 4053 hoc
2679 4005 2764 4053 est
2793 4000 3002 4054 ventris
3033 3999 3328 4072 ingluvies,
3368 4016 3490 4055 cum
3516 4015 3616 4054 sua

1996 4089 2181 4160 prole:
2242 4091 2646 4145 comessatione
2702 4097 2758 4145 et
2818 4091 3121 4155 ebrietate;
3178 4091 3478 4146 secundum
3539 4098 3622 4147 est

1997 4179 2304 4245 fornicatio,
2337 4195 2460 4233 cum
2494 4196 2596 4234 sua
2637 4180 2816 4252 prole:
2864 4179 3222 4250 turpiloquio,
3265 4179 3620 4247 scurrilitate,

1997 4267 2244 4333 ludicris,
2294 4285 2418 4340 quae
2451 4271 2618 4324 etiam
2675 4277 2802 4324 sunt
2839 4269 3208 4340 stultiloquia;
3266 4268 3483 4323 tertium
3527 4276 3611 4322 est

2002 4364 2372 4439 phylargyria,
2422 4365 2528 4419 hoc
2557 4373 2661 4430 cst,
2714 4364 2942 4419 avaritia
2980 4363 3098 4418 sive
3157 4378 3311 4418 amor
3340 4363 3616 4433 pecunias,

1999 4476 2122 4513 cum
2140 4476 2237 4514 sua
2255 4478 2268 4512 :
2283 4461 2438 4530 prole
2460 4460 2775 4528 mendacio,
2789 4459 3158 4525 fraudatione,
3175 4458 3338 4527 furto,
3353 4457 3620 4529 perjurio,

273 4559 468 4599 eorum
501 4545 656 4598 malis
693 4545 906 4600 actibus
949 4545 1228 4600 resisteret
1292 4547 1596 4601 secundum
1642 4555 1888 4602 sanctum
1917 4511 1972 4579 Β
2003 4550 2178 4621 turpis
2196 4551 2333 4605 lucri
2356 4552 2622 4620 appetitu,
2647 4550 2786 4605 falso
2804 4550 3625 4616 testimonio,violentia,inhu-

276 4637 604 4707 prOphetam
635 4637 822 4702 David,
877 4639 1156 4693 dicentem
1183 4656 1195 4691 :
1237 4639 1330 4693 Ad
1382 4641 1616 4694 nihilum
1643 4640 1901 4696 deductus
2002 4642 2282 4709 manitate,
2301 4643 2600 4697 voracitate
2622 4657 2686 4696 ac
2711 4642 3041 4712 rapacitate;
3071 4649 3351 4712 quartum,
3372 4642 3471 4709 ira,
3495 4658 3620 4696 cum

273 4730 358 4780 est
403 4729 464 4780 in
516 4732 796 4796 conspectu
851 4728 968 4796 ejus
1032 4729 1337 4796 malignus:
1406 4731 1650 4785 timentes
1722 4736 1899 4786 autem

273 4821 564 4874 Dominum
626 4821 898 4889 glori/icui
951 4822 1169 4891 (Psalm,
1231 4821 1380 4891 XIV);
1445 4824 1594 4894 quod
1659 4825 1897 4897 quisque

276 4909 388 4964 sibi
429 4911 714 4976 noluisset,
748 4912 903 4966 alteri
932 4927 1043 4967 non
1076 4913 1318 4976 iaceret;
1362 4913 1624 4969 ecclesias
1647 4916 1739 4970 Dei
1773 4933 1897 4972 cum

276 5002 578 5058 devotione
617 5005 818 5059 mentis
857 5013 908 5059 et
939 5005 1247 5060 humilitate
1287 5014 1342 5060 et
1370 5021 1492 5060 cum
1525 5006 1900 5064 oblationibus

277 5089 479 5145 crebro
532 5091 798 5159 visitaret,
830 5093 1018 5164 ibique
1054 5109 1178 5148 cum
1221 5092 1490 5149 effusione
1536 5096 1894 5167 lacrymarum

277 5189 337 5234 et
366 5195 466 5250 pro
497 5183 825 5238 remissione
857 5192 1208 5255 peccatorum
1241 5201 1463 5241 suorum
1497 5195 1552 5242 et
1580 5203 1679 5257 pro
1706 5190 1896 5244 omni-

278 5268 386 5322 bus
437 5269 604 5337 justis
642 5272 758 5326 suis
807 5272 1234 5328 necessitatibus
1263 5274 1429 5328 Deum
1453 5273 1702 5349 ﬂagitare
1746 5285 1898 5332 sata-

275 5368 456 5432 geret.
490 5362 734 5418 Inimicis
767 5364 994 5435 insuper
1031 5365 1431 5439 indulgentiam
1473 5369 1749 5438 postulare
1780 5385 1897 5425 mo-

278 5456 469 5524 nebat,
501 5460 805 5513 secundum
833 5460 1144 5516 orationem
1188 5462 1550 5530 Dominicam,
1585 5464 1892 5519 dicentem:

277 5550 500 5603 Dimitte
527 5552 678 5605 nobis
715 5553 897 5608 debita
946 5558 1152 5616 nostra,
1183 5556 1326 5608 sicut
1367 5559 1417 5609 et
1444 5570 1540 5610 nos
1569 5557 1895 5611 dimittimus

354 5679 465 5754 (τῇ)
494 5680 733 5754 gliserva
755 5681 914 5754 ritum
942 5683 1223 5737 tradendae
1243 5683 1618 5740 advocationis
1634 5684 1901 5741 ecclesiae.

354 5751 469 5818 (38)
503 5751 675 5824 Vulgo
702 5753 905 5822 Algua,
934 5754 1164 5821 Algare.

1999 4754 2098 4793 sua
2121 4738 2307 4807 prole:
2339 4737 2659 4798 homicidio,
2680 4736 2920 4792 clamore
2946 4745 3000 4792 et
3019 4736 3436 4811 indignatione;
3461 4737 3621 4808 quin-

2001 4841 2113 4889 tum
2125 4875 2138 4899 ,
2157 4832 2396 4897 tristitia,
2411 4849 2532 4887 cum
2545 4849 2643 4887 sua
2657 4833 2842 4904 prole:
2869 4847 3123 4897 rancore,
3140 4834 3618 4904 pusillanimitate,

2000 4921 2388 4987 amaritudine,
2423 4921 2844 4990 desperatione;
2877 4929 3093 4976 sextum
3118 4922 3330 4988 acedia,
3364 4938 3487 4975 cum
3520 4935 3619 4973 sua

2002 5013 2188 5083 prole:
2219 5011 2516 5078 otiositate,
2536 5013 2928 5080 somnolentia,
2945 5013 3380 5083 importunitate,
3401 5009 3625 5080 inquie-

2001 5103 2216 5167 tudine,
2231 5101 2647 5173 pervagatione,
2672 5102 3032 5157 instabilitate
3055 5101 3260 5156 mentis
3276 5107 3330 5154 et
3347 5098 3618 5169 corporis,

1998 5194 2330 5251 verbositate
2356 5202 2409 5248 et
2440 5194 2791 5260 curiositate;
2825 5194 3118 5265 septimum
3152 5190 3477 5257 cenodoxia,
3512 5191 3618 5244 hoc

1998 5293 2101 5350 est,
2125 5301 2265 5339 vana
2285 5284 2478 5359 gloria,
2499 5302 2621 5340 cum
2647 5302 2747 5340 sua
2777 5286 2961 5356 prole:
2989 5282 3365 5348 contentione,
3392 5282 3610 5348 haeresi,

1992 5378 2278 5447 jactantia,
2347 5394 2410 5432 ac
2478 5378 2907 5449 praesumptione
2957 5373 3294 5439 novitatum;
3363 5383 3615 5429 octavum

1995 5466 2277 5537 superbia,
2307 5483 2432 5522 cum
2485 5483 2582 5521 sua
2615 5466 2796 5537 prole:
2855 5469 3201 5533 contemptu,
3244 5462 3471 5529 invidia,
3529 5462 3615 5516 in-

1995 5555 2315 5610 obedientia
2345 5597 2359 5620 ,
2421 5553 2766 5624 blasphemia
2795 5593 2812 5613 ,
2872 5551 3305 5606 murmuratione
3341 5592 3354 5618 ,
3407 5550 3618 5605 detrac—

2080 5685 2367 5756 (39)‘Htec
2424 5683 2817 5756 principalium
2882 5682 3140 5756 vitiorum
3199 5681 3396 5737 divisio
3450 5680 3618 5736 etiam

2006 5753 2265 5813 Cassiano
2295 5763 2350 5810 et
2378 5753 2711 5826 quibusdam
2730 5753 2852 5808 aliis
2871 5753 3094 5824 placuit.
