4038 6178
366 286 373 291 ’
438 276 574 331 1027

1502 269 1554 320 S.
1600 265 1906 321 UDAHHCI
1949 261 2317 318 AUGUSTANI
2359 261 2680 317 EPISCOPI.

3623 254 3776 312 1028

438 400 642 453 tatione
676 436 691 461 ,
750 392 1061 449 inimicitia.
1125 393 1346 446 Beatum
1428 407 1557 445 vero
1618 389 1839 444 dicebat
1868 432 1880 455 ,
1953 390 2048 462 qui
2094 388 2255 455 \ﬁne
2297 392 2672 458 perseverant.
2720 385 2813 439 Dei
2874 392 3057 439 autem
3110 380 3420 437 benedictis
3456 388 3512 436 et
3542 380 3597 434 in
3648 381 3783 449 ejus

436 490 489 543 in
519 480 661 541 ‘istis
741 486 999 539 vitiorum
1064 483 1276 553 pedicis
1355 498 1463 536 non
1518 480 1848 537 offendebat.
1905 482 2050 556 Octo

434 594 563 633 vero
618 577 935 632 notissimas
1001 574 1373 629 bcatitudines
1425 591 1455 628 a
1511 576 1622 630 Deo
1671 575 1727 628 in
1759 575 2052 649 Evangelio

433 676 803 734 enumeratas,
819 668 1041 722 auribus
1053 667 1236 721 cordis
1255 672 1417 721 caute
1438 667 1739 737 percipere,
1762 673 1815 721 et
1840 666 2053 721 intimis

434 757 866 832 cogitationibus
899 756 1126 810 ﬁrmiter
1149 757 1416 823 inserere,
1442 765 1499 811 ut
1521 756 1573 810 in
1601 764 1848 827 tempore
1880 762 2053 810 tenta-

433 847 601 903 tionis
640 846 898 917 malignis
957 845 1244 915 spiritibus
1303 861 1396 899 eas
1427 845 1665 900 evellere
1720 845 1891 899 virtus
1932 861 2043 899 non

435 935 791 999 concedatur,
823 934 920 988 sed
946 934 1329 1004 unusquisque
1350 935 1417 987 ad
1443 950 1596 1004 spem
1626 933 1933 988 caelestium
1956 933 2048 986 de-

434 1025 764 1079 sideriorum
789 1038 976 1077 earum
1011 1022 1489 1077 consolationibus
1510 1023 1860 1088 sublevetur;
1893 1024 2045 1093 Agno

438 1130 570 1170 vero
627 1112 1039 1182 omnipotentis,
1087 1112 1182 1165 Dei
1253 1111 1465 1166 Christo
1546 1112 1758 1166 tollenti
1818 1110 2052 1166 crimina

436 1208 649 1274 mundi,
681 1221 901 1276 semper
931 1206 1019 1258 die
1072 1212 1349 1276 noctuque
1391 1204 1728 1275 multiplices
1781 1203 1972 1258 laudes
2000 1210 2054 1257 et

433 1300 636 1373 gratias
665 1299 790 1353 totis
846 1296 1138 1352 desideriis
1166 1305 1221 1352 et
1268 1296 1528 1351 omnibus
1556 1295 1772 1350 viribus
1820 1295 2048 1361 referre,

444 1392 578 1464 quia
626 1391 827 1464 dignus
877 1394 957 1442 est
984 1404 1081 1442 sua
1123 1388 1524 1454 incarnatione,
1555 1396 1611 1442 et
1666 1386 1972 1451 nativitate,
2006 1391 2060 1438 et

449 1481 749 1552 baptismo,
780 1484 835 1532 et
863 1474 1241 1542 cruciﬁxione,
1273 1484 1326 1531 et
1356 1478 1658 1547 sepultura.
1712 1482 1766 1530 et
1812 1489 2061 1529 resurre-

441 1577 646 1641 ctione,
676 1580 730 1628 et
763 1571 1097 1627 ascensione
1126 1570 1341 1624 solvere
1372 1569 1656 1641 signaculi
1697 1575 1907 1639 septem
1935 1568 2058 1623 libri

439 1668 670 1744 signati,
702 1665 758 1718 in
781 1664 992 1719 visione
1014 1662 1411 1717 sanctoJoanni
1445 1662 1693 1731 apostolo
1717 1661 1772 1714 in
1802 1661 2059 1715 Pathmos

453 1756 637 1812 insula
668 1753 895 1810 ostensi.
934 1754 1145 1807 lntcnte
1176 1758 1356 1805 autem
1386 1761 1438 1805 et
1465 1749 1695 1803 subnixe
1726 1750 1969 1803 omnium
2002 1749 2057 1802 in

453 1861 747 1904 commune
800 1843 1243 1899 benevolentiam
1276 1842 1592 1913 postulavit:
1650 1840 1694 1894 si
1727 1841 1819 1912 qui
1877 1849 2065 1895 essent

441 1942 536 2014 qui
567 1942 622 1995 in
651 1939 967 2009 semetipsis
987 1944 1230 2011 segetem
1257 1937 1565 2007 aliquarum
1592 1935 1853 1989 virtutum
1874 1942 2064 1990 excre-

439 2030 585 2085 visse
616 2028 902 2094 sentirent,
938 2042 1046 2081 non
1070 2026 1184 2080 suis
1237 2025 1469 2089 meritis,
1504 2024 1603 2079 sed
1652 2024 2061 2094 omnipotentis

446 2123 543 2177 Dei
581 2119 978 2175 misericordiae
1022 2119 1384 2190 applicarent,
1433 2133 1503 2172 ne
1554 2116 1738 2171 subito
1787 2115 2062 2184 jactantiae

441 2210 715 2285 grandine
774 2209 826 2262 in
871 2208 951 2263 eis
979 2215 1290 2276 necaretur,
1343 2206 1439 2261 sed
1473 2206 1798 2277 tempestiva
1827 2207 2059 2260 maturi-
2081 2232 2099 2246 -

439 2308 571 2366 tate,
612 2306 935 2373 protegente
982 2297 1189 2368 Spiritu
1247 2303 1459 2357 sancto,
1502 2296 1555 2349 in
1594 2294 1806 2350 horreis
1864 2294 2065 2350 Christi

432 2390 819 2446 collocaretur.
845 2389 913 2443 0s
942 2404 973 2443 a
1011 2388 1155 2442 malo
1187 2388 1269 2441 vel
1298 2402 1464 2457 pravo
1496 2387 1728 2458 eloquio
1770 2386 2066 2455 custodire,

439 2482 710 2537 lectiones
742 2487 957 2535 sanctas
986 2480 1223 2534 libenter
1266 2480 1478 2541 audire,
1516 2479 1659 2533 mala
1710 2495 1811 2534 sua
1841 2486 2065 2549 praeter-

438 2570 513 2625 ita
562 2586 684 2625 cum
743 2568 949 2643 gemitu
1004 2576 1059 2623 et
1098 2568 1353 2638 lacrymis
1396 2568 1642 2639 quotidie
1684 2568 1742 2621 in
1811 2569 2062 2625 oratione

443 2663 553 2717 Deo
585 2659 860 2726 conﬁteri,
904 2665 956 2714 et
986 2659 1254 2730 deinceps
1280 2658 1599 2725 emendare,
1641 2658 1916 2714 desideria
1941 2675 2066 2714 car-

441 2757 529 2812 nis
584 2772 694 2811 non
741 2753 1032 2825 perﬁcere,
1091 2753 1428 2808 voluntatem
1480 2752 1755 2823 propriam
1790 2752 2063 2828 frangere,

441 2845 787 2900 sacerdotum
846 2842 1140 2914 prteceptis
1170 2843 1420 2905 obedire,
1481 2842 1698 2897 etiamsi
1757 2843 1882 2914 ipsi,
1916 2842 2065 2915 quod

443 2934 610 2991 absit!
636 2935 794 2988 aliter
819 2940 1001 3008 agant,
1035 2949 1132 2988 eos
1157 2933 1457 2998 imitantes,
1479 2934 1549 2989 de
1574 2935 1779 3005 quibus
1802 2935 2066 2990 Dominus

443 3023 612 3078 dicit:
658 3025 856 3077 Dicunt
885 3024 1047 3085 enim,
1100 3026 1151 3075 et
1196 3038 1305 3076 non
1356 3023 1572 3088 faciunt
1618 3024 1835 3089 (Matth.
1888 3025 2060 3093 xxm).

2092 1707 2139 1774 Β

2157 480 2381 534 dextera
2429 477 2715 534 collocatis
2780 482 2984 547 quanta
3039 474 3242 549 gaudia
3307 481 3471 544 atque
3526 472 3781 542 tripudia

2158 574 2438 632 maneant,
2470 581 2694 635 semper
2719 573 2985 635 quantum
3009 561 3265 616 humanis
3286 560 3567 614 mentibus
3594 559 3786 630 possi-

2154 660 2263 714 bile
2295 669 2399 728 est,
2433 661 2675 734 cogitare
2706 667 2943 729 oportet,
2996 658 3065 711 de
3119 655 3325 727 quibus
3363 654 3629 725 scriptum
3662 660 3780 706 est:

2152 754 2307 820 Quod
2325 754 2511 807 oculus
2542 769 2646 807 non
2686 752 2842 815 vidit,
2884 766 2977 804 nec
3003 751 3157 803 auris
3187 748 3423 812 audiuit,
3458 762 3555 802 nec
3588 763 3653 800 ιη
3683 761 3781 799 cor

2149 846 2376 900 hominis
2402 846 2659 907 ascendit,
2685 858 2804 912 qua:
2824 843 3161 912 praeparavit
3184 843 3323 895 Deus
3340 838 3700 906 diligentibus
3727 852 3782 890 se

2148 939 2197 1004 (Ι
2235 939 2352 993 Cor.
2386 940 2463 1004 ιι).
2500 935 2601 989 Ubi
2636 933 2937 1006 hymnidici
2970 932 3295 1007 angelorum
3352 931 3504 986 chori
3549 930 3779 983 inenar-

2150 1030 2310 1085 rabili
2323 1029 2568 1084 claritate
2580 1027 2872 1100 fulgebunt
2889 1043 2902 1091 ;
2930 1025 3027 1080 ubi
3046 1024 3317 1079 celsitudo
3337 1022 3777 1094 patriarcharum

2153 1122 2321 1195 digno
2353 1122 2563 1175 honore
2605 1124 2951 1172 remunerata
2993 1115 3288 1189 gaudebit;
3321 1114 3417 1168 ubi
3449 1128 3613 1167 verax
3648 1126 3781 1183 pro-

2157 1213 2444 1285 phetarum
2476 1210 2632 1275 ordo,
2664 1209 2967 1281 pr0phetiis
2996 1209 3113 1262 suis
3144 1207 3199 1261 in
3229 1212 3347 1262 toto
3376 1205 3610 1276 expletis
3666 1204 3780 1256 Deo

2156 1301 2362 1377 gratias
2409 1315 2573 1374 agere
2628 1314 2738 1353 non
2790 1305 2994 1361 cessat;
3056 1296 3152 1351 ubi
3182 1295 3350 1363 judex
3400 1292 3779 1364 apostolorum

2160 1395 2381 1457 chorus,
2415 1400 2637 1462 accepta
2682 1392 2799 1446 acie
2831 1390 3100 1461 promissa
3150 1386 3426 1451 mercede,
3461 1384 3783 1456 perenniter

2162 1481 2496 1546 exsultabit;
2530 1479 2622 1535 ubi
2657 1487 2939 1548 martyres,
2969 1477 3151 1549 palma
3190 1474 3433 1545 martyrii
3463 1488 3658 1527 eorum
3686 1486 3784 1525 co-

2161 1573 2362 1640 ronati,
2404 1571 2785 1628 consolatione
2839 1568 3197 1639 perfruuntur
3239 1574 3441 1621 teterna
3464 1582 3487 1629 ;
3512 1564 3612 1618 ubi
3646 1578 3781 1617 con-

2164 1667 2419 1730 l'essores,
2454 1663 2695 1735 praemiis
2723 1662 2838 1716 suis
2863 1661 3262 1731 multiplicatis,
3296 1659 3351 1712 in
3394 1657 3490 1712 Dei
3519 1654 3781 1710 laudibus

2166 1762 2550 1825 perseverant:
2610 1751 2707 1806 ubi
2760 1750 3004 1825 virgines
3033 1748 3322 1804 centesimi
3369 1745 3580 1801 fructus
3624 1743 3782 1796 retri-

2164 1843 2392 1899 butione
2414 1842 2720 1909 abundant,
2743 1849 2798 1895 et
2828 1840 3005 1894 vidum
3032 1838 3363 1911 sexagesimi
3393 1836 3603 1891 fructus
3625 1833 3782 1889 resti-

2168 1935 2381 1990 tutione
2414 1935 2782 1999 honorantur;
2814 1932 2924 2001 ubi}
2953 1931 3231 1999 monachi,
3281 1946 3347 1984 ex
3402 1927 3781 2002 resignatione

2165 2026 2506 2081 saecularium
2548 2025 2815 2084 omnium.
2857 2040 2979 2078 cum
3018 2022 3396 2077 esurientibus
3443 2027 3497 2074 et
3538 2016 3783 2072 sitienti-

2164 2119 2268 2172 bus
2291 2116 2556 2186 justitiam
2589 2115 2706 2178 Dei,
2736 2113 2969 2184 expletis
2995 2127 3183 2167 eorum
3227 2110 3536 2175 desideriis,
3578 2105 3779 2165 satiati,

2164 2208 2259 2263 Dei
2288 2207 2548 2262 laudibus
2576 2205 2839 2259 insistere
2867 2219 2977 2259 non
3008 2202 3337 2263 cessabunt;
3369 2198 3463 2254 ubi
3500 2194 3782 2268 poeniten—

2167 2312 2269 2370 tes,
2302 2301 2570 2373 depositis
2597 2300 2919 2354 delictorum
2953 2313 3176 2352 suorum
3199 2295 3484 2357 oneribus,
3517 2292 3641 2345 sine
3675 2288 3785 2342 line

2170 2401 2338 2454 Deum
2390 2398 2675 2452 laudantes
2711 2394 3094 2468 congaudent:
3129 2392 3225 2447 ubi
3259 2391 3416 2463 pueri
3473 2391 3686 2462 Agnum
3727 2386 3784 2438 in

2170 2493 2311 2546 albis
2338 2498 2658 2563 sequentes,
2695 2489 2797 2544 sub
2843 2490 3041 2543 throno
3086 2486 3300 2560 angelis
3354 2481 3782 2544 concordantes,

2170 2585 2336 2639 Deum
2369 2581 2592 2638 laudare
2624 2581 2918 2646 cantando,
2948 2595 3059 2634 non
3090 2584 3335 2642 cessant;
3375 2574 3466 2630 ubi
3495 2571 3782 2648 gloriosis-

2167 2673 2306 2726 sima
2334 2671 2510 2743 virgo,
2534 2669 2630 2725 Dei
2671 2669 2927 2742 genitrix,
2958 2667 3142 2733 Maria,
3182 2680 3348 2736 super
3376 2664 3569 2718 choros
3605 2676 3786 2731 ange-

2167 2761 2343 2817 lorum
2373 2760 2628 2825 exaltata,
2663 2755 3031 2812 inaestimabili
3072 2755 3318 2809 claritate
3345 2762 3400 2807 et
3445 2749 3785 2806 formositate

2166 2867 2361 2908 omnes
2384 2851 2626 2905 hilarans
2655 2848 3026 2918 conspicitur;
3060 2846 3155 2901 ubi
3178 2844 3313 2914 justi
3358 2843 3499 2897 sicut
3542 2842 3623 2895 sol
3677 2838 3783 2893 ful-

2166 2942 2396 3018 gebunt,
2426 2947 2479 2996 et
2503 2955 2696 2996 omnes
2720 2938 2894 2993 sancti
2928 2937 3237 2992 Creatorem
3266 2950 3426 2989 suum
3457 2940 3510 2987 et
3528 2931 3782 2986 omnium

2166 3042 2562 3097 creaturarum,
2617 3031 2673 3085 in
2705 3046 2804 3086 sua
2853 3029 3097 3085 claritate
3126 3027 3265 3083 facie
3308 3026 3375 3080 ad
3426 3025 3619 3079 faciem
3649 3039 3788 3095 gau-

1108 3074 1139 3075 κν
2167 3074 2539 3090 “summa...
2619 3074 2804 3086 νε...
2854 3074 3263 3085 ν.....-...ν.--.ν
3309 3074 3375 3080 --
3428 3074 3618 3079 ww-“
3693 3074 3759 3077 -ρ

444 3110 755 3165 Castitatem
789 3124 973 3163 amare
1003 3109 1237 3175 monuit,
1272 3108 1481 3162 nullum
1511 3108 1689 3174 odire,
1724 3110 1985 3164 invidiam
2010 3117 2064 3165 et
2095 3074 2144 3143 Ο
2165 3126 2349 3181 dendo
2380 3074 2667 3185 videb’um,
2701 3122 2769 3175 ab
2821 3121 2899 3174 (iis
2945 3120 3284 3174 auferentem
3323 3133 3537 3171 omnem
3567 3074 3781 3169 meum

443 3205 621 3260 zelum
647 3220 758 3260 non
789 3203 1011 3268 habere,
1052 3202 1440 3258 contentiones
1479 3218 1591 3258 non
1620 3202 1827 3269 colere,
1867 3203 2064 3260 elatio-

444 3314 570 3354 nem
602 3299 778 3365 odire,
817 3296 1065 3352 venerari
1096 3296 1367 3365 seniores,
1406 3296 1639 3372 diligere
1676 3297 1953 3365 juniores,
1994 3297 2064 3352 ti-

444 3404 650 3445 morem
684 3388 900 3444 Domini
930 3387 987 3442 in
1019 3387 1184 3443 corde
1211 3386 1465 3443 etanimo
1497 3388 1617 3442 sine
1650 3386 2061 3443 intermissione

443 3481 668 3549 habere,
718 3482 944 3536 credere
996 3481 1189 3536 oculos
1246 3480 1461 3536 Domini
1518 3481 1704 3536 omnia
1741 3481 1953 3548 videre,
2007 3487 2062 3535 et

442 3589 605 3629 aures
638 3573 759 3641 ejus
797 3571 983 3628 omnia
1039 3572 1252 3639 audire,
1313 3571 1602 3626 Psalmista
1633 3572 1890 3627 dicente:
1930 3574 2063 3627 Ecce

441 3669 583 3723 oculi
633 3669 848 3723 Domini
903 3682 1065 3736 super
1085 3667 1285 3735 justos,
1317 3670 1368 3720 et
1417 3681 1574 3719 aures
1613 3666 1729 3735 ejus
1767 3668 1826 3719 in
1879 3681 2061 3735 preces

442 3773 647 3823 eorum,
676 3759 857 3811 vultus
888 3761 1066 3810 autem
1098 3758 1316 3810 Domini
1344 3771 1505 3823 super
1527 3757 1786 3823 facientes
1811 3757 1975 3819 mala,
2006 3760 2066 3811 ut

437 3848 632 3918 perdat
671 3848 737 3902 de
756 3853 902 3901 terra
929 3849 1241 3901 memoriam
1267 3861 1449 3901 eorum
1469 3848 1637 3912 (Psal.
1672 3849 1877 3918 xxxiii).
1912 3847 2064 3901 Diem

444 3958 575 3997 vero
597 3942 782 3997 obitus
813 3941 898 3996 sui
927 3948 982 3996 et
1038 3941 1184 3995 diem
1215 3940 1446 3995 extremi
1480 3917 1695 4009 judicii;
1738 3941 1792 3995 in
1833 3956 1942 4012 quo
1976 3941 2064 3995 di-

449 4042 638 4090 cturus
667 4041 751 4089 est
780 4034 1042 4088 Dominus
1082 4033 1164 4087 his
1194 4034 1286 4105 qui
1321 4049 1445 4087 eum
1486 4049 1738 4089 recreare
1777 4040 1831 4088 et
1871 4034 2067 4090 vestire

451 4130 506 4178 et
562 4122 783 4177 visitare
842 4122 897 4176 in
941 4123 1056 4176 suis
1103 4121 1444 4192 pauperibus
1487 4122 1735 4192 quotidie
1778 4121 2064 4190 festinant,

447 4215 541 4286 qui
572 4212 642 4269 ab
668 4214 954 4268 auditione
994 4213 1137 4268 mala
1167 4229 1275 4268 non
1308 4212 1598 4277 timebunt,
1639 4213 1809 4268 illud:
1858 4217 2062 4278 Venite,

447 4304 714 4359 benedicti
740 4306 923 4358 Patris
954 4306 1056 4357 mei
1102 4304 1319 4373 (Matth.
1368 4308 1515 4368 xxv),
1575 4310 1706 4369 etc.,
1748 4304 1856 4359 illis
1882 4312 2063 4360 autem

448 4395 565 4450 haec
591 4394 1026 4466 negligentibus,
1053 4402 1107 4449 ct
1145 4394 1257 4448 Deo
1286 4394 1342 4447 in
1381 4394 1496 4448 suis
1526 4394 1788 4449 membris
1822 4411 1932 4450 non
1962 4396 2064 4449 mi-

446 4483 843 4538 nistrantibus:
897 4483 1166 4538 Discedite
1216 4499 1250 4537 a
1296 4499 1397 4550 me,
1445 4485 1742 4551 maledicti,
1774 4487 1834 4538 in
1881 4487 2062 4552 ignem

448 4583 729 4641 ater-num,
764 4580 862 4647 qui
887 4583 1231 4647 preparatus
1275 4582 1351 4632 est
1378 4578 1592 4632 diabolo
1622 4582 1671 4632 et
1712 4580 1920 4645 angelis
1947 4579 2063 4647 ejus

444 4666 652 4736 (lbid.),
701 4673 827 4720 ante
876 4666 1068 4721 oculos
1112 4681 1332 4736 semper
1365 4675 1678 4736 suspectam
1730 4673 1785 4720 et
1816 4666 2062 4721 timidam

447 4758 681 4813 habere;
753 4765 806 4811 ct
856 4774 1047 4828 pinnas
1118 4757 1427 4812 maledictis
1500 4765 1832 4828 praeparatas
1889 4759 2067 4814 oculis

445 4848 648 4904 mentis
677 4848 984 4918 saepissime
1023 4847 1260 4912 intueri;
1307 4856 1362 4902 et
1391 4847 1571 4902 locum
1629 4848 1931 4919 pessimum
1971 4852 2065 4921 qui

446 4953 670 5008 semper
698 4946 782 4992 est
806 4938 925 4992 sine
948 4936 1262 5011 refrigerio,
1294 4943 1348 4991 et
1378 4936 1498 4991 sine
1524 4937 1842 5007 splendore,
1875 4948 1929 4993 et
1949 4939 2068 4995 sine

442 5031 761 5097 dulcedine,
791 5038 846 5085 et
877 5030 982 5086 erit
1028 5030 1150 5083 sine
1175 5028 1313 5096 ﬁne,
1345 5030 1439 5084 ubi
1492 5031 1693 5086 vermis
1726 5048 1917 5087 eorum
1952 5049 2060 5089 non

445 5121 693 5186 moritur,
722 5131 775 5176 et
808 5122 952 5195 ignis
980 5124 1091 5176 non
1120 5120 1512 5195 exstinguitur,
1547 5123 1637 5177 ubi
1668 5122 1831 5179 ﬂetus
1858 5131 1912 5180 et
1939 5127 2064 5180 stri-

449 5214 551 5268 dor
603 5213 874 5281 dentium,
930 5214 1051 5268 sine
1089 5211 1505 5267 intermissione
1560 5229 1781 5285 semper
1819 5216 2059 5284 auditur,

447 5304 540 5360 ubi
574 5320 774 5360 vorans
801 5303 1020 5359 ﬂamma
1061 5303 1565 5360 machinationibus
1606 5305 1811 5361 diaboli
1843 5324 2063 5379 semper

442 5394 820 5462 renovabitur,
850 5395 947 5450 ubi
978 5396 1379 5452 consolationis
1406 5411 1535 5466 spes
1561 5396 1788 5453 omnino
1821 5413 1931 5454 non
1961 5400 2063 5454 ha-

443 5486 624 5554 betur,
655 5487 753 5542 sed
785 5487 855 5542 de
886 5488 1021 5543 hora
1060 5488 1115 5542 in
1149 5489 1338 5543 horam
1384 5488 1604 5543 tristitia
1634 5495 1883 5563 augetur,
1934 5492 2061 5562 quia

446 5577 610 5632 ﬁnem
668 5579 927 5633 manendi
966 5578 1217 5634 invenire
1248 5594 1360 5635 non
1414 5584 1663 5650 possunt,
1697 5579 1792 5633 sed
1823 5596 1944 5636 cum
1976 5583 2062 5638 his

440 5669 648 5740 quibus
676 5673 731 5723 in
756 5671 859 5726 hoc.
887 5670 1089 5726 saeculo
1117 5671 1519 5740 ministravere,
1553 5669 1608 5725 in
1642 5658 1920 5744 angustiis
1938 5673 2058 5731 sine

2164 3223 2219 3271 et
2277 3230 2495 3271 omnem
2548 3228 2836 3268 maerorem
2886 3221 2939 3267 et
2995 3211 3293 3277 tristitiam,
3353 3218 3514 3279 atque
3555 3221 3781 3261 omnem

2163 3303 2552 3360 adversitatem
2597 3302 2655 3356 ln
2696 3300 2792 3356 illo
2827 3315 2998 3375 regno
3030 3300 3118 3354 lux
3141 3298 3275 3354 solis
3302 3306 3357 3352 et
3386 3298 3528 3350 lunae
3557 3302 3614 3350 et
3644 3294 3783 3348 stel-

2163 3396 2337 3453 larum
2370 3411 2479 3450 non
2512 3401 2595 3447 est
2619 3391 2960 3455 necessaria;
3005 3389 3180 3444 fames
3212 3394 3265 3442 et
3297 3387 3418 3441 sitis
3449 3384 3578 3440 nulli
3614 3398 3786 3438 noce-

2177 3492 2337 3557 bunt,
2363 3488 2537 3562 frigus
2566 3486 2651 3541 vel
2683 3492 2849 3540 aestus
2879 3482 3088 3537 nullum
3121 3479 3446 3553 fatigabant,
3495 3475 3787 3531 infirmitas

2163 3585 2216 3635 et
2239 3579 2398 3634 dolor
2428 3575 2561 3631 nulli
2597 3573 2915 3638 advenient,
2959 3577 3202 3625 venturae
3232 3566 3532 3623 senectutis
3556 3562 3783 3617 miseria

2165 3687 2277 3726 non
2311 3667 2616 3731 timebitur,
2648 3666 2747 3720 sed
2777 3664 2921 3719 sicut
2949 3663 3006 3717 in
3048 3663 3138 3716 die
3163 3660 3356 3730 judicii
3389 3671 3618 3728 corpora
3637 3669 3788 3709 mor-

2167 3770 2382 3819 tuorum
2436 3760 2490 3813 in
2523 3772 2781 3813 mensura
2819 3754 2993 3810 aetatis
3032 3751 3399 3825 plenitudinis
3450 3748 3646 3803 Christi
3710 3761 3788 3800 re-

2166 3864 2415 3931 surgent,
2442 3854 2497 3908 in
2525 3869 2589 3907 ea
2620 3852 2785 3907 etiam
2818 3848 3262 3921 impassibilitate
3293 3852 3348 3901 et
3372 3842 3786 3915 pulchritudine

2169 3944 2592 4019 permanebunt.
2628 3942 2841 4012 Nuptiae
2882 3940 2956 3994 ibi
3002 3954 3112 3994 non
3162 3937 3528 3999 celebrantur,
3562 3939 3621 3987 et
3662 3947 3789 4003 pro-

2167 4043 2362 4115 genies
2418 4039 2705 4095 hominum
2763 4042 2954 4108 postea
2995 4049 3107 4089 non
3160 4028 3635 4102 multiplicabitur,
3687 4025 3783 4080 sed

2169 4135 2480 4206 completus
2506 4146 2770 4186 numerus
2790 4130 3061 4198 justorum
3081 4142 3191 4181 non
3214 4125 3513 4184 minuetur,
3541 4121 3640 4174 sed
3663 4119 3785 4172 sine

2167 4223 2278 4279 ﬁne
2310 4224 2367 4278 in
2398 4222 2599 4298 gaudio
2631 4218 2973 4281 servabitur;
3007 4215 3238 4270 insidias
3265 4211 3470 4268 diaboli
3499 4209 3641 4264 ultra
3674 4222 3783 4261 non

2167 4297 2783 4383 timebit,iindulgentia
2830 4314 3180 4377 peccatorum
3223 4302 3365 4358 ultra
3397 4315 3507 4354 non
3555 4297 3782 4371 indige-

2165 4405 2277 4470 bit;
2305 4403 2450 4458 sicut
2480 4400 2662 4475 angeli
2697 4400 2749 4453 in
2772 4394 3318 4470 primmconditionis
3343 4389 3785 4463 impassibilitate

2166 4497 2588 4570 permanebunt,
2629 4495 2709 4550 sic
2737 4500 2791 4549 et
2837 4492 3112 4556 homines,
3150 4495 3275 4560 post
3318 4486 3782 4543 resurrectionem

2165 4588 2406 4660 aequales
2435 4585 2665 4661 angelis,
2708 4584 2764 4637 in
2794 4582 3096 4638 sobrietate
3133 4588 3188 4633 et
3230 4574 3786 4633 incommutabilitate

2167 4681 2525 4749 perseverant
2554 4674 2609 4727 in
2660 4672 2882 4727 civitate
2921 4670 3016 4725 Dei
3057 4667 3249 4733 nostri,
3281 4668 3336 4721 in
3377 4671 3557 4721 monte
3590 4672 3786 4719 sancti-

2167 4769 2286 4838 ejus
2314 4766 2603 4833 aedificata,
2634 4779 2755 4836 quae
2786 4762 2987 4818 dicitur
3013 4760 3304 4816 duodecim
3353 4758 3632 4830 lapididus
3664 4773 3788 4828 pre-

2169 4860 2329 4915 tiosis
2369 4875 2489 4914 esse
2518 4865 2711 4913 ornata
2741 4862 2907 4926 atque
2938 4853 3184 4917 fundata,
3215 4866 3451 4923 quorum
3486 4848 3716 4903 nomina
3738 4856 3791 4902 et

2172 4949 2424 5005 ordinem
2456 4955 2680 5002 sanctus
2706 4945 2950 5000 Joannes
2979 4942 3262 5013 apostolus
3283 4948 3337 4996 et
3365 4937 3707 5011 evangelista
3734 4937 3789 4990 in

2168 5040 2489 5113 Apocalypsi
2525 5044 2839 5093 enumerat:
2869 5035 2964 5091 ubi
2985 5034 3261 5105 jaspidem
3290 5034 3345 5087 in
3367 5031 3544 5103 primo
3574 5029 3788 5085 funda-

2164 5141 2351 5187 mento
2384 5131 2624 5202 positum
2669 5129 2824 5194 dicit,
2857 5142 3021 5200 quem
3055 5126 3247 5181 dicunt
3292 5125 3479 5180 omnia
3523 5122 3791 5193 phantas—

2164 5230 2308 5278 mata
2336 5222 2547 5297 fugare,
2574 5222 2629 5275 in
2670 5236 2780 5292 quo
2812 5220 2940 5275 ﬁdei
2966 5218 3212 5274 viriditas
3251 5217 3606 5289 designatur;
3658 5230 3783 5283 sap-

2167 5312 2383 5382 phirum
2412 5311 2469 5364 in
2498 5310 2767 5376 secundo,
2802 5309 2897 5380 qui
2930 5323 3086 5379 spem
3129 5306 3371 5362 caelestis
3422 5302 3785 5358 beatitudinis

2169 5404 2453 5477 designat;
2489 5400 2844 5456 calcedonem
2860 5399 2915 5453 in
2934 5399 3118 5465 tertio,
3142 5396 3235 5469 qui
3258 5396 3532 5450 ﬂammam
3554 5394 3785 5448 internae

2168 5491 2447 5547 charitatis
2475 5489 2708 5563 ﬁgurat;
2741 5490 2795 5543 in
2817 5495 3011 5560 quarto
3060 5483 3438 5560 smaragdum,
3492 5481 3587 5554 qui
3626 5482 3781 5549 ejus-

2167 5587 2293 5642 dem
2326 5583 2457 5639 ﬁdei
2498 5583 2692 5640 fortem
2746 5584 2890 5638 inter
2918 5581 3149 5637 adversa
3185 5578 3590 5635 confessionem
3638 5572 3782 5647 tign-

2162 5683 2275 5737 rat:
2309 5677 2365 5731 in
2422 5674 2617 5745 quinto
2656 5672 3073 5739 sardonichum,
3121 5676 3438 5727 sanctorum
3485 5667 3630 5723 inter
3669 5664 3781 5721 vir-
