  <div class='ocr_page' id='page_1' title='image "/cluster/home/n/w/nwhite01/storage/ocr_20150623/135/hvd.32044054759956/520.png"; bbox 0 0 4062 6164; ppageno 0'>
   <div class='ocr_carea' id='block_1_1' title="bbox 249 322 379 379">
    <p class='ocr_par' dir='ltr' id='par_1_1' title="bbox 249 322 379 379">
     <span class='ocr_line' id='line_1_1' title="bbox 249 322 379 379; baseline 0.015 -2"><span class='ocrx_word' id='word_1_1' title='bbox 249 322 379 379; x_wconf 72' lang='grc'><strong>1029</strong></span> 
     </span>
    </p>
   </div>
   <div class='ocr_carea' id='block_1_2' title="bbox 1809 318 1985 375">
    <p class='ocr_par' dir='ltr' id='par_1_2' title="bbox 1809 318 1985 375">
     <span class='ocr_line' id='line_1_2' title="bbox 1809 318 1985 375; baseline 0 0"><span class='ocrx_word' id='word_1_2' title='bbox 1809 318 1957 375; x_wconf 82' lang='lat' dir='ltr'><strong>VlTA</strong></span> <span class='ocrx_word' id='word_1_3' title='bbox 1971 362 1985 375; x_wconf 93' lang='lat'><strong>.</strong></span> 
     </span>
    </p>
   </div>
   <div class='ocr_carea' id='block_1_3' title="bbox 3425 317 3565 375">
    <p class='ocr_par' dir='ltr' id='par_1_3' title="bbox 3425 317 3565 375">
     <span class='ocr_line' id='line_1_3' title="bbox 3425 317 3565 375; baseline 0.029 -4"><span class='ocrx_word' id='word_1_4' title='bbox 3425 317 3565 375; x_wconf 82' lang='grc'><strong>1030</strong></span> 
     </span>
    </p>
   </div>
   <div class='ocr_carea' id='block_1_4' title="bbox 253 444 3564 521">
    <p class='ocr_par' dir='ltr' id='par_1_4' title="bbox 253 444 3564 521">
     <span class='ocr_line' id='line_1_4' title="bbox 253 444 3564 521; baseline -0.001 -18"><span class='ocrx_word' id='word_1_5' title='bbox 253 456 386 505; x_wconf 90' lang='lat' dir='ltr'><strong>tutes</strong></span> <span class='ocrx_word' id='word_1_6' title='bbox 412 450 777 504; x_wconf 76' lang='lat' dir='ltr'><strong>humilitatem</strong></span> <span class='ocrx_word' id='word_1_7' title='bbox 829 449 1230 521; x_wconf 86' lang='lat' dir='ltr'><strong>signiﬁcantem</strong></span> <span class='ocrx_word' id='word_1_8' title='bbox 1274 470 1289 516; x_wconf 88' lang='lat'><strong>;</strong></span> <span class='ocrx_word' id='word_1_9' title='bbox 1325 453 1377 506; x_wconf 90' lang='lat' dir='ltr'><strong>in</strong></span> <span class='ocrx_word' id='word_1_10' title='bbox 1408 458 1562 507; x_wconf 88' lang='lat' dir='ltr'><strong>sexto</strong></span> <span class='ocrx_word' id='word_1_11' title='bbox 1589 451 1854 517; x_wconf 87' lang='lat' dir='ltr'><strong>sardium,</strong></span> <span class='ocrx_word' id='word_1_12' title='bbox 1883 452 1931 518; x_wconf 86' lang='grc' dir='ltr'>Α</span> <span class='ocrx_word' id='word_1_13' title='bbox 1959 462 2085 501; x_wconf 90' lang='lat' dir='ltr'><strong>cum</strong></span> <span class='ocrx_word' id='word_1_14' title='bbox 2116 444 2282 501; x_wconf 79' lang='lat' dir='ltr'><strong>fratre</strong></span> <span class='ocrx_word' id='word_1_15' title='bbox 2339 462 2442 502; x_wconf 92' lang='lat' dir='ltr'><strong>suo</strong></span> <span class='ocrx_word' id='word_1_16' title='bbox 2494 446 2725 502; x_wconf 83' lang='lat' dir='ltr'><strong>Henrico</strong></span> <span class='ocrx_word' id='word_1_17' title='bbox 2792 447 3090 516; x_wconf 81' lang='lat' dir='ltr'><strong>Bajoariam</strong></span> <span class='ocrx_word' id='word_1_18' title='bbox 3121 446 3564 502; x_wconf 85' lang='lat' dir='ltr'><strong>hostiliterinva-</strong></span> 
     </span>
    </p>
   </div>
   <div class='ocr_carea' id='block_1_5' title="bbox 253 539 1854 612">
    <p class='ocr_par' dir='ltr' id='par_1_5' title="bbox 253 539 1854 612">
     <span class='ocr_line' id='line_1_5' title="bbox 253 539 1854 612; baseline 0.001 -20"><span class='ocrx_word' id='word_1_19' title='bbox 253 539 306 592; x_wconf 92' lang='lat' dir='ltr'><strong>in</strong></span> <span class='ocrx_word' id='word_1_20' title='bbox 331 554 434 610; x_wconf 92' lang='lat' dir='ltr'><strong>quo</strong></span> <span class='ocrx_word' id='word_1_21' title='bbox 457 544 770 593; x_wconf 88' lang='lat' dir='ltr'><strong>sanctorum</strong></span> <span class='ocrx_word' id='word_1_22' title='bbox 837 552 1134 610; x_wconf 78' lang='lat' dir='ltr'><strong>martyrum</strong></span> <span class='ocrx_word' id='word_1_23' title='bbox 1190 558 1351 597; x_wconf 91' lang='lat' dir='ltr'><strong>cruor</strong></span> <span class='ocrx_word' id='word_1_24' title='bbox 1398 542 1723 612; x_wconf 91' lang='lat' dir='ltr'><strong>exprimitur</strong></span> <span class='ocrx_word' id='word_1_25' title='bbox 1752 559 1767 604; x_wconf 84' lang='lat'><strong>;</strong></span> <span class='ocrx_word' id='word_1_26' title='bbox 1799 541 1854 594; x_wconf 90' lang='lat' dir='ltr'><strong>in</strong></span> 
     </span>
    </p>
   </div>
   <div class='ocr_carea' id='block_1_6' title="bbox 254 630 1857 704">
    <p class='ocr_par' dir='ltr' id='par_1_6' title="bbox 254 630 1857 704">
     <span class='ocr_line' id='line_1_6' title="bbox 254 630 1857 704; baseline 0.002 -18"><span class='ocrx_word' id='word_1_27' title='bbox 254 630 479 701; x_wconf 87' lang='lat' dir='ltr'><strong>septimo</strong></span> <span class='ocrx_word' id='word_1_28' title='bbox 509 631 928 703; x_wconf 89' lang='lat' dir='ltr'><strong>chryzolithum,</strong></span> <span class='ocrx_word' id='word_1_29' title='bbox 958 634 1015 687; x_wconf 89' lang='lat' dir='ltr'><strong>in</strong></span> <span class='ocrx_word' id='word_1_30' title='bbox 1042 650 1153 704; x_wconf 81' lang='lat' dir='ltr'><strong>quo</strong></span> <span class='ocrx_word' id='word_1_31' title='bbox 1183 634 1485 704; x_wconf 90' lang='lat' dir='ltr'><strong>spiritualis</strong></span> <span class='ocrx_word' id='word_1_32' title='bbox 1518 635 1661 689; x_wconf 91' lang='lat' dir='ltr'><strong>inter</strong></span> <span class='ocrx_word' id='word_1_33' title='bbox 1688 636 1857 689; x_wconf 88' lang='lat' dir='ltr'><strong>mira-</strong></span> 
     </span>
    </p>
   </div>
   <div class='ocr_carea' id='block_1_7' title="bbox 255 718 1855 795">
    <p class='ocr_par' dir='ltr' id='par_1_7' title="bbox 255 718 1855 795">
     <span class='ocr_line' id='line_1_7' title="bbox 255 718 1855 795; baseline 0.001 -20"><span class='ocrx_word' id='word_1_34' title='bbox 255 723 372 776; x_wconf 89' lang='lat' dir='ltr'><strong>cula</strong></span> <span class='ocrx_word' id='word_1_35' title='bbox 392 720 710 792; x_wconf 69' lang='lat' dir='ltr'><strong>praedicatio</strong></span> <span class='ocrx_word' id='word_1_36' title='bbox 764 718 1070 795; x_wconf 87' lang='lat' dir='ltr'><strong>ﬁguratur;</strong></span> <span class='ocrx_word' id='word_1_37' title='bbox 1113 723 1167 776; x_wconf 91' lang='lat' dir='ltr'><strong>in</strong></span> <span class='ocrx_word' id='word_1_38' title='bbox 1221 732 1413 779; x_wconf 88' lang='lat' dir='ltr'><strong>octavo</strong></span> <span class='ocrx_word' id='word_1_39' title='bbox 1478 724 1765 795; x_wconf 81' lang='lat' dir='ltr'><strong>beryllum,</strong></span> <span class='ocrx_word' id='word_1_40' title='bbox 1799 724 1855 777; x_wconf 90' lang='lat' dir='ltr'><strong>in</strong></span> 
     </span>
    </p>
   </div>
   <div class='ocr_carea' id='block_1_8' title="bbox 256 798 1857 885">
    <p class='ocr_par' dir='ltr' id='par_1_8' title="bbox 256 798 1857 885">
     <span class='ocr_line' id='line_1_8' title="bbox 256 798 1857 885; baseline 0.001 -19"><span class='ocrx_word' id='word_1_41' title='bbox 256 827 359 883; x_wconf 92' lang='lat' dir='ltr'><strong>quo</strong></span> <span class='ocrx_word' id='word_1_42' title='bbox 386 810 799 881; x_wconf 66' lang='lat' dir='ltr'><strong>praedicantium</strong></span> <span class='ocrx_word' id='word_1_43' title='bbox 829 810 1071 881; x_wconf 89' lang='lat' dir='ltr'><strong>perfecta</strong></span> <span class='ocrx_word' id='word_1_44' title='bbox 1100 813 1347 883; x_wconf 85' lang='lat' dir='ltr'><strong>operatio</strong></span> <span class='ocrx_word' id='word_1_45' title='bbox 1375 798 1720 885; x_wconf 79' lang='lat' dir='ltr'><strong>significatur</strong></span> <span class='ocrx_word' id='word_1_46' title='bbox 1752 832 1766 879; x_wconf 90' lang='lat'><strong>;</strong></span> <span class='ocrx_word' id='word_1_47' title='bbox 1800 812 1857 867; x_wconf 88' lang='lat' dir='ltr'><strong>in</strong></span> 
     </span>
    </p>
   </div>
   <div class='ocr_carea' id='block_1_9' title="bbox 256 901 1858 974">
    <p class='ocr_par' dir='ltr' id='par_1_9' title="bbox 256 901 1858 974">
     <span class='ocr_line' id='line_1_9' title="bbox 256 901 1858 974; baseline 0.001 -17"><span class='ocrx_word' id='word_1_48' title='bbox 256 918 395 957; x_wconf 90' lang='lat' dir='ltr'><strong>nono</strong></span> <span class='ocrx_word' id='word_1_49' title='bbox 424 901 705 972; x_wconf 83' lang='lat' dir='ltr'><strong>topazion,</strong></span> <span class='ocrx_word' id='word_1_50' title='bbox 739 902 793 955; x_wconf 91' lang='lat' dir='ltr'><strong>in</strong></span> <span class='ocrx_word' id='word_1_51' title='bbox 840 917 951 974; x_wconf 92' lang='lat' dir='ltr'><strong>quo</strong></span> <span class='ocrx_word' id='word_1_52' title='bbox 991 903 1310 958; x_wconf 84' lang='lat' dir='ltr'><strong>eorumdem</strong></span> <span class='ocrx_word' id='word_1_53' title='bbox 1366 905 1567 960; x_wconf 88' lang='lat' dir='ltr'><strong>ardens</strong></span> <span class='ocrx_word' id='word_1_54' title='bbox 1604 911 1858 960; x_wconf 90' lang='lat' dir='ltr'><strong>contem-</strong></span> 
     </span>
    </p>
   </div>
   <div class='ocr_carea' id='block_1_10' title="bbox 257 991 1858 1065">
    <p class='ocr_par' dir='ltr' id='par_1_10' title="bbox 257 991 1858 1065">
     <span class='ocr_line' id='line_1_10' title="bbox 257 991 1858 1065; baseline 0.002 -21"><span class='ocrx_word' id='word_1_55' title='bbox 257 991 416 1062; x_wconf 86' lang='lat' dir='ltr'><strong>platio</strong></span> <span class='ocrx_word' id='word_1_56' title='bbox 440 998 808 1057; x_wconf 88' lang='lat' dir='ltr'><strong>monstratur;</strong></span> <span class='ocrx_word' id='word_1_57' title='bbox 838 991 896 1045; x_wconf 90' lang='lat' dir='ltr'><strong>in</strong></span> <span class='ocrx_word' id='word_1_58' title='bbox 918 992 1136 1048; x_wconf 91' lang='lat' dir='ltr'><strong>decimo</strong></span> <span class='ocrx_word' id='word_1_59' title='bbox 1162 994 1586 1065; x_wconf 79' lang='lat' dir='ltr'><strong>chrySOprasum</strong></span> <span class='ocrx_word' id='word_1_60' title='bbox 1609 994 1705 1065; x_wconf 91' lang='lat' dir='ltr'><strong>qui</strong></span> <span class='ocrx_word' id='word_1_61' title='bbox 1726 994 1858 1048; x_wconf 87' lang='lat' dir='ltr'><strong>bea-</strong></span> 
     </span>
    </p>
   </div>
   <div class='ocr_carea' id='block_1_11' title="bbox 260 1081 1856 1157">
    <p class='ocr_par' dir='ltr' id='par_1_11' title="bbox 260 1081 1856 1157">
     <span class='ocr_line' id='line_1_11' title="bbox 260 1081 1856 1157; baseline 0.003 -21"><span class='ocrx_word' id='word_1_62' title='bbox 260 1093 424 1137; x_wconf 90' lang='lat' dir='ltr'><strong>torum</strong></span> <span class='ocrx_word' id='word_1_63' title='bbox 454 1089 750 1150; x_wconf 87' lang='lat' dir='ltr'><strong>martyrum</strong></span> <span class='ocrx_word' id='word_1_64' title='bbox 780 1096 920 1151; x_wconf 89' lang='lat' dir='ltr'><strong>opus</strong></span> <span class='ocrx_word' id='word_1_65' title='bbox 935 1081 1140 1151; x_wconf 88' lang='lat' dir='ltr'><strong>pariter</strong></span> <span class='ocrx_word' id='word_1_66' title='bbox 1159 1082 1514 1152; x_wconf 65' lang='lat' dir='ltr'><strong>etpraemium</strong></span> <span class='ocrx_word' id='word_1_67' title='bbox 1539 1081 1814 1157; x_wconf 89' lang='lat' dir='ltr'><strong>signiﬁcat</strong></span> <span class='ocrx_word' id='word_1_68' title='bbox 1840 1124 1856 1142; x_wconf 82' lang='lat'><strong>.</strong></span> 
     </span>
    </p>
   </div>
   <div class='ocr_carea' id='block_1_12' title="bbox 260 1176 1859 1248">
    <p class='ocr_par' dir='ltr' id='par_1_12' title="bbox 260 1176 1859 1248">
     <span class='ocr_line' id='line_1_12' title="bbox 260 1176 1859 1248; baseline 0 -16"><span class='ocrx_word' id='word_1_69' title='bbox 260 1178 310 1232; x_wconf 90' lang='lat' dir='ltr'><strong>in</strong></span> <span class='ocrx_word' id='word_1_70' title='bbox 353 1177 645 1232; x_wconf 89' lang='lat' dir='ltr'><strong>undecimo</strong></span> <span class='ocrx_word' id='word_1_71' title='bbox 695 1176 1069 1248; x_wconf 82' lang='lat' dir='ltr'><strong>hyacinthum,</strong></span> <span class='ocrx_word' id='word_1_72' title='bbox 1125 1178 1219 1248; x_wconf 89' lang='lat' dir='ltr'><strong>qui</strong></span> <span class='ocrx_word' id='word_1_73' title='bbox 1277 1177 1557 1233; x_wconf 67' lang='lat' dir='ltr'><strong>omlestem</strong></span> <span class='ocrx_word' id='word_1_74' title='bbox 1617 1178 1686 1231; x_wconf 91' lang='lat' dir='ltr'><strong>ad</strong></span> <span class='ocrx_word' id='word_1_75' title='bbox 1749 1178 1859 1232; x_wconf 88' lang='lat' dir='ltr'><strong>alta</strong></span> 
     </span>
    </p>
   </div>
   <div class='ocr_carea' id='block_1_13' title="bbox 257 1268 1857 1339">
    <p class='ocr_par' dir='ltr' id='par_1_13' title="bbox 257 1268 1857 1339">
     <span class='ocr_line' id='line_1_13' title="bbox 257 1268 1857 1339; baseline 0 -16"><span class='ocrx_word' id='word_1_76' title='bbox 257 1268 1027 1339; x_wconf 78' lang='lat' dir='ltr'><strong>sublevationem,&#39;etpropter</strong></span> <span class='ocrx_word' id='word_1_77' title='bbox 1064 1268 1327 1324; x_wconf 86' lang='lat' dir='ltr'><strong>humilem</strong></span> <span class='ocrx_word' id='word_1_78' title='bbox 1361 1271 1427 1324; x_wconf 87' lang='lat' dir='ltr'><strong>ad</strong></span> <span class='ocrx_word' id='word_1_79' title='bbox 1460 1271 1696 1324; x_wconf 88' lang='lat' dir='ltr'><strong>humana</strong></span> <span class='ocrx_word' id='word_1_80' title='bbox 1726 1269 1857 1323; x_wconf 90' lang='lat' dir='ltr'><strong>des-</strong></span> 
     </span>
    </p>
   </div>
   <div class='ocr_carea' id='block_1_14' title="bbox 1958 540 3567 613">
    <p class='ocr_par' dir='ltr' id='par_1_14' title="bbox 1958 540 3567 613">
     <span class='ocr_line' id='line_1_14' title="bbox 1958 540 3567 613; baseline 0.001 -17"><span class='ocrx_word' id='word_1_81' title='bbox 1958 540 2048 605; x_wconf 90' lang='lat' dir='ltr'><strong>sit,</strong></span> <span class='ocrx_word' id='word_1_82' title='bbox 2074 540 2142 594; x_wconf 91' lang='lat' dir='ltr'><strong>ad</strong></span> <span class='ocrx_word' id='word_1_83' title='bbox 2175 541 2570 595; x_wconf 88' lang='lat' dir='ltr'><strong>restituendum</strong></span> <span class='ocrx_word' id='word_1_84' title='bbox 2614 558 2737 596; x_wconf 89' lang='lat' dir='ltr'><strong>eum</strong></span> <span class='ocrx_word' id='word_1_85' title='bbox 2796 542 2851 595; x_wconf 88' lang='lat' dir='ltr'><strong>in</strong></span> <span class='ocrx_word' id='word_1_86' title='bbox 2902 542 3170 597; x_wconf 88' lang='lat' dir='ltr'><strong>honorem</strong></span> <span class='ocrx_word' id='word_1_87' title='bbox 3225 542 3424 612; x_wconf 89' lang='lat' dir='ltr'><strong>prioris</strong></span> <span class='ocrx_word' id='word_1_88' title='bbox 3464 558 3567 613; x_wconf 91' lang='lat' dir='ltr'><strong>po—</strong></span> 
     </span>
    </p>
   </div>
   <div class='ocr_carea' id='block_1_15' title="bbox 1957 635 3568 706">
    <p class='ocr_par' dir='ltr' id='par_1_15' title="bbox 1957 635 3568 706">
     <span class='ocr_line' id='line_1_15' title="bbox 1957 635 3568 706; baseline 0.001 -16"><span class='ocrx_word' id='word_1_89' title='bbox 1957 635 2476 691; x_wconf 83' lang='lat' dir='ltr'><strong>testatis.Praefatus</strong></span> <span class='ocrx_word' id='word_1_90' title='bbox 2525 644 2705 690; x_wconf 91' lang='lat' dir='ltr'><strong>autem</strong></span> <span class='ocrx_word' id='word_1_91' title='bbox 2770 635 3019 698; x_wconf 82' lang='lat' dir='ltr'><strong>antistes,</strong></span> <span class='ocrx_word' id='word_1_92' title='bbox 3079 636 3383 702; x_wconf 88' lang='lat' dir='ltr'><strong>Udalricus,</strong></span> <span class='ocrx_word' id='word_1_93' title='bbox 3411 637 3568 706; x_wconf 88' lang='lat' dir='ltr'><strong>cujus</strong></span> 
     </span>
    </p>
   </div>
   <div class='ocr_carea' id='block_1_16' title="bbox 1959 723 3568 796">
    <p class='ocr_par' dir='ltr' id='par_1_16' title="bbox 1959 723 3568 796">
     <span class='ocr_line' id='line_1_16' title="bbox 1959 723 3568 796; baseline 0.001 -17"><span class='ocrx_word' id='word_1_94' title='bbox 1959 724 2239 780; x_wconf 87' lang='lat' dir='ltr'><strong>ﬁdelitatis</strong></span> <span class='ocrx_word' id='word_1_95' title='bbox 2292 725 2447 779; x_wconf 83' lang='lat' dir='ltr'><strong>firma</strong></span> <span class='ocrx_word' id='word_1_96' title='bbox 2492 723 2772 779; x_wconf 76' lang='lat' dir='ltr'><strong>stabilitas</strong></span> <span class='ocrx_word' id='word_1_97' title='bbox 2830 741 3112 796; x_wconf 88' lang='lat' dir='ltr'><strong>nunquam</strong></span> <span class='ocrx_word' id='word_1_98' title='bbox 3162 727 3230 779; x_wconf 89' lang='lat' dir='ltr'><strong>ab</strong></span> <span class='ocrx_word' id='word_1_99' title='bbox 3294 726 3568 795; x_wconf 88' lang='lat' dir='ltr'><strong>adjutorio</strong></span> 
     </span>
    </p>
   </div>
   <div class='ocr_carea' id='block_1_17' title="bbox 1959 815 3569 889">
    <p class='ocr_par' dir='ltr' id='par_1_17' title="bbox 1959 815 3569 889">
     <span class='ocr_line' id='line_1_17' title="bbox 1959 815 3569 889; baseline 0.001 -21"><span class='ocrx_word' id='word_1_100' title='bbox 1959 815 2105 889; x_wconf 88' lang='lat' dir='ltr'><strong>regis</strong></span> <span class='ocrx_word' id='word_1_101' title='bbox 2135 820 2387 885; x_wconf 87' lang='lat' dir='ltr'><strong>separata</strong></span> <span class='ocrx_word' id='word_1_102' title='bbox 2429 822 2531 877; x_wconf 91' lang='lat' dir='ltr'><strong>est,</strong></span> <span class='ocrx_word' id='word_1_103' title='bbox 2582 815 2694 868; x_wconf 69' lang='lat' dir='ltr'><strong>haec</strong></span> <span class='ocrx_word' id='word_1_104' title='bbox 2726 815 3098 884; x_wconf 85' lang='lat' dir='ltr'><strong>comperiens,</strong></span> <span class='ocrx_word' id='word_1_105' title='bbox 3155 815 3384 869; x_wconf 88' lang='lat' dir='ltr'><strong>dimissa</strong></span> <span class='ocrx_word' id='word_1_106' title='bbox 3415 825 3569 884; x_wconf 89' lang='lat' dir='ltr'><strong>parte</strong></span> 
     </span>
    </p>
   </div>
   <div class='ocr_carea' id='block_1_18' title="bbox 1958 902 3570 978">
    <p class='ocr_par' dir='ltr' id='par_1_18' title="bbox 1958 902 3570 978">
     <span class='ocr_line' id='line_1_18' title="bbox 1958 902 3570 978; baseline 0.001 -20"><span class='ocrx_word' id='word_1_107' title='bbox 1958 905 2013 959; x_wconf 91' lang='lat' dir='ltr'><strong>in</strong></span> <span class='ocrx_word' id='word_1_108' title='bbox 2046 908 2283 978; x_wconf 82' lang='lat' dir='ltr'><strong>Augusta</strong></span> <span class='ocrx_word' id='word_1_109' title='bbox 2315 903 2534 958; x_wconf 78' lang='lat' dir='ltr'><strong>civitate</strong></span> <span class='ocrx_word' id='word_1_110' title='bbox 2565 902 2893 957; x_wconf 90' lang='lat' dir='ltr'><strong>vasallorum</strong></span> <span class='ocrx_word' id='word_1_111' title='bbox 2936 918 3183 965; x_wconf 88' lang='lat' dir='ltr'><strong>suorum,</strong></span> <span class='ocrx_word' id='word_1_112' title='bbox 3239 903 3570 975; x_wconf 65' lang='lat' dir='ltr'><strong>caeterisque</strong></span> 
     </span>
    </p>
   </div>
   <div class='ocr_carea' id='block_1_19' title="bbox 1957 995 3573 1067">
    <p class='ocr_par' dir='ltr' id='par_1_19' title="bbox 1957 995 3573 1067">
     <span class='ocr_line' id='line_1_19' title="bbox 1957 995 3573 1067; baseline -0.002 -14"><span class='ocrx_word' id='word_1_113' title='bbox 1957 999 2123 1053; x_wconf 89' lang='lat' dir='ltr'><strong>rebus</strong></span> <span class='ocrx_word' id='word_1_114' title='bbox 2145 996 2447 1061; x_wconf 87' lang='lat' dir='ltr'><strong>collocatis,</strong></span> <span class='ocrx_word' id='word_1_115' title='bbox 2502 1012 2625 1049; x_wconf 91' lang='lat' dir='ltr'><strong>cum</strong></span> <span class='ocrx_word' id='word_1_116' title='bbox 2680 995 2882 1066; x_wconf 87' lang='lat' dir='ltr'><strong>quibus</strong></span> <span class='ocrx_word' id='word_1_117' title='bbox 2914 997 3112 1067; x_wconf 92' lang='lat' dir='ltr'><strong>potuit,</strong></span> <span class='ocrx_word' id='word_1_118' title='bbox 3157 997 3363 1052; x_wconf 89' lang='lat' dir='ltr'><strong>omisso</strong></span> <span class='ocrx_word' id='word_1_119' title='bbox 3412 996 3573 1051; x_wconf 82' lang='lat' dir='ltr'><strong>vehi-</strong></span> 
     </span>
    </p>
   </div>
   <div class='ocr_carea' id='block_1_20' title="bbox 1958 1087 3574 1163">
    <p class='ocr_par' dir='ltr' id='par_1_20' title="bbox 1958 1087 3574 1163">
     <span class='ocr_line' id='line_1_20' title="bbox 1958 1087 3574 1163; baseline -0.001 -18"><span class='ocrx_word' id='word_1_120' title='bbox 1958 1089 2082 1145; x_wconf 90' lang='lat' dir='ltr'><strong>culo</strong></span> <span class='ocrx_word' id='word_1_121' title='bbox 2112 1089 2379 1160; x_wconf 84' lang='lat' dir='ltr'><strong>carpenti,</strong></span> <span class='ocrx_word' id='word_1_122' title='bbox 2420 1087 2723 1159; x_wconf 90' lang='lat' dir='ltr'><strong>equitando</strong></span> <span class='ocrx_word' id='word_1_123' title='bbox 2782 1087 2837 1140; x_wconf 89' lang='lat' dir='ltr'><strong>in</strong></span> <span class='ocrx_word' id='word_1_124' title='bbox 2867 1088 3151 1143; x_wconf 85' lang='lat' dir='ltr'><strong>servitium</strong></span> <span class='ocrx_word' id='word_1_125' title='bbox 3185 1090 3350 1163; x_wconf 82' lang='lat' dir='ltr'><strong>regis,</strong></span> <span class='ocrx_word' id='word_1_126' title='bbox 3395 1089 3452 1144; x_wconf 92' lang='lat' dir='ltr'><strong>in</strong></span> <span class='ocrx_word' id='word_1_127' title='bbox 3485 1106 3574 1145; x_wconf 88' lang='lat' dir='ltr'><strong>re-</strong></span> 
     </span>
    </p>
   </div>
   <div class='ocr_carea' id='block_1_21' title="bbox 1958 1182 3569 1257">
    <p class='ocr_par' dir='ltr' id='par_1_21' title="bbox 1958 1182 3569 1257">
     <span class='ocr_line' id='line_1_21' title="bbox 1958 1182 3569 1257; baseline 0 -18"><span class='ocrx_word' id='word_1_128' title='bbox 1958 1185 2178 1257; x_wconf 89' lang='lat' dir='ltr'><strong>gionem</strong></span> <span class='ocrx_word' id='word_1_129' title='bbox 2245 1183 2565 1238; x_wconf 89' lang='lat' dir='ltr'><strong>Noricorum</strong></span> <span class='ocrx_word' id='word_1_130' title='bbox 2650 1182 2922 1257; x_wconf 79' lang='lat' dir='ltr'><strong>sagaciter</strong></span> <span class='ocrx_word' id='word_1_131' title='bbox 2966 1182 3154 1247; x_wconf 52' lang='lat' dir='ltr'><strong>venit,</strong></span> <span class='ocrx_word' id='word_1_132' title='bbox 3213 1184 3569 1255; x_wconf 88' lang='lat' dir='ltr'><strong>carmulaque</strong></span> 
     </span>
    </p>
   </div>
   <div class='ocr_carea' id='block_1_22' title="bbox 1960 1270 3574 1344">
    <p class='ocr_par' dir='ltr' id='par_1_22' title="bbox 1960 1270 3574 1344">
     <span class='ocr_line' id='line_1_22' title="bbox 1960 1270 3574 1344; baseline 0.001 -18"><span class='ocrx_word' id='word_1_133' title='bbox 1960 1272 2281 1343; x_wconf 81' lang='lat' dir='ltr'><strong>prolongata</strong></span> <span class='ocrx_word' id='word_1_134' title='bbox 2317 1270 2733 1340; x_wconf 87' lang='lat' dir='ltr'><strong>possibilitatem</strong></span> <span class='ocrx_word' id='word_1_135' title='bbox 2785 1271 3052 1325; x_wconf 87' lang='lat' dir='ltr'><strong>redeundi</strong></span> <span class='ocrx_word' id='word_1_136' title='bbox 3084 1278 3211 1341; x_wconf 84' lang='lat' dir='ltr'><strong>apte</strong></span> <span class='ocrx_word' id='word_1_137' title='bbox 3253 1287 3365 1327; x_wconf 92' lang='lat' dir='ltr'><strong>non</strong></span> <span class='ocrx_word' id='word_1_138' title='bbox 3398 1272 3574 1344; x_wconf 89' lang='lat' dir='ltr'><strong>potuit</strong></span> 
     </span>
    </p>
   </div>
   <div class='ocr_carea' id='block_1_23' title="bbox 257 1355 3575 1435">
    <p class='ocr_par' dir='ltr' id='par_1_23' title="bbox 257 1355 3575 1435">
     <span class='ocr_line' id='line_1_23' title="bbox 257 1355 3575 1435; baseline 0.003 -26"><span class='ocrx_word' id='word_1_139' title='bbox 257 1358 568 1413; x_wconf 88' lang='lat' dir='ltr'><strong>censionem</strong></span> <span class='ocrx_word' id='word_1_140' title='bbox 601 1355 798 1431; x_wconf 89' lang='lat' dir='ltr'><strong>ﬁgurat</strong></span> <span class='ocrx_word' id='word_1_141' title='bbox 830 1375 844 1423; x_wconf 91' lang='lat'><strong>;</strong></span> <span class='ocrx_word' id='word_1_142' title='bbox 880 1358 935 1411; x_wconf 91' lang='lat' dir='ltr'><strong>in</strong></span> <span class='ocrx_word' id='word_1_143' title='bbox 966 1357 1296 1413; x_wconf 87' lang='lat' dir='ltr'><strong>duodecimo</strong></span> <span class='ocrx_word' id='word_1_144' title='bbox 1344 1360 1735 1428; x_wconf 80' lang='lat' dir='ltr'><strong>amethystum,</strong></span> <span class='ocrx_word' id='word_1_145' title='bbox 1766 1357 1859 1429; x_wconf 85' lang='lat' dir='ltr'><strong>qui</strong></span> <span class='ocrx_word' id='word_1_146' title='bbox 1964 1364 2187 1418; x_wconf 89' lang='lat' dir='ltr'><strong>habere.</strong></span> <span class='ocrx_word' id='word_1_147' title='bbox 2223 1362 2476 1417; x_wconf 84' lang='lat' dir='ltr'><strong>Arnolqu</strong></span> <span class='ocrx_word' id='word_1_148' title='bbox 2505 1370 2686 1417; x_wconf 87' lang='lat' dir='ltr'><strong>autem</strong></span> <span class='ocrx_word' id='word_1_149' title='bbox 2728 1362 3027 1433; x_wconf 66' lang='lat' dir='ltr'><strong>praedictus</strong></span> <span class='ocrx_word' id='word_1_150' title='bbox 3076 1363 3317 1431; x_wconf 89' lang='lat' dir='ltr'><strong>interim,</strong></span> <span class='ocrx_word' id='word_1_151' title='bbox 3349 1372 3575 1435; x_wconf 91' lang='lat' dir='ltr'><strong>accepta</strong></span> 
     </span>
    </p>
   </div>
   <div class='ocr_carea' id='block_1_24' title="bbox 259 1447 3573 1525">
    <p class='ocr_par' dir='ltr' id='par_1_24' title="bbox 259 1447 3573 1525">
     <span class='ocr_line' id='line_1_24' title="bbox 259 1447 3573 1525; baseline 0.002 -23"><span class='ocrx_word' id='word_1_152' title='bbox 259 1447 491 1503; x_wconf 66' lang='lat' dir='ltr'><strong>caelestis</strong></span> <span class='ocrx_word' id='word_1_153' title='bbox 519 1462 739 1517; x_wconf 87' lang='lat' dir='ltr'><strong>semper</strong></span> <span class='ocrx_word' id='word_1_154' title='bbox 761 1449 916 1522; x_wconf 90' lang='lat' dir='ltr'><strong>regni</strong></span> <span class='ocrx_word' id='word_1_155' title='bbox 943 1449 1301 1504; x_wconf 86' lang='lat' dir='ltr'><strong>inhumilium</strong></span> <span class='ocrx_word' id='word_1_156' title='bbox 1332 1452 1518 1506; x_wconf 90' lang='lat' dir='ltr'><strong>animo</strong></span> <span class='ocrx_word' id='word_1_157' title='bbox 1534 1451 1857 1506; x_wconf 89' lang='lat' dir='ltr'><strong>memoriam</strong></span> <span class='ocrx_word' id='word_1_158' title='bbox 1963 1452 2339 1519; x_wconf 89' lang='lat' dir='ltr'><strong>multitudine,</strong></span> <span class='ocrx_word' id='word_1_159' title='bbox 2383 1452 2688 1525; x_wconf 84' lang='lat' dir='ltr'><strong>Augustam</strong></span> <span class='ocrx_word' id='word_1_160' title='bbox 2742 1452 2897 1513; x_wconf 87' lang='lat' dir='ltr'><strong>adiit,</strong></span> <span class='ocrx_word' id='word_1_161' title='bbox 2955 1458 3011 1506; x_wconf 89' lang='lat' dir='ltr'><strong>et</strong></span> <span class='ocrx_word' id='word_1_162' title='bbox 3038 1452 3376 1522; x_wconf 84' lang='lat' dir='ltr'><strong>despoliavit</strong></span> <span class='ocrx_word' id='word_1_163' title='bbox 3407 1452 3573 1507; x_wconf 91' lang='lat' dir='ltr'><strong>rebus</strong></span> 
     </span>
    </p>
   </div>
   <div class='ocr_carea' id='block_1_25' title="bbox 260 1534 3573 1614">
    <p class='ocr_par' dir='ltr' id='par_1_25' title="bbox 260 1534 3573 1614">
     <span class='ocr_line' id='line_1_25' title="bbox 260 1534 3573 1614; baseline 0.003 -24"><span class='ocrx_word' id='word_1_164' title='bbox 260 1535 526 1609; x_wconf 87' lang='lat' dir='ltr'><strong>designat.</strong></span> <span class='ocrx_word' id='word_1_165' title='bbox 561 1534 683 1588; x_wconf 69' lang='lat' dir='ltr'><strong>Haec</strong></span> <span class='ocrx_word' id='word_1_166' title='bbox 722 1535 920 1606; x_wconf 88' lang='lat' dir='ltr'><strong>positio</strong></span> <span class='ocrx_word' id='word_1_167' title='bbox 941 1536 1233 1592; x_wconf 88' lang='lat' dir='ltr'><strong>duodecim</strong></span> <span class='ocrx_word' id='word_1_168' title='bbox 1283 1538 1522 1610; x_wconf 88' lang='lat' dir='ltr'><strong>lapidum</strong></span> <span class='ocrx_word' id='word_1_169' title='bbox 1558 1539 1756 1614; x_wconf 83' lang='lat' dir='ltr'><strong>ﬁgurat</strong></span> <span class='ocrx_word' id='word_1_170' title='bbox 1775 1538 1865 1593; x_wconf 82' lang='lat' dir='ltr'><strong>fir-</strong></span> <span class='ocrx_word' id='word_1_171' title='bbox 1961 1543 2218 1598; x_wconf 87' lang='lat' dir='ltr'><strong>omnibus</strong></span> <span class='ocrx_word' id='word_1_172' title='bbox 2245 1558 2384 1614; x_wconf 86' lang='lat' dir='ltr'><strong>quas</strong></span> <span class='ocrx_word' id='word_1_173' title='bbox 2403 1557 2591 1597; x_wconf 86' lang='lat' dir='ltr'><strong>secum</strong></span> <span class='ocrx_word' id='word_1_174' title='bbox 2620 1543 2898 1598; x_wconf 89' lang='lat' dir='ltr'><strong>abducere</strong></span> <span class='ocrx_word' id='word_1_175' title='bbox 2963 1544 3158 1613; x_wconf 92' lang='lat' dir='ltr'><strong>potuit,</strong></span> <span class='ocrx_word' id='word_1_176' title='bbox 3203 1545 3573 1614; x_wconf 86' lang='lat' dir='ltr'><strong>comprehen-</strong></span> 
     </span>
    </p>
   </div>
   <div class='ocr_carea' id='block_1_26' title="bbox 262 1628 3576 1706">
    <p class='ocr_par' dir='ltr' id='par_1_26' title="bbox 262 1628 3576 1706">
     <span class='ocr_line' id='line_1_26' title="bbox 262 1628 3576 1706; baseline 0.003 -24"><span class='ocrx_word' id='word_1_177' title='bbox 262 1629 498 1683; x_wconf 86' lang='lat' dir='ltr'><strong>mitatem</strong></span> <span class='ocrx_word' id='word_1_178' title='bbox 524 1629 924 1700; x_wconf 86' lang='lat' dir='ltr'><strong>apostolorum,</strong></span> <span class='ocrx_word' id='word_1_179' title='bbox 975 1628 1071 1700; x_wconf 90' lang='lat' dir='ltr'><strong>qui</strong></span> <span class='ocrx_word' id='word_1_180' title='bbox 1126 1628 1179 1682; x_wconf 91' lang='lat' dir='ltr'><strong>in</strong></span> <span class='ocrx_word' id='word_1_181' title='bbox 1219 1630 1578 1687; x_wconf 87' lang='lat' dir='ltr'><strong>fundamento</strong></span> <span class='ocrx_word' id='word_1_182' title='bbox 1611 1631 1869 1687; x_wconf 76' lang='lat' dir='ltr'><strong>Ecclesiae</strong></span> <span class='ocrx_word' id='word_1_183' title='bbox 1965 1651 2169 1706; x_wconf 88' lang='lat' dir='ltr'><strong>sesque</strong></span> <span class='ocrx_word' id='word_1_184' title='bbox 2199 1634 2467 1706; x_wconf 91' lang='lat' dir='ltr'><strong>quosdam</strong></span> <span class='ocrx_word' id='word_1_185' title='bbox 2497 1635 2698 1689; x_wconf 89' lang='lat' dir='ltr'><strong>milites</strong></span> <span class='ocrx_word' id='word_1_186' title='bbox 2735 1635 2984 1706; x_wconf 87' lang='lat' dir='ltr'><strong>episcopi</strong></span> <span class='ocrx_word' id='word_1_187' title='bbox 3022 1652 3210 1691; x_wconf 89' lang='lat' dir='ltr'><strong>secum</strong></span> <span class='ocrx_word' id='word_1_188' title='bbox 3270 1637 3576 1705; x_wconf 88' lang='lat' dir='ltr'><strong>Bajoariam</strong></span> 
     </span>
    </p>
   </div>
   <div class='ocr_carea' id='block_1_27' title="bbox 259 1722 3574 1795">
    <p class='ocr_par' dir='ltr' id='par_1_27' title="bbox 259 1722 3574 1795">
     <span class='ocr_line' id='line_1_27' title="bbox 259 1722 3574 1795; baseline 0.002 -20"><span class='ocrx_word' id='word_1_189' title='bbox 259 1729 379 1775; x_wconf 91' lang='lat' dir='ltr'><strong>sunt</strong></span> <span class='ocrx_word' id='word_1_190' title='bbox 403 1722 587 1792; x_wconf 91' lang='lat' dir='ltr'><strong>positi,</strong></span> <span class='ocrx_word' id='word_1_191' title='bbox 611 1722 755 1777; x_wconf 87' lang='lat' dir='ltr'><strong>sicut</strong></span> <span class='ocrx_word' id='word_1_192' title='bbox 793 1723 1040 1778; x_wconf 88' lang='lat' dir='ltr'><strong>Salvator</strong></span> <span class='ocrx_word' id='word_1_193' title='bbox 1066 1725 1258 1779; x_wconf 90' lang='lat' dir='ltr'><strong>mundi</strong></span> <span class='ocrx_word' id='word_1_194' title='bbox 1289 1724 1452 1781; x_wconf 90' lang='lat' dir='ltr'><strong>beato</strong></span> <span class='ocrx_word' id='word_1_195' title='bbox 1482 1725 1619 1779; x_wconf 81' lang='lat' dir='ltr'><strong>dixit</strong></span> <span class='ocrx_word' id='word_1_196' title='bbox 1656 1726 1812 1779; x_wconf 82' lang='lat' dir='ltr'><strong>Petro</strong></span> <span class='ocrx_word' id='word_1_197' title='bbox 1846 1742 1859 1778; x_wconf 92' lang='lat'>:</span> <span class='ocrx_word' id='word_1_198' title='bbox 1898 1772 1941 1795; x_wconf 64' lang='grc' dir='ltr'>η</span> <span class='ocrx_word' id='word_1_199' title='bbox 1967 1724 2195 1779; x_wconf 86' lang='lat' dir='ltr'><strong>revexit.</strong></span> <span class='ocrx_word' id='word_1_200' title='bbox 2255 1724 2364 1778; x_wconf 80' lang='lat' dir='ltr'><strong>Rex</strong></span> <span class='ocrx_word' id='word_1_201' title='bbox 2395 1731 2579 1778; x_wconf 89' lang='lat' dir='ltr'><strong>autem</strong></span> <span class='ocrx_word' id='word_1_202' title='bbox 2629 1740 2753 1778; x_wconf 91' lang='lat' dir='ltr'><strong>cum</strong></span> <span class='ocrx_word' id='word_1_203' title='bbox 2806 1725 2876 1778; x_wconf 89' lang='lat' dir='ltr'><strong>de</strong></span> <span class='ocrx_word' id='word_1_204' title='bbox 2927 1724 3157 1795; x_wconf 85' lang='lat' dir='ltr'><strong>regione</strong></span> <span class='ocrx_word' id='word_1_205' title='bbox 3204 1725 3574 1792; x_wconf 87' lang='lat' dir='ltr'><strong>Bajoariorum</strong></span> 
     </span>
    </p>
   </div>
   <div class='ocr_carea' id='block_1_28' title="bbox 267 1772 3583 1884">
    <p class='ocr_par' dir='ltr' id='par_1_28' title="bbox 267 1772 3583 1884">
     <span class='ocr_line' id='line_1_28' title="bbox 267 1772 3574 1795; baseline 0.001 -16"><span class='ocrx_word' id='word_1_206' title='bbox 267 1772 377 1775; x_wconf 60' lang='grc' dir='ltr'><strong><em>η---</em></strong></span> <span class='ocrx_word' id='word_1_207' title='bbox 403 1772 587 1792; x_wconf 46' lang='grc' dir='ltr'><strong>τωρ,</strong></span> <span class='ocrx_word' id='word_1_208' title='bbox 613 1772 752 1777; x_wconf 61' lang='grc' dir='ltr'><strong>π---</strong></span> <span class='ocrx_word' id='word_1_209' title='bbox 794 1772 1029 1778; x_wconf 52' lang='lat'><strong>-_--_---</strong></span> <span class='ocrx_word' id='word_1_210' title='bbox 1067 1772 1258 1779; x_wconf 52' lang='grc' dir='ltr'><strong>---η-η</strong></span> <span class='ocrx_word' id='word_1_211' title='bbox 1291 1772 1448 1781; x_wconf 65' lang='grc' dir='ltr'><strong>---η</strong></span> <span class='ocrx_word' id='word_1_212' title='bbox 1486 1772 1619 1779; x_wconf 73' lang='lat'><strong>_.---</strong></span> <span class='ocrx_word' id='word_1_213' title='bbox 1658 1772 1808 1779; x_wconf 62' lang='grc' dir='ltr'><strong>---η</strong></span> <span class='ocrx_word' id='word_1_214' title='bbox 1847 1772 1859 1778; x_wconf 85' lang='grc'><strong>-</strong></span> <span class='ocrx_word' id='word_1_215' title='bbox 1968 1772 2195 1779; x_wconf 72' lang='lat'><strong>---------</strong></span> <span class='ocrx_word' id='word_1_216' title='bbox 2255 1772 2363 1778; x_wconf 62' lang='grc' dir='ltr'><strong>η---</strong></span> <span class='ocrx_word' id='word_1_217' title='bbox 2396 1772 2579 1778; x_wconf 58' lang='grc' dir='ltr'><strong>πη---</strong></span> <span class='ocrx_word' id='word_1_218' title='bbox 2634 1772 2753 1778; x_wconf 58' lang='grc' dir='ltr'><strong><em>η---</em></strong></span> <span class='ocrx_word' id='word_1_219' title='bbox 2810 1772 2873 1778; x_wconf 76' lang='lat'><strong>_-</strong></span> <span class='ocrx_word' id='word_1_220' title='bbox 2928 1772 3155 1795; x_wconf 44' lang='lat' dir='ltr'><strong>&quot;an---</strong></span> <span class='ocrx_word' id='word_1_221' title='bbox 3204 1772 3574 1792; x_wconf 44' lang='lat' dir='ltr'><strong>&quot;rum.-.&quot;</strong></span> 
     </span>
     <span class='ocr_line' id='line_1_29' title="bbox 267 1772 3583 1884; baseline 0.001 -19"><span class='ocrx_word' id='word_1_222' title='bbox 267 1813 342 1865; x_wconf 87' lang='lat' dir='ltr'><strong>Tu</strong></span> <span class='ocrx_word' id='word_1_223' title='bbox 366 1828 418 1865; x_wconf 88' lang='lat' dir='ltr'><strong>es</strong></span> <span class='ocrx_word' id='word_1_224' title='bbox 446 1815 657 1880; x_wconf 84' lang='lat' dir='ltr'><strong>Petrus,</strong></span> <span class='ocrx_word' id='word_1_225' title='bbox 678 1818 727 1866; x_wconf 82' lang='lat' dir='ltr'><strong>et</strong></span> <span class='ocrx_word' id='word_1_226' title='bbox 753 1829 915 1882; x_wconf 74' lang='lat' dir='ltr'><strong>super</strong></span> <span class='ocrx_word' id='word_1_227' title='bbox 962 1815 1101 1868; x_wconf 83' lang='lat' dir='ltr'><strong>hanc</strong></span> <span class='ocrx_word' id='word_1_228' title='bbox 1150 1819 1355 1882; x_wconf 76' lang='lat' dir='ltr'><strong>1etram</strong></span> <span class='ocrx_word' id='word_1_229' title='bbox 1386 1816 1659 1884; x_wconf 73' lang='lat' dir='ltr'><strong>wdiﬁcabo</strong></span> <span class='ocrx_word' id='word_1_230' title='bbox 1686 1816 1864 1870; x_wconf 79' lang='lat' dir='ltr'><strong>Eccle-</strong></span> <span class='ocrx_word' id='word_1_231' title='bbox 1896 1772 1945 1838; x_wconf 76' lang='grc' dir='ltr'>Β</span> <span class='ocrx_word' id='word_1_232' title='bbox 1967 1814 2298 1873; x_wconf 87' lang='lat' dir='ltr'><strong>revertisset.</strong></span> <span class='ocrx_word' id='word_1_233' title='bbox 2333 1819 2388 1867; x_wconf 89' lang='lat' dir='ltr'><strong>et</strong></span> <span class='ocrx_word' id='word_1_234' title='bbox 2414 1812 2709 1883; x_wconf 83' lang='lat' dir='ltr'><strong>episcOpus</strong></span> <span class='ocrx_word' id='word_1_235' title='bbox 2738 1813 2794 1865; x_wconf 90' lang='lat' dir='ltr'><strong>in</strong></span> <span class='ocrx_word' id='word_1_236' title='bbox 2816 1828 2914 1865; x_wconf 90' lang='lat' dir='ltr'><strong>sua</strong></span> <span class='ocrx_word' id='word_1_237' title='bbox 2954 1812 3131 1867; x_wconf 89' lang='lat' dir='ltr'><strong>redire</strong></span> <span class='ocrx_word' id='word_1_238' title='bbox 3161 1813 3444 1879; x_wconf 81' lang='lat' dir='ltr'><strong>voluisset,</strong></span> <span class='ocrx_word' id='word_1_239' title='bbox 3471 1830 3583 1870; x_wconf 90' lang='lat' dir='ltr'><strong>non</strong></span> 
     </span>
    </p>
   </div>
   <div class='ocr_carea' id='block_1_29' title="bbox 262 1900 3583 1975">
    <p class='ocr_par' dir='ltr' id='par_1_29' title="bbox 262 1900 3583 1975">
     <span class='ocr_line' id='line_1_30' title="bbox 262 1900 3583 1975; baseline -0.001 -17"><span class='ocrx_word' id='word_1_240' title='bbox 262 1906 394 1958; x_wconf 83' lang='lat' dir='ltr'><strong>siam</strong></span> <span class='ocrx_word' id='word_1_241' title='bbox 422 1917 596 1956; x_wconf 85' lang='lat' dir='ltr'><strong>meam</strong></span> <span class='ocrx_word' id='word_1_242' title='bbox 647 1901 861 1971; x_wconf 80' lang='lat' dir='ltr'><strong>(Matth.</strong></span> <span class='ocrx_word' id='word_1_243' title='bbox 928 1905 1059 1975; x_wconf 82' lang='lat' dir='ltr'><strong>xvi).</strong></span> <span class='ocrx_word' id='word_1_244' title='bbox 1126 1904 1248 1959; x_wconf 65' lang='lat' dir='ltr'><strong>Haec</strong></span> <span class='ocrx_word' id='word_1_245' title='bbox 1273 1905 1510 1960; x_wconf 89' lang='lat' dir='ltr'><strong>dicendo</strong></span> <span class='ocrx_word' id='word_1_246' title='bbox 1542 1907 1611 1960; x_wconf 88' lang='lat' dir='ltr'><strong>ad</strong></span> <span class='ocrx_word' id='word_1_247' title='bbox 1642 1906 1861 1960; x_wconf 91' lang='lat' dir='ltr'><strong>Petrum</strong></span> <span class='ocrx_word' id='word_1_248' title='bbox 1965 1900 2349 1957; x_wconf 86' lang='lat' dir='ltr'><strong>considerabat</strong></span> <span class='ocrx_word' id='word_1_249' title='bbox 2376 1916 2435 1955; x_wconf 91' lang='lat' dir='ltr'><strong>se</strong></span> <span class='ocrx_word' id='word_1_250' title='bbox 2476 1900 2531 1953; x_wconf 90' lang='lat' dir='ltr'><strong>in</strong></span> <span class='ocrx_word' id='word_1_251' title='bbox 2565 1900 2806 1972; x_wconf 85' lang='lat' dir='ltr'><strong>Augusta</strong></span> <span class='ocrx_word' id='word_1_252' title='bbox 2843 1900 3062 1955; x_wconf 89' lang='lat' dir='ltr'><strong>civitate</strong></span> <span class='ocrx_word' id='word_1_253' title='bbox 3094 1916 3255 1971; x_wconf 87' lang='lat' dir='ltr'><strong>posse</strong></span> <span class='ocrx_word' id='word_1_254' title='bbox 3280 1917 3403 1956; x_wconf 93' lang='lat' dir='ltr'><strong>cum</strong></span> <span class='ocrx_word' id='word_1_255' title='bbox 3437 1903 3583 1956; x_wconf 85' lang='lat' dir='ltr'><strong>mul-</strong></span> 
     </span>
    </p>
   </div>
   <div class='ocr_carea' id='block_1_30' title="bbox 261 1990 1880 2067">
    <p class='ocr_par' dir='ltr' id='par_1_30' title="bbox 261 1995 1867 2067">
     <span class='ocr_line' id='line_1_31' title="bbox 261 1995 1867 2067; baseline 0.002 -16"><span class='ocrx_word' id='word_1_256' title='bbox 261 1996 515 2051; x_wconf 91' lang='lat' dir='ltr'><strong>omnibus</strong></span> <span class='ocrx_word' id='word_1_257' title='bbox 550 2003 739 2050; x_wconf 90' lang='lat' dir='ltr'><strong>notum</strong></span> <span class='ocrx_word' id='word_1_258' title='bbox 783 1995 913 2050; x_wconf 91' lang='lat' dir='ltr'><strong>fecit</strong></span> <span class='ocrx_word' id='word_1_259' title='bbox 937 1996 1204 2066; x_wconf 86' lang='lat' dir='ltr'><strong>apostolis</strong></span> <span class='ocrx_word' id='word_1_260' title='bbox 1229 1996 1377 2067; x_wconf 92' lang='lat' dir='ltr'><strong>quod</strong></span> <span class='ocrx_word' id='word_1_261' title='bbox 1408 2012 1576 2067; x_wconf 88' lang='lat' dir='ltr'><strong>super</strong></span> <span class='ocrx_word' id='word_1_262' title='bbox 1595 2013 1693 2053; x_wconf 89' lang='lat' dir='ltr'><strong>eos</strong></span> <span class='ocrx_word' id='word_1_263' title='bbox 1720 2007 1867 2054; x_wconf 88' lang='lat' dir='ltr'><strong>esset</strong></span> 
     </span>
    </p>
   </div>
   <div class='ocr_carea' id='block_1_31' title="bbox 1981 1990 3584 2067">
    <p class='ocr_par' dir='ltr' id='par_1_31' title="bbox 1981 1990 3584 2062">
     <span class='ocr_line' id='line_1_32' title="bbox 1981 1990 3584 2062; baseline 0.004 -20"><span class='ocrx_word' id='word_1_264' title='bbox 1981 1990 2201 2045; x_wconf 91' lang='lat' dir='ltr'><strong>.itudine</strong></span> <span class='ocrx_word' id='word_1_265' title='bbox 2232 2006 2397 2061; x_wconf 89' lang='lat' dir='ltr'><strong>parva</strong></span> <span class='ocrx_word' id='word_1_266' title='bbox 2427 1990 2748 2057; x_wconf 88' lang='lat' dir='ltr'><strong>defendere,</strong></span> <span class='ocrx_word' id='word_1_267' title='bbox 2797 1990 2927 2062; x_wconf 87' lang='lat' dir='ltr'><strong>quia</strong></span> <span class='ocrx_word' id='word_1_268' title='bbox 2962 1997 3134 2046; x_wconf 89' lang='lat' dir='ltr'><strong>totum</strong></span> <span class='ocrx_word' id='word_1_269' title='bbox 3192 2008 3337 2062; x_wconf 90' lang='lat' dir='ltr'><strong>pene</strong></span> <span class='ocrx_word' id='word_1_270' title='bbox 3365 1993 3584 2062; x_wconf 88' lang='lat' dir='ltr'><strong>episco-</strong></span> 
     </span>
    </p>
   </div>
   <div class='ocr_carea' id='block_1_32' title="bbox 265 2080 3585 2157">
    <p class='ocr_par' dir='ltr' id='par_1_32' title="bbox 265 2080 3585 2157">
     <span class='ocr_line' id='line_1_33' title="bbox 265 2080 3585 2157; baseline 0.001 -18"><span class='ocrx_word' id='word_1_271' title='bbox 265 2085 498 2140; x_wconf 88' lang='lat' dir='ltr'><strong>Ecclesia</strong></span> <span class='ocrx_word' id='word_1_272' title='bbox 550 2100 649 2139; x_wconf 90' lang='lat' dir='ltr'><strong>sua</strong></span> <span class='ocrx_word' id='word_1_273' title='bbox 697 2083 1040 2153; x_wconf 68' lang='lat' dir='ltr'><strong>aediﬁcanda,</strong></span> <span class='ocrx_word' id='word_1_274' title='bbox 1098 2101 1333 2157; x_wconf 90' lang='lat' dir='ltr'><strong>quorum</strong></span> <span class='ocrx_word' id='word_1_275' title='bbox 1372 2086 1614 2141; x_wconf 89' lang='lat' dir='ltr'><strong>sonusin</strong></span> <span class='ocrx_word' id='word_1_276' title='bbox 1642 2103 1865 2144; x_wconf 92' lang='lat' dir='ltr'><strong>omnem</strong></span> <span class='ocrx_word' id='word_1_277' title='bbox 1968 2092 2155 2154; x_wconf 90' lang='lat' dir='ltr'><strong>patum</strong></span> <span class='ocrx_word' id='word_1_278' title='bbox 2214 2083 2272 2136; x_wconf 89' lang='lat' dir='ltr'><strong>in</strong></span> <span class='ocrx_word' id='word_1_279' title='bbox 2319 2080 2651 2136; x_wconf 89' lang='lat' dir='ltr'><strong>beneﬁcium</strong></span> <span class='ocrx_word' id='word_1_280' title='bbox 2702 2092 3087 2138; x_wconf 83' lang='lat' dir='ltr'><strong>extraneorum</strong></span> <span class='ocrx_word' id='word_1_281' title='bbox 3147 2085 3500 2141; x_wconf 88' lang='lat' dir='ltr'><strong>dividebatur</strong></span> <span class='ocrx_word' id='word_1_282' title='bbox 3554 2104 3585 2141; x_wconf 90' lang='lat' dir='ltr'><strong>a</strong></span> 
     </span>
    </p>
   </div>
   <div class='ocr_carea' id='block_1_33' title="bbox 263 2178 1863 2245">
    <p class='ocr_par' dir='ltr' id='par_1_33' title="bbox 263 2178 1863 2245">
     <span class='ocr_line' id='line_1_34' title="bbox 263 2178 1863 2245; baseline 0.003 -12"><span class='ocrx_word' id='word_1_283' title='bbox 263 2188 456 2233; x_wconf 89' lang='lat' dir='ltr'><strong>terram</strong></span> <span class='ocrx_word' id='word_1_284' title='bbox 488 2179 674 2245; x_wconf 85' lang='lat' dir='ltr'><strong>exivit,</strong></span> <span class='ocrx_word' id='word_1_285' title='bbox 702 2179 835 2234; x_wconf 91' lang='lat' dir='ltr'><strong>etin</strong></span> <span class='ocrx_word' id='word_1_286' title='bbox 866 2178 1008 2234; x_wconf 87' lang='lat' dir='ltr'><strong>ﬁnes</strong></span> <span class='ocrx_word' id='word_1_287' title='bbox 1033 2179 1188 2235; x_wconf 88' lang='lat' dir='ltr'><strong>orbis</strong></span> <span class='ocrx_word' id='word_1_288' title='bbox 1241 2188 1400 2236; x_wconf 74' lang='lat' dir='ltr'><strong>terrae</strong></span> <span class='ocrx_word' id='word_1_289' title='bbox 1443 2182 1611 2236; x_wconf 89' lang='lat' dir='ltr'><strong>verba</strong></span> <span class='ocrx_word' id='word_1_290' title='bbox 1652 2198 1863 2238; x_wconf 91' lang='lat' dir='ltr'><strong>eorum.</strong></span> 
     </span>
    </p>
   </div>
   <div class='ocr_carea' id='block_1_34' title="bbox 258 2276 1869 2347">
    <p class='ocr_par' dir='ltr' id='par_1_34' title="bbox 258 2276 1869 2347">
     <span class='ocr_line' id='line_1_35' title="bbox 258 2276 1869 2347; baseline 0.004 -18"><span class='ocrx_word' id='word_1_291' title='bbox 258 2276 313 2330; x_wconf 91' lang='lat' dir='ltr'><strong>Si</strong></span> <span class='ocrx_word' id='word_1_292' title='bbox 341 2276 575 2346; x_wconf 89' lang='lat' dir='ltr'><strong>apostoli</strong></span> <span class='ocrx_word' id='word_1_293' title='bbox 608 2277 1023 2332; x_wconf 90' lang='lat' dir='ltr'><strong>fundamentum</strong></span> <span class='ocrx_word' id='word_1_294' title='bbox 1064 2278 1261 2334; x_wconf 87' lang='lat' dir='ltr'><strong>domus</strong></span> <span class='ocrx_word' id='word_1_295' title='bbox 1305 2280 1400 2334; x_wconf 90' lang='lat' dir='ltr'><strong>Dei</strong></span> <span class='ocrx_word' id='word_1_296' title='bbox 1432 2289 1583 2347; x_wconf 92' lang='lat' dir='ltr'><strong>sunt,</strong></span> <span class='ocrx_word' id='word_1_297' title='bbox 1613 2281 1869 2336; x_wconf 87' lang='lat' dir='ltr'><strong>etomnis</strong></span> 
     </span>
    </p>
   </div>
   <div class='ocr_carea' id='block_1_35' title="bbox 261 2364 1873 2439">
    <p class='ocr_par' dir='ltr' id='par_1_35' title="bbox 261 2364 1873 2439">
     <span class='ocr_line' id='line_1_36' title="bbox 261 2364 1873 2439; baseline 0.003 -20"><span class='ocrx_word' id='word_1_298' title='bbox 261 2364 950 2431; x_wconf 70' lang='lat' dir='ltr'><strong>Christianitas,a3diﬁcatio</strong></span> <span class='ocrx_word' id='word_1_299' title='bbox 966 2367 1216 2435; x_wconf 87' lang='lat' dir='ltr'><strong>ejusdem</strong></span> <span class='ocrx_word' id='word_1_300' title='bbox 1232 2369 1419 2439; x_wconf 89' lang='lat' dir='ltr'><strong>templi</strong></span> <span class='ocrx_word' id='word_1_301' title='bbox 1431 2385 1676 2436; x_wconf 89' lang='lat' dir='ltr'><strong>,manere</strong></span> <span class='ocrx_word' id='word_1_302' title='bbox 1687 2370 1873 2436; x_wconf 89' lang='lat' dir='ltr'><strong>debet,</strong></span> 
     </span>
    </p>
   </div>
   <div class='ocr_carea' id='block_1_36' title="bbox 260 2456 1878 2532">
    <p class='ocr_par' dir='ltr' id='par_1_36' title="bbox 260 2456 1878 2532">
     <span class='ocr_line' id='line_1_37' title="bbox 260 2456 1878 2532; baseline 0.005 -22"><span class='ocrx_word' id='word_1_303' title='bbox 260 2456 479 2511; x_wconf 88' lang='lat' dir='ltr'><strong>dicente</strong></span> <span class='ocrx_word' id='word_1_304' title='bbox 511 2456 771 2527; x_wconf 81' lang='lat' dir='ltr'><strong>Apostolo</strong></span> <span class='ocrx_word' id='word_1_305' title='bbox 822 2474 834 2510; x_wconf 91' lang='lat'><strong>:</strong></span> <span class='ocrx_word' id='word_1_306' title='bbox 886 2458 1160 2527; x_wconf 64' lang='lat' dir='ltr'><strong>Templum</strong></span> <span class='ocrx_word' id='word_1_307' title='bbox 1191 2462 1289 2513; x_wconf 83' lang='lat' dir='ltr'><strong>Dei</strong></span> <span class='ocrx_word' id='word_1_308' title='bbox 1327 2466 1573 2516; x_wconf 80' lang='lat' dir='ltr'><strong>sanctum</strong></span> <span class='ocrx_word' id='word_1_309' title='bbox 1601 2466 1701 2527; x_wconf 85' lang='lat' dir='ltr'><strong>est,</strong></span> <span class='ocrx_word' id='word_1_310' title='bbox 1732 2463 1878 2532; x_wconf 83' lang='lat' dir='ltr'><strong>quod</strong></span> 
     </span>
    </p>
   </div>
   <div class='ocr_carea' id='block_1_37' title="bbox 262 2549 1873 2621">
    <p class='ocr_par' dir='ltr' id='par_1_37' title="bbox 262 2549 1873 2621">
     <span class='ocr_line' id='line_1_38' title="bbox 262 2549 1873 2621; baseline 0.002 -19"><span class='ocrx_word' id='word_1_311' title='bbox 262 2551 388 2604; x_wconf 84' lang='lat' dir='ltr'><strong>estis</strong></span> <span class='ocrx_word' id='word_1_312' title='bbox 416 2564 527 2611; x_wconf 83' lang='lat' dir='ltr'><strong>vos,</strong></span> <span class='ocrx_word' id='word_1_313' title='bbox 562 2554 611 2603; x_wconf 89' lang='lat' dir='ltr'><strong>et</strong></span> <span class='ocrx_word' id='word_1_314' title='bbox 662 2551 756 2602; x_wconf 88' lang='lat' dir='ltr'><strong>Dei</strong></span> <span class='ocrx_word' id='word_1_315' title='bbox 807 2549 1095 2618; x_wconf 71' lang='lat' dir='ltr'><strong>wdiﬁcatio</strong></span> <span class='ocrx_word' id='word_1_316' title='bbox 1132 2552 1278 2614; x_wconf 77' lang='lat' dir='ltr'><strong>estis,</strong></span> <span class='ocrx_word' id='word_1_317' title='bbox 1329 2557 1432 2606; x_wconf 90' lang='lat' dir='ltr'><strong>etc.</strong></span> <span class='ocrx_word' id='word_1_318' title='bbox 1496 2554 1537 2607; x_wconf 74' lang='grc' dir='ltr'><strong>ιι</strong></span> <span class='ocrx_word' id='word_1_319' title='bbox 1570 2553 1690 2607; x_wconf 84' lang='lat' dir='ltr'><strong>Cor.</strong></span> <span class='ocrx_word' id='word_1_320' title='bbox 1747 2556 1873 2621; x_wconf 67' lang='grc' dir='ltr'><strong>ιιι),</strong></span> 
     </span>
    </p>
   </div>
   <div class='ocr_carea' id='block_1_38' title="bbox 264 2640 1878 2699">
    <p class='ocr_par' dir='ltr' id='par_1_38' title="bbox 264 2640 1878 2699">
     <span class='ocr_line' id='line_1_39' title="bbox 264 2640 1878 2699; baseline 0.003 -5"><span class='ocrx_word' id='word_1_321' title='bbox 264 2640 584 2695; x_wconf 87' lang='lat' dir='ltr'><strong>studeamus</strong></span> <span class='ocrx_word' id='word_1_322' title='bbox 629 2655 823 2696; x_wconf 89' lang='lat' dir='ltr'><strong>omnes</strong></span> <span class='ocrx_word' id='word_1_323' title='bbox 888 2641 1018 2696; x_wconf 89' lang='lat' dir='ltr'><strong>totis</strong></span> <span class='ocrx_word' id='word_1_324' title='bbox 1066 2641 1283 2696; x_wconf 90' lang='lat' dir='ltr'><strong>viribus</strong></span> <span class='ocrx_word' id='word_1_325' title='bbox 1331 2659 1432 2698; x_wconf 91' lang='lat' dir='ltr'><strong>nos</strong></span> <span class='ocrx_word' id='word_1_326' title='bbox 1456 2642 1790 2699; x_wconf 59' lang='lat' dir='ltr'><strong>iEdiﬁcatori</strong></span> <span class='ocrx_word' id='word_1_327' title='bbox 1822 2650 1878 2699; x_wconf 91' lang='lat' dir='ltr'><strong>et</strong></span> 
     </span>
    </p>
   </div>
   <div class='ocr_carea' id='block_1_39' title="bbox 266 2728 1876 2804">
    <p class='ocr_par' dir='ltr' id='par_1_39' title="bbox 266 2728 1876 2804">
     <span class='ocr_line' id='line_1_40' title="bbox 266 2728 1876 2804; baseline 0.004 -22"><span class='ocrx_word' id='word_1_328' title='bbox 266 2728 626 2784; x_wconf 87' lang='lat' dir='ltr'><strong>Inhabitatori</strong></span> <span class='ocrx_word' id='word_1_329' title='bbox 665 2728 1023 2804; x_wconf 86' lang='lat' dir='ltr'><strong>conjungere,</strong></span> <span class='ocrx_word' id='word_1_330' title='bbox 1079 2739 1140 2786; x_wconf 91' lang='lat' dir='ltr'><strong>ut</strong></span> <span class='ocrx_word' id='word_1_331' title='bbox 1194 2733 1515 2788; x_wconf 91' lang='lat' dir='ltr'><strong>doctoribus</strong></span> <span class='ocrx_word' id='word_1_332' title='bbox 1564 2734 1770 2789; x_wconf 90' lang='lat' dir='ltr'><strong>nostris</strong></span> <span class='ocrx_word' id='word_1_333' title='bbox 1818 2733 1876 2788; x_wconf 92' lang='lat' dir='ltr'><strong>in</strong></span> 
     </span>
    </p>
   </div>
   <div class='ocr_carea' id='block_1_40' title="bbox 268 2819 1880 2892">
    <p class='ocr_par' dir='ltr' id='par_1_40' title="bbox 268 2819 1880 2892">
     <span class='ocr_line' id='line_1_41' title="bbox 268 2819 1880 2892; baseline 0.001 -17"><span class='ocrx_word' id='word_1_334' title='bbox 268 2820 683 2875; x_wconf 81' lang='lat' dir='ltr'><strong>fundamentum</strong></span> <span class='ocrx_word' id='word_1_335' title='bbox 716 2819 1001 2889; x_wconf 91' lang='lat' dir='ltr'><strong>positis,eo</strong></span> <span class='ocrx_word' id='word_1_336' title='bbox 1023 2819 1719 2892; x_wconf 68' lang='lat' dir='ltr'><strong>donante,supermdiﬁcari</strong></span> <span class='ocrx_word' id='word_1_337' title='bbox 1761 2837 1880 2877; x_wconf 93' lang='lat' dir='ltr'><strong>me-</strong></span> 
     </span>
    </p>
   </div>
   <div class='ocr_carea' id='block_1_41' title="bbox 266 2909 1880 2985">
    <p class='ocr_par' dir='ltr' id='par_1_41' title="bbox 266 2909 1880 2985">
     <span class='ocr_line' id='line_1_42' title="bbox 266 2909 1880 2985; baseline 0.003 -21"><span class='ocrx_word' id='word_1_338' title='bbox 266 2926 487 2965; x_wconf 89' lang='lat' dir='ltr'><strong>reamur</strong></span> <span class='ocrx_word' id='word_1_339' title='bbox 519 2927 533 2976; x_wconf 90' lang='lat'><strong>;</strong></span> <span class='ocrx_word' id='word_1_340' title='bbox 565 2916 626 2965; x_wconf 91' lang='lat' dir='ltr'><strong>ut</strong></span> <span class='ocrx_word' id='word_1_341' title='bbox 651 2909 795 2964; x_wconf 90' lang='lat' dir='ltr'><strong>inter</strong></span> <span class='ocrx_word' id='word_1_342' title='bbox 823 2909 1031 2965; x_wconf 87' lang='lat' dir='ltr'><strong>electos</strong></span> <span class='ocrx_word' id='word_1_343' title='bbox 1075 2911 1289 2982; x_wconf 88' lang='lat' dir='ltr'><strong>lapides</strong></span> <span class='ocrx_word' id='word_1_344' title='bbox 1328 2914 1517 2983; x_wconf 89' lang='lat' dir='ltr'><strong>positi,</strong></span> <span class='ocrx_word' id='word_1_345' title='bbox 1552 2920 1607 2969; x_wconf 92' lang='lat' dir='ltr'><strong>et</strong></span> <span class='ocrx_word' id='word_1_346' title='bbox 1636 2914 1880 2985; x_wconf 66' lang='lat' dir='ltr'><strong>praefatis</strong></span> 
     </span>
    </p>
   </div>
   <div class='ocr_carea' id='block_1_42' title="bbox 265 3002 1881 3071">
    <p class='ocr_par' dir='ltr' id='par_1_42' title="bbox 265 3002 1881 3071">
     <span class='ocr_line' id='line_1_43' title="bbox 265 3002 1881 3071; baseline 0.003 -13"><span class='ocrx_word' id='word_1_347' title='bbox 265 3002 561 3058; x_wconf 90' lang='lat' dir='ltr'><strong>ordinibus</strong></span> <span class='ocrx_word' id='word_1_348' title='bbox 581 3002 758 3071; x_wconf 87' lang='lat' dir='ltr'><strong>juncti</strong></span> <span class='ocrx_word' id='word_1_349' title='bbox 785 3002 1078 3059; x_wconf 90' lang='lat' dir='ltr'><strong>videantur</strong></span> <span class='ocrx_word' id='word_1_350' title='bbox 1105 3021 1120 3069; x_wconf 90' lang='lat'><strong>;</strong></span> <span class='ocrx_word' id='word_1_351' title='bbox 1153 3012 1211 3059; x_wconf 91' lang='lat' dir='ltr'><strong>ut</strong></span> <span class='ocrx_word' id='word_1_352' title='bbox 1233 3004 1546 3062; x_wconf 88' lang='lat' dir='ltr'><strong>Creatorem</strong></span> <span class='ocrx_word' id='word_1_353' title='bbox 1569 3014 1624 3062; x_wconf 92' lang='lat' dir='ltr'><strong>et</strong></span> <span class='ocrx_word' id='word_1_354' title='bbox 1651 3008 1881 3063; x_wconf 79' lang='lat' dir='ltr'><strong>Redem-</strong></span> 
     </span>
    </p>
   </div>
   <div class='ocr_carea' id='block_1_43' title="bbox 266 3093 1877 3165">
    <p class='ocr_par' dir='ltr' id='par_1_43' title="bbox 266 3093 1877 3165">
     <span class='ocr_line' id='line_1_44' title="bbox 266 3093 1877 3165; baseline 0.003 -18"><span class='ocrx_word' id='word_1_355' title='bbox 266 3100 478 3164; x_wconf 91' lang='lat' dir='ltr'><strong>ptorem</strong></span> <span class='ocrx_word' id='word_1_356' title='bbox 511 3101 755 3148; x_wconf 89' lang='lat' dir='ltr'><strong>nostrum</strong></span> <span class='ocrx_word' id='word_1_357' title='bbox 813 3093 1055 3162; x_wconf 90' lang='lat' dir='ltr'><strong>judicem</strong></span> <span class='ocrx_word' id='word_1_358' title='bbox 1110 3095 1359 3150; x_wconf 91' lang='lat' dir='ltr'><strong>vivorum</strong></span> <span class='ocrx_word' id='word_1_359' title='bbox 1417 3107 1471 3152; x_wconf 93' lang='lat' dir='ltr'><strong>et</strong></span> <span class='ocrx_word' id='word_1_360' title='bbox 1514 3107 1877 3165; x_wconf 90' lang='lat' dir='ltr'><strong>mortuorum,</strong></span> 
     </span>
    </p>
   </div>
   <div class='ocr_carea' id='block_1_44' title="bbox 267 3186 1881 3254">
    <p class='ocr_par' dir='ltr' id='par_1_44' title="bbox 267 3186 1881 3254">
     <span class='ocr_line' id='line_1_45' title="bbox 267 3186 1881 3254; baseline 0.001 -11"><span class='ocrx_word' id='word_1_361' title='bbox 267 3188 408 3243; x_wconf 87' lang='lat' dir='ltr'><strong>faeie</strong></span> <span class='ocrx_word' id='word_1_362' title='bbox 438 3187 507 3241; x_wconf 89' lang='lat' dir='ltr'><strong>ad</strong></span> <span class='ocrx_word' id='word_1_363' title='bbox 537 3186 732 3241; x_wconf 88' lang='lat' dir='ltr'><strong>faciem</strong></span> <span class='ocrx_word' id='word_1_364' title='bbox 762 3186 1038 3254; x_wconf 85' lang='lat' dir='ltr'><strong>videntes,</strong></span> <span class='ocrx_word' id='word_1_365' title='bbox 1069 3204 1192 3243; x_wconf 91' lang='lat' dir='ltr'><strong>cum</strong></span> <span class='ocrx_word' id='word_1_366' title='bbox 1218 3189 1300 3244; x_wconf 91' lang='lat' dir='ltr'><strong>eis</strong></span> <span class='ocrx_word' id='word_1_367' title='bbox 1315 3190 1541 3246; x_wconf 90' lang='lat' dir='ltr'><strong>laudare</strong></span> <span class='ocrx_word' id='word_1_368' title='bbox 1568 3207 1881 3247; x_wconf 90' lang='lat' dir='ltr'><strong>mereamur</strong></span> 
     </span>
    </p>
   </div>
   <div class='ocr_carea' id='block_1_45' title="bbox 267 3274 1447 3349">
    <p class='ocr_par' dir='ltr' id='par_1_45' title="bbox 267 3274 1447 3349">
     <span class='ocr_line' id='line_1_46' title="bbox 267 3274 1447 3349; baseline -0.001 -16"><span class='ocrx_word' id='word_1_369' title='bbox 267 3294 369 3349; x_wconf 87' lang='lat' dir='ltr'><strong>per</strong></span> <span class='ocrx_word' id='word_1_370' title='bbox 398 3274 612 3331; x_wconf 88' lang='lat' dir='ltr'><strong>inﬁnita</strong></span> <span class='ocrx_word' id='word_1_371' title='bbox 640 3276 842 3330; x_wconf 75' lang='lat' dir='ltr'><strong>saecula</strong></span> <span class='ocrx_word' id='word_1_372' title='bbox 865 3277 1216 3334; x_wconf 72' lang='lat' dir='ltr'><strong>saeculorum.</strong></span> <span class='ocrx_word' id='word_1_373' title='bbox 1260 3282 1447 3336; x_wconf 85' lang='lat' dir='ltr'><strong>Amen.</strong></span> 
     </span>
    </p>
   </div>
   <div class='ocr_carea' id='block_1_46' title="bbox 340 3374 1883 3449">
    <p class='ocr_par' dir='ltr' id='par_1_46' title="bbox 340 3374 1883 3449">
     <span class='ocr_line' id='line_1_47' title="bbox 340 3374 1883 3449; baseline 0.003 -20"><span class='ocrx_word' id='word_1_374' title='bbox 340 3375 402 3429; x_wconf 84' lang='lat' dir='ltr'><strong>X.</strong></span> <span class='ocrx_word' id='word_1_375' title='bbox 438 3374 859 3449; x_wconf 86' lang='lat' dir='ltr'><strong>Longelateque</strong></span> <span class='ocrx_word' id='word_1_376' title='bbox 886 3392 1011 3431; x_wconf 92' lang='lat' dir='ltr'><strong>cum</strong></span> <span class='ocrx_word' id='word_1_377' title='bbox 1044 3377 1187 3432; x_wconf 87' lang='lat' dir='ltr'><strong>fama</strong></span> <span class='ocrx_word' id='word_1_378' title='bbox 1213 3377 1334 3446; x_wconf 87' lang='lat' dir='ltr'><strong>ejus</strong></span> <span class='ocrx_word' id='word_1_379' title='bbox 1387 3379 1653 3434; x_wconf 89' lang='lat' dir='ltr'><strong>bonitatis</strong></span> <span class='ocrx_word' id='word_1_380' title='bbox 1683 3379 1883 3434; x_wconf 86' lang='lat' dir='ltr'><strong>dilata-</strong></span> 
     </span>
    </p>
   </div>
   <div class='ocr_carea' id='block_1_47' title="bbox 267 3464 1885 3527">
    <p class='ocr_par' dir='ltr' id='par_1_47' title="bbox 267 3464 1885 3527">
     <span class='ocr_line' id='line_1_48' title="bbox 267 3464 1885 3527; baseline 0.002 -8"><span class='ocrx_word' id='word_1_381' title='bbox 267 3471 440 3527; x_wconf 88' lang='lat' dir='ltr'><strong>retur,</strong></span> <span class='ocrx_word' id='word_1_382' title='bbox 466 3472 522 3519; x_wconf 89' lang='lat' dir='ltr'><strong>et</strong></span> <span class='ocrx_word' id='word_1_383' title='bbox 540 3464 794 3520; x_wconf 90' lang='lat' dir='ltr'><strong>diabolus</strong></span> <span class='ocrx_word' id='word_1_384' title='bbox 820 3482 944 3520; x_wconf 93' lang='lat' dir='ltr'><strong>eum</strong></span> <span class='ocrx_word' id='word_1_385' title='bbox 971 3466 1028 3520; x_wconf 90' lang='lat' dir='ltr'><strong>in</strong></span> <span class='ocrx_word' id='word_1_386' title='bbox 1053 3468 1158 3523; x_wconf 91' lang='lat' dir='ltr'><strong>hoc</strong></span> <span class='ocrx_word' id='word_1_387' title='bbox 1184 3467 1427 3524; x_wconf 89' lang='lat' dir='ltr'><strong>culmine</strong></span> <span class='ocrx_word' id='word_1_388' title='bbox 1446 3470 1702 3524; x_wconf 90' lang='lat' dir='ltr'><strong>virtutum</strong></span> <span class='ocrx_word' id='word_1_389' title='bbox 1734 3477 1885 3525; x_wconf 89' lang='lat' dir='ltr'><strong>stan-</strong></span> 
     </span>
    </p>
   </div>
   <div class='ocr_carea' id='block_1_48' title="bbox 268 3553 1888 3627">
    <p class='ocr_par' dir='ltr' id='par_1_48' title="bbox 268 3553 1888 3627">
     <span class='ocr_line' id='line_1_49' title="bbox 268 3553 1888 3627; baseline 0.002 -19"><span class='ocrx_word' id='word_1_390' title='bbox 268 3563 380 3608; x_wconf 88' lang='lat' dir='ltr'><strong>tem</strong></span> <span class='ocrx_word' id='word_1_391' title='bbox 409 3553 639 3616; x_wconf 90' lang='lat' dir='ltr'><strong>videret,</strong></span> <span class='ocrx_word' id='word_1_392' title='bbox 695 3554 1014 3627; x_wconf 88' lang='lat' dir='ltr'><strong>omnigenis</strong></span> <span class='ocrx_word' id='word_1_393' title='bbox 1074 3555 1297 3611; x_wconf 71' lang='lat' dir='ltr'><strong>malitiae</strong></span> <span class='ocrx_word' id='word_1_394' title='bbox 1327 3572 1441 3612; x_wconf 64' lang='lat' dir='ltr'><strong>sua;</strong></span> <span class='ocrx_word' id='word_1_395' title='bbox 1495 3557 1712 3612; x_wconf 89' lang='lat' dir='ltr'><strong>astutiis</strong></span> <span class='ocrx_word' id='word_1_396' title='bbox 1742 3558 1888 3613; x_wconf 57' lang='lat' dir='ltr'><strong>nite-4</strong></span> 
     </span>
    </p>
   </div>
   <div class='ocr_carea' id='block_1_49' title="bbox 270 3644 1888 3724">
    <p class='ocr_par' dir='ltr' id='par_1_49' title="bbox 270 3644 1888 3724">
     <span class='ocr_line' id='line_1_50' title="bbox 270 3644 1888 3724; baseline 0.005 -26"><span class='ocrx_word' id='word_1_397' title='bbox 270 3644 437 3700; x_wconf 89' lang='lat' dir='ltr'><strong>batur</strong></span> <span class='ocrx_word' id='word_1_398' title='bbox 490 3647 546 3700; x_wconf 91' lang='lat' dir='ltr'><strong>in</strong></span> <span class='ocrx_word' id='word_1_399' title='bbox 590 3645 832 3716; x_wconf 88' lang='lat' dir='ltr'><strong>aliquam</strong></span> <span class='ocrx_word' id='word_1_400' title='bbox 889 3646 1233 3703; x_wconf 89' lang='lat' dir='ltr'><strong>difﬁcultatis</strong></span> <span class='ocrx_word' id='word_1_401' title='bbox 1292 3650 1611 3724; x_wconf 88' lang='lat' dir='ltr'><strong>voraginem</strong></span> <span class='ocrx_word' id='word_1_402' title='bbox 1664 3650 1888 3706; x_wconf 89' lang='lat' dir='ltr'><strong>immer-</strong></span> 
     </span>
    </p>
   </div>
   <div class='ocr_carea' id='block_1_50' title="bbox 268 3735 1889 3809">
    <p class='ocr_par' dir='ltr' id='par_1_50' title="bbox 268 3735 1889 3809">
     <span class='ocr_line' id='line_1_51' title="bbox 268 3735 1889 3809; baseline 0.004 -20"><span class='ocrx_word' id='word_1_403' title='bbox 268 3751 424 3809; x_wconf 90' lang='lat' dir='ltr'><strong>gere,</strong></span> <span class='ocrx_word' id='word_1_404' title='bbox 475 3743 531 3790; x_wconf 91' lang='lat' dir='ltr'><strong>et</strong></span> <span class='ocrx_word' id='word_1_405' title='bbox 585 3735 654 3789; x_wconf 90' lang='lat' dir='ltr'><strong>ab</strong></span> <span class='ocrx_word' id='word_1_406' title='bbox 714 3735 970 3805; x_wconf 71' lang='lat' dir='ltr'><strong>inemptis</strong></span> <span class='ocrx_word' id='word_1_407' title='bbox 1020 3736 1182 3793; x_wconf 91' lang='lat' dir='ltr'><strong>bonis</strong></span> <span class='ocrx_word' id='word_1_408' title='bbox 1259 3737 1553 3809; x_wconf 89' lang='lat' dir='ltr'><strong>impedire.</strong></span> <span class='ocrx_word' id='word_1_409' title='bbox 1612 3739 1703 3794; x_wconf 84' lang='lat' dir='ltr'><strong>His</strong></span> <span class='ocrx_word' id='word_1_410' title='bbox 1757 3755 1889 3796; x_wconf 90' lang='lat' dir='ltr'><strong>vero</strong></span> 
     </span>
    </p>
   </div>
   <div class='ocr_carea' id='block_1_51' title="bbox 268 3829 1884 3908">
    <p class='ocr_par' dir='ltr' id='par_1_51' title="bbox 268 3829 1884 3908">
     <span class='ocr_line' id='line_1_52' title="bbox 268 3829 1884 3908; baseline 0.002 -23"><span class='ocrx_word' id='word_1_411' title='bbox 268 3829 617 3901; x_wconf 84' lang='lat' dir='ltr'><strong>temporibus</strong></span> <span class='ocrx_word' id='word_1_412' title='bbox 646 3830 935 3898; x_wconf 88' lang='lat' dir='ltr'><strong>Liutolfus,</strong></span> <span class='ocrx_word' id='word_1_413' title='bbox 966 3830 1112 3886; x_wconf 89' lang='lat' dir='ltr'><strong>ﬁlius</strong></span> <span class='ocrx_word' id='word_1_414' title='bbox 1164 3831 1377 3888; x_wconf 84' lang='lat' dir='ltr'><strong>Ottonis</strong></span> <span class='ocrx_word' id='word_1_415' title='bbox 1432 3833 1658 3908; x_wconf 91' lang='lat' dir='ltr'><strong>gloriosi</strong></span> <span class='ocrx_word' id='word_1_416' title='bbox 1715 3837 1884 3908; x_wconf 88' lang='lat' dir='ltr'><strong>regis,</strong></span> 
     </span>
    </p>
   </div>
   <div class='ocr_carea' id='block_1_52' title="bbox 268 3922 1886 4000">
    <p class='ocr_par' dir='ltr' id='par_1_52' title="bbox 268 3922 1886 4000">
     <span class='ocr_line' id='line_1_53' title="bbox 268 3922 1886 4000; baseline 0.003 -24"><span class='ocrx_word' id='word_1_417' title='bbox 268 3923 384 3977; x_wconf 86' lang='lat' dir='ltr'><strong>dux</strong></span> <span class='ocrx_word' id='word_1_418' title='bbox 410 3930 530 3976; x_wconf 90' lang='lat' dir='ltr'><strong>erat</strong></span> <span class='ocrx_word' id='word_1_419' title='bbox 576 3922 1022 3990; x_wconf 82' lang='lat' dir='ltr'><strong>Alamannorum,</strong></span> <span class='ocrx_word' id='word_1_420' title='bbox 1061 3923 1149 3977; x_wconf 90' lang='lat' dir='ltr'><strong>cui</strong></span> <span class='ocrx_word' id='word_1_421' title='bbox 1201 3930 1359 3994; x_wconf 90' lang='lat' dir='ltr'><strong>pater</strong></span> <span class='ocrx_word' id='word_1_422' title='bbox 1401 3925 1521 3993; x_wconf 90' lang='lat' dir='ltr'><strong>ejus</strong></span> <span class='ocrx_word' id='word_1_423' title='bbox 1550 3934 1714 3981; x_wconf 91' lang='lat' dir='ltr'><strong>antea</strong></span> <span class='ocrx_word' id='word_1_424' title='bbox 1738 3942 1886 4000; x_wconf 86' lang='lat' dir='ltr'><strong>gen-</strong></span> 
     </span>
    </p>
   </div>
   <div class='ocr_carea' id='block_1_53' title="bbox 270 4013 1891 4088">
    <p class='ocr_par' dir='ltr' id='par_1_53' title="bbox 270 4013 1891 4088">
     <span class='ocr_line' id='line_1_54' title="bbox 270 4013 1891 4088; baseline 0.001 -18"><span class='ocrx_word' id='word_1_425' title='bbox 270 4023 361 4070; x_wconf 88' lang='lat' dir='ltr'><strong>tes</strong></span> <span class='ocrx_word' id='word_1_426' title='bbox 389 4028 585 4068; x_wconf 90' lang='lat' dir='ltr'><strong>omnes</strong></span> <span class='ocrx_word' id='word_1_427' title='bbox 641 4013 931 4088; x_wconf 85' lang='lat' dir='ltr'><strong>regionum</strong></span> <span class='ocrx_word' id='word_1_428' title='bbox 973 4029 1088 4068; x_wconf 61' lang='lat' dir='ltr'><strong>sua:</strong></span> <span class='ocrx_word' id='word_1_429' title='bbox 1133 4014 1330 4071; x_wconf 91' lang='lat' dir='ltr'><strong>ditioni</strong></span> <span class='ocrx_word' id='word_1_430' title='bbox 1389 4017 1759 4084; x_wconf 88' lang='lat' dir='ltr'><strong>subjectarum</strong></span> <span class='ocrx_word' id='word_1_431' title='bbox 1799 4033 1891 4072; x_wconf 90' lang='lat' dir='ltr'><strong>sa-</strong></span> 
     </span>
    </p>
   </div>
   <div class='ocr_carea' id='block_1_54' title="bbox 271 4103 1894 4180">
    <p class='ocr_par' dir='ltr' id='par_1_54' title="bbox 271 4103 1894 4180">
     <span class='ocr_line' id='line_1_55' title="bbox 271 4103 1894 4180; baseline 0.002 -19"><span class='ocrx_word' id='word_1_432' title='bbox 271 4113 560 4161; x_wconf 89' lang='lat' dir='ltr'><strong>cramento</strong></span> <span class='ocrx_word' id='word_1_433' title='bbox 588 4112 712 4175; x_wconf 90' lang='lat' dir='ltr'><strong>post</strong></span> <span class='ocrx_word' id='word_1_434' title='bbox 730 4103 896 4160; x_wconf 88' lang='lat' dir='ltr'><strong>ﬁnem</strong></span> <span class='ocrx_word' id='word_1_435' title='bbox 923 4106 1051 4160; x_wconf 71' lang='lat' dir='ltr'><strong>vitae</strong></span> <span class='ocrx_word' id='word_1_436' title='bbox 1081 4122 1195 4161; x_wconf 68' lang='lat' dir='ltr'><strong>sua:</strong></span> <span class='ocrx_word' id='word_1_437' title='bbox 1214 4106 1632 4179; x_wconf 85' lang='lat' dir='ltr'><strong>subjugaverat;</strong></span> <span class='ocrx_word' id='word_1_438' title='bbox 1668 4119 1894 4180; x_wconf 88' lang='lat' dir='ltr'><strong>patruus</strong></span> 
     </span>
    </p>
   </div>
   <div class='ocr_carea' id='block_1_55' title="bbox 1971 2174 3581 2249">
    <p class='ocr_par' dir='ltr' id='par_1_55' title="bbox 1971 2174 3581 2249">
     <span class='ocr_line' id='line_1_56' title="bbox 1971 2174 3581 2249; baseline 0.003 -21"><span class='ocrx_word' id='word_1_439' title='bbox 1971 2174 2208 2230; x_wconf 89' lang='lat' dir='ltr'><strong>Luitolfo</strong></span> <span class='ocrx_word' id='word_1_440' title='bbox 2237 2184 2291 2229; x_wconf 92' lang='lat' dir='ltr'><strong>et</strong></span> <span class='ocrx_word' id='word_1_441' title='bbox 2320 2174 2654 2245; x_wconf 87' lang='lat' dir='ltr'><strong>sequacibus</strong></span> <span class='ocrx_word' id='word_1_442' title='bbox 2673 2175 2828 2243; x_wconf 85' lang='lat' dir='ltr'><strong>ejus:</strong></span> <span class='ocrx_word' id='word_1_443' title='bbox 2870 2176 3077 2231; x_wconf 89' lang='lat' dir='ltr'><strong>milites</strong></span> <span class='ocrx_word' id='word_1_444' title='bbox 3120 2184 3302 2232; x_wconf 89' lang='lat' dir='ltr'><strong>autem</strong></span> <span class='ocrx_word' id='word_1_445' title='bbox 3332 2179 3581 2249; x_wconf 89' lang='lat' dir='ltr'><strong>episcopi</strong></span> 
     </span>
    </p>
   </div>
   <div class='ocr_carea' id='block_1_56' title="bbox 1969 2267 3584 2338">
    <p class='ocr_par' dir='ltr' id='par_1_56' title="bbox 1969 2267 3584 2338">
     <span class='ocr_line' id='line_1_57' title="bbox 1969 2267 3584 2338; baseline 0.002 -18"><span class='ocrx_word' id='word_1_446' title='bbox 1969 2267 2193 2338; x_wconf 91' lang='lat' dir='ltr'><strong>quidam</strong></span> <span class='ocrx_word' id='word_1_447' title='bbox 2247 2267 2656 2336; x_wconf 86' lang='lat' dir='ltr'><strong>comprehensi,</strong></span> <span class='ocrx_word' id='word_1_448' title='bbox 2710 2267 2934 2338; x_wconf 91' lang='lat' dir='ltr'><strong>quidam</strong></span> <span class='ocrx_word' id='word_1_449' title='bbox 3012 2284 3143 2323; x_wconf 88' lang='lat' dir='ltr'><strong>vero</strong></span> <span class='ocrx_word' id='word_1_450' title='bbox 3193 2269 3584 2325; x_wconf 88' lang='lat' dir='ltr'><strong>sollicitatione</strong></span> 
     </span>
    </p>
   </div>
   <div class='ocr_carea' id='block_1_57' title="bbox 1979 2356 3589 2431">
    <p class='ocr_par' dir='ltr' id='par_1_57' title="bbox 1979 2356 3589 2431">
     <span class='ocr_line' id='line_1_58' title="bbox 1979 2356 3589 2431; baseline 0.001 -18"><span class='ocrx_word' id='word_1_451' title='bbox 1979 2359 2171 2430; x_wconf 92' lang='lat' dir='ltr'><strong>iniqua</strong></span> <span class='ocrx_word' id='word_1_452' title='bbox 2194 2358 2353 2412; x_wconf 88' lang='lat' dir='ltr'><strong>divisi</strong></span> <span class='ocrx_word' id='word_1_453' title='bbox 2369 2357 2438 2412; x_wconf 90' lang='lat' dir='ltr'><strong>ab</strong></span> <span class='ocrx_word' id='word_1_454' title='bbox 2471 2373 2559 2420; x_wconf 89' lang='lat' dir='ltr'><strong>eo,</strong></span> <span class='ocrx_word' id='word_1_455' title='bbox 2592 2356 2816 2428; x_wconf 82' lang='lat' dir='ltr'><strong>quidam</strong></span> <span class='ocrx_word' id='word_1_456' title='bbox 2837 2357 3346 2427; x_wconf 65' lang='lat' dir='ltr'><strong>depraedationibus</strong></span> <span class='ocrx_word' id='word_1_457' title='bbox 3373 2360 3429 2414; x_wconf 91' lang='lat' dir='ltr'><strong>in</strong></span> <span class='ocrx_word' id='word_1_458' title='bbox 3459 2376 3589 2431; x_wconf 85' lang='lat' dir='ltr'><strong>pau-</strong></span> 
     </span>
    </p>
   </div>
   <div class='ocr_carea' id='block_1_58' title="bbox 1979 2444 3589 2519">
    <p class='ocr_par' dir='ltr' id='par_1_58' title="bbox 1979 2444 3589 2519">
     <span class='ocr_line' id='line_1_59' title="bbox 1979 2444 3589 2519; baseline 0 -16"><span class='ocrx_word' id='word_1_459' title='bbox 1979 2449 2187 2519; x_wconf 90' lang='lat' dir='ltr'><strong>periem</strong></span> <span class='ocrx_word' id='word_1_460' title='bbox 2218 2446 2465 2513; x_wconf 87' lang='lat' dir='ltr'><strong>deducti,</strong></span> <span class='ocrx_word' id='word_1_461' title='bbox 2499 2446 2571 2501; x_wconf 90' lang='lat' dir='ltr'><strong>ita</strong></span> <span class='ocrx_word' id='word_1_462' title='bbox 2619 2452 2677 2500; x_wconf 92' lang='lat' dir='ltr'><strong>ut</strong></span> <span class='ocrx_word' id='word_1_463' title='bbox 2713 2444 2764 2499; x_wconf 90' lang='lat' dir='ltr'><strong>ei</strong></span> <span class='ocrx_word' id='word_1_464' title='bbox 2813 2447 3116 2500; x_wconf 89' lang='lat' dir='ltr'><strong>secundum</strong></span> <span class='ocrx_word' id='word_1_465' title='bbox 3147 2463 3300 2502; x_wconf 89' lang='lat' dir='ltr'><strong>suam</strong></span> <span class='ocrx_word' id='word_1_466' title='bbox 3333 2448 3589 2503; x_wconf 86' lang='lat' dir='ltr'><strong>volunta-</strong></span> 
     </span>
    </p>
   </div>
   <div class='ocr_carea' id='block_1_59' title="bbox 1979 2535 3586 2609">
    <p class='ocr_par' dir='ltr' id='par_1_59' title="bbox 1979 2535 3586 2609">
     <span class='ocr_line' id='line_1_60' title="bbox 1979 2535 3586 2609; baseline -0.001 -16"><span class='ocrx_word' id='word_1_467' title='bbox 1979 2547 2086 2593; x_wconf 89' lang='lat' dir='ltr'><strong>tem</strong></span> <span class='ocrx_word' id='word_1_468' title='bbox 2116 2539 2171 2593; x_wconf 92' lang='lat' dir='ltr'><strong>in</strong></span> <span class='ocrx_word' id='word_1_469' title='bbox 2199 2537 2473 2607; x_wconf 90' lang='lat' dir='ltr'><strong>adjutorio</strong></span> <span class='ocrx_word' id='word_1_470' title='bbox 2502 2551 2625 2591; x_wconf 90' lang='lat' dir='ltr'><strong>esse</strong></span> <span class='ocrx_word' id='word_1_471' title='bbox 2675 2551 2785 2591; x_wconf 92' lang='lat' dir='ltr'><strong>non</strong></span> <span class='ocrx_word' id='word_1_472' title='bbox 2818 2535 3144 2607; x_wconf 89' lang='lat' dir='ltr'><strong>potuissent.</strong></span> <span class='ocrx_word' id='word_1_473' title='bbox 3182 2537 3242 2591; x_wconf 84' lang='lat' dir='ltr'><strong>lli</strong></span> <span class='ocrx_word' id='word_1_474' title='bbox 3274 2545 3457 2592; x_wconf 91' lang='lat' dir='ltr'><strong>autem</strong></span> <span class='ocrx_word' id='word_1_475' title='bbox 3491 2538 3586 2609; x_wconf 89' lang='lat' dir='ltr'><strong>qui</strong></span> 
     </span>
    </p>
   </div>
   <div class='ocr_carea' id='block_1_60' title="bbox 1976 2628 3590 2699">
    <p class='ocr_par' dir='ltr' id='par_1_60' title="bbox 1976 2628 3590 2699">
     <span class='ocr_line' id='line_1_61' title="bbox 1976 2628 3590 2699; baseline -0.001 -12"><span class='ocrx_word' id='word_1_476' title='bbox 1976 2648 2100 2688; x_wconf 90' lang='lat' dir='ltr'><strong>cum</strong></span> <span class='ocrx_word' id='word_1_477' title='bbox 2132 2631 2227 2685; x_wconf 93' lang='lat' dir='ltr'><strong>illo</strong></span> <span class='ocrx_word' id='word_1_478' title='bbox 2264 2636 2669 2693; x_wconf 89' lang='lat' dir='ltr'><strong>remanserunt,</strong></span> <span class='ocrx_word' id='word_1_479' title='bbox 2702 2628 2818 2683; x_wconf 87' lang='lat' dir='ltr'><strong>suis</strong></span> <span class='ocrx_word' id='word_1_480' title='bbox 2836 2628 3129 2699; x_wconf 91' lang='lat' dir='ltr'><strong>colloquiis</strong></span> <span class='ocrx_word' id='word_1_481' title='bbox 3169 2629 3434 2695; x_wconf 88' lang='lat' dir='ltr'><strong>roborati,</strong></span> <span class='ocrx_word' id='word_1_482' title='bbox 3496 2647 3590 2685; x_wconf 91' lang='lat' dir='ltr'><strong>sa-</strong></span> 
     </span>
    </p>
   </div>
   <div class='ocr_carea' id='block_1_61' title="bbox 1978 2716 3592 2791">
    <p class='ocr_par' dir='ltr' id='par_1_61' title="bbox 1978 2716 3592 2791">
     <span class='ocr_line' id='line_1_62' title="bbox 1978 2716 3592 2791; baseline -0.001 -15"><span class='ocrx_word' id='word_1_483' title='bbox 1978 2721 2133 2776; x_wconf 91' lang='lat' dir='ltr'><strong>lubre</strong></span> <span class='ocrx_word' id='word_1_484' title='bbox 2162 2718 2452 2776; x_wconf 90' lang='lat' dir='ltr'><strong>consilium</strong></span> <span class='ocrx_word' id='word_1_485' title='bbox 2481 2718 2725 2772; x_wconf 91' lang='lat' dir='ltr'><strong>inierunt</strong></span> <span class='ocrx_word' id='word_1_486' title='bbox 2745 2723 2821 2781; x_wconf 92' lang='lat' dir='ltr'><strong>ut,</strong></span> <span class='ocrx_word' id='word_1_487' title='bbox 2855 2716 3041 2771; x_wconf 89' lang='lat' dir='ltr'><strong>relicta</strong></span> <span class='ocrx_word' id='word_1_488' title='bbox 3078 2718 3318 2791; x_wconf 84' lang='lat' dir='ltr'><strong>Augusta</strong></span> <span class='ocrx_word' id='word_1_489' title='bbox 3346 2718 3592 2786; x_wconf 89' lang='lat' dir='ltr'><strong>civitate,</strong></span> 
     </span>
    </p>
   </div>
   <div class='ocr_carea' id='block_1_62' title="bbox 1977 2808 3591 2883">
    <p class='ocr_par' dir='ltr' id='par_1_62' title="bbox 1977 2808 3591 2883">
     <span class='ocr_line' id='line_1_63' title="bbox 1977 2808 3591 2883; baseline -0.001 -16"><span class='ocrx_word' id='word_1_490' title='bbox 1977 2813 2262 2868; x_wconf 89' lang='lat' dir='ltr'><strong>castellum</strong></span> <span class='ocrx_word' id='word_1_491' title='bbox 2285 2811 2434 2883; x_wconf 90' lang='lat' dir='ltr'><strong>quod</strong></span> <span class='ocrx_word' id='word_1_492' title='bbox 2459 2810 2661 2865; x_wconf 91' lang='lat' dir='ltr'><strong>dicitur</strong></span> <span class='ocrx_word' id='word_1_493' title='bbox 2689 2808 3076 2883; x_wconf 81' lang='lat' dir='ltr'><strong>Menichingen</strong></span> <span class='ocrx_word' id='word_1_494' title='bbox 3120 2809 3413 2871; x_wconf 67' lang='lat' dir='ltr'><strong>aediﬁcare.</strong></span> <span class='ocrx_word' id='word_1_495' title='bbox 3440 2816 3494 2865; x_wconf 91' lang='lat' dir='ltr'><strong>et</strong></span> <span class='ocrx_word' id='word_1_496' title='bbox 3521 2811 3591 2865; x_wconf 91' lang='lat' dir='ltr'><strong>ab</strong></span> 
     </span>
    </p>
   </div>
   <div class='ocr_carea' id='block_1_63' title="bbox 1977 2896 3591 2956">
    <p class='ocr_par' dir='ltr' id='par_1_63' title="bbox 1977 2896 3591 2956">
     <span class='ocr_line' id='line_1_64' title="bbox 1977 2896 3591 2956; baseline -0.002 0"><span class='ocrx_word' id='word_1_497' title='bbox 1977 2899 2305 2956; x_wconf 91' lang='lat' dir='ltr'><strong>adversariis</strong></span> <span class='ocrx_word' id='word_1_498' title='bbox 2325 2914 2515 2955; x_wconf 90' lang='lat' dir='ltr'><strong>eorum</strong></span> <span class='ocrx_word' id='word_1_499' title='bbox 2532 2898 2636 2953; x_wconf 93' lang='lat' dir='ltr'><strong>sibi</strong></span> <span class='ocrx_word' id='word_1_500' title='bbox 2659 2913 2720 2952; x_wconf 90' lang='lat' dir='ltr'><strong>se</strong></span> <span class='ocrx_word' id='word_1_501' title='bbox 2742 2896 3046 2951; x_wconf 84' lang='lat' dir='ltr'><strong>defendere</strong></span> <span class='ocrx_word' id='word_1_502' title='bbox 3063 2897 3425 2952; x_wconf 89' lang='lat' dir='ltr'><strong>studuissent.</strong></span> <span class='ocrx_word' id='word_1_503' title='bbox 3458 2898 3591 2954; x_wconf 86' lang='lat' dir='ltr'><strong>Tum</strong></span> 
     </span>
    </p>
   </div>
   <div class='ocr_carea' id='block_1_64' title="bbox 1976 2988 3595 3059">
    <p class='ocr_par' dir='ltr' id='par_1_64' title="bbox 1976 2988 3595 3059">
     <span class='ocr_line' id='line_1_65' title="bbox 1976 2988 3595 3059; baseline -0.002 -11"><span class='ocrx_word' id='word_1_504' title='bbox 1976 3008 2109 3048; x_wconf 90' lang='lat' dir='ltr'><strong>vero</strong></span> <span class='ocrx_word' id='word_1_505' title='bbox 2160 3008 2269 3047; x_wconf 86' lang='lat' dir='ltr'><strong>una</strong></span> <span class='ocrx_word' id='word_1_506' title='bbox 2327 2989 2706 3046; x_wconf 89' lang='lat' dir='ltr'><strong>tantummodo</strong></span> <span class='ocrx_word' id='word_1_507' title='bbox 2763 2995 2924 3044; x_wconf 90' lang='lat' dir='ltr'><strong>nocte</strong></span> <span class='ocrx_word' id='word_1_508' title='bbox 2974 2988 3029 3042; x_wconf 89' lang='lat' dir='ltr'><strong>in</strong></span> <span class='ocrx_word' id='word_1_509' title='bbox 3080 2988 3323 3059; x_wconf 80' lang='lat' dir='ltr'><strong>Augusta</strong></span> <span class='ocrx_word' id='word_1_510' title='bbox 3375 2990 3595 3045; x_wconf 88' lang='lat' dir='ltr'><strong>civitate</strong></span> 
     </span>
    </p>
   </div>
   <div class='ocr_carea' id='block_1_65' title="bbox 1979 3079 3592 3150">
    <p class='ocr_par' dir='ltr' id='par_1_65' title="bbox 1979 3079 3592 3150">
     <span class='ocr_line' id='line_1_66' title="bbox 1979 3079 3592 3150; baseline -0.002 -11"><span class='ocrx_word' id='word_1_511' title='bbox 1979 3084 2237 3139; x_wconf 90' lang='lat' dir='ltr'><strong>manebat</strong></span> <span class='ocrx_word' id='word_1_512' title='bbox 2288 3083 2555 3147; x_wconf 86' lang='lat' dir='ltr'><strong>inclusus,</strong></span> <span class='ocrx_word' id='word_1_513' title='bbox 2627 3081 2796 3136; x_wconf 88' lang='lat' dir='ltr'><strong>altera</strong></span> <span class='ocrx_word' id='word_1_514' title='bbox 2865 3081 2954 3134; x_wconf 91' lang='lat' dir='ltr'><strong>die</strong></span> <span class='ocrx_word' id='word_1_515' title='bbox 3010 3079 3191 3134; x_wconf 88' lang='lat' dir='ltr'><strong>statim</strong></span> <span class='ocrx_word' id='word_1_516' title='bbox 3245 3081 3485 3150; x_wconf 88' lang='lat' dir='ltr'><strong>perrexit</strong></span> <span class='ocrx_word' id='word_1_517' title='bbox 3525 3081 3592 3135; x_wconf 88' lang='lat' dir='ltr'><strong>ad</strong></span> 
     </span>
    </p>
   </div>
   <div class='ocr_carea' id='block_1_66' title="bbox 1980 3170 3599 3247">
    <p class='ocr_par' dir='ltr' id='par_1_66' title="bbox 1980 3170 3599 3247">
     <span class='ocr_line' id='line_1_67' title="bbox 1980 3170 3599 3247; baseline -0.003 -15"><span class='ocrx_word' id='word_1_518' title='bbox 1980 3176 2301 3247; x_wconf 64' lang='lat' dir='ltr'><strong>praedictum</strong></span> <span class='ocrx_word' id='word_1_519' title='bbox 2356 3173 2667 3238; x_wconf 91' lang='lat' dir='ltr'><strong>castellum,</strong></span> <span class='ocrx_word' id='word_1_520' title='bbox 2725 3170 2874 3243; x_wconf 90' lang='lat' dir='ltr'><strong>quod</strong></span> <span class='ocrx_word' id='word_1_521' title='bbox 2933 3178 3050 3226; x_wconf 90' lang='lat' dir='ltr'><strong>erat</strong></span> <span class='ocrx_word' id='word_1_522' title='bbox 3102 3171 3157 3224; x_wconf 92' lang='lat' dir='ltr'><strong>in</strong></span> <span class='ocrx_word' id='word_1_523' title='bbox 3203 3176 3318 3225; x_wconf 87' lang='lat' dir='ltr'><strong>toto</strong></span> <span class='ocrx_word' id='word_1_524' title='bbox 3366 3170 3599 3227; x_wconf 86' lang='lat' dir='ltr'><strong>interius</strong></span> 
     </span>
    </p>
   </div>
   <div class='ocr_carea' id='block_1_67' title="bbox 1980 3264 3598 3341">
    <p class='ocr_par' dir='ltr' id='par_1_67' title="bbox 1980 3264 3598 3341">
     <span class='ocr_line' id='line_1_68' title="bbox 1980 3264 3598 3341; baseline -0.003 -16"><span class='ocrx_word' id='word_1_525' title='bbox 1980 3270 2329 3341; x_wconf 84' lang='lat' dir='ltr'><strong>exteriusque</strong></span> <span class='ocrx_word' id='word_1_526' title='bbox 2359 3269 2481 3323; x_wconf 91' lang='lat' dir='ltr'><strong>sine</strong></span> <span class='ocrx_word' id='word_1_527' title='bbox 2523 3266 2773 3322; x_wconf 65' lang='lat' dir='ltr'><strong>aediﬁciis</strong></span> <span class='ocrx_word' id='word_1_528' title='bbox 2817 3265 3118 3321; x_wconf 88' lang='lat' dir='ltr'><strong>desertum.</strong></span> <span class='ocrx_word' id='word_1_529' title='bbox 3154 3264 3412 3328; x_wconf 85' lang='lat' dir='ltr'><strong>Quamvis</strong></span> <span class='ocrx_word' id='word_1_530' title='bbox 3442 3272 3598 3322; x_wconf 90' lang='lat' dir='ltr'><strong>certe</strong></span> 
     </span>
    </p>
   </div>
   <div class='ocr_carea' id='block_1_68' title="bbox 1982 3357 3596 3423">
    <p class='ocr_par' dir='ltr' id='par_1_68' title="bbox 1982 3357 3596 3423">
     <span class='ocr_line' id='line_1_69' title="bbox 1982 3357 3596 3423; baseline -0.004 -6"><span class='ocrx_word' id='word_1_531' title='bbox 1982 3363 2162 3418; x_wconf 90' lang='lat' dir='ltr'><strong>hiems</strong></span> <span class='ocrx_word' id='word_1_532' title='bbox 2185 3362 2322 3416; x_wconf 88' lang='lat' dir='ltr'><strong>dura</strong></span> <span class='ocrx_word' id='word_1_533' title='bbox 2342 3360 2553 3422; x_wconf 87' lang='lat' dir='ltr'><strong>fuisset,</strong></span> <span class='ocrx_word' id='word_1_534' title='bbox 2594 3369 2773 3414; x_wconf 90' lang='lat' dir='ltr'><strong>tamen</strong></span> <span class='ocrx_word' id='word_1_535' title='bbox 2827 3358 2881 3411; x_wconf 92' lang='lat' dir='ltr'><strong>in</strong></span> <span class='ocrx_word' id='word_1_536' title='bbox 2933 3358 3027 3412; x_wconf 91' lang='lat' dir='ltr'><strong>illo</strong></span> <span class='ocrx_word' id='word_1_537' title='bbox 3060 3358 3206 3423; x_wconf 90' lang='lat' dir='ltr'><strong>loco,</strong></span> <span class='ocrx_word' id='word_1_538' title='bbox 3242 3357 3298 3410; x_wconf 91' lang='lat' dir='ltr'><strong>in</strong></span> <span class='ocrx_word' id='word_1_539' title='bbox 3328 3357 3596 3411; x_wconf 86' lang='lat' dir='ltr'><strong>taberna-</strong></span> 
     </span>
    </p>
   </div>
   <div class='ocr_carea' id='block_1_69' title="bbox 1985 3446 3607 3529">
    <p class='ocr_par' dir='ltr' id='par_1_69' title="bbox 1985 3446 3607 3529">
     <span class='ocr_line' id='line_1_70' title="bbox 1985 3446 3607 3529; baseline -0.004 -21"><span class='ocrx_word' id='word_1_540' title='bbox 1985 3452 2123 3508; x_wconf 87' lang='lat' dir='ltr'><strong>culis</strong></span> <span class='ocrx_word' id='word_1_541' title='bbox 2147 3451 2286 3507; x_wconf 88' lang='lat' dir='ltr'><strong>etin</strong></span> <span class='ocrx_word' id='word_1_542' title='bbox 2340 3448 2573 3521; x_wconf 87' lang='lat' dir='ltr'><strong>tuguriis</strong></span> <span class='ocrx_word' id='word_1_543' title='bbox 2624 3446 2952 3502; x_wconf 80' lang='lat' dir='ltr'><strong>festinanter</strong></span> <span class='ocrx_word' id='word_1_544' title='bbox 2998 3447 3342 3515; x_wconf 89' lang='lat' dir='ltr'><strong>compositis,</strong></span> <span class='ocrx_word' id='word_1_545' title='bbox 3404 3463 3607 3529; x_wconf 78' lang='lat' dir='ltr'><strong>exspe-</strong></span> 
     </span>
    </p>
   </div>
   <div class='ocr_carea' id='block_1_70' title="bbox 1988 3536 3606 3613">
    <p class='ocr_par' dir='ltr' id='par_1_70' title="bbox 1988 3536 3606 3613">
     <span class='ocr_line' id='line_1_71' title="bbox 1988 3536 3606 3613; baseline -0.006 -13"><span class='ocrx_word' id='word_1_546' title='bbox 1988 3551 2208 3600; x_wconf 89' lang='lat' dir='ltr'><strong>ctavere</strong></span> <span class='ocrx_word' id='word_1_547' title='bbox 2255 3542 2435 3596; x_wconf 89' lang='lat' dir='ltr'><strong>donec</strong></span> <span class='ocrx_word' id='word_1_548' title='bbox 2472 3544 2805 3613; x_wconf 87' lang='lat' dir='ltr'><strong>congregata</strong></span> <span class='ocrx_word' id='word_1_549' title='bbox 2851 3536 3058 3592; x_wconf 88' lang='lat' dir='ltr'><strong>familia</strong></span> <span class='ocrx_word' id='word_1_550' title='bbox 3114 3536 3401 3590; x_wconf 87' lang='lat' dir='ltr'><strong>castellum</strong></span> <span class='ocrx_word' id='word_1_551' title='bbox 3454 3538 3606 3609; x_wconf 91' lang='lat' dir='ltr'><strong>ligno</strong></span> 
     </span>
    </p>
   </div>
   <div class='ocr_carea' id='block_1_71' title="bbox 1990 3625 3604 3696">
    <p class='ocr_par' dir='ltr' id='par_1_71' title="bbox 1990 3625 3604 3696">
     <span class='ocr_line' id='line_1_72' title="bbox 1990 3625 3604 3696; baseline -0.005 -8"><span class='ocrx_word' id='word_1_552' title='bbox 1990 3631 2445 3696; x_wconf 87' lang='lat' dir='ltr'><strong>circumcinxere,</strong></span> <span class='ocrx_word' id='word_1_553' title='bbox 2487 3636 2543 3683; x_wconf 88' lang='lat' dir='ltr'><strong>et</strong></span> <span class='ocrx_word' id='word_1_554' title='bbox 2600 3628 2748 3682; x_wconf 91' lang='lat' dir='ltr'><strong>intus</strong></span> <span class='ocrx_word' id='word_1_555' title='bbox 2816 3625 3122 3681; x_wconf 90' lang='lat' dir='ltr'><strong>secundum</strong></span> <span class='ocrx_word' id='word_1_556' title='bbox 3180 3625 3604 3695; x_wconf 88' lang='lat' dir='ltr'><strong>possibilitatem</strong></span> 
     </span>
    </p>
   </div>
   <div class='ocr_carea' id='block_1_72' title="bbox 1991 3716 3610 3793">
    <p class='ocr_par' dir='ltr' id='par_1_72' title="bbox 1991 3716 3610 3793">
     <span class='ocr_line' id='line_1_73' title="bbox 1991 3716 3610 3793; baseline -0.006 -10"><span class='ocrx_word' id='word_1_557' title='bbox 1991 3742 2181 3783; x_wconf 90' lang='lat' dir='ltr'><strong>eorum</strong></span> <span class='ocrx_word' id='word_1_558' title='bbox 2211 3723 2445 3780; x_wconf 66' lang='lat' dir='ltr'><strong>aedilicia</strong></span> <span class='ocrx_word' id='word_1_559' title='bbox 2475 3730 2602 3793; x_wconf 90' lang='lat' dir='ltr'><strong>apta</strong></span> <span class='ocrx_word' id='word_1_560' title='bbox 2619 3735 3006 3790; x_wconf 88' lang='lat' dir='ltr'><strong>composuere.</strong></span> <span class='ocrx_word' id='word_1_561' title='bbox 3052 3716 3309 3776; x_wconf 79' lang='lat' dir='ltr'><strong>Arnolqu</strong></span> <span class='ocrx_word' id='word_1_562' title='bbox 3340 3718 3526 3789; x_wconf 88' lang='lat' dir='ltr'><strong>itaque</strong></span> <span class='ocrx_word' id='word_1_563' title='bbox 3556 3726 3610 3774; x_wconf 92' lang='lat' dir='ltr'><strong>et</strong></span> 
     </span>
    </p>
   </div>
   <div class='ocr_carea' id='block_1_73' title="bbox 1987 3811 3605 3889">
    <p class='ocr_par' dir='ltr' id='par_1_73' title="bbox 1987 3811 3605 3889">
     <span class='ocr_line' id='line_1_74' title="bbox 1987 3811 3605 3889; baseline -0.006 -15"><span class='ocrx_word' id='word_1_564' title='bbox 1987 3834 2181 3875; x_wconf 89' lang='lat' dir='ltr'><strong>omnes</strong></span> <span class='ocrx_word' id='word_1_565' title='bbox 2207 3817 2301 3889; x_wconf 92' lang='lat' dir='ltr'><strong>qui</strong></span> <span class='ocrx_word' id='word_1_566' title='bbox 2328 3832 2458 3873; x_wconf 88' lang='lat' dir='ltr'><strong>cum</strong></span> <span class='ocrx_word' id='word_1_567' title='bbox 2480 3814 2574 3869; x_wconf 91' lang='lat' dir='ltr'><strong>illo</strong></span> <span class='ocrx_word' id='word_1_568' title='bbox 2633 3819 2811 3873; x_wconf 83' lang='lat' dir='ltr'><strong>erant,</strong></span> <span class='ocrx_word' id='word_1_569' title='bbox 2866 3812 3032 3884; x_wconf 77' lang='lat' dir='ltr'><strong>regiae</strong></span> <span class='ocrx_word' id='word_1_570' title='bbox 3066 3811 3321 3882; x_wconf 83' lang='lat' dir='ltr'><strong>potestati</strong></span> <span class='ocrx_word' id='word_1_571' title='bbox 3357 3811 3605 3882; x_wconf 89' lang='lat' dir='ltr'><strong>undique</strong></span> 
     </span>
    </p>
   </div>
   <div class='ocr_carea' id='block_1_74' title="bbox 1987 3899 3606 3971">
    <p class='ocr_par' dir='ltr' id='par_1_74' title="bbox 1987 3899 3606 3971">
     <span class='ocr_line' id='line_1_75' title="bbox 1987 3899 3606 3971; baseline -0.007 -6"><span class='ocrx_word' id='word_1_572' title='bbox 1987 3907 2451 3969; x_wconf 84' lang='lat' dir='ltr'><strong>contradicentes,</strong></span> <span class='ocrx_word' id='word_1_573' title='bbox 2482 3904 2599 3957; x_wconf 71' lang='lat' dir='ltr'><strong>haec</strong></span> <span class='ocrx_word' id='word_1_574' title='bbox 2626 3900 3053 3971; x_wconf 90' lang='lat' dir='ltr'><strong>comperientes,</strong></span> <span class='ocrx_word' id='word_1_575' title='bbox 3099 3899 3405 3964; x_wconf 67' lang='lat' dir='ltr'><strong>legationes</strong></span> <span class='ocrx_word' id='word_1_576' title='bbox 3435 3900 3606 3953; x_wconf 85' lang='lat' dir='ltr'><strong>mise-</strong></span> 
     </span>
    </p>
   </div>
   <div class='ocr_carea' id='block_1_75' title="bbox 1990 3991 3600 4066">
    <p class='ocr_par' dir='ltr' id='par_1_75' title="bbox 1990 3991 3600 4066">
     <span class='ocr_line' id='line_1_76' title="bbox 1990 3991 3600 4066; baseline -0.006 -11"><span class='ocrx_word' id='word_1_577' title='bbox 1990 4007 2138 4065; x_wconf 88' lang='lat' dir='ltr'><strong>runt,</strong></span> <span class='ocrx_word' id='word_1_578' title='bbox 2169 3998 2216 4053; x_wconf 90' lang='lat' dir='ltr'><strong>si</strong></span> <span class='ocrx_word' id='word_1_579' title='bbox 2246 3995 2566 4066; x_wconf 87' lang='lat' dir='ltr'><strong>sospitatem</strong></span> <span class='ocrx_word' id='word_1_580' title='bbox 2596 3993 2680 4048; x_wconf 90' lang='lat' dir='ltr'><strong>sui</strong></span> <span class='ocrx_word' id='word_1_581' title='bbox 2710 4007 3047 4062; x_wconf 90' lang='lat' dir='ltr'><strong>suorumque</strong></span> <span class='ocrx_word' id='word_1_582' title='bbox 3079 3991 3284 4045; x_wconf 90' lang='lat' dir='ltr'><strong>habere</strong></span> <span class='ocrx_word' id='word_1_583' title='bbox 3313 3991 3600 4046; x_wconf 88' lang='lat' dir='ltr'><strong>voluisset.</strong></span> 
     </span>
    </p>
   </div>
   <div class='ocr_carea' id='block_1_76' title="bbox 1993 4079 3600 4161">
    <p class='ocr_par' dir='ltr' id='par_1_76' title="bbox 1993 4079 3600 4161">
     <span class='ocr_line' id='line_1_77' title="bbox 1993 4079 3600 4161; baseline -0.006 -17"><span class='ocrx_word' id='word_1_584' title='bbox 1993 4087 2246 4161; x_wconf 87' lang='lat' dir='ltr'><strong>potestati</strong></span> <span class='ocrx_word' id='word_1_585' title='bbox 2280 4082 2492 4140; x_wconf 82' lang='lat' dir='ltr'><strong>Liutolﬁ</strong></span> <span class='ocrx_word' id='word_1_586' title='bbox 2524 4100 2584 4137; x_wconf 92' lang='lat' dir='ltr'><strong>se</strong></span> <span class='ocrx_word' id='word_1_587' title='bbox 2643 4083 2764 4136; x_wconf 79' lang='lat' dir='ltr'><strong>sine</strong></span> <span class='ocrx_word' id='word_1_588' title='bbox 2795 4080 2967 4135; x_wconf 89' lang='lat' dir='ltr'><strong>dubio</strong></span> <span class='ocrx_word' id='word_1_589' title='bbox 3011 4079 3253 4135; x_wconf 88' lang='lat' dir='ltr'><strong>subdere</strong></span> <span class='ocrx_word' id='word_1_590' title='bbox 3282 4096 3393 4135; x_wconf 90' lang='lat' dir='ltr'><strong>non</strong></span> <span class='ocrx_word' id='word_1_591' title='bbox 3423 4079 3600 4135; x_wconf 86' lang='lat' dir='ltr'><strong>distu-</strong></span> 
     </span>
    </p>
   </div>
   <div class='ocr_carea' id='block_1_77' title="bbox 273 4170 1880 4276">
    <p class='ocr_par' dir='ltr' id='par_1_77' title="bbox 273 4170 1880 4272">
     <span class='ocr_line' id='line_1_78' title="bbox 273 4170 1880 4272; baseline 0.001 -22"><span class='ocrx_word' id='word_1_592' title='bbox 273 4203 462 4250; x_wconf 88' lang='lat' dir='ltr'><strong>autem</strong></span> <span class='ocrx_word' id='word_1_593' title='bbox 485 4170 732 4263; x_wconf 79' lang='lat' dir='ltr'><strong>ejusdem</strong></span> <span class='ocrx_word' id='word_1_594' title='bbox 767 4193 981 4250; x_wconf 87' lang='lat' dir='ltr'><strong>Liutolﬁ</strong></span> <span class='ocrx_word' id='word_1_595' title='bbox 1027 4170 1330 4259; x_wconf 45' lang='lat' dir='ltr'><strong>Henricus;</strong></span> <span class='ocrx_word' id='word_1_596' title='bbox 1370 4170 1538 4251; x_wconf 76' lang='lat' dir='ltr'><strong>frater</strong></span> <span class='ocrx_word' id='word_1_597' title='bbox 1588 4170 1754 4272; x_wconf 80' lang='lat' dir='ltr'><strong>regis,</strong></span> <span class='ocrx_word' id='word_1_598' title='bbox 1784 4197 1880 4252; x_wconf 64' lang='lat' dir='ltr'><strong>dua</strong></span> 
     </span>
    </p>
   </div>
   <div class='ocr_carea' id='block_1_78' title="bbox 1981 4170 3613 4276">
    <p class='ocr_par' dir='ltr' id='par_1_78' title="bbox 1993 4170 3613 4244">
     <span class='ocr_line' id='line_1_79' title="bbox 1993 4170 3613 4244; baseline -0.005 -12"><span class='ocrx_word' id='word_1_599' title='bbox 1993 4177 2170 4244; x_wconf 88' lang='lat' dir='ltr'><strong>lisset,</strong></span> <span class='ocrx_word' id='word_1_600' title='bbox 2200 4182 2255 4231; x_wconf 90' lang='lat' dir='ltr'><strong>et</strong></span> <span class='ocrx_word' id='word_1_601' title='bbox 2280 4182 2337 4229; x_wconf 90' lang='lat' dir='ltr'><strong>ut</strong></span> <span class='ocrx_word' id='word_1_602' title='bbox 2363 4172 2686 4244; x_wconf 67' lang='lat' dir='ltr'><strong>praedictum</strong></span> <span class='ocrx_word' id='word_1_603' title='bbox 2721 4170 3007 4225; x_wconf 90' lang='lat' dir='ltr'><strong>castellum</strong></span> <span class='ocrx_word' id='word_1_604' title='bbox 3062 4185 3187 4224; x_wconf 90' lang='lat' dir='ltr'><strong>cum</strong></span> <span class='ocrx_word' id='word_1_605' title='bbox 3242 4170 3358 4224; x_wconf 91' lang='lat' dir='ltr'><strong>suis</strong></span> <span class='ocrx_word' id='word_1_606' title='bbox 3385 4184 3613 4240; x_wconf 88' lang='lat' dir='ltr'><strong>compo-</strong></span> 
     </span>
    </p>
   </div>
   <div class='ocr_carea' id='block_1_79' title="bbox 272 4267 3609 4360">
    <p class='ocr_par' dir='ltr' id='par_1_79' title="bbox 272 4267 3609 4360">
     <span class='ocr_line' id='line_1_80' title="bbox 272 4267 3609 4360; baseline -0.002 -20"><span class='ocrx_word' id='word_1_607' title='bbox 272 4287 465 4340; x_wconf 88' lang='lat' dir='ltr'><strong>existit</strong></span> <span class='ocrx_word' id='word_1_608' title='bbox 506 4286 827 4342; x_wconf 84' lang='lat' dir='ltr'><strong>Noricorum</strong></span> <span class='ocrx_word' id='word_1_609' title='bbox 880 4305 892 4340; x_wconf 90' lang='lat'>:</span> <span class='ocrx_word' id='word_1_610' title='bbox 926 4286 1019 4357; x_wconf 90' lang='lat' dir='ltr'><strong>qui</strong></span> <span class='ocrx_word' id='word_1_611' title='bbox 1064 4302 1195 4342; x_wconf 92' lang='lat' dir='ltr'><strong>vero</strong></span> <span class='ocrx_word' id='word_1_612' title='bbox 1229 4287 1338 4357; x_wconf 67' lang='lat'><strong>(40)</strong></span> <span class='ocrx_word' id='word_1_613' title='bbox 1395 4289 1542 4343; x_wconf 89' lang='lat' dir='ltr'><strong>inter</strong></span> <span class='ocrx_word' id='word_1_614' title='bbox 1566 4304 1627 4343; x_wconf 90' lang='lat' dir='ltr'><strong>se</strong></span> <span class='ocrx_word' id='word_1_615' title='bbox 1654 4267 1899 4360; x_wconf 68' lang='lat' dir='ltr'><strong>propter</strong></span> <span class='ocrx_word' id='word_1_616' title='bbox 1999 4283 2131 4322; x_wconf 69' lang='grc' dir='ltr'><strong>υθτθ</strong></span> <span class='ocrx_word' id='word_1_617' title='bbox 2154 4267 2492 4322; x_wconf 67' lang='grc' dir='ltr'><strong>ἀθεθτυίθδθι</strong></span> <span class='ocrx_word' id='word_1_618' title='bbox 2538 4282 2553 4329; x_wconf 69' lang='grc' dir='ltr'>ὅ</span> <span class='ocrx_word' id='word_1_619' title='bbox 2586 4267 2719 4336; x_wconf 68' lang='lat' dir='ltr'><strong>quia</strong></span> <span class='ocrx_word' id='word_1_620' title='bbox 2749 4278 2816 4317; x_wconf 75' lang='grc' dir='ltr'><strong>θο</strong></span> <span class='ocrx_word' id='word_1_621' title='bbox 2865 4269 3112 4360; x_wconf 26' lang='lat' dir='ltr'><strong>Emi)?”</strong></span> <span class='ocrx_word' id='word_1_622' title='bbox 3143 4267 3197 4314; x_wconf 62' lang='lat' dir='ltr'><strong>in</strong></span> <span class='ocrx_word' id='word_1_623' title='bbox 3246 4267 3609 4360; x_wconf 15' lang='grc' dir='ltr'><strong>ιοιεμπεείοιξς</strong></span> 
     </span>
    </p>
   </div>
   <div class='ocr_carea' id='block_1_80' title="bbox 271 4355 3618 4452">
    <p class='ocr_par' dir='ltr' id='par_1_80' title="bbox 271 4355 3618 4452">
     <span class='ocr_line' id='line_1_81' title="bbox 271 4355 3618 4452; baseline -0.007 -18"><span class='ocrx_word' id='word_1_624' title='bbox 271 4375 518 4434; x_wconf 88' lang='lat' dir='ltr'><strong>conﬁnia</strong></span> <span class='ocrx_word' id='word_1_625' title='bbox 560 4377 846 4451; x_wconf 88' lang='lat' dir='ltr'><strong>regionum</strong></span> <span class='ocrx_word' id='word_1_626' title='bbox 907 4355 974 4431; x_wconf 78' lang='lat' dir='ltr'><strong>ex</strong></span> <span class='ocrx_word' id='word_1_627' title='bbox 1025 4355 1286 4432; x_wconf 83' lang='lat' dir='ltr'><strong>suasione</strong></span> <span class='ocrx_word' id='word_1_628' title='bbox 1318 4355 1687 4452; x_wconf 70' lang='lat' dir='ltr'><strong>malignorum</strong></span> <span class='ocrx_word' id='word_1_629' title='bbox 1718 4355 1897 4432; x_wconf 49' lang='lat' dir='ltr'><strong>hami-</strong></span> <span class='ocrx_word' id='word_1_630' title='bbox 1998 4366 2303 4420; x_wconf 89' lang='lat' dir='ltr'><strong>Suevorum</strong></span> <span class='ocrx_word' id='word_1_631' title='bbox 2330 4362 2514 4417; x_wconf 90' lang='lat' dir='ltr'><strong>nullus</strong></span> <span class='ocrx_word' id='word_1_632' title='bbox 2555 4361 2611 4416; x_wconf 94' lang='lat' dir='ltr'><strong>in</strong></span> <span class='ocrx_word' id='word_1_633' title='bbox 2642 4360 2790 4432; x_wconf 87' lang='lat' dir='ltr'><strong>regis</strong></span> <span class='ocrx_word' id='word_1_634' title='bbox 2820 4358 3092 4429; x_wconf 89' lang='lat' dir='ltr'><strong>adjutorio</strong></span> <span class='ocrx_word' id='word_1_635' title='bbox 3143 4356 3484 4422; x_wconf 87' lang='lat' dir='ltr'><strong>remanebat,</strong></span> <span class='ocrx_word' id='word_1_636' title='bbox 3511 4355 3618 4410; x_wconf 91' lang='lat' dir='ltr'><strong>nisi</strong></span> 
     </span>
    </p>
   </div>
   <div class='ocr_carea' id='block_1_81' title="bbox 271 4446 1880 4538">
    <p class='ocr_par' dir='ltr' id='par_1_81' title="bbox 271 4446 1880 4538">
     <span class='ocr_line' id='line_1_82' title="bbox 271 4446 1880 4538; baseline -0.001 -15"><span class='ocrx_word' id='word_1_637' title='bbox 271 4485 409 4523; x_wconf 90' lang='lat' dir='ltr'><strong>num</strong></span> <span class='ocrx_word' id='word_1_638' title='bbox 444 4466 585 4521; x_wconf 89' lang='lat' dir='ltr'><strong>rixas</strong></span> <span class='ocrx_word' id='word_1_639' title='bbox 610 4446 665 4520; x_wconf 70' lang='lat' dir='ltr'><strong>et</strong></span> <span class='ocrx_word' id='word_1_640' title='bbox 685 4465 1073 4521; x_wconf 89' lang='lat' dir='ltr'><strong>contentiones</strong></span> <span class='ocrx_word' id='word_1_641' title='bbox 1102 4481 1361 4521; x_wconf 87' lang='lat' dir='ltr'><strong>exercere</strong></span> <span class='ocrx_word' id='word_1_642' title='bbox 1399 4475 1687 4538; x_wconf 67' lang='lat' dir='ltr'><strong>cmperunt</strong></span> <span class='ocrx_word' id='word_1_643' title='bbox 1734 4467 1880 4522; x_wconf 87' lang='lat' dir='ltr'><strong>Cum-</strong></span> 
     </span>
    </p>
   </div>
   <div class='ocr_carea' id='block_1_82' title="bbox 1981 4446 3621 4538">
    <p class='ocr_par' dir='ltr' id='par_1_82' title="bbox 1999 4446 3621 4525">
     <span class='ocr_line' id='line_1_83' title="bbox 1999 4446 3621 4525; baseline -0.006 -15"><span class='ocrx_word' id='word_1_644' title='bbox 1999 4455 2327 4525; x_wconf 82' lang='lat' dir='ltr'><strong>Adalpertus</strong></span> <span class='ocrx_word' id='word_1_645' title='bbox 2354 4469 2563 4514; x_wconf 87' lang='lat' dir='ltr'><strong>comes,</strong></span> <span class='ocrx_word' id='word_1_646' title='bbox 2608 4467 2733 4507; x_wconf 91' lang='lat' dir='ltr'><strong>cum</strong></span> <span class='ocrx_word' id='word_1_647' title='bbox 2771 4450 2878 4504; x_wconf 92' lang='lat' dir='ltr'><strong>sibi</strong></span> <span class='ocrx_word' id='word_1_648' title='bbox 2936 4448 3195 4514; x_wconf 90' lang='lat' dir='ltr'><strong>subditis,</strong></span> <span class='ocrx_word' id='word_1_649' title='bbox 3233 4454 3288 4501; x_wconf 91' lang='lat' dir='ltr'><strong>et</strong></span> <span class='ocrx_word' id='word_1_650' title='bbox 3345 4446 3621 4518; x_wconf 84' lang='lat' dir='ltr'><strong>TheOpal-</strong></span> 
     </span>
    </p>
   </div>
   <div class='ocr_carea' id='block_1_83' title="bbox 273 4515 3626 4632">
    <p class='ocr_par' dir='ltr' id='par_1_83' title="bbox 273 4515 3626 4632">
     <span class='ocr_line' id='line_1_84' title="bbox 273 4515 3626 4632; baseline -0.002 -17"><span class='ocrx_word' id='word_1_651' title='bbox 273 4577 392 4632; x_wconf 90' lang='lat' dir='ltr'><strong>que</strong></span> <span class='ocrx_word' id='word_1_652' title='bbox 456 4575 555 4616; x_wconf 88' lang='lat' dir='ltr'><strong>eos</strong></span> <span class='ocrx_word' id='word_1_653' title='bbox 615 4574 708 4613; x_wconf 90' lang='lat' dir='ltr'><strong>rex</strong></span> <span class='ocrx_word' id='word_1_654' title='bbox 749 4558 994 4613; x_wconf 86' lang='lat' dir='ltr'><strong>nullatus</strong></span> <span class='ocrx_word' id='word_1_655' title='bbox 1050 4557 1119 4612; x_wconf 89' lang='lat' dir='ltr'><strong>ad</strong></span> <span class='ocrx_word' id='word_1_656' title='bbox 1186 4515 1537 4613; x_wconf 57' lang='lat' dir='ltr'><strong>concordiarrn</strong></span> <span class='ocrx_word' id='word_1_657' title='bbox 1584 4565 1641 4612; x_wconf 91' lang='lat' dir='ltr'><strong>et</strong></span> <span class='ocrx_word' id='word_1_658' title='bbox 1706 4515 2122 4628; x_wconf 66' lang='lat' dir='ltr'><strong>pacedeUS.</strong></span> <span class='ocrx_word' id='word_1_659' title='bbox 2165 4544 2331 4599; x_wconf 60' lang='lat' dir='ltr'><strong>frater</strong></span> <span class='ocrx_word' id='word_1_660' title='bbox 2384 4542 2632 4632; x_wconf 61' lang='grc' dir='ltr'><strong>ΐθιίὲίοεξ</strong></span> <span class='ocrx_word' id='word_1_661' title='bbox 2691 4539 2961 4611; x_wconf 61' lang='lat' dir='ltr'><strong>episcopi:</strong></span> <span class='ocrx_word' id='word_1_662' title='bbox 3000 4546 3055 4632; x_wconf 56' lang='lat' dir='ltr'><strong>fit</strong></span> <span class='ocrx_word' id='word_1_663' title='bbox 3102 4539 3227 4632; x_wconf 53' lang='lat' dir='ltr'><strong>idﬁo</strong></span> <span class='ocrx_word' id='word_1_664' title='bbox 3276 4535 3626 4632; x_wconf 49' lang='grc' dir='ltr'><strong>εεξξίῐηδδαξιί</strong></span> 
     </span>
    </p>
   </div>
   <div class='ocr_carea' id='block_1_84' title="bbox 274 4627 3619 4718">
    <p class='ocr_par' dir='ltr' id='par_1_84' title="bbox 274 4627 3619 4718">
     <span class='ocr_line' id='line_1_85' title="bbox 274 4627 3619 4718; baseline -0.006 -15"><span class='ocrx_word' id='word_1_665' title='bbox 274 4627 539 4703; x_wconf 66' lang='lat' dir='ltr'><strong>revocare</strong></span> <span class='ocrx_word' id='word_1_666' title='bbox 566 4647 857 4718; x_wconf 85' lang='lat' dir='ltr'><strong>potuisset,</strong></span> <span class='ocrx_word' id='word_1_667' title='bbox 882 4647 1089 4715; x_wconf 88' lang='lat' dir='ltr'><strong>objecit</strong></span> <span class='ocrx_word' id='word_1_668' title='bbox 1116 4663 1175 4701; x_wconf 90' lang='lat' dir='ltr'><strong>se</strong></span> <span class='ocrx_word' id='word_1_669' title='bbox 1197 4646 1335 4712; x_wconf 90' lang='lat' dir='ltr'><strong>ﬁlio,</strong></span> <span class='ocrx_word' id='word_1_670' title='bbox 1373 4653 1427 4701; x_wconf 93' lang='lat' dir='ltr'><strong>et</strong></span> <span class='ocrx_word' id='word_1_671' title='bbox 1455 4648 1510 4701; x_wconf 90' lang='lat' dir='ltr'><strong>in</strong></span> <span class='ocrx_word' id='word_1_672' title='bbox 1561 4627 1897 4716; x_wconf 81' lang='lat' dir='ltr'><strong>adjutorium</strong></span> <span class='ocrx_word' id='word_1_673' title='bbox 1998 4642 2059 4690; x_wconf 90' lang='lat' dir='ltr'><strong>ut</strong></span> <span class='ocrx_word' id='word_1_674' title='bbox 2079 4649 2271 4689; x_wconf 91' lang='lat' dir='ltr'><strong>eorum</strong></span> <span class='ocrx_word' id='word_1_675' title='bbox 2317 4632 2542 4686; x_wconf 90' lang='lat' dir='ltr'><strong>decreto</strong></span> <span class='ocrx_word' id='word_1_676' title='bbox 2581 4629 2842 4718; x_wconf 90' lang='lat' dir='ltr'><strong>virtutem</strong></span> <span class='ocrx_word' id='word_1_677' title='bbox 2905 4627 3200 4718; x_wconf 84' lang='lat' dir='ltr'><strong>resistendi</strong></span> <span class='ocrx_word' id='word_1_678' title='bbox 3251 4628 3405 4683; x_wconf 91' lang='lat' dir='ltr'><strong>nullo</strong></span> <span class='ocrx_word' id='word_1_679' title='bbox 3452 4628 3619 4684; x_wconf 90' lang='lat' dir='ltr'><strong>modo</strong></span> 
     </span>
    </p>
   </div>
   <div class='ocr_carea' id='block_1_85' title="bbox 270 4736 1899 4806">
    <p class='ocr_par' dir='ltr' id='par_1_85' title="bbox 270 4736 1899 4806">
     <span class='ocr_line' id='line_1_86' title="bbox 270 4736 1899 4806; baseline -0.001 -13"><span class='ocrx_word' id='word_1_680' title='bbox 270 4739 464 4793; x_wconf 89' lang='lat' dir='ltr'><strong>fratris</strong></span> <span class='ocrx_word' id='word_1_681' title='bbox 500 4739 858 4794; x_wconf 88' lang='lat' dir='ltr'><strong>convertitur.</strong></span> <span class='ocrx_word' id='word_1_682' title='bbox 892 4738 1023 4793; x_wconf 85' lang='lat' dir='ltr'><strong>Cum</strong></span> <span class='ocrx_word' id='word_1_683' title='bbox 1063 4746 1245 4792; x_wconf 91' lang='lat' dir='ltr'><strong>autem</strong></span> <span class='ocrx_word' id='word_1_684' title='bbox 1284 4736 1432 4791; x_wconf 88' lang='lat' dir='ltr'><strong>ﬁlius</strong></span> <span class='ocrx_word' id='word_1_685' title='bbox 1461 4737 1603 4806; x_wconf 86' lang='lat' dir='ltr'><strong>ejus,</strong></span> <span class='ocrx_word' id='word_1_686' title='bbox 1632 4753 1755 4792; x_wconf 91' lang='lat' dir='ltr'><strong>cum</strong></span> <span class='ocrx_word' id='word_1_687' title='bbox 1772 4737 1899 4792; x_wconf 93' lang='lat' dir='ltr'><strong>uni-</strong></span> 
     </span>
    </p>
   </div>
   <div class='ocr_carea' id='block_1_86' title="bbox 271 4827 1897 4908">
    <p class='ocr_par' dir='ltr' id='par_1_86' title="bbox 271 4827 1897 4908">
     <span class='ocr_line' id='line_1_87' title="bbox 271 4827 1897 4908; baseline -0.003 -19"><span class='ocrx_word' id='word_1_688' title='bbox 271 4835 459 4890; x_wconf 89' lang='lat' dir='ltr'><strong>versis</strong></span> <span class='ocrx_word' id='word_1_689' title='bbox 476 4849 617 4905; x_wconf 86' lang='lat' dir='ltr'><strong>quos</strong></span> <span class='ocrx_word' id='word_1_690' title='bbox 632 4848 972 4908; x_wconf 85' lang='lat' dir='ltr'><strong>congregare</strong></span> <span class='ocrx_word' id='word_1_691' title='bbox 986 4830 1317 4903; x_wconf 90' lang='lat' dir='ltr'><strong>potuerat,ei</strong></span> <span class='ocrx_word' id='word_1_692' title='bbox 1337 4831 1593 4886; x_wconf 90' lang='lat' dir='ltr'><strong>resistere</strong></span> <span class='ocrx_word' id='word_1_693' title='bbox 1606 4827 1897 4897; x_wconf 87' lang='lat' dir='ltr'><strong>niteretur,</strong></span> 
     </span>
    </p>
   </div>
   <div class='ocr_carea' id='block_1_87' title="bbox 272 4919 1898 4995">
    <p class='ocr_par' dir='ltr' id='par_1_87' title="bbox 272 4919 1898 4995">
     <span class='ocr_line' id='line_1_88' title="bbox 272 4919 1898 4995; baseline -0.004 -17"><span class='ocrx_word' id='word_1_694' title='bbox 272 4930 451 4993; x_wconf 87' lang='lat' dir='ltr'><strong>atque</strong></span> <span class='ocrx_word' id='word_1_695' title='bbox 487 4928 760 4977; x_wconf 87' lang='lat' dir='ltr'><strong>extorrem</strong></span> <span class='ocrx_word' id='word_1_696' title='bbox 792 4921 993 4995; x_wconf 88' lang='lat' dir='ltr'><strong>regalis</strong></span> <span class='ocrx_word' id='word_1_697' title='bbox 1051 4919 1316 4991; x_wconf 65' lang='lat' dir='ltr'><strong>potentias</strong></span> <span class='ocrx_word' id='word_1_698' title='bbox 1371 4935 1536 4992; x_wconf 83' lang='lat' dir='ltr'><strong>agere</strong></span> <span class='ocrx_word' id='word_1_699' title='bbox 1592 4919 1898 4986; x_wconf 90' lang='lat' dir='ltr'><strong>moliretur,</strong></span> 
     </span>
    </p>
   </div>
   <div class='ocr_carea' id='block_1_88' title="bbox 278 5010 1903 5085">
    <p class='ocr_par' dir='ltr' id='par_1_88' title="bbox 278 5010 1903 5085">
     <span class='ocr_line' id='line_1_89' title="bbox 278 5010 1903 5085; baseline -0.002 -17"><span class='ocrx_word' id='word_1_700' title='bbox 278 5012 580 5079; x_wconf 81' lang='lat' dir='ltr'><strong>Henricus,</strong></span> <span class='ocrx_word' id='word_1_701' title='bbox 636 5012 896 5085; x_wconf 79' lang='lat' dir='ltr'><strong>praefatus</strong></span> <span class='ocrx_word' id='word_1_702' title='bbox 935 5012 1066 5078; x_wconf 85' lang='lat' dir='ltr'><strong>dux,</strong></span> <span class='ocrx_word' id='word_1_703' title='bbox 1099 5010 1483 5067; x_wconf 89' lang='lat' dir='ltr'><strong>commendata</strong></span> <span class='ocrx_word' id='word_1_704' title='bbox 1525 5010 1747 5065; x_wconf 91' lang='lat' dir='ltr'><strong>civitate</strong></span> <span class='ocrx_word' id='word_1_705' title='bbox 1796 5010 1903 5065; x_wconf 82' lang='lat' dir='ltr'><strong>Ra-</strong></span> 
     </span>
    </p>
   </div>
   <div class='ocr_carea' id='block_1_89' title="bbox 276 5101 1906 5177">
    <p class='ocr_par' dir='ltr' id='par_1_89' title="bbox 276 5101 1906 5177">
     <span class='ocr_line' id='line_1_90' title="bbox 276 5101 1906 5177; baseline -0.003 -16"><span class='ocrx_word' id='word_1_706' title='bbox 276 5104 533 5173; x_wconf 86' lang='lat' dir='ltr'><strong>tisbona,</strong></span> <span class='ocrx_word' id='word_1_707' title='bbox 580 5111 803 5176; x_wconf 89' lang='lat' dir='ltr'><strong>totaque</strong></span> <span class='ocrx_word' id='word_1_708' title='bbox 836 5103 1061 5177; x_wconf 86' lang='lat' dir='ltr'><strong>regione</strong></span> <span class='ocrx_word' id='word_1_709' title='bbox 1117 5102 1457 5169; x_wconf 85' lang='lat' dir='ltr'><strong>Noricorum,</strong></span> <span class='ocrx_word' id='word_1_710' title='bbox 1489 5101 1714 5157; x_wconf 88' lang='lat' dir='ltr'><strong>Arnolfo</strong></span> <span class='ocrx_word' id='word_1_711' title='bbox 1747 5101 1906 5156; x_wconf 79' lang='lat' dir='ltr'><strong>Pala-</strong></span> 
     </span>
    </p>
   </div>
   <div class='ocr_carea' id='block_1_90' title="bbox 274 5188 1908 5261">
    <p class='ocr_par' dir='ltr' id='par_1_90' title="bbox 274 5188 1908 5261">
     <span class='ocr_line' id='line_1_91' title="bbox 274 5188 1908 5261; baseline -0.001 -15"><span class='ocrx_word' id='word_1_712' title='bbox 274 5192 403 5248; x_wconf 92' lang='lat' dir='ltr'><strong>tino</strong></span> <span class='ocrx_word' id='word_1_713' title='bbox 435 5192 644 5259; x_wconf 91' lang='lat' dir='ltr'><strong>comiti,</strong></span> <span class='ocrx_word' id='word_1_714' title='bbox 674 5200 731 5247; x_wconf 92' lang='lat' dir='ltr'><strong>et</strong></span> <span class='ocrx_word' id='word_1_715' title='bbox 758 5191 976 5246; x_wconf 84' lang='lat' dir='ltr'><strong>caeteris</strong></span> <span class='ocrx_word' id='word_1_716' title='bbox 1024 5190 1256 5261; x_wconf 89' lang='lat' dir='ltr'><strong>insuper</strong></span> <span class='ocrx_word' id='word_1_717' title='bbox 1314 5189 1432 5244; x_wconf 88' lang='lat' dir='ltr'><strong>suis</strong></span> <span class='ocrx_word' id='word_1_718' title='bbox 1472 5188 1751 5255; x_wconf 89' lang='lat' dir='ltr'><strong>ﬁdelibus,</strong></span> <span class='ocrx_word' id='word_1_719' title='bbox 1785 5204 1908 5260; x_wconf 90' lang='lat' dir='ltr'><strong>per-</strong></span> 
     </span>
    </p>
   </div>
   <div class='ocr_carea' id='block_1_91' title="bbox 272 5281 1900 5357">
    <p class='ocr_par' dir='ltr' id='par_1_91' title="bbox 272 5281 1900 5357">
     <span class='ocr_line' id='line_1_92' title="bbox 272 5281 1900 5357; baseline -0.001 -19"><span class='ocrx_word' id='word_1_720' title='bbox 272 5284 425 5339; x_wconf 83' lang='lat' dir='ltr'><strong>rexit</strong></span> <span class='ocrx_word' id='word_1_721' title='bbox 475 5283 542 5337; x_wconf 86' lang='lat' dir='ltr'><strong>ad</strong></span> <span class='ocrx_word' id='word_1_722' title='bbox 609 5299 813 5357; x_wconf 88' lang='lat' dir='ltr'><strong>regem.</strong></span> <span class='ocrx_word' id='word_1_723' title='bbox 879 5282 1082 5338; x_wconf 90' lang='lat' dir='ltr'><strong>Moram</strong></span> <span class='ocrx_word' id='word_1_724' title='bbox 1129 5287 1310 5336; x_wconf 90' lang='lat' dir='ltr'><strong>autem</strong></span> <span class='ocrx_word' id='word_1_725' title='bbox 1366 5281 1441 5335; x_wconf 88' lang='lat' dir='ltr'><strong>ibi</strong></span> <span class='ocrx_word' id='word_1_726' title='bbox 1487 5282 1580 5336; x_wconf 92' lang='lat' dir='ltr'><strong>illo</strong></span> <span class='ocrx_word' id='word_1_727' title='bbox 1637 5281 1900 5348; x_wconf 88' lang='lat' dir='ltr'><strong>faciente,</strong></span> 
     </span>
    </p>
   </div>
   <div class='ocr_carea' id='block_1_92' title="bbox 271 5372 1905 5446">
    <p class='ocr_par' dir='ltr' id='par_1_92' title="bbox 271 5372 1905 5446">
     <span class='ocr_line' id='line_1_93' title="bbox 271 5372 1905 5446; baseline -0.002 -17"><span class='ocrx_word' id='word_1_728' title='bbox 271 5373 548 5446; x_wconf 70' lang='lat' dir='ltr'><strong>praefatus</strong></span> <span class='ocrx_word' id='word_1_729' title='bbox 570 5373 830 5429; x_wconf 83' lang='lat' dir='ltr'><strong>Arnolqu</strong></span> <span class='ocrx_word' id='word_1_730' title='bbox 860 5390 985 5429; x_wconf 90' lang='lat' dir='ltr'><strong>cum</strong></span> <span class='ocrx_word' id='word_1_731' title='bbox 1055 5372 1409 5429; x_wconf 89' lang='lat' dir='ltr'><strong>multitudine</strong></span> <span class='ocrx_word' id='word_1_732' title='bbox 1443 5373 1633 5444; x_wconf 89' lang='lat' dir='ltr'><strong>populi</strong></span> <span class='ocrx_word' id='word_1_733' title='bbox 1674 5372 1905 5428; x_wconf 88' lang='lat' dir='ltr'><strong>fraudu-</strong></span> 
     </span>
    </p>
   </div>
   <div class='ocr_carea' id='block_1_93' title="bbox 270 5463 1903 5532">
    <p class='ocr_par' dir='ltr' id='par_1_93' title="bbox 270 5463 1903 5532">
     <span class='ocr_line' id='line_1_94' title="bbox 270 5463 1903 5532; baseline -0.001 -12"><span class='ocrx_word' id='word_1_734' title='bbox 270 5467 466 5522; x_wconf 86' lang='lat' dir='ltr'><strong>lenter</strong></span> <span class='ocrx_word' id='word_1_735' title='bbox 505 5466 857 5523; x_wconf 82' lang='lat' dir='ltr'><strong>flatisbonam</strong></span> <span class='ocrx_word' id='word_1_736' title='bbox 889 5481 1013 5521; x_wconf 93' lang='lat' dir='ltr'><strong>cum</strong></span> <span class='ocrx_word' id='word_1_737' title='bbox 1074 5464 1290 5520; x_wconf 69' lang='lat' dir='ltr'><strong>caeteris</strong></span> <span class='ocrx_word' id='word_1_738' title='bbox 1346 5463 1603 5532; x_wconf 90' lang='lat' dir='ltr'><strong>urbibus,</strong></span> <span class='ocrx_word' id='word_1_739' title='bbox 1674 5471 1729 5521; x_wconf 88' lang='lat' dir='ltr'><strong>et</strong></span> <span class='ocrx_word' id='word_1_740' title='bbox 1777 5480 1903 5520; x_wconf 92' lang='lat' dir='ltr'><strong>cum</strong></span> 
     </span>
    </p>
   </div>
   <div class='ocr_carea' id='block_1_94' title="bbox 273 5556 1906 5631">
    <p class='ocr_par' dir='ltr' id='par_1_94' title="bbox 273 5556 1906 5631">
     <span class='ocr_line' id='line_1_95' title="bbox 273 5556 1906 5631; baseline -0.001 -17"><span class='ocrx_word' id='word_1_741' title='bbox 273 5560 602 5631; x_wconf 88' lang='lat' dir='ltr'><strong>frequentia</strong></span> <span class='ocrx_word' id='word_1_742' title='bbox 641 5558 991 5631; x_wconf 89' lang='lat' dir='ltr'><strong>pepulerum.</strong></span> <span class='ocrx_word' id='word_1_743' title='bbox 1037 5566 1244 5613; x_wconf 88' lang='lat' dir='ltr'><strong>etcum</strong></span> <span class='ocrx_word' id='word_1_744' title='bbox 1271 5556 1531 5612; x_wconf 89' lang='lat' dir='ltr'><strong>omnibus</strong></span> <span class='ocrx_word' id='word_1_745' title='bbox 1568 5558 1774 5629; x_wconf 89' lang='lat' dir='ltr'><strong>quibus</strong></span> <span class='ocrx_word' id='word_1_746' title='bbox 1807 5571 1906 5628; x_wconf 92' lang='lat' dir='ltr'><strong>po-</strong></span> 
     </span>
    </p>
   </div>
   <div class='ocr_carea' id='block_1_95' title="bbox 2001 4717 3623 4797">
    <p class='ocr_par' dir='ltr' id='par_1_95' title="bbox 2001 4717 3623 4797">
     <span class='ocr_line' id='line_1_96' title="bbox 2001 4717 3623 4797; baseline -0.006 -17"><span class='ocrx_word' id='word_1_747' title='bbox 2001 4724 2285 4797; x_wconf 90' lang='lat' dir='ltr'><strong>acquirere</strong></span> <span class='ocrx_word' id='word_1_748' title='bbox 2337 4720 2623 4792; x_wconf 90' lang='lat' dir='ltr'><strong>potuisset.</strong></span> <span class='ocrx_word' id='word_1_749' title='bbox 2684 4717 2808 4783; x_wconf 90' lang='lat' dir='ltr'><strong>Qui,</strong></span> <span class='ocrx_word' id='word_1_750' title='bbox 2856 4717 3095 4788; x_wconf 88' lang='lat' dir='ltr'><strong>sapienti</strong></span> <span class='ocrx_word' id='word_1_751' title='bbox 3147 4733 3271 4772; x_wconf 90' lang='lat' dir='ltr'><strong>cum</strong></span> <span class='ocrx_word' id='word_1_752' title='bbox 3312 4718 3429 4773; x_wconf 91' lang='lat' dir='ltr'><strong>suis</strong></span> <span class='ocrx_word' id='word_1_753' title='bbox 3459 4725 3623 4774; x_wconf 89' lang='lat' dir='ltr'><strong>utens</strong></span> 
     </span>
    </p>
   </div>
   <div class='ocr_carea' id='block_1_96' title="bbox 1999 4806 3619 4880">
    <p class='ocr_par' dir='ltr' id='par_1_96' title="bbox 1999 4806 3619 4880">
     <span class='ocr_line' id='line_1_97' title="bbox 1999 4806 3619 4880; baseline -0.008 -6"><span class='ocrx_word' id='word_1_754' title='bbox 1999 4814 2253 4880; x_wconf 89' lang='lat' dir='ltr'><strong>consilio,</strong></span> <span class='ocrx_word' id='word_1_755' title='bbox 2291 4811 2524 4866; x_wconf 75' lang='lat' dir='ltr'><strong>diversis</strong></span> <span class='ocrx_word' id='word_1_756' title='bbox 2578 4806 3039 4880; x_wconf 88' lang='lat' dir='ltr'><strong>promissionibus</strong></span> <span class='ocrx_word' id='word_1_757' title='bbox 3067 4814 3123 4862; x_wconf 90' lang='lat' dir='ltr'><strong>et</strong></span> <span class='ocrx_word' id='word_1_758' title='bbox 3162 4806 3489 4862; x_wconf 88' lang='lat' dir='ltr'><strong>humillimis</strong></span> <span class='ocrx_word' id='word_1_759' title='bbox 3534 4823 3619 4862; x_wconf 76' lang='lat' dir='ltr'><strong>re-</strong></span> 
     </span>
    </p>
   </div>
   <div class='ocr_carea' id='block_1_97' title="bbox 2000 4897 3620 4977">
    <p class='ocr_par' dir='ltr' id='par_1_97' title="bbox 2000 4897 3620 4977">
     <span class='ocr_line' id='line_1_98' title="bbox 2000 4897 3620 4977; baseline -0.007 -15"><span class='ocrx_word' id='word_1_760' title='bbox 2000 4904 2418 4977; x_wconf 87' lang='lat' dir='ltr'><strong>sponsionibus,</strong></span> <span class='ocrx_word' id='word_1_761' title='bbox 2450 4898 2793 4957; x_wconf 90' lang='lat' dir='ltr'><strong>etinterdum</strong></span> <span class='ocrx_word' id='word_1_762' title='bbox 2826 4897 3118 4953; x_wconf 89' lang='lat' dir='ltr'><strong>obsidibus</strong></span> <span class='ocrx_word' id='word_1_763' title='bbox 3137 4898 3282 4953; x_wconf 90' lang='lat' dir='ltr'><strong>datis</strong></span> <span class='ocrx_word' id='word_1_764' title='bbox 3310 4898 3620 4967; x_wconf 87' lang='lat' dir='ltr'><strong>iterumque</strong></span> 
     </span>
    </p>
   </div>
   <div class='ocr_carea' id='block_1_98' title="bbox 2004 4986 3620 5070">
    <p class='ocr_par' dir='ltr' id='par_1_98' title="bbox 2004 4986 3620 5070">
     <span class='ocr_line' id='line_1_99' title="bbox 2004 4986 3620 5070; baseline -0.007 -16"><span class='ocrx_word' id='word_1_765' title='bbox 2004 4999 2244 5070; x_wconf 91' lang='lat' dir='ltr'><strong>receptis</strong></span> <span class='ocrx_word' id='word_1_766' title='bbox 2260 4997 2329 5052; x_wconf 89' lang='lat' dir='ltr'><strong>ad</strong></span> <span class='ocrx_word' id='word_1_767' title='bbox 2358 5012 2440 5061; x_wconf 90' lang='lat' dir='ltr'><strong>se,</strong></span> <span class='ocrx_word' id='word_1_768' title='bbox 2464 5009 2656 5049; x_wconf 91' lang='lat' dir='ltr'><strong>eorum</strong></span> <span class='ocrx_word' id='word_1_769' title='bbox 2684 4992 2793 5046; x_wconf 89' lang='lat' dir='ltr'><strong>iras</strong></span> <span class='ocrx_word' id='word_1_770' title='bbox 2815 5001 2871 5046; x_wconf 91' lang='lat' dir='ltr'><strong>et</strong></span> <span class='ocrx_word' id='word_1_771' title='bbox 2919 4991 3244 5047; x_wconf 88' lang='lat' dir='ltr'><strong>obsidiones</strong></span> <span class='ocrx_word' id='word_1_772' title='bbox 3270 4986 3620 5053; x_wconf 91' lang='lat' dir='ltr'><strong>omnimodo,</strong></span> 
     </span>
    </p>
   </div>
   <div class='ocr_carea' id='block_1_99' title="bbox 2007 5079 3623 5163">
    <p class='ocr_par' dir='ltr' id='par_1_99' title="bbox 2007 5079 3623 5163">
     <span class='ocr_line' id='line_1_100' title="bbox 2007 5079 3623 5163; baseline -0.009 -18"><span class='ocrx_word' id='word_1_773' title='bbox 2007 5087 2297 5163; x_wconf 87' lang='lat' dir='ltr'><strong>mitigavit,</strong></span> <span class='ocrx_word' id='word_1_774' title='bbox 2318 5084 2499 5140; x_wconf 90' lang='lat' dir='ltr'><strong>donec</strong></span> <span class='ocrx_word' id='word_1_775' title='bbox 2519 5079 2790 5137; x_wconf 62' lang='lat' dir='ltr'><strong>aediﬁcato</strong></span> <span class='ocrx_word' id='word_1_776' title='bbox 2830 5081 3056 5137; x_wconf 90' lang='lat' dir='ltr'><strong>castello</strong></span> <span class='ocrx_word' id='word_1_777' title='bbox 3086 5079 3437 5148; x_wconf 90' lang='lat' dir='ltr'><strong>vallibusque</strong></span> <span class='ocrx_word' id='word_1_778' title='bbox 3461 5091 3623 5131; x_wconf 88' lang='lat' dir='ltr'><strong>reno-</strong></span> 
     </span>
    </p>
   </div>
   <div class='ocr_carea' id='block_1_100' title="bbox 2005 5168 3622 5246">
    <p class='ocr_par' dir='ltr' id='par_1_100' title="bbox 2005 5168 3622 5246">
     <span class='ocr_line' id='line_1_101' title="bbox 2005 5168 3622 5246; baseline -0.011 -7"><span class='ocrx_word' id='word_1_779' title='bbox 2005 5182 2161 5246; x_wconf 89' lang='lat' dir='ltr'><strong>vatis,</strong></span> <span class='ocrx_word' id='word_1_780' title='bbox 2184 5180 2241 5237; x_wconf 89' lang='lat' dir='ltr'><strong>in</strong></span> <span class='ocrx_word' id='word_1_781' title='bbox 2263 5176 2576 5233; x_wconf 92' lang='lat' dir='ltr'><strong>munitione</strong></span> <span class='ocrx_word' id='word_1_782' title='bbox 2605 5174 2854 5246; x_wconf 89' lang='lat' dir='ltr'><strong>ejusdem</strong></span> <span class='ocrx_word' id='word_1_783' title='bbox 2875 5174 2981 5230; x_wconf 91' lang='lat' dir='ltr'><strong>loci</strong></span> <span class='ocrx_word' id='word_1_784' title='bbox 3027 5172 3096 5226; x_wconf 88' lang='lat' dir='ltr'><strong>ab</strong></span> <span class='ocrx_word' id='word_1_785' title='bbox 3136 5185 3327 5225; x_wconf 92' lang='lat' dir='ltr'><strong>eorum</strong></span> <span class='ocrx_word' id='word_1_786' title='bbox 3355 5184 3477 5223; x_wconf 92' lang='lat' dir='ltr'><strong>cum</strong></span> <span class='ocrx_word' id='word_1_787' title='bbox 3505 5168 3622 5222; x_wconf 90' lang='lat' dir='ltr'><strong>suis</strong></span> 
     </span>
    </p>
   </div>
   <div class='ocr_carea' id='block_1_101' title="bbox 2006 5256 3616 5337">
    <p class='ocr_par' dir='ltr' id='par_1_101' title="bbox 2006 5256 3616 5337">
     <span class='ocr_line' id='line_1_102' title="bbox 2006 5256 3616 5337; baseline -0.01 -11"><span class='ocrx_word' id='word_1_788' title='bbox 2006 5270 2216 5326; x_wconf 67' lang='lat' dir='ltr'><strong>saevitia</strong></span> <span class='ocrx_word' id='word_1_789' title='bbox 2257 5284 2317 5323; x_wconf 91' lang='lat' dir='ltr'><strong>se</strong></span> <span class='ocrx_word' id='word_1_790' title='bbox 2356 5282 2518 5337; x_wconf 89' lang='lat' dir='ltr'><strong>posse</strong></span> <span class='ocrx_word' id='word_1_791' title='bbox 2570 5263 2872 5319; x_wconf 88' lang='lat' dir='ltr'><strong>defendere</strong></span> <span class='ocrx_word' id='word_1_792' title='bbox 2919 5261 3242 5317; x_wconf 68' lang='lat' dir='ltr'><strong>aestimaret.</strong></span> <span class='ocrx_word' id='word_1_793' title='bbox 3298 5256 3427 5312; x_wconf 90' lang='lat' dir='ltr'><strong>Cum</strong></span> <span class='ocrx_word' id='word_1_794' title='bbox 3487 5271 3616 5311; x_wconf 91' lang='lat' dir='ltr'><strong>vero</strong></span> 
     </span>
    </p>
   </div>
   <div class='ocr_carea' id='block_1_102' title="bbox 2004 5349 3620 5429">
    <p class='ocr_par' dir='ltr' id='par_1_102' title="bbox 2004 5349 3620 5429">
     <span class='ocr_line' id='line_1_103' title="bbox 2004 5349 3620 5429; baseline -0.01 -10"><span class='ocrx_word' id='word_1_795' title='bbox 2004 5363 2239 5419; x_wconf 65' lang='lat' dir='ltr'><strong>induciae</strong></span> <span class='ocrx_word' id='word_1_796' title='bbox 2262 5358 2567 5415; x_wconf 90' lang='lat' dir='ltr'><strong>rationibus</strong></span> <span class='ocrx_word' id='word_1_797' title='bbox 2587 5353 2961 5429; x_wconf 91' lang='lat' dir='ltr'><strong>respondendi</strong></span> <span class='ocrx_word' id='word_1_798' title='bbox 2988 5353 3128 5407; x_wconf 90' lang='lat' dir='ltr'><strong>ultra</strong></span> <span class='ocrx_word' id='word_1_799' title='bbox 3153 5349 3467 5425; x_wconf 91' lang='lat' dir='ltr'><strong>prolongari</strong></span> <span class='ocrx_word' id='word_1_800' title='bbox 3509 5365 3620 5405; x_wconf 91' lang='lat' dir='ltr'><strong>non</strong></span> 
     </span>
    </p>
   </div>
   <div class='ocr_carea' id='block_1_103' title="bbox 2008 5439 3621 5527">
    <p class='ocr_par' dir='ltr' id='par_1_103' title="bbox 2008 5439 3621 5527">
     <span class='ocr_line' id='line_1_104' title="bbox 2008 5439 3621 5527; baseline -0.012 -17"><span class='ocrx_word' id='word_1_801' title='bbox 2008 5454 2337 5527; x_wconf 88' lang='lat' dir='ltr'><strong>potuissent,</strong></span> <span class='ocrx_word' id='word_1_802' title='bbox 2367 5459 2498 5506; x_wconf 92' lang='lat' dir='ltr'><strong>tunc</strong></span> <span class='ocrx_word' id='word_1_803' title='bbox 2536 5446 2828 5504; x_wconf 89' lang='lat' dir='ltr'><strong>manifeste</strong></span> <span class='ocrx_word' id='word_1_804' title='bbox 2875 5442 3165 5499; x_wconf 87' lang='lat' dir='ltr'><strong>confessus</strong></span> <span class='ocrx_word' id='word_1_805' title='bbox 3220 5448 3304 5495; x_wconf 90' lang='lat' dir='ltr'><strong>est</strong></span> <span class='ocrx_word' id='word_1_806' title='bbox 3358 5456 3437 5502; x_wconf 90' lang='lat' dir='ltr'><strong>se,</strong></span> <span class='ocrx_word' id='word_1_807' title='bbox 3480 5439 3621 5493; x_wconf 90' lang='lat' dir='ltr'><strong>sicut</strong></span> 
     </span>
    </p>
   </div>
   <div class='ocr_carea' id='block_1_104' title="bbox 2006 5532 3623 5616">
    <p class='ocr_par' dir='ltr' id='par_1_104' title="bbox 2006 5532 3623 5616">
     <span class='ocr_line' id='line_1_105' title="bbox 2006 5532 3623 5616; baseline -0.013 -14"><span class='ocrx_word' id='word_1_808' title='bbox 2006 5545 2196 5616; x_wconf 66' lang='lat' dir='ltr'><strong>caepit,</strong></span> <span class='ocrx_word' id='word_1_809' title='bbox 2218 5546 2276 5599; x_wconf 89' lang='lat' dir='ltr'><strong>in</strong></span> <span class='ocrx_word' id='word_1_810' title='bbox 2306 5543 2585 5599; x_wconf 89' lang='lat' dir='ltr'><strong>voluntate</strong></span> <span class='ocrx_word' id='word_1_811' title='bbox 2605 5539 2751 5612; x_wconf 89' lang='lat' dir='ltr'><strong>regis</strong></span> <span class='ocrx_word' id='word_1_812' title='bbox 2777 5534 2919 5591; x_wconf 90' lang='lat' dir='ltr'><strong>velle</strong></span> <span class='ocrx_word' id='word_1_813' title='bbox 2966 5533 3282 5604; x_wconf 89' lang='lat' dir='ltr'><strong>perdurare.</strong></span> <span class='ocrx_word' id='word_1_814' title='bbox 3308 5532 3460 5585; x_wconf 88' lang='lat' dir='ltr'><strong>Tunc</strong></span> <span class='ocrx_word' id='word_1_815' title='bbox 3482 5545 3623 5599; x_wconf 65' lang='lat' dir='ltr'><strong>prm-</strong></span> 
     </span>
    </p>
   </div>
   <div class='ocr_carea' id='block_1_105' title="bbox 273 5621 1880 5726">
    <p class='ocr_par' dir='ltr' id='par_1_105' title="bbox 273 5621 1880 5726">
     <span class='ocr_line' id='line_1_106' title="bbox 273 5621 1880 5726; baseline -0.002 -18"><span class='ocrx_word' id='word_1_816' title='bbox 273 5621 414 5709; x_wconf 43' lang='lat' dir='ltr'><strong>tuit&#39;.</strong></span> <span class='ocrx_word' id='word_1_817' title='bbox 449 5621 664 5709; x_wconf 82' lang='lat' dir='ltr'><strong>Liutolﬁ</strong></span> <span class='ocrx_word' id='word_1_818' title='bbox 695 5621 964 5724; x_wconf 74' lang='lat' dir='ltr'><strong>potestate</strong></span> <span class='ocrx_word' id='word_1_819' title='bbox 991 5651 1212 5726; x_wconf 88' lang='lat' dir='ltr'><strong>subegit</strong></span> <span class='ocrx_word' id='word_1_820' title='bbox 1256 5651 1465 5717; x_wconf 84' lang='lat' dir='ltr'><strong>Quibus</strong></span> <span class='ocrx_word' id='word_1_821' title='bbox 1491 5621 1880 5724; x_wconf 39' lang='lat' dir='ltr'><strong>compertis-re</strong></span> 
     </span>
    </p>
   </div>
   <div class='ocr_carea' id='block_1_106' title="bbox 1981 5621 3625 5726">
    <p class='ocr_par' dir='ltr' id='par_1_106' title="bbox 2015 5621 3625 5702">
     <span class='ocr_line' id='line_1_107' title="bbox 2015 5621 3625 5702; baseline -0.014 -5"><span class='ocrx_word' id='word_1_822' title='bbox 2015 5641 2158 5697; x_wconf 85' lang='lat' dir='ltr'><strong>fatus</strong></span> <span class='ocrx_word' id='word_1_823' title='bbox 2173 5635 2450 5702; x_wconf 85' lang='lat' dir='ltr'><strong>Arnolfus,</strong></span> <span class='ocrx_word' id='word_1_824' title='bbox 2491 5626 2848 5688; x_wconf 80' lang='lat' dir='ltr'><strong>ﬁliusArnolﬁ</strong></span> <span class='ocrx_word' id='word_1_825' title='bbox 2902 5625 3082 5694; x_wconf 88' lang='lat' dir='ltr'><strong>ducis,</strong></span> <span class='ocrx_word' id='word_1_826' title='bbox 3112 5630 3447 5697; x_wconf 86' lang='lat' dir='ltr'><strong>congregata</strong></span> <span class='ocrx_word' id='word_1_827' title='bbox 3475 5621 3625 5676; x_wconf 88' lang='lat' dir='ltr'><strong>mul-</strong></span> 
     </span>
    </p>
   </div>
   <div class='ocr_carea' id='block_1_107' title="bbox 360 5760 1060 5833">
    <p class='ocr_par' dir='ltr' id='par_1_107' title="bbox 360 5760 1060 5833">
     <span class='ocr_line' id='line_1_108' title="bbox 360 5760 1060 5833; baseline -0.007 -15"><span class='ocrx_word' id='word_1_828' title='bbox 360 5762 478 5833; x_wconf 77' lang='grc' dir='ltr'><strong>(ω)</strong></span> <span class='ocrx_word' id='word_1_829' title='bbox 510 5761 621 5817; x_wconf 82' lang='lat' dir='ltr'><strong>Hoc</strong></span> <span class='ocrx_word' id='word_1_830' title='bbox 648 5776 772 5817; x_wconf 81' lang='lat' dir='ltr'><strong>vero</strong></span> <span class='ocrx_word' id='word_1_831' title='bbox 792 5760 1060 5815; x_wconf 90' lang='lat' dir='ltr'><strong>abundat.</strong></span> 
     </span>
    </p>
   </div>
  </div>
