4042 6156
475 329 500 380 1
511 327 609 382 031

1553 322 1605 373 S.
1648 317 1954 373 UDALRICI
1999 314 2372 370 AUGUSTANI
2414 312 2728 368 EPISCOPI.

3676 315 3810 370 1032

473 461 707 516 titndine
743 474 929 514 eorum
987 454 1350 512 infaustorum
1425 451 1519 523 qui
1565 458 1726 505 antea
1785 451 2077 521 Augustam
2107 452 2156 517 Α
2184 443 2452 515 uxorique
2501 458 2614 497 sua:
2672 441 2998 495 monstravit
3045 448 3100 495 et
3157 441 3340 495 dixit:
3388 467 3408 485 υ
3445 440 3642 494 Melius
3681 443 3808 495 mihi

466 553 741 607 civitatem
798 549 1098 620 deprzedati
1147 557 1296 616 sunt,
1347 557 1400 602 et
1445 548 1676 601 aliorum
1737 547 1791 599 in
1844 559 2078 616 quorum

467 647 597 693 tunc
623 637 938 694 conﬁdebat
961 638 1325 704 adjutorium,
1371 637 1539 691 voluit
1580 636 1806 690 obsesso
1857 633 2081 690 castello

469 734 843 788 venerandum
875 733 1199 802 episcopum
1232 730 1283 784 vi
1307 736 1555 785 coactum
1589 745 1712 783 cum
1741 728 1854 782 suis
1883 726 2080 781 ditioni

467 824 710 878 subdere
743 822 976 876 Luitolfi.
1023 822 1131 874 Hac
1175 836 1230 874 re
1269 826 1570 890 comperta,
1605 819 1899 889 episc0pus
1915 833 2083 872 econ-

472 923 573 978 tra,
609 915 803 989 legatis
829 915 1034 979 missis,
1059 914 1229 968 multa
1264 913 1498 983 pecunia
1515 912 1782 983 promissa
1802 910 2082 983 ﬂagitabat

475 1007 954 1061 utrevertentibus
985 1007 1067 1060 eis
1097 1006 1176 1058 illi
1197 1005 1436 1060 licuisset
1465 1005 1519 1057 in
1572 1019 1704 1074 pace
1736 1003 2037 1057 subsistere
2066 1019 2080 1066 ;

472 1097 556 1149 sin
580 1104 790 1161 autem,
821 1111 953 1165 pace
970 1091 1856 1157 contradicta,redirenoluissent,
1875 1103 2085 1159 praece-

475 1186 554 1256 pit
584 1186 794 1240 eisdem
819 1185 1012 1258 legatis
1050 1199 1181 1238 suos
1213 1183 1575 1253 parochianos
1606 1181 1789 1234 hanno
1831 1177 2085 1233 Christia-

475 1275 664 1329 nitatis
703 1274 1105 1346 constringere,
1146 1288 1216 1325 ne
1262 1272 1380 1325 loca
1419 1269 1631 1324 Sanctae
1663 1269 1864 1329 Mariae,
1899 1266 1953 1318 in
1983 1277 2084 1317 suo

477 1362 801 1432 episcopatu
849 1362 974 1427 sita,
1004 1361 1115 1415 ullo
1167 1360 1329 1414 modo
1371 1358 1631 1413 invadere
1661 1360 2080 1427 praesumerent.

477 1452 578 1516 Qui
631 1468 759 1507 vero
807 1450 1046 1521 pecunia
1077 1448 1386 1504 contradita
1423 1448 1719 1517 bannoque
1760 1441 2086 1499 Christiani-

475 1545 602 1599 tatis
620 1544 950 1615 postposito,
983 1542 1124 1596 male
1174 1540 1417 1610 incoepta
1463 1539 1718 1594 omittere
1763 1537 2084 1601 noluerunt,

476 1636 576 1691 sed
607 1635 1125 1689 adinternecionem
1171 1647 1360 1686 eorum
1415 1647 1480 1685 ea
1535 1630 1815 1685 Dominica
1871 1630 1980 1698 (4i)
2031 1626 2085 1679 in

476 1741 586 1796 qua
606 1740 726 1778 mos
756 1730 839 1777 est
868 1723 1194 1777 clericorum
1223 1727 1352 1775 ante
1383 1719 1866 1791 Quadragesimam
1895 1735 2088 1773 carnes

2184 541 2364 610 placet
2409 544 2570 590 istum
2645 536 2942 591 formosum
3007 537 3285 591 caballum
3370 537 3604 603 habere,
3654 554 3808 608 quam

2183 631 2385 685 librum
2428 645 2550 683 cum
2601 644 2712 699 quo
2768 630 2913 682 hunc
2941 629 3251 698 comparavi
3290 629 3345 682 in
3380 631 3631 702 Augusta
3654 630 3809 682 relin-

2184 737 2372 793 quere.
2399 744 2422 769 η
2453 720 2618 788 Cujus
2661 719 2847 773 verbis
2894 719 3178 790 respondit
3210 736 3350 775 uxor
3386 721 3531 787 ejus,
3575 720 3766 774 dicens
3798 739 3808 771 :

2192 813 2375 866 «Utile
2429 812 2526 866 tibi
2569 812 2705 866 forte
2731 811 2942 874 fuisset,
2985 811 3027 864 si
3073 828 3271 866 manus
3299 819 3393 866 tua
3435 813 3586 866 hunc
3612 811 3808 864 librum

2185 905 2387 972 injuste
2416 919 2525 958 non
2557 903 2847 976 tetigisset.
2890 927 2910 947 »ι
2949 903 3170 957 Interim
3215 919 3345 957 vero
3381 902 3477 956 ille
3523 902 3811 976 leviganilo

2184 1012 2351 1050 manu
2399 996 2455 1048 in
2505 995 2808 1065 posteriora
2857 995 3118 1067 tangebat
3160 994 3458 1058 caballum,
3519 1002 3578 1047 et
3629 994 3809 1047 statim

2185 1085 2254 1138 ab
2287 1100 2352 1139 eo
2398 1101 2693 1154 percussus
2729 1091 2979 1139 mortuus
3027 1092 3130 1138 est.
3182 1085 3350 1139 Novis
3390 1095 3445 1138 et
3501 1084 3815 1154 improvisis

2187 1178 2272 1232 his
2296 1177 2569 1242 cladibus,
2611 1185 2665 1231 et
2711 1178 2834 1231 aliis
2889 1177 3073 1231 multis
3133 1176 3512 1232 formidolosis
3570 1176 3814 1231 rebusin

2186 1267 2292 1320 reis
2322 1266 2559 1336 peractis
2589 1283 2619 1319 a
2651 1265 3007 1319 multitudine
3050 1266 3238 1335 populi
3269 1266 3603 1336 compertis,
3651 1267 3810 1319 timor

2184 1361 2639 1434 magnusinvasit
2689 1377 2786 1415 eos
2823 1361 2914 1432 qui
2947 1361 3028 1428 gfse
3086 1378 3209 1416 esse
3261 1377 3390 1416 reos
3429 1368 3816 1434 cognoverunt

2188 1451 2256 1505 de
2289 1451 2547 1520 przedicta
2579 1450 2912 1520 praedatione
2967 1451 3223 1520 Augustae
3281 1450 3547 1514 civitatis,
3580 1465 3692 1504 non
3728 1467 3817 1504 so-

2189 1540 2302 1595 lum
2331 1542 2496 1596 incos
2525 1541 2617 1611 qui
2648 1541 2778 1595 illuc
2825 1548 3217 1611 pervenerunt,
3250 1541 3349 1594 sed
3395 1548 3450 1594 et
3478 1541 3573 1612 qui
3609 1540 3816 1611 aliquid

2188 1629 2258 1683 de
2295 1629 2498 1696 injuste
2528 1629 2815 1699 acquisitis
2844 1629 2912 1682 ab
2966 1631 3047 1684 eis
3073 1636 3435 1699 acceperunt,
3491 1635 3544 1683 et
3574 1630 3724 1688 ideo,
3750 1629 3813 1681 ad

2192 1720 2574 1792 paenitentiam
2599 1728 2653 1774 et
2675 1721 3128 1776 lamentationem
3143 1721 3422 1782 conversi,
3438 1721 3612 1794 digna
3626 1736 3810 1774 emen-

477 1816 832 1880 manducare,
873 1822 926 1869 et
971 1814 1236 1884 deinceps
1283 1827 1455 1883 usque
1499 1812 1568 1865 ad
1601 1819 1848 1865 sanctum
1875 1818 2090 1882 tempus
2119 1836 2168 1901 Β
2191 1809 2413 1864 datione
2444 1819 2499 1863 et
2530 1809 2880 1864 restitutione
2936 1809 3333 1864 abstractarum
3380 1825 3590 1870 rerum,
3617 1819 3818 1863 etcum

477 1906 702 1960 Paschze
752 1905 1021 1970 devitare,
1106 1902 1379 1958 hostiliter
1445 1901 1765 1955 invaserunt
1818 1900 2089 1970 praedium

479 1993 698 2048 Sanctae
731 1993 928 2052 Mariae.
995 2000 1049 2046 et
1085 1993 1408 2062 episcopum
1441 1989 1795 2044 obsederunt.
1831 1989 1930 2054 Qui
1956 2005 2087 2044 vero

477 2085 569 2139 die
602 2096 878 2154 noctuque
907 2084 962 2136 in
1006 2084 1098 2137 Dei
1158 2083 1384 2137 servitio
1425 2080 1672 2135 studiose
1732 2095 2087 2151 permanens,

481 2177 674 2231 timore
701 2177 914 2244 abjecto
966 2176 1019 2229 in
1052 2176 1218 2229 Deum
1267 2173 1576 2242 conﬁdens,
1607 2172 1963 2229 obsessiones
1993 2186 2088 2225 eo-

479 2283 596 2321 rum
649 2282 747 2336 pro
794 2266 964 2319 nihilo
1013 2265 1243 2331 ducens,
1304 2266 1358 2319 in
1402 2264 1895 2336 praedestinationc
1956 2261 2090 2315 inita

480 2357 708 2413 firmiter
740 2365 1202 2428 perseveraverat.
1256 2358 1378 2412 Haec
1407 2372 1535 2412 vero
1562 2355 1814 2411 obsessio
1856 2361 1913 2408 ut
1939 2369 2091 2408 com-

477 2461 630 2524 perta
669 2453 864 2507 fuisset
911 2453 1203 2523 Adalperto
1239 2453 1425 2507 comiti
1475 2459 1528 2506 et
1557 2450 1914 2521 Theodpaldo
1941 2448 2088 2503 fratri

477 2545 745 2615 episcOpi,
796 2552 1126 2619 congregata
1182 2545 1453 2615 phalange
1522 2543 1732 2614 populi,
1794 2543 1970 2613 prima
1999 2542 2089 2595 die

479 2636 976 2709 Quadragesimalis
1048 2637 1330 2707 temporis,
1400 2637 1547 2707 quod
1619 2643 1699 2690 est
1757 2635 1877 2690 dies
1925 2637 2088 2698 lunae,

479 2741 640 2779 mane
696 2725 938 2779 diluculo
980 2734 1154 2779 castra
1213 2725 1558 2779 inimicorum
1602 2725 1939 2779 invaserunt.
1983 2723 2090 2777 Sed

482 2817 558 2870 illi
590 2817 707 2871 haec
735 2823 896 2870 antea
923 2833 1087 2887 posse
1119 2816 1238 2870 ﬁeri
1291 2832 1398 2871 non
1436 2823 1709 2886 putantes,
1747 2816 2000 2886 imparati
2021 2815 2089 2868 ad

482 2907 691 2962 bellum
715 2907 921 2960 inventi
951 2914 1102 2972 sunt,
1152 2915 1229 2973 et,
1273 2908 1565 2977 repentino
1610 2908 1807 2962 timore
1827 2906 2088 2978 perculsi,

481 2998 688 3053 relictis
732 2999 924 3068 spoliis
968 2997 1096 3070 fuga
1148 2998 1406 3053 inimicos
1447 2999 1684 3053 evadere
1741 2999 2086 3059 studuerunt,

480 3084 561 3137 llli
586 3093 768 3138 autem
802 3101 897 3138 eos
921 3093 1240 3155 sequentes,
1289 3087 1658 3140 Hermannum
1713 3086 1931 3140 fratrem
1993 3086 2093 3139 Ar-

2192 1900 2590 1972 efﬂagitationc
2649 1901 3006 1975 indulgentia
3034 1902 3306 1972 episc0pi,
3369 1901 3707 1956 studuerunt
3764 1917 3818 1953 se

2193 2008 2316 2047 cum
2357 1993 2569 2048 Christo
2600 2001 2654 2047 ct
2686 2009 2807 2048 cum
2840 2003 3028 2048 sancta
3061 1993 3224 2047 Maria
3255 2001 3431 2048 matre
3450 1994 3571 2061 ejus
3630 1991 3816 2062 paciﬁ-

2192 2099 2334 2139 care.
2359 2086 2473 2140 Non
2507 2093 2632 2155 post
2658 2085 2902 2151 multum
2945 2100 3072 2139 vero
3104 2086 3380 2154 temporis
3415 2085 3681 2154 przefatus
3722 2089 3816 2137 Ar-

2192 2172 2374 2227 nolqu
2403 2173 2496 2244 qui
2515 2189 2575 2228 se
2604 2173 2952 2243 priesumpsit
2976 2189 3060 2227 res
3098 2180 3303 2226 sanctae
3330 2171 3516 2226 Mariae
3547 2171 3820 2225 hostiliter

2193 2264 2474 2330 invadere,
2489 2273 2543 2318 et
2564 2263 2957 2335 incorrigibilis
2971 2264 3090 2317 sine
3118 2263 3450 2333 paenitentia
3477 2263 3818 2332 perduravit,

2193 2352 2419 2406 obsessa
2449 2352 2745 2406 Ratisbona
2801 2352 3020 2407 civitate
3053 2362 3276 2422 paratus
3318 2353 3388 2406 ad
3435 2354 3692 2422 przelium
3727 2369 3814 2405 ex-

2194 2440 2308 2505 ivit,
2343 2447 2396 2494 et
2420 2441 2602 2494 statim
2636 2441 2691 2493 in
2721 2441 2950 2494 articulo
2999 2439 3266 2492 tumultus
3294 2440 3515 2493 occisus
3543 2449 3648 2492 est.
3696 2440 3821 2503 Qui-

2193 2532 2319 2586 dam
2342 2533 2506 2586 etiam
2533 2538 2714 2598 homo,
2746 2533 2815 2586 de
2870 2532 3191 2603 episcOpatu
3215 2533 3310 2603 qui
3343 2533 3548 2587 dicitur
3582 2535 3820 2587 Eshstet-

2194 2632 2308 2689 ten,
2344 2632 2553 2694 partem
2596 2624 2848 2679 vilissimi
2914 2625 3174 2678 mensalis
3206 2625 3338 2678 inde
3369 2625 3438 2677 ad
3492 2642 3655 2678 suam
3686 2640 3817 2694 pro-

2195 2715 2484 2786 prietatem
2518 2716 2772 2786 portavit,
2802 2723 2857 2770 et
2900 2715 3078 2770 statim
3111 2731 3141 2768 a
3192 2716 3471 2770 daemonio
3495 2724 3815 2785 occupatus,

2195 2805 2408 2858 nullum
2439 2805 2818 2860 abscondendi
2849 2804 3039 2859 locum
3082 2803 3152 2858 ab
3203 2819 3271 2859 eo
3331 2805 3588 2858 invenire
3621 2805 3797 2875 potuit

2194 2916 2376 2972 neque
2425 2901 2480 2955 in
2535 2901 2768 2956 ecclesia
2815 2917 2996 2972 neque
3056 2909 3210 2954 extra
3271 2901 3592 2955 ecclesiam.
3643 2917 3818 2971 neque

2193 3007 2453 3062 aspersus
2499 3009 2640 3064 aqua
2696 2993 3013 3059 benedicta,
3071 2991 3207 3062 quin
3255 2993 3413 3060 juxta
3442 3009 3571 3046 eum
3604 3009 3821 3061 semper

2193 3081 2477 3136 videretur
2533 3098 2776 3146 manere,
2836 3083 3035 3147 donec,
3105 3083 3408 3155 Augustam
3473 3082 3819 3157 regrediens,

483 3174 612 3229 nolti
653 3175 1163 3244 apprehenderunt,
1225 3177 1492 3245 quosdam
1545 3177 1601 3229 in
1652 3178 1843 3230 castris
1872 3155 2402 3238 cecide-Cinjuste
2461 3172 2586 3225 inde
2653 3181 2805 3242 rapta
2863 3172 3181 3242 reportavit,
3245 3180 3300 3226 et
3335 3155 3667 3242 episcopum
3700 3187 3819 3224 cum

483 3271 632 3330 runt,
679 3264 947 3334 quosdam
976 3279 1106 3317 vero
1163 3263 1396 3318 ulterius
1436 3265 1838 3336 subscquentes
1867 3265 2096 3320 interfe-

482 3362 693 3408 cerunt.
728 3354 955 3408 Maxima
992 3362 1172 3409 autem
1217 3363 1370 3425 parte
1399 3371 1589 3410 eorum
1631 3357 1937 3422 interfecta,
1971 3373 2086 3411 caa-

483 3448 726 3518 terisque
760 3447 978 3521 iugatis,
1029 3449 1212 3504 nullus
1255 3465 1449 3520 eorum.
1477 3451 1544 3504 ad
1575 3466 1634 3504 se
1677 3450 2090 3505 defendendum

482 3541 741 3597 ﬁduciam
799 3543 1033 3614 accepit,
1098 3544 1199 3598 nisi
1248 3560 1392 3598 unus
1453 3544 1674 3599 nomine
1708 3544 2094 3615 Egilolfus,fu-

481 3635 684 3707 giendo
733 3634 957 3690 brachio
1002 3636 1277 3706 Adalperti
1324 3635 1544 3690 comitis
1580 3637 1858 3692 modicum
1893 3637 2115 3704 vulnus

483 3730 693 3796 infecit,
724 3731 790 3784 de
825 3747 933 3802 quo
979 3731 1145 3785 etiam
1198 3732 1425 3786 vulnere
1461 3739 1708 3786 mortuus
1740 3741 1861 3798 est;
1894 3733 2092 3788 vulne-

483 3831 629 3877 rator
669 3823 832 3877 etiam
862 3824 984 3891 ejus
1029 3822 1213 3877 statim
1251 3823 1468 3878 occisus
1497 3831 1578 3877 est
1630 3840 1660 3877 a
1691 3824 1972 3894 Liutperto
2001 3841 2096 3878 va-

481 3913 621 3967 sallo
639 3913 887 3980 ejusdem
919 3912 1221 3982 Adalperti.
1279 3911 1603 3966 Paucissimi
1661 3921 1845 3967 autem
1880 3927 2093 3978 eorum,

483 4001 684 4056 ictibus
731 4001 967 4066 contusi,
1012 4017 1075 4055 ac
1112 4001 1347 4055 diversis
1395 4001 1577 4056 modis
1625 4001 1912 4055 vulnerati.
1951 4001 2098 4070 peri-

484 4093 663 4148 culum
694 4100 876 4148 tamen
907 4093 1116 4156 mortis,
1148 4092 1307 4164 cquis
1321 4109 1510 4148 eorum
1539 4109 1634 4148 eos
1663 4094 2094 4164 asportantibus,

489 4199 556 4239 eo
573 4185 662 4238 die
693 4184 779 4238 vix
810 4191 1125 4251 evaserunt,
1148 4185 1372 4256 quidam
1423 4200 1552 4239 vero
1585 4202 1798 4252 eorum,
1834 4186 1960 4258 gelu
1995 4187 2101 4242 mi-

488 4273 803 4329 serabiliter
840 4274 1200 4346 astringente,
1246 4275 1380 4327 nudi
1436 4274 1493 4326 in
1543 4275 1929 4344 desperatione
1974 4276 2098 4331 vitae

487 4369 741 4439 proprias
794 4368 1206 4422 mansiunculas
1284 4369 1626 4438 repetierunt
1721 4369 1927 4440 Corpus
1969 4386 2098 4425 vero

485 4459 783 4529 Adalperti,
827 4460 883 4512 in
939 4458 1032 4513 Dei
1065 4459 1346 4513 voluntate
1382 4459 1572 4526 occisi,
1621 4462 1954 4516 reverendus
1976 4478 2096 4532 epi-

2197 3262 2381 3330 sc0pis
2410 3261 2460 3316 ei
2484 3261 2700 3333 ﬂagella
2723 3263 3012 3333 imponere
3044 3278 3143 3332 pro
3161 3263 3363 3317 Christi
3384 3264 3617 3318 nomine
3644 3270 3822 3333 postu-

2194 3351 2345 3417 lavit,
2379 3359 2434 3406 et
2463 3352 2690 3422 insuper
2746 3353 3144 3428 indulgentiam
3201 3355 3415 3424 praefati
3450 3355 3643 3409 delicti
3675 3370 3818 3409 con-

2194 3440 2423 3507 donare,
2445 3442 3256 3513 sicqueliberatusadaemonio
3285 3445 3536 3499 salvatus
3569 3445 3816 3499 recessit.

2267 3535 2378 3590 Xll.
2406 3536 2483 3590 Ne
2515 3537 2609 3591 diu
2642 3552 2728 3591 me
2757 3538 2825 3591 ab
2857 3538 3091 3610 incepta
3141 3540 3424 3593 taxatione
3475 3539 3823 3602 subtraham,

2195 3623 2332 3680 libet
2358 3627 2555 3697 stylum
2587 3628 2864 3682 retrahere
2913 3629 2981 3683 ab
3013 3630 3438 3683 enumeratione
3484 3646 3550 3683 ex
3584 3637 3823 3699 utraque

2195 3725 2348 3782 parte
2415 3715 2762 3770 obsessarum
2817 3718 3034 3772 urbium
3113 3727 3172 3771 et
3225 3717 3499 3772 bellorum
3575 3718 3830 3788 undique

2197 3804 2518 3874 furentium,
2577 3815 2630 3862 et
2673 3808 3051 3864 vicissitudine
3093 3819 3419 3864 stromatum
3478 3810 3588 3880 {12)
3646 3811 3835 3863 diver-

2198 3910 2406 3961 sorum,
2453 3897 2551 3949 sed
2582 3897 2767 3966 potius
2823 3898 3099 3969 quomodo
3147 3899 3418 3953 Dominus
3471 3899 3838 3968 omnipotens

2203 4004 2299 4058 per
2377 3988 2569 4042 merita
2629 4004 2913 4045 servorum
2978 4006 3199 4046 suorum
3275 4007 3438 4044 suum
3499 3992 3838 4062 dignaretur

2200 4084 2464 4153 papulum
2515 4083 2750 4139 liberare
2798 4085 2930 4139 libet
2983 4100 3271 4140 recensere
3321 4102 3428 4148 ;ne
3461 4085 3681 4139 diaboli
3713 4102 3838 4137 ma-

2200 4175 2612 4231 chinationibus
2661 4177 2729 4230 ad
2807 4193 2968 4232 suum
3037 4178 3354 4248 perveniret
3426 4177 3840 4232 exitium.Cum

2204 4281 2296 4319 rex
2325 4264 2446 4320 Otto
2477 4263 2532 4318 in
2560 4265 2900 4333 Alamannia,
2960 4273 3183 4336 propter
3227 4282 3326 4320 eos
3367 4267 3464 4338 qui
3519 4283 3655 4321 cum
3719 4268 3843 4322 Liu-

2205 4355 2335 4411 tolfo
2362 4354 2475 4412 tilio
2501 4357 2619 4425 ejus
2641 4357 2838 4411 ditioni
2869 4373 2984 4411 suae
3018 4357 3220 4430 regalis
3265 4359 3567 4428 potestatis
3612 4371 3843 4414 contra-

2203 4448 2389 4504 dicere
2415 4449 2730 4514 voluerunt,
2763 4464 2886 4503 cum
2919 4449 3161 4504 exercitu
3212 4458 3656 4505 conversaretur
3685 4453 3842 4519 juxta

481 4564 685 4620 sc0pus
738 4551 804 4604 ad
866 4551 1160 4624 Augustam
1200 4552 1476 4607 civitatem
1544 4554 1710 4621 vexit,
1749 4562 1822 4619 et,
1857 4555 2090 4608 animam

2197 4539 2402 4595 ﬂumen
2430 4541 2577 4612 quod
2611 4513 2791 4596 Hilara
2815 4549 3060 4607 vocatur,
3112 4542 3166 4595 in
3199 4558 3396 4613 campo
3451 4513 3846 4614 Oppidiqnod

485 4639 788 4694 honoriﬁce
839 4641 948 4695 Deo
1013 4641 1430 4708 commendans,
1477 4642 1532 4696 in
1603 4645 1835 4699 ecclesia
1882 4645 2095 4700 Sanctae

492 4729 678 4784 Mariae
722 4733 994 4803 sepelivit.
1052 4734 1244 4790 Nullus
1306 4743 1487 4791 autem
1553 4752 1743 4792 eorum
1795 4738 1886 4809 qui
1933 4747 2095 4794 antea

486 4818 593 4872 sibi
615 4819 793 4889 spolia
838 4821 1088 4894 Augustae
1125 4824 1362 4880 civitatis
1389 4825 1445 4878 in
1485 4825 1927 4880 contrarietatem
1959 4843 2092 4881 san-

484 4921 584 4968 ctae
630 4914 722 4967 Dei
754 4914 1039 4987 genitricis
1085 4917 1264 4973 Mariae
1311 4919 1745 4983 vindicaverunt,
1791 4921 2096 4992 impunitus

484 5004 900 5076 evasit,nisiqui
927 5021 986 5059 se
1001 5005 1115 5059 suis
1143 5008 1382 5078 propriis
1421 5009 1582 5063 rebus
1608 5026 1731 5063 cum
1753 5010 2096 5085 indulgentia

484 5095 770 5149 reverendi
808 5094 1054 5166 episcopi
1079 5097 1347 5154 redimere
1369 5114 1478 5153 non
1499 5099 1850 5155 distulerunt.

556 5182 640 5236 Xl.
672 5184 860 5238 Manus
890 5183 1142 5254 proprias
1203 5202 1348 5240 unus
1395 5203 1455 5241 ex
1494 5188 1575 5241 his
1608 5188 1921 5255 lacerando,
1956 5190 2092 5246 vici-

487 5270 570 5324 nis
591 5272 706 5325 suis
749 5272 805 5326 in
838 5273 1068 5327 veritate
1103 5273 1440 5341 dicentibus,
1491 5277 1705 5345 perdito
1761 5294 1931 5333 sensu
1981 5281 2096 5351 Spi-

493 5365 654 5418 ritum
707 5365 999 5420 cxhalavit.
1054 5367 1204 5421 Alius
1257 5375 1440 5422 autem
1479 5383 1600 5423 cum
1651 5369 1835 5426 ablato
1890 5373 1958 5426 de
1989 5374 2097 5428 Au-

483 5465 639 5524 gusta
677 5456 894 5511 civitate
954 5458 1096 5514 libro
1136 5459 1406 5514 caballum
1466 5459 1568 5512 sibi
1604 5459 1746 5516 bene
1792 5462 2095 5531 placentem

483 5548 842 5617 comparavit,
903 5556 956 5603 et
1003 5565 1188 5605 secum
1243 5551 1474 5606 adduxit
1522 5551 1578 5605 in
1629 5551 1854 5608 domum
1917 5569 2094 5623 suam,

555 5649 638 5724 (at
656 5651 843 5724 Vulgo
875 5654 1347 5724 Quinquagesima.

557 5721 668 5788 (42)
697 5721 801 5776 Pro
826 5721 1294 5792 stratademiitum.

2196 4637 2396 4691 dicitur
2446 4638 2616 4691 Tussa
2674 4640 2798 4708 (43),
2860 4647 2913 4693 et
2980 4640 3054 4693 ibi
3109 4638 3451 4709 saepedictus
3512 4638 3682 4694 ﬁlius
3730 4640 3850 4708 ejus

2195 4727 2462 4784 Liutolfus
2488 4745 2611 4784 cum
2660 4731 2769 4785 alio
2821 4732 3063 4786 exercitu
3121 4731 3320 4786 obvius
3339 4731 3408 4786 ad
3453 4734 3849 4807 pugnandum

2195 4828 2385 4875 contra
2407 4837 2532 4875 eum
2586 4822 2890 4888 deveniret,
2918 4831 2972 4878 et
3011 4839 3132 4878 cum
3185 4831 3335 4878 tanta
3367 4823 3683 4879 vicinitate
3713 4841 3850 4880 con-

2192 4915 2366 4981 juncti
2399 4909 2604 4978 essent,
2637 4924 2696 4969 ut
2727 4916 2876 4970 nulla
2923 4916 3303 4991 ambiguitatis
3333 4933 3435 4986 spe
3466 4917 3705 4972 detenti
3737 4935 3851 4972 ma-

2197 5014 2392 5061 nerent
2446 5006 2500 5059 in
2575 5016 2929 5078 utrarumque
3010 5008 3249 5079 partium
3320 5009 3734 5074 multitudine;
3801 5010 3852 5064 ni

2195 5094 2402 5148 bellum
2454 5093 2522 5148 ab
2585 5095 2666 5148 eis
2715 5096 3171 5163 committeretur,
3219 5105 3351 5151 tunc
3401 5099 3688 5154 amabilis
3745 5102 3852 5153 Deo

2199 5186 2484 5242 Udalricus
2513 5188 2832 5258 episcOpus,
2864 5189 2919 5242 in
2942 5190 3112 5244 Deum
3133 5197 3244 5245 tota
3275 5191 3489 5246 fiducia
3521 5196 3850 5254 confidens.

2197 5283 2478 5346 assumpto
2543 5276 2828 5332 Curicncis
2885 5278 3143 5333 Ecclesia:
3203 5279 3503 5336 Hartberto
3587 5287 3854 5358 religioso

2196 5365 2484 5435 episc0po,
2516 5365 2824 5438 legationes
2889 5367 3034 5421 inter
3090 5383 3186 5422 eos
3215 5367 3400 5423 facere
3435 5372 3654 5442 caspit,
3695 5384 3753 5429 et
3789 5373 3852 5428 ad

2199 5455 2351 5525 pacis
2376 5455 2727 5510 concordiam
2773 5472 3022 5523 exorare,
3067 5466 3121 5512 et
3153 5473 3220 5512 ne
3252 5461 3506 5528 populus
3543 5466 3652 5534 qui
3685 5483 3717 5519 a
3752 5467 3850 5519 Deo

2201 5549 2310 5606 illis
2361 5552 2780 5607 commendatus
2830 5561 2916 5608 est
2970 5553 3038 5608 ad
3087 5553 3417 5628 regendum,
3477 5574 3599 5628 pro
3662 5578 3848 5619 eorum

2271 5666 2382 5738 (43)
2411 5665 2639 5724 Tussen.
