4038 6178
236 325 260 378 1
273 324 382 382 033

235 555 463 613 nuente,
496 548 619 603 duae
639 548 924 603 amborum
949 556 1189 613 mentes,
1220 550 1387 619 patris
1407 551 1619 605 scilicet
1647 550 1857 606 Ottonis

233 648 289 695 et
341 639 442 694 ﬁlii
489 641 610 711 ejus
660 638 899 705 Liutolﬁ,
953 640 1023 695 de
1075 640 1318 711 proﬁcua
1368 642 1745 697 admonitione
1803 651 1859 697 et

233 732 486 787 doctrina
532 730 974 786 venerandorum
1037 733 1426 804 episc0porum
1475 735 1531 788 in
1573 734 1858 789 mollitiam

233 837 429 887 versae,
463 827 679 891 pactum
706 819 861 890 pacis
889 820 1034 874 inter
1065 836 1123 875 se
1165 821 1601 892 placitaverunt;
1632 830 1704 890 et,
1748 830 1863 877 tur-

232 911 367 965 bine
414 910 546 965 belli
592 908 867 981 mitigato,
926 908 981 962 in
1042 926 1140 964 sua
1201 927 1325 965 cum
1384 928 1519 981 pace
1554 913 1856 967 redierunt.

234 1003 422 1058 Tantis
452 1009 634 1056 autem
683 1010 816 1055 tunc
875 1000 1115 1070 praefatis
1155 1004 1487 1057 tumultuum
1523 1003 1862 1077 fatigationi-

236 1094 341 1148 bus
390 1092 684 1163 superatis,
733 1093 1146 1148 aestimaverunt
1220 1110 1279 1149 se
1340 1095 1562 1165 aliquod
1620 1096 1856 1167 spatium

235 1183 503 1254 temporis
537 1182 754 1253 injpace
787 1198 947 1251 posse
979 1183 1295 1254 quiescere.
1332 1185 1512 1239 Altero
1544 1201 1644 1255 pro
1707 1193 1859 1241 certo

232 1273 418 1326 statim
448 1286 615 1337 anno,
672 1271 823 1342 quod
880 1279 963 1326 est
1012 1288 1157 1327 anno
1218 1273 1614 1327 incarnationis
1646 1274 1859 1329 Domini

239 1364 560 1418 nostriJesu
618 1362 815 1417 Christi
853 1364 980 1429 965,
1022 1371 1171 1419 tanta
1231 1365 1522 1420 multitudo
1556 1366 1862 1435 ngrorum

235 1452 441 1521 erupit,
475 1457 677 1522 quanta
738 1459 868 1505 tunc
924 1453 1188 1522 temporis
1248 1453 1547 1509 viventium
1580 1455 1861 1509 hominum

238 1555 404 1596 nemo
428 1554 488 1594 se
514 1547 677 1594 antea
723 1540 927 1595 vidisse
995 1541 1052 1595 in
1078 1542 1191 1596 ulla
1216 1543 1443 1617 regione
1478 1543 1861 1614 proﬁtebatur,

241 1642 298 1688 ct
353 1633 670 1688 Noricorum
726 1634 834 1703 (44)
890 1636 1172 1709 regionem
1228 1653 1259 1691 a
1326 1637 1576 1691 Danubio
1634 1637 1863 1691 ﬂumine

242 1738 419 1793 usque
452 1722 519 1776 ad
552 1722 770 1797 Nigram
800 1723 1016 1789 silvam,
1050 1740 1172 1796 quae
1202 1725 1443 1796 pertinet
1477 1726 1542 1779 ad
1579 1734 1860 1796 montana,

243 1811 410 1866 simul
433 1811 772 1867 devastando
802 1814 1111 1884 occupavit,
1148 1823 1203 1867 ct
1226 1830 1352 1868 cum
1377 1814 1561 1869 Licum
1585 1793 1864 1869 transccn;
1892 1793 1938 1861 Β

248 1906 425 1972 deret,
459 1916 515 1960 et
544 1907 918 1961 Alamanniam
969 1916 1282 1979 occuparet.
1336 1908 1622 1963 ecclesiam
1651 1908 1864 1962 Sancta}

250 1995 388 2050 Afrae
418 1998 807 2063 concremavit,
841 2008 896 2052 et
927 2005 1093 2054 totam
1157 2000 1489 2069 provinciam
1545 2016 1574 2053 a
1615 2000 1865 2054 Danubio

250 2100 427 2155 usque
449 2085 518 2139 ad
548 2086 755 2156 sylvam
815 2087 1172 2157 depnedavit,
1223 2095 1277 2143 et
1333 2090 1626 2143 maximam
1658 2096 1866 2160 partem

250 2192 430 2248 usque
462 2177 530 2230 ad
562 2178 795 2232 Hilaram
815 2178 1185 2252 ﬂuviumigne
1217 2181 1542 2237 combussit.
1576 2183 1869 2254 Augustam

251 2279 437 2326 autem
468 2272 742 2328 civitatem
775 2274 1013 2340 obsedit,
1063 2292 1185 2346 quae
1218 2282 1347 2331 tunc
1401 2277 1526 2331 imis
1556 2277 1677 2330 sine
1708 2275 1873 2331 turri-

251 2362 357 2417 bus
398 2360 734 2418 circumdata
762 2365 953 2430 muris,
1010 2365 1166 2420 ﬁrma
1198 2382 1263 2420 ex
1292 2368 1589 2438 semetipsa
1613 2383 1723 2422 non
1749 2366 1850 2420 fuit

251 2457 486 2513 Sanctus
543 2469 724 2514 autem
769 2461 998 2516 antistes
1056 2478 1307 2535 magnam
1359 2461 1517 2516 valde
1560 2459 1875 2515 multitudi-

254 2562 383 2600 nem
424 2547 758 2618 0ptimorum
790 2550 1024 2604 militum
1051 2567 1237 2605 secum
1275 2552 1415 2605 intra
1443 2557 1601 2621 septa
1633 2549 1873 2605 civitatis

249 2636 574 2691 collocatam
608 2638 877 2703 habebat;
903 2655 968 2693 ex
995 2656 1229 2711 quorum
1270 2640 1518 2714 agilitate
1540 2647 1594 2693 et
1642 2640 1873 2694 audacia

252 2725 449 2780 civitas
490 2726 702 2781 fortiter
756 2725 991 2794 ﬁrmata,
1035 2728 1415 2795 Deojuvante,
1474 2728 1814 2783 consistebat
1859 2746 1873 2793 ;

256 2817 355 2887 qui
386 2825 446 2871 ut
476 2818 774 2873 exercitum
806 2818 1114 2893 Ungrorum
1132 2820 1199 2873 ad
1230 2819 1659 2892 expugnandum
1690 2819 1878 2873 civita-

260 2915 373 2963 tem
413 2910 759 2966 circumdare
802 2912 1080 2978 viderunt,
1141 2913 1222 2967 eis
1246 2912 1466 2967 obviam
1504 2914 1650 2967 exire
1682 2913 1875 2967 volue-

263 3005 414 3063 runt,
437 2998 533 3053 sed
564 3000 667 3054 hoc
682 2994 991 3071 episcopus
1016 3002 1097 3055 eis
1118 3017 1227 3056 non
1251 3001 1631 3067 consentiens,
1661 3010 1877 3071 portam

264 3086 360 3139 ubi
379 3087 650 3143 maximus
679 3087 864 3144 aditus
909 3090 1153 3145 intrandi
1200 3091 1458 3145 manebat
1515 3090 1746 3145 ﬁrmiter
1784 3106 1878 3145 oc-

262 3181 489 3235 eluderc
510 3184 789 3253 praecepit.
825 3184 985 3240 Porta
1039 3194 1221 3241 autem
1253 3187 1539 3241 orientalis
1570 3187 1743 3257 plagae
1778 3186 1877 3256 (45)
1906 3160 1955 3227 C

262 3274 416 3329 unde
474 3275 586 3330 itur
636 3276 704 3330 ad
758 3293 979 3348 aquam,
1021 3279 1101 3333 sic
1151 3295 1181 3332 a
1238 3279 1510 3333 densitate
1575 3279 1882 3352 Ungrorum

263 3369 416 3423 bello
448 3381 713 3442 occupata
768 3379 872 3439 est,
930 3382 989 3428 ut
1028 3373 1135 3444 ipsi
1187 3374 1575 3428 aestimaverint
1614 3390 1672 3428 se
1701 3374 1884 3429 statim

265 3477 433 3532 posse
487 3462 688 3518 intrare
734 3482 747 3518 :
785 3465 995 3519 milites
1041 3466 1189 3519 enim
1233 3465 1479 3536 episcopi
1520 3471 1648 3519 ante
1673 3471 1884 3536 portam

263 3553 496 3608 viriliter
523 3563 832 3630 pugnantes
871 3557 971 3612 eis‘
996 3558 1347 3625 resistebant,
1380 3574 1553 3629 usque
1582 3557 1710 3612 dum
1744 3574 1888 3612 unus

270 3649 577 3723 Ungrorum
612 3653 705 3723 qui
734 3661 963 3709 caeteros
994 3656 1293 3727 pugnando
1324 3654 1707 3720 antecedebat,
1742 3661 1796 3709 et
1822 3670 1886 3708 ex

266 3741 429 3809 cujus
458 3742 627 3797 ductu
654 3752 708 3798 et
738 3745 1121 3801 antecessione
1152 3747 1443 3800 maximam
1503 3745 1786 3817 praeliandi
1832 3746 1885 3799 in

264 3831 362 3886 illa
402 3833 537 3888 hora
554 3833 946 3909 conﬁdentiam
979 3837 1278 3904 habebant,
1307 3837 1525 3893 occisus
1576 3837 1834 3893 occubuit
1866 3855 1881 3901 ;

265 3922 453 3976 caeteri
509 3922 751 3995 denique
804 3942 929 3981 cum
989 3942 1115 3982 cum
1175 3936 1318 3982 terra
1383 3936 1543 3982 tenus
1608 3934 1881 3981 mortuum

263 4010 468 4065 cadere
497 4011 775 4079 viderunt,
826 4031 1026 4088 magno
1100 4016 1341 4071 clamore
1381 4022 1435 4069 et
1486 4014 1885 4069 lamentatione

265 4115 396 4155 eum
428 4102 730 4173 rapientes,
788 4105 855 4160 ad
908 4114 1088 4162 castra
1143 4106 1345 4161 reversi
1401 4112 1545 4160 sunt.
1593 4106 1732 4159 Hora
1757 4120 1886 4160 vero

267 4189 405 4244 belli
438 4192 735 4263 episcopus
765 4211 933 4266 super
988 4196 1262 4251 caballum
1319 4212 1481 4250 suum
1519 4196 1721 4249 sedens
1751 4195 1891 4249 stola

267 4279 520 4344 indutus,
572 4297 683 4338 non
714 4284 910 4355 clypeo
967 4293 1059 4340 aut
1104 4287 1274 4342 lorica
1316 4294 1409 4341 aut
1440 4286 1596 4358 galea
1622 4285 1888 4351 munitus,

258 4372 467 4441 jaculis
498 4382 553 4428 et
581 4375 860 4447 lapidibus
889 4378 1137 4450 undique
1166 4379 1312 4434 circa
1339 4395 1466 4433 eum
1525 4377 1889 4433 discurrenti-

266 4460 651 4526 bus,intactus
681 4472 735 4519 et
764 4465 970 4522 illtesus
995 4467 1353 4523 subsistebat.
1388 4468 1537 4522 Bello
1572 4483 1702 4521 vero
1735 4465 1895 4520 ﬁnito

266 4556 597 4629 regrediens
647 4558 896 4614 circuivit
953 4560 1255 4628 civitatem,
1304 4566 1359 4614 et
1410 4560 1605 4614 domos
1660 4560 1791 4612 belli
1836 4559 1891 4611 in

262 4647 505 4702 circuitu
562 4648 795 4705 civitatis
850 4661 1220 4723 congruenter
1282 4667 1513 4723 ponere,
1555 4658 1609 4705 et
1664 4650 1720 4705 in
1780 4656 1891 4705 tota

262 4749 435 4795 nocte
459 4756 552 4795 eas
582 4743 875 4811 aedificare,
900 4750 953 4799 et
981 4745 1173 4812 vallos,
1208 4752 1473 4816 quantum
1508 4751 1726 4813 tempus
1754 4760 1890 4814 sup-

257 4837 518 4908 petebat,
566 4854 829 4894 rcnovare
887 4840 1159 4912 praecipit.
1204 4840 1300 4894 llle
1331 4846 1511 4893 autem
1554 4846 1726 4894 totum
1758 4855 1890 4909 spa-

262 4923 412 4976 tium
442 4926 618 4979 noctis
650 4926 703 4980 in
755 4928 1002 4983 oratione
1060 4935 1410 4999 pernoctans,
1444 4927 1737 4999 religiosas
1768 4943 1891 4981 mu-

258 5011 446 5066 lieres
478 5012 534 5066 in
564 5015 780 5069 civitate
807 5026 1169 5091 congregatas
1201 5016 1531 5083 concitabat,
1558 5022 1618 5070 ut
1640 5032 1749 5070 una
1778 5033 1904 5087 pars

264 5121 472 5160 earum
496 5123 620 5162 cum
656 5112 916 5167 crucibus
940 5113 1007 5166 ad
1040 5114 1339 5169 Dominum
1397 5113 1591 5167 devote
1615 5113 1902 5167 clamando

262 5198 427 5252 intra
458 5199 792 5268 circumiret,
859 5210 913 5258 et
951 5204 1121 5259 altera
1154 5222 1279 5275 pars
1312 5204 1663 5259 clementiam
1697 5211 1900 5257 sanctas

260 5287 376 5343 Dei
401 5290 687 5363 genitricis
731 5292 909 5349 Mariae
964 5311 1062 5365 pro
1102 5294 1427 5349 defensione
1466 5293 1677 5365 pepuli,
1709 5298 1764 5346 et
1803 5307 1902 5362 pro

258 5380 617 5437 liberatione
682 5385 919 5442 civitatis
959 5389 1363 5444 studiosissime
1422 5388 1740 5458 pavimento
1777 5401 1901 5457 pro-

257 5476 453 5526 strata
495 5469 786 5547 ﬂagitaret.
841 5477 966 5548 Ipse
1026 5484 1207 5532 autem
1238 5476 1525 5532 minimam
1578 5476 1902 5547 particulam

257 5566 465 5622 noctis
502 5575 632 5624 ante
684 5570 1002 5626 Matutinam
1052 5574 1244 5628 horam
1296 5587 1496 5643 corpus
1553 5570 1763 5642 requiei
1814 5586 1906 5627 so—

254 5658 437 5731 poris
468 5658 716 5727 indulsit,
772 5669 850 5731 ut,
910 5664 1195 5720 matutinis
1244 5672 1299 5720 et
1352 5662 1611 5719 laudibus
1655 5663 1904 5735 expletis,

361 5773 472 5843 (44)
504 5775 784 5833 Bavariam
808 5777 1092 5853 intelligit.

535 5897 543 5901 ’
628 5905 906 5972 ΡΑτιιοιι.
957 5906 1283 5973 CXXXV.

1830 329 1998 384 VlTA.

243 460 396 508 reatu
445 453 741 507 duceretur
790 452 861 505 ad
916 452 1304 522 perditionem.
1361 452 1473 507 Deo
1529 461 1711 509 autem
1762 470 1862 508 an-
1886 461 2162 528 Aaurora
2239 452 2476 524 primum
2551 453 2910 522 irrumpente,

1913 4516 1965 4584 Ι)

3441 328 3583 387 1034

3005 452 3259 508 salutaris
3325 451 3582 509 sacriﬁcii

1960 548 2194 602 hostiam
2224 547 2335 601 Deo
2400 545 2576 600 libare
2616 545 2881 600 licuisset.
2936 544 3240 601 Ministerio
3270 560 3426 600 sacro
3457 561 3587 617 per-

1960 643 2099 701 acto,
2159 635 2358 691 viatico
2412 650 2568 690 sacro
2633 649 2829 689 omnes
2906 633 3193 701 recreavit,
3278 634 3586 706 humilique

1961 728 2337 784 admonitione
2370 726 2643 798 persuasit
2685 733 2763 793 ut,
2793 726 2851 780 in
2883 726 2990 780 ﬁde
3023 733 3170 781 recta
3200 727 3584 797 persistentes,

1961 835 2118 889 spem
2146 835 2298 873 suam
2352 818 2404 872 in
2438 817 2669 873 Domino
2721 818 3213 886 componere‘jnon
3241 816 3584 881 dubitarent,

1965 910 2312 966 indicanseis
2340 910 2695 981 omnigcnam
2750 909 3109 978 sponsionem
3164 908 3581 976 consolationis,

1963 998 2378 1054 ctannun’tians
2407 998 2805 1069 psalmigraphi
2866 997 3036 1052 David
3087 997 3253 1051 verba
3306 997 3582 1051 dicentis:

1961 1088 2023 1143 Si
2046 1092 2393 1145 ambulavero
2420 1093 2481 1145 in
2518 1090 2693 1144 medio
2722 1090 2925 1143 umbrae
2974 1092 3183 1153 mortis,
3241 1103 3347 1142 non
3397 1090 3592 1144 timebo

1959 1184 2131 1247 mala,
2177 1185 2435 1253 quoniam
2480 1186 2538 1237 tu
2590 1197 2794 1236 mecum
2848 1196 2913 1235 es
2965 1182 3109 1250 (Psal
3149 1180 3293 1249 χχιι)
3358 1180 3592 1235 Salutari

1962 1285 2148 1334 autem
2206 1276 2587 1332 admonitione
2638 1274 2887 1347 episcopi
2951 1281 3189 1344 peracta,
3255 1290 3387 1329 cum
3431 1274 3595 1343 jubar

1964 1371 2229 1426 radiantis
2253 1371 2384 1426 solis
2435 1368 2681 1441 primum
2729 1367 3081 1422 latitudinem
3113 1365 3596 1430 tellurisjrradia-

1965 1471 2063 1531 ret,
2090 1464 2364 1520 exercitus
2413 1464 2716 1537 Ungrorum
2763 1461 3117 1516 inenarrabili
3170 1460 3487 1531 pluralitate
3522 1474 3591 1513 ex

1965 1563 2115 1618 omni
2146 1570 2297 1634 parte
2328 1562 2396 1617 ad
2419 1560 2841 1633 expugnandam
2872 1559 3146 1614 civitatem
3180 1556 3591 1621 circumcinxit,

1967 1654 2183 1709 diversa
2227 1655 2409 1709 ferens
2438 1653 2808 1707 instrumenta
2851 1651 2919 1705 ad
2946 1649 3352 1721 depositionem
3392 1663 3580 1702 muro-

1965 1762 2103 1799 rum.
2138 1746 2383 1817 Cumque
2431 1744 2679 1814 undique
2724 1741 2897 1813 parati
2931 1745 3119 1796 essent
3169 1740 3237 1794 ad
3268 1738 3497 1803 bellum,
3530 1743 3583 1792 et

1966 1845 2161 1895 cuncta
2202 1838 2615 1913 propugnacula
2660 1837 2896 1892 civitatis
2948 1834 3376 1908 repugnantium
3428 1834 3593 1905 plena

1966 1931 2222 1992 fuissent.
2256 1932 2480 2003 quidam
2514 1929 2819 2002 Ungrorum
2851 1927 3086 2003 ﬂagellis
3116 1926 3260 1981 alios
3318 1926 3594 1980 minantes

1969 2028 2036 2082 ad
2068 2044 2307 2101 pugnam
2339 2031 2662 2096 coegerunt,
2708 2030 2763 2079 et
2802 2023 2905 2090 illi,
2933 2029 3136 2077 tantam
3172 2021 3589 2076 multitudinem

1969 2115 2026 2170 in
2048 2114 2479 2190 prepugnaculis
2532 2112 2905 2167 resistentium
2960 2111 3041 2166 eis
3091 2111 3369 2177 videntes,
3430 2110 3600 2165 muris

1972 2224 2032 2262 se
2054 2206 2391 2281 conjungere
2421 2204 2559 2259 adeo
2592 2202 2864 2275 perterriti
2897 2218 3007 2258 non
3033 2201 3334 2256 audebant.
3370 2199 3596 2254 Interim

1973 2312 2096 2351 cum
2126 2295 2357 2350 interius
2404 2293 2758 2364 exteriusque
2810 2291 2983 2364 parati
3038 2298 3227 2345 essent
3266 2289 3334 2344 ad
3357 2288 3594 2356 bellum,

1975 2386 2333 2451 Berchtolfus,
2390 2383 2535 2439 ﬁlius
2573 2380 2799 2450 Arnolﬁ,
2832 2382 2901 2437 de
2943 2381 3169 2437 castello
3191 2380 3592 2435 Risinesburch

1974 2476 2377 2534 vocitatovenit
2437 2474 2506 2528 ad
2574 2489 2759 2548 regem
2817 2472 3124 2545 Ungrorum
3168 2469 3507 2525 annuntians
3542 2467 3592 2523 ei

1975 2570 2272 2624 adventum
2304 2567 2515 2622 Ottonis
2542 2564 2768 2640 gloriosi
2798 2564 2961 2639 regis.
2996 2563 3120 2629 Qui,
3147 2563 3331 2618 uthoc
3361 2561 3597 2630 audivit,

1974 2678 2134 2716 suum
2186 2660 2474 2714 classicum
2540 2658 2691 2713 omni
2744 2656 3008 2713 exercitui
3079 2664 3270 2711 notum
3334 2654 3595 2727 clangere

1978 2754 2259 2827 praecepit,
2293 2754 2360 2807 de
2401 2755 2559 2821 cujus
2586 2752 2772 2807 sonitu
2831 2749 3107 2806 exercitus
3156 2752 3304 2803 totus
3355 2762 3598 2821 pugnam

1976 2847 2214 2903 civitatis
2242 2846 2446 2910 omisit,
2497 2852 2551 2899 et
2605 2843 2675 2898 ad
2723 2842 3061 2913 colloquium
3115 2855 3306 2896 eorum
3363 2839 3511 2914 regis
3540 2853 3599 2894 se

1980 2937 2319 3009 conjungere
2374 2932 2668 2989 festinavit.
2730 2932 2851 2999 Qui,
2908 2947 3033 2986 cum
3074 2931 3155 2985 eis
3222 2927 3602 2984 autumatione

1979 3024 2141 3091 facta,
2175 3026 2285 3079 Deo
2315 3024 2579 3086 donante,
2638 3039 2669 3077 a
2723 3036 2908 3093 pugna
2948 3018 3185 3075 civitatis
3242 3016 3516 3084 cessabat,
3550 3024 3606 3071 et

1982 3114 2039 3168 in
2062 3129 2351 3169 occursum
2382 3112 2605 3185 gloriosi
2638 3110 2785 3183 regis
2832 3111 2913 3165 ire
2938 3109 3109 3179 cmpit
3140 3125 3155 3173 ;
3189 3124 3253 3162 ea
3282 3105 3497 3162 ratione
3522 3112 3603 3169 ut,

1985 3206 2079 3261 illo
2119 3221 2242 3260 cum
2273 3205 2387 3260 suis
2444 3212 2723 3275 superato,
2777 3202 2953 3258 victor
2998 3201 3219 3256 rediens
3247 3198 3525 3255 civitatem
3552 3203 3608 3251 et

1987 3306 2161 3354 totum
2212 3314 2440 3371 regnum
2486 3297 2661 3352 libere
2689 3295 2896 3351 habere
2926 3294 3216 3365 potuisset.
3252 3291 3387 3365 Regi
3422 3289 3606 3346 Ottoni

1984 3386 2228 3442 venienti
2259 3385 2578 3456 Dietpaldus
2604 3399 2791 3439 comes
2831 3383 2998 3437 frater
3027 3380 3299 3453 episcopi,
3334 3396 3458 3437 cum
3489 3394 3605 3435 cae-

1990 3476 2228 3546 terisqui
2252 3475 2307 3528 in
2322 3474 2542 3529 civitate
2585 3481 2764 3539 erant,
2796 3478 2957 3526 nocte
2989 3471 3182 3525 exiens
3215 3470 3271 3524 in
3310 3485 3603 3525 occursum

1988 3565 2154 3619 venit.
2193 3565 2305 3618 Rex
2338 3563 2503 3636 igitur
2523 3578 2647 3617 cum
2679 3568 2891 3615 tantum
2932 3559 3237 3615 exercitum
3293 3558 3604 3631 Ungrorum

1988 3657 2380 3729 perspexisset,
2431 3653 2723 3710 aestimavit
2780 3668 2891 3721 non
2938 3666 3099 3723 posse
3162 3650 3231 3704 ab
3283 3649 3605 3705 hominibus

1988 3747 2257 3821 superari,
2293 3748 2348 3801 ni
2378 3747 2524 3800 Deus
2553 3744 2905 3816 omnipotens
2935 3759 3031 3799 eos
3069 3742 3324 3799 occidere
3353 3742 3608 3816 dignare-

1988 3845 2096 3902 tur,
2130 3837 2185 3891 in
2209 3835 2366 3906 cujus
2392 3834 2724 3903 adjutorium
2758 3830 3067 3899 conﬁdens,
3100 3846 3438 3902 suorumque
3467 3845 3605 3886 con-

1985 3926 2351 3982 solationibus
2405 3924 2718 3995 principum
2766 3914 3072 3989 roboratus,
3129 3921 3334 3976 bellum
3369 3920 3601 3974 viriliter

1987 4031 2109 4071 cum
2135 4016 2217 4069 eis
2236 4029 2398 4088 agere
2429 4012 2614 4083 caspit,
2656 4020 2856 4067 etcum
2911 4018 3100 4066 mutua
3127 4009 3282 4065 caede
3305 4007 3601 4079 utrobique

1990 4108 2342 4172 cecidissent,
2395 4113 2448 4161 et
2480 4106 2565 4160 his
2619 4103 2926 4160 interfectis
2958 4104 3051 4175 qui
3110 4102 3181 4157 ad
3210 4101 3548 4157 occisionem
3575 4115 3607 4154 a

1992 4200 2103 4254 Deo
2131 4197 2507 4270 praedestinati
2536 4203 2712 4264 erant,
2745 4194 2984 4268 gloriosa
3012 4194 3241 4249 victoria
3268 4192 3453 4248 Ottoni
3485 4191 3603 4263 regi

1992 4289 2177 4355 aDeo,
2210 4289 2299 4343 cui
2354 4288 2488 4343 nihil
2522 4287 2866 4359 impossibile
2905 4294 3008 4354 est,
3069 4285 3193 4340 data
3244 4293 3372 4349 est;
3431 4283 3505 4338 ita
3552 4289 3613 4339 ut

1994 4381 2267 4436 exercitus
2300 4381 2604 4453 Ungrorum
2645 4381 2701 4434 in
2730 4379 2914 4454 fugam
2956 4393 3151 4433 versus
3177 4377 3433 4433 virtutem
3466 4391 3613 4446 pras-

1996 4470 2165 4525 liandi
2212 4472 2353 4525 ultra
2380 4487 2493 4526 non
2530 4470 2780 4536 haberet,
2831 4477 2904 4535 et,
2961 4468 3213 4540 quamvis
3270 4466 3613 4522 incredibilis

1995 4578 2258 4616 numerus
2321 4561 2537 4616 illorum
2611 4562 2827 4616 occisus
2891 4559 3121 4627 fuisset,
3192 4564 3375 4614 tantus
3430 4567 3615 4613 tamen

1994 4668 2184 4708 eorum
2217 4654 2486 4708 exercitus
2543 4656 2723 4709 adhuc
2789 4652 3131 4717 remanebat,
3191 4659 3251 4706 ut
3308 4650 3363 4704 hi
3419 4649 3513 4721 qui
3546 4650 3615 4705 de

1994 4743 2425 4814 propugnaculis
2482 4745 2736 4818 Augustas
2792 4742 3028 4797 civitatis
3082 4755 3179 4796 eos
3233 4739 3425 4795 venire
3482 4754 3615 4794 cou-

1990 4849 2313 4908 spexerunt,
2364 4857 2475 4896 non
2523 4857 2706 4913 pugni
2764 4840 3050 4894 lacessitos
3107 4853 3205 4893 eos
3239 4838 3441 4907 {redire
3468 4836 3616 4891 testi-

1993 4940 2302 5003 maverunt,
2358 4935 2534 4989 donec
2592 4940 2988 5004 prastereuntes
3040 4931 3317 4987 civitatem
3349 4929 3612 4984 ulteriora

2004 5025 2115 5080 Lici
2142 5025 2387 5080 ﬂuminis
2426 5026 2609 5081 littora
2665 5023 2977 5079 festinando
3027 5029 3276 5094 repetere
3339 5031 3618 5091 cognove-

2003 5124 2155 5172 runt.
2195 5116 2305 5171 Rex
2332 5108 2514 5170 autem
2534 5130 2656 5169 cum
2681 5114 2794 5167 suis
2834 5129 2931 5168 eos
2957 5127 3219 5183 sequens,
3254 5115 3307 5163 et
3336 5106 3540 5177 quibus
3554 5120 3613 5159 se

2004 5207 2342 5281 conjungere
2392 5206 2570 5276 potuit
2623 5204 2909 5273 occidens,
2964 5200 3276 5272 vespertina
3320 5198 3452 5250 hora
3507 5194 3619 5249 diei

2005 5297 2298 5370 Augustam
2339 5296 2605 5368 pervenit,
2687 5295 2874 5367 ibique
2949 5308 3071 5346 cum
3164 5288 3425 5358 episcopo
3472 5285 3618 5339 illam

2006 5399 2223 5445 noctem
2249 5390 2481 5457 ducens,
2533 5390 2698 5461 eique
2744 5401 2994 5459 magnam
3044 5379 3440 5437 consolationis
3467 5394 3628 5434 reve-

2007 5478 2265 5536 lationem
2320 5478 2549 5544 faciens,
2587 5479 2656 5532 de
2713 5473 2999 5531 Dietbaldo
3055 5470 3216 5525 fratre
3257 5469 3378 5538 ejus
3425 5468 3516 5539 qui
3567 5466 3626 5520 in

2008 5574 2157 5629 bello
2187 5573 2518 5639 occisusest,
2553 5580 2607 5627 et
2631 5571 2699 5624 de
2747 5567 2869 5621 aliis
2916 5564 3037 5633 ejus
3066 5561 3391 5633 propinquis
3421 5559 3626 5613 ibidem

2010 5663 2333 5721 interfectis.
2376 5662 2723 5737 Rihgwinum
2772 5654 2946 5709 ﬁlium
2977 5651 3245 5723 Dictpaldi
3275 5646 3628 5704 comitatibus

2083 5770 2188 5843 (45)
2220 5770 2377 5826 Porta
2408 5784 2569 5840 quam
2602 5762 2910 5822 Jacobzeam
2929 5759 3185 5814 dicimus.

3235 5887 3313 5949 33
