4038 6178
430 293 455 346 1
467 291 574 347 035

1503 280 1559 333 S.
1604 274 1909 332 UDALRlCl
1950 270 2314 326 AUGUSTANI
2357 270 2672 325 EPISCOPI.

3631 272 3780 329 i036

430 417 603 490 patris
656 410 969 477 honoravit,
1041 406 1401 479 episcopique
1469 403 1580 459 lido
1635 401 1931 470 adjutorio,
1987 399 2042 452 in
2069 394 2349 490 Ajunctis
2393 395 2630 490 tegebat.
2693 394 2811 450 Non
2844 393 3257 490 post-multum
3299 410 3457 490 _vero
3510 397 3787 490 temporis

430 482 856 584 quibuscunque
905 505 1027 574 ejus
1091 500 1431 558 desiderium
1487 496 1766 570 cOgnovit,
1820 495 2044 569 dignam
2147 482 2461 550 decursum,
2520 483 2721 537 iterum
2791 482 3110 538 admonitus
3163 488 3224 536 ut
3281 483 3505 538 domum
3568 483 3788 539 sancta;

431 583 745 656 mercedem
799 595 1061 653 restituit.
1121 593 1276 647 Mane
1321 597 1505 646 autem
1564 587 1726 649 facto,
1790 583 2048 658 fugitives

432 693 794 750 barbarorum
857 689 1006 744 acies
1064 684 1375 757 sequendo,
1432 682 1716 755 regionem
1767 675 2050 745 Bajoario-

434 800 552 840 rum
602 782 705 852 (46)
767 779 974 845 revisit,
1019 775 1339 845 festinisque
1396 770 1592 845 legatis
1665 767 1868 833 missis,
1938 772 2051 821 tota

434 873 665 947 remigia
692 878 747 926 et
781 869 921 927 vada
978 865 1268 921 ﬂuminum
1324 863 1617 917 observare
1672 856 1953 929 praecepit,
1981 855 2050 909 ad

434 946 768 1021 occisionem
801 973 1014 1021 eorum,
1051 954 1201 1026 quod
1248 960 1303 1007 et
1333 951 1408 1006 ita
1439 949 1636 1004 factum
1678 955 1778 1002 est.
1826 946 1909 1000 Illi
1948 962 2051 1001 au-

435 1067 567 1123 tem,
600 1063 758 1113 nocte
786 1054 915 1108 illuc
965 1051 1273 1114 venientes,
1328 1044 1551 1117 quidam
1617 1056 1805 1096 eorum
1865 1038 1933 1092 ab
1964 1035 2050 1090 his

436 1149 607 1221 quiin
630 1145 862 1201 navibus
902 1147 1057 1196 erant
1110 1135 1435 1192 fluminibus
1468 1130 1715 1186 immersi
1748 1136 1897 1194 sunt,
1925 1126 2052 1198 qui-

437 1239 563 1295 dam
584 1237 752 1293 occisi
796 1239 944 1298 sunt,
994 1230 1088 1302 qui
1119 1235 1317 1283 autem
1357 1225 1424 1280 ad
1464 1224 1616 1277 littus
1656 1223 2049 1293 pervenerunt,

439 1328 619 1384 abhis
645 1327 739 1399 qui
757 1326 937 1379 littora
984 1317 1358 1376 observabant
1392 1311 1668 1366 interfecti
1721 1314 1868 1399 sunt,
1903 1304 2053 1399 nulla

442 1420 526 1474 eis
554 1394 744 1482 via,'et
796 1412 1009 1468 nullum
1067 1407 1287 1462 devium
1348 1403 1416 1458 ab
1458 1401 1538 1456 eis
1600 1397 1833 1453 inveniri
1865 1394 2062 1466 potuit,

441 1512 573 1586 quin
597 1511 652 1565 in
678 1507 828 1564 omni
858 1506 980 1560 loco
1006 1499 1248 1557 vindicta
1309 1493 1524 1551 Domini
1560 1506 1729 1561 super
1748 1504 1844 1544 eos
1865 1488 2049 1541 mani-

439 1580 578 1662 feste
608 1598 898 1664 maneret;
934 1597 1009 1651 ita
1055 1594 1227 1649 etiam
1269 1598 1329 1645 ut
1386 1603 1497 1643 non
1557 1595 1680 1657 post
1710 1582 1910 1636 multos
1936 1580 2055 1635 dies

441 1713 602 1772 reges
631 1709 822 1750 eorum
889 1695 943 1743 et
996 1687 1277 1759 principes
1334 1675 1722 1750 comprehensi
1760 1681 1815 1772 et
1845 1672 1913 1725 ad
1952 1671 2057 1724 [la-

442 1763 715 1842 tisbonam
786 1776 1056 1850 perducti,
1117 1774 1175 1828 in
1219 1768 1581 1846 ignominiam
1627 1763 1811 1839 gentis
1840 1777 2053 1826 eorum,

443 1891 566 1930 cum
594 1867 914 1926 aliismultis
924 1880 1117 1921 eorum
1132 1855 1690 1932 comprovincialibus
1706 1852 1946 1925 equuleo
1963 1867 2059 1905 su-

446 1961 807 2036 spenderunt.

516 2051 658 2106 Xlll.
688 2050 804 2103 Rex
833 2052 1015 2102 autem
1048 2042 1168 2097 Otto
1201 2037 1505 2111 potentiam
1563 2035 1619 2088 in
1673 2034 1784 2088 Deo
1834 2039 2052 2094 tenens,

446 2143 740 2199 Heuricum
759 2137 976 2192 fratrem
1005 2148 1165 2186 suum
1198 2127 1520 2200 potestativa
1539 2141 1707 2178 manu
1739 2123 1805 2203 in_
1826 2136 2056 2197 regnum

446 2232 809 2299 confirmavit,
833 2237 888 2285 et
916 2226 1103 2298 ipsein
1129 2222 1417 2279 Saxoniam
1432 2220 1630 2287 victor,
1662 2218 1803 2273 sicut
1822 2216 2056 2281 solebat,

445 2329 839 2389 revertebatur.
892 2320 1257 2378 Venerandus
1324 2321 1508 2370 autem
1567 2312 1861 2383 episcOpus
1895 2307 2059 2363 Udal-

450 2426 616 2490 ricus,
647 2438 770 2478 cum
793 2435 886 2474 rex
930 2416 999 2472 ab
1027 2416 1272 2485 Augusta
1320 2407 1652 2470 discederet,
1677 2404 1809 2459 abiit
1842 2402 1909 2456 ad
1942 2401 2064 2456 loca

448 2517 546 2574 ubi
584 2514 794 2570 bellum
822 2517 1105 2583 peractum
1137 2511 1241 2569 est,
1280 2515 1536 2573 quaarens
1562 2497 1885 2569 praedictum
1918 2494 2065 2548 Diet-

448 2609 675 2665 baldum
733 2604 955 2659 fratrem
1007 2614 1168 2654 suum
1224 2602 1279 2650 et
1354 2590 1597 2648 nobilem
1656 2585 2061 2662 Reginboldum

448 2701 625 2756 filium
656 2695 861 2753 sororis
885 2708 997 2748 suae
1016 2691 1145 2761 (47),
1171 2694 1226 2743 et
1250 2685 1541 2742 inveniens
1569 2697 1666 2736 eos
1682 2680 1750 2734 ad
1769 2683 2062 2754 Augustam

449 2789 725 2866 perduxit,
757 2796 813 2843 et
840 2786 896 2840 in
925 2781 1218 2839 ecclesiam
1271 2777 1484 2832 Sanctae
1522 2772 1707 2828 Maria:
1738 2770 2064 2866 ante‘altare

446 2860 651 2942 sancta
689 2879 1000 2950 Walpurgaa
1038 2871 1268 2946 virginis
1297 2870 1352 2923 in
1383 2867 1515 2923 sede
1541 2865 1707 2921 unius
1771 2861 1925 2934 taphi
1957 2860 2066 2932 (48)

447 2976 642 3033 ambos
672 2971 911 3027 ﬁdeliter
957 2964 1230 3037 sepelivit.
1264 2962 1357 3016 llis
1404 2960 1498 3025 ita,
1547 2957 1689 3013 sicut
1722 2954 2067 3026 praelibatum

447 3075 552 3131 est,
582 3059 840 3134 peractis,
904 3056 1220 3127 episcOpus,
1278 3047 1529 3121 quamvis
1581 3045 1766 3099 multis
1823 3042 2068 3097 adversis

450 3156 711 3230 fatigatus
732 3150 946 3215 fuisset,
997 3147 1139 3201 sicut
1166 3138 1557 3230 optimegomni
1594 3135 1836 3208 speranti
1866 3135 1924 3189 in
1955 3134 2065 3188 Deo

451 3226 634 3310 decet,
667 3242 828 3296 home
884 3230 1278 3291 consolationis
1320 3226 1575 3284 effectum
1603 3239 1911 3291 assumens,
1939 3238 2065 3279 cum

451 3333 568 3390 suis
617 3333 953 3404 pertractare
991 3321 1158 3392 coepit
1196 3318 1432 3391 qualiter
1462 3312 1808 3370 imminentia
1868 3312 2068 3366 damna

455 3401 740 3497 aptissime
795 3429 1060 3488 superare
1116 3409 1404 3482 potuisset.
1460 3406 1521 3497 ln
1577 3401 1775 3497 primis
1833 3401 2071 3473 qualiter

455 3495 830 3588 depraedatam
899 3502 1381 3580 congregationem
1458 3495 1783 3552 clericorum
1839 3498 2068 3548 susten-

457 3583 617 3671 taret,
640 3601 709 3656 ad
740 3594 1083 3668 implendum
1130 3586 1502 3644 ministerium
1534 3583 1921 3656 quotidianum
1953 3596 2069 3636 ser-

456 3700 577 3757 vitii
604 3695 777 3753 Deiin
815 3689 1073 3755 ecclesia,
1128 3684 1339 3740 sciebat
1386 3680 1534 3736 enim
1566 3694 1663 3734 eos
1694 3677 1901 3733 cibaria
1959 3690 2071 3730 non

453 3791 682 3858 habere,
705 3794 762 3843 et
790 3784 918 3839 ideo
955 3796 1079 3836 cum
1131 3776 1216 3853 his
1245 3790 1392 3847 quae,
1439 3773 1558 3842 ipse
1587 3769 1667 3824 sic
1705 3767 2073 3838 deprmdatus,

457 3885 663 3941 habere
695 3877 896 3951 potuit,
927 3883 983 3929 et
1011 3886 1133 3944 quae
1171 3885 1202 3923 a
1231 3864 1517 3922 benevolis
1567 3860 1786 3933 populis
1815 3859 1865 3915 ei
1896 3860 2075 3914 trans-

460 3981 630 4036 missa
652 3985 781 4033 sunt
807 3981 863 4028 et
905 3970 1109 4031 oblata,
1142 3964 1364 4020 assidue
1410 3961 1464 4015 in
1518 3974 1617 4014 sua
1649 3956 1949 4029 praesentia
1980 3971 2076 4011 eos

457 4067 762 4125 secundum
839 4075 993 4116 suam
1055 4053 1368 4111 facultatem
1438 4047 1702 4103 mandere
1762 4054 1818 4101 et
1880 4045 2072 4100 bibere

459 4161 608 4224 fecit,
631 4165 687 4215 et
734 4150 1070 4212 omnimodis
1123 4143 1410 4215 adjutoriis
1463 4139 1751 4205 stabilivit,
1802 4154 1869 4193 co
1896 4152 2072 4209 usque

458 4251 589 4305 dum
619 4264 684 4303 ex
729 4238 1042 4311 semetipsis
1084 4229 1510 4305 deprmdationis
1541 4227 1818 4282 miseriam
1858 4232 2072 4296 tempe-

459 4345 738 4406 raverunt,
783 4343 839 4390 et
906 4333 1029 4387 loca
1085 4342 1276 4382 eorum
1340 4340 1404 4378 ex
1473 4322 1668 4376 iterata
1726 4317 2072 4373 laboratione

457 4423 876 4486 sustentationis
903 4415 1215 4474 subsidium
1239 4412 1541 4467 attulerunt
1573 4427 1585 4463 :
1614 4424 1714 4463 sua
1735 4414 1920 4462 autem
1952 4406 2074 4460 loca
2094 4421 2148 4488 D

462 4517 688 4595 ignibus
712 4517 903 4569 exusta
919 4518 975 4564 et
1003 4501 1347 4574 consumptis
1394 4498 1648 4573 frugibus
1689 4497 1746 4551 in
1775 4495 2073 4552 desolatio-

462 4588 590 4669 nem
618 4609 856 4671 redacta,
879 4598 1141 4658 studiosis
1165 4595 1446 4651 laboribus
1474 4592 1529 4646 in
1560 4591 1705 4667 agris
1738 4598 1792 4645 et
1829 4588 2078 4644 aedificiis

460 4714 728 4758 renovare
752 4692 1022 4768 praecipit,
1054 4685 1356 4743 strenuitas
1376 4688 1556 4738 autem
1589 4678 1811 4734 familiae
1834 4676 2073 4749 jussioni

460 4796 582 4867 ejus
614 4789 881 4864 paren-lo,
921 4785 1002 4839 sic
1059 4780 1369 4845 inchoabat,
1427 4783 1481 4831 et
1527 4788 1784 4867 congruo
1825 4778 2074 4867 tempore

458 4860 711 4944 utilitatis
741 4896 863 4948 usu,
894 4882 1161 4950 quantum
1188 4868 1526 4943 possibilitas
1554 4863 1888 4930 sufficiebat,
1911 4860 2075 4916 resti-

458 4980 579 5043 tuit,
606 4973 903 5031 Ecclesiam
950 4975 1133 5024 autem
1164 4965 1374 5020 Sanctae
1427 4959 1586 5026 Afrae,
1619 4973 1741 5029 quae
1773 4972 1805 5011 a
1842 4953 2075 5029 paganis

461 5069 640 5125 fuerat
683 5067 943 5122 cremata,
998 5057 1179 5111 adhuc
1230 5049 1563 5107 rezedificata
1618 5063 1729 5103 non
1778 5050 1917 5113 erat,
1976 5043 2075 5098 sed

460 5156 740 5231 tugurium
788 5147 1067 5227 glossibus
1110 5144 1214 5214 (49)
1243 5146 1465 5231 tectum
1527 5136 1737 5231 altaria
1767 5135 1837 5190 ab
1880 5132 2076 5231 imbri-

461 5221 566 5301 bus
594 5251 649 5300 et
673 5221 1111 5312 intemperiebus
1159 5229 1496 5286 defendebat
1542 5225 1897 5297 ;sepulcrum
1931 5221 2075 5276 Sim-

462 5337 607 5414 perti
636 5331 907 5407 episcopi,
942 5330 997 5383 in
1030 5327 1189 5382 thoro
1209 5322 1366 5393 juxta
1390 5319 1594 5396 gradus
1624 5318 1832 5414 _situm,
1882 5314 2074 5414 adhuc

458 5408 580 5490 sine
603 5435 746 5484 tecto
775 5421 1138 5480 remanebat:
1173 5417 1241 5472 de
1281 5415 1440 5483 cujus
1483 5411 1831 5484 operimento
1881 5410 1937 5463 in
1988 5408 2071 5463 vi-

458 5522 616 5578 sione
660 5512 997 5578 admonitus,
1048 5508 1215 5584 lignis
1270 5520 1418 5560 more
1467 5500 1717 5573 operculi
1775 5506 1890 5554 arte
1941 5512 2076 5555 con-

529 5649 638 5718 (46)
671 5648 776 5713 AL,
810 5641 1180 5718 Davariorum.

529 5715 638 5790 (47)
658 5715 986 5790 Luitgardae.

2148 578 2287 633 Afrae
2335 577 2674 633 retediﬁcare
2704 594 2815 632 non
2861 578 3121 632 tardaret.
3187 577 3263 631 De
3306 578 3467 649 cujus
3496 578 3787 633 instaura-

2151 668 2301 721 tione
2357 683 2480 722 cum
2522 667 2830 736 saepissime
2868 672 3130 721 tractaret
3177 667 3427 737 qualiter-
3461 682 3790 740 coagmen-

2153 756 2364 811 tissime
2394 755 2512 810 fieri
2545 755 2830 825 potuisset,
2865 762 2919 810 et
2946 754 3184 826 qualiter
3209 756 3314 810 sub
3342 756 3629 826 positione
3660 772 3789 828 cry-

2155 858 2260 920 ptae
2290 848 2617 903 orientalem
2671 849 2892 923 plagam
2959 848 3209 904 ecclesia
3246 849 3789 904 convenientissime

2154 940 2459 1005 decoraret,
2497 946 2552 994 et
2582 940 2766 994 nullus
2830 939 3185 994 certitudinis
3245 938 3475 995 effectus
3506 941 3560 994 ei
3601 941 3793 995 animo

2153 1029 2489 1100 irrepsisset,
2547 1028 2827 1084 continuis
2883 1028 3232 1084 orationibus
3282 1038 3337 1082 et
3387 1028 3626 1097 jejuniis
3656 1045 3790 1083 cum

2152 1120 2472 1176 domesticis
2537 1130 2592 1175 et
2643 1120 2920 1195 religiosis
2995 1120 3355 1191 presbyteris,
3414 1120 3791 1175 devotissimc

2154 1210 2591 1265 misericordiam
2645 1210 2739 1265 Dei
2793 1216 3007 1264 secreto
3050 1208 3343 1280 deprecari
3395 1209 3568 1280 coepit
3620 1216 3683 1264 ut
3738 1210 3794 1263 ei

2153 1305 2554 1353 monstraretur
2583 1299 2737 1352 locus
2759 1297 2813 1351 in
2832 1313 2942 1369 quo
2972 1313 3174 1367 corpus
3195 1304 3398 1352 sancta:
3440 1297 3582 1352 Afrae
3609 1298 3797 1353 collo-

2166 1395 2344 1444 catum
2386 1388 2600 1453 fuisset,
2631 1397 2685 1443 et
2713 1386 2759 1443 si
2787 1396 3034 1459 cryptam
3067 1388 3122 1442 in
3155 1404 3223 1443 eo
3246 1389 3368 1444 loco
3398 1389 3494 1443 ubi
3529 1389 3797 1443 voluntas

2154 1479 2275 1547 ejus
2303 1478 2637 1550 complacuit
2666 1478 2747 1533 fas
2792 1493 3129 1548 componere
3168 1485 3438 1533 maneret.
3487 1478 3554 1534 Ut
3580 1480 3798 1534 oratio-

2156 1586 2280 1626 nem
2314 1571 2434 1639 ejus
2462 1578 2518 1626 et
2571 1570 2848 1640 jejunium
2900 1570 2969 1624 ad
3024 1586 3187 1625 aures
3236 1570 3453 1626 Domini
3495 1571 3797 1641 pervenire

2158 1662 2387 1717 dubium
2422 1679 2532 1717 non
2582 1668 2750 1729 esset,
2817 1662 3126 1717 secundum
3182 1663 3559 1718 cantationem
3599 1664 3785 1718 sancti

2081 1707 2133 1774 B
2160 1749 2327 1805 David
2361 1752 2649 1822 pr0phctm
2676 1768 2689 1803 :
2717 1707 2850 1806 iicce
2872 1751 3015 1805 oculi
3052 1751 3272 1805 Domini
3296 1764 3460 1819 super
3488 1749 3701 1819 justas,
3742 1755 3796 1804 α

2158 1860 2315 1899 aures
2338 1846 2454 1915 ejus
2486 1848 2544 1899 in
2583 1860 2766 1915 preces
2823 1860 3007 1900 eorum
3045 1846 3211 1913 (Psal.
3269 1846 3478 1913 χχχιιι),
3546 1844 3793 1914 quadam

2159 1942 2318 1992 nocte
2349 1936 2405 1990 in
2439 1936 2555 1991 visu
2597 1937 2649 1991 ei
2678 1937 2876 1992 Sancta
2891 1935 3027 1991 Afra
3052 1936 3330 2007 apparuit,
3361 1942 3417 1990 et
3448 1936 3633 1991 locum
3667 1936 3794 1991 col—

2157 2012 2445 2084 locationis
2469 2029 2715 2100 corporis
2744 2029 2884 2098 ejus,
2916 2028 3061 2084 sicut
3111 2028 3171 2082 in
3221 2027 3493 2098 scriptura
3512 2028 3800 2099 passionis

2159 2119 2280 2189 ejus
2308 2127 2390 2175 est
2410 2121 2694 2190 scriptum,
2747 2120 2817 2174 ab
2873 2120 3112 2193 Augusta
3150 2118 3370 2175 civitate
3420 2118 3477 2172 in
3540 2119 3796 2174 secundo

2160 2211 2418 2267 milliario
2462 2212 2519 2266 in
2567 2212 2806 2267 ecclesia
2832 2210 3174 2267 monstravit.
3227 2209 3481 2280 Cryptam
3512 2217 3699 2264 autem
3736 2211 3797 2264 in

2163 2303 2546 2372 praedestinato
2576 2304 2696 2358 loco
2725 2301 2843 2357 fieri
2869 2301 3175 2372 prohibuit,
3204 2307 3433 2370 propter
3461 2309 3793 2355 sanctorum

2164 2390 2448 2462 reliquias,
2479 2407 2601 2463 quae
2630 2391 2688 2445 in
2716 2390 2811 2446 illo
2838 2391 2958 2446 loco
2978 2389 3036 2444 in
3068 2388 3262 2460 requie
3285 2387 3434 2443 diem
3465 2397 3799 2459 exspectare

2164 2479 2371 2536 debent
2393 2480 2610 2550 judicii.
2643 2479 2753 2535 Hac
2816 2479 3152 2537 revelatione
3182 2478 3484 2550 perdoctus
3511 2480 3651 2551 quid
3680 2480 3795 2534 sibi

2165 2578 2315 2627 esset
2346 2569 2684 2637 faciendum,
2712 2585 2900 2624 muros
2923 2585 2988 2624 ex
3016 2568 3255 2623 maxima
3286 2576 3441 2640 parte
3469 2569 3539 2624 ab
3570 2570 3803 2643 ignibus

2164 2659 2451 2731 depositos
2478 2674 2603 2713 cum
2631 2674 2828 2730 magna
2868 2656 3222 2713 festinatione
3271 2657 3613 2714 reatdificare
3640 2658 3798 2726 fecit,

2166 2761 2220 2810 et
2246 2753 2416 2826 priori
2446 2748 2727 2809 altitudini
2768 2768 3085 2807 mensuram
3117 2752 3284 2807 unius
3312 2752 3485 2808 cubiti
3512 2769 3799 2825 superpo-

2165 2845 2294 2914 suit,
2352 2853 2650 2916 cryptaque
2716 2843 3043 2917 congruenti
3096 2843 3497 2898 occidentalem
3574 2852 3796 2915 partem

2167 2937 2416 2994 ecclesiae
2441 2937 2743 3002 decoravit,
2799 2951 2966 3007 super
3018 2933 3254 2990 aediﬁcia
3282 2935 3338 2990 in
3365 2951 3464 2991 sua
3492 2937 3806 3007 praesentia

2168 3038 2325 3085 caute
2344 3035 2679 3095 mensurata,
2713 3043 2932 3083 summo
2961 3026 3142 3083 studio
3158 3026 3409 3082 incidere
3434 3035 3488 3081 et
3514 3028 3809 3083 adducere

2169 3122 2451 3193 praecepit,
2479 3129 2538 3177 et
2562 3137 2674 3177 non
2706 3120 2945 3176 tardavit
2982 3120 3161 3175 donec
3214 3119 3544 3175 imbricibus
3571 3136 3699 3175 eam
3736 3136 3807 3175 ex

2167 3220 2281 3269 toto
2312 3211 2619 3285 occperuit,
2671 3219 2728 3267 et
2755 3211 2987 3267 interius
3013 3211 3189 3266 aedem
3219 3211 3469 3267 ecclesiae
3495 3210 3809 3282 laqueariis

2166 3305 2406 3370 vestivit,
2447 3312 2502 3360 et
2551 3303 2737 3360 lucida
2776 3302 2990 3375 pictura
3037 3302 3335 3363 decoravit.
3379 3309 3435 3358 et
3466 3312 3808 3357 ornamenta

2169 3396 2437 3465 ecclesiae,
2460 3412 2583 3468 quae
2614 3402 2838 3468 propter
2857 3394 3125 3451 barbaros
3160 3394 3220 3449 in
3249 3394 3529 3450 civitatem
3573 3393 3806 3449 fuerant

2172 3489 2480 3560 deportata,
2511 3495 2568 3544 et
2624 3487 2682 3543 in
2736 3487 2950 3544 matrici
2986 3487 3225 3543 ecclesia
3280 3494 3521 3555 servata,
3582 3487 3807 3543 restitui

2171 3580 2320 3636 fecit.

2240 3668 2371 3725 XIV.
2404 3668 2575 3735 Quam
2607 3668 2666 3723 in
2730 3683 2929 3743 magna
2982 3667 3372 3724 observatione
3402 3667 3499 3722 Dei
3529 3667 3625 3722 ille
3650 3667 3808 3724 locus

2177 3757 2461 3813 orientalis
2490 3757 2662 3829 partis
2702 3757 2951 3813 ecclesias
2998 3772 3220 3828 semper
3271 3763 3495 3812 maneat
3523 3757 3700 3813 certis
3737 3757 3807 3812 sit

2178 3846 2400 3902 indiciis
2429 3845 2861 3913 manifestatum,
2913 3845 3003 3901 hic
3042 3845 3178 3900 mihi
3229 3861 3541 3921 congruum
3584 3846 3807 3902 videtur

2177 3936 2480 3990 innectere.
2542 3933 2773 3998 Quidam
2813 3933 3140 3989 hortulanus
3198 3933 3425 3990 nomine
3454 3933 3805 4005 Adelpoldus

2177 4027 2252 4081 ibi
2280 4026 2689 4082 deambulando
2717 4025 2865 4081 inter
2908 4024 3158 4097 gramina
3210 4024 3533 4095 speluncam
3567 4025 3804 4091 invenit,

2175 4116 2230 4170 in
2258 4133 2423 4188 quam
2454 4116 2663 4170 intrans
2687 4114 2981 4171 formosam
3029 4113 3318 4169 aediculam
3348 4113 3452 4168 sub
3487 4121 3643 4169 terra
3672 4132 3799 4170 mu-

2174 4216 2344 4264 ratam
2365 4209 2672 4280 conspexit,
2705 4216 2760 4264 et
2801 4208 3033 4264 veniens
3063 4206 3335 4262 nuntiavit
3374 4208 3676 4279 episcopo,
3711 4209 3799 4263 di-

2173 4314 2342 4354 cens:
2372 4319 2392 4347 α
2424 4298 2484 4352 In
2510 4296 2755 4357 hocloco
2771 4311 2992 4367 possum
3016 4295 3305 4351 oleramea
3326 4303 3381 4350 et
3409 4293 3523 4350 alia
3536 4311 3808 4351 necessa-

2176 4387 2255 4442 ria
2266 4401 2556 4457 reponere.
2575 4409 2597 4430 ι»
2622 4384 2717 4440 Cui
2736 4384 2828 4439 ille
2850 4384 3135 4455 respondit
3160 4383 3793 4451 denuntiando,dicens:

2182 4500 2205 4528 «
2224 4478 2276 4532 Si
2305 4478 2408 4533 hoc
2434 4476 2587 4544 facis,
2615 4492 2837 4531 sensum
2855 4484 2909 4530 et
2929 4475 3250 4546 sospitatem
3274 4475 3657 4530 membrorum
3687 4483 3809 4530 tuo-

2178 4584 2299 4623 rum
2329 4575 2381 4621 te
2397 4566 2632 4637 perdere
2663 4563 2893 4619 dubium
2924 4579 3037 4619 non
3061 4571 3161 4619 est.
3191 4586 3218 4614 ιο
3258 4562 3595 4618 Hortulanus
3619 4570 3809 4618 autem

2177 4655 2358 4711 verbis
2372 4652 2621 4725 episcOpi
2660 4668 2771 4708 non
2801 4652 3055 4721 credens,
3086 4652 3210 4706 sine
3241 4651 3363 4721 ejus
3392 4649 3624 4705 licentia
3658 4667 3811 4722 pra:-

2178 4751 2312 4806 fatas
2339 4749 2508 4804 resin
2557 4747 2809 4803 eamdem
2860 4746 3142 4818 speculam
3200 4759 3545 4817 congregare
3579 4746 3802 4816 coepit;

2176 4848 2281 4902 hoc
2310 4844 2562 4901 faciendo
2592 4858 2815 4898 sensum
2860 4857 2983 4896 cum
3038 4839 3229 4895 auditu
3278 4847 3332 4894 et
3360 4838 3485 4894 visu
3529 4839 3804 4910 perdidit.

2177 4942 2483 4998 Hocautem
2514 4955 2635 4995 cum
2692 4937 2956 5009 episcopo
3016 4935 3327 4991 nuntiatum
3371 4933 3591 4999 fuisset,
3632 4935 3815 5003 jussit

2175 5038 2375 5095 adduci
2396 5037 2501 5093 sibi
2531 5036 2964 5102 hortulanum,et
2988 5033 3123 5089 dixit
3147 5032 3235 5088 ei:
3271 5056 3293 5080 ιι
3329 5032 3815 5102 Quareoccupare

2174 5126 2399 5182 voluisti
2455 5125 2607 5180 illum
2655 5132 2906 5180 sanctum
2964 5123 3169 5186 locum,
3227 5120 3552 5193 spernendo
3610 5137 3817 5177 meum

2177 5223 2514 5289 praeceptum
2539 5214 2567 5268 Ὺ
2595 5236 2617 5266 ι)
2649 5214 2746 5269 Cui
2764 5215 2878 5281 ille,
2901 5214 3152 5287 quamvis
3175 5228 3341 5269 sensu
3368 5219 3587 5268 careret
3613 5212 3820 5268 :cNon

2176 5312 2526 5380 inticior,ait;
2545 5310 2660 5367 scio
2693 5311 2841 5366 enim
2860 5310 3009 5383 quod
3032 5325 3131 5382 pro
3150 5309 3243 5365 illo
3265 5315 3441 5375 reatu,
3473 5308 3622 5379 quod
3645 5324 3823 5364 man-

2171 5409 2313 5464 datis
2344 5407 2451 5462 tuis
2480 5421 2591 5462 non
2622 5403 2864 5467 obedivi,
2921 5404 3080 5459 istam
3116 5401 3531 5459 tribulationem
3564 5402 3817 5458 incurri.

2177 5497 2341 5568 Cujus
2353 5495 2799 5553 tribulationibus
2812 5494 3122 5551 benevolus
3139 5493 3441 5565 episcopus
3464 5492 3819 5559 condolens,

2249 5626 2357 5698 (48)
2388 5623 2657 5698 Sepulcri.

2250 5694 2363 5768 (49)
2387 5694 2488 5752 Pro
2515 5694 2813 5752 scandulis.
