4042 6156
215 297 341 354 103⁸7

1797 279 1967 335 νιΤΑ.

3414 297 3552 354 1038

216 423 604 498 indulgentiam
635 421 684 476 ei
701 435 825 475 cum
861 417 1249 474 benedictione
1279 415 1513 479 donans,
1545 416 1655 469 Deo
1678 427 1820 467 con-
1846 409 1904 480 Α
1930 407 2021 462 His
2049 406 2234 462 verbis
2266 413 2503 482 expletis
2530 416 2828 487 episcopus
2857 420 3142 487 remeavit,
3175 425 3228 475 et
3255 426 3551 492 antequam

215 519 460 582 cedente,
485 513 708 569 sanitati
740 510 995 565 restituit.
1020 509 1267 563 Mirabile
1301 507 1482 562 dictu!
1511 506 1600 560 ille
1629 507 1826 560 hortu-

215 611 366 664 lanus
387 612 580 678 postea
605 603 752 656 illam
805 600 1129 670 speluncam
1177 600 1329 653 nullo
1367 597 1531 652 modo
1579 595 1828 650 invenire

215 697 408 768 potuit.
434 695 628 749 Postea
660 695 842 745 autem
873 689 1171 759 episc0pus
1202 686 1622 758 pollinctoribus
1649 699 1828 739 accer-

215 786 350 851 citis,
393 785 451 838 in
482 780 704 836 australi
737 784 894 849 parte
932 777 1222 832 exterioris
1276 775 1418 829 muri
1458 774 1706 829 ecclesia:
1743 789 1832 826 se-

215 877 460 949 pulcrum
517 874 620 930 sibi
667 872 859 927 fodere
910 876 963 924 et
1011 869 1254 924 exterius
1302 884 1456 923 muro
1487 869 1730 942 cingere;
1778 872 1831 919 et

215 973 466 1038 perrupto
525 977 679 1018 muro
718 960 969 1016 ecclesiae
1021 975 1207 1014 arcum
1267 967 1534 1013 muratum
1594 959 1836 1029 desuper

214 1072 434 1114 curvare
468 1051 748 1126 prmcepit,
801 1060 856 1104 et
894 1065 1075 1104 arcam
1132 1056 1312 1120 aptam
1373 1065 1704 1120 componere
1765 1048 1833 1102 ad

214 1144 639 1218 cooperiendum
670 1155 872 1210 corpus
904 1140 958 1192 in
1009 1139 1288 1207 sepulcro,
1331 1145 1383 1192 et
1414 1138 1638 1208 insuper
1662 1137 1830 1192 tabu-

215 1244 378 1296 latum
419 1240 672 1302 densum,
724 1235 892 1308 longo
950 1241 1202 1303 tempore
1264 1232 1622 1303 imputribile,
1679 1238 1836 1285 cauta

218 1331 609 1402 conjunctione
645 1327 883 1381 vinctum
915 1325 1222 1396 superponi
1255 1326 1514 1380 decrevit.
1564 1325 1654 1378 His
1697 1339 1838 1394 prae-

218 1419 592 1492 parationibus
668 1417 1054 1487 exsequiarum
1161 1432 1382 1470 suarum
1487 1415 1832 1486 perpetratis,

220 1516 369 1574 omni
412 1511 762 1569 hebdomada
818 1509 1021 1564 dehinc
1051 1509 1232 1579 ipsum
1268 1510 1444 1564 locum
1480 1509 1569 1561 die
1612 1507 1840 1561 Veneris

219 1609 460 1674 visitare,
516 1611 571 1659 et
618 1603 694 1657 ibi
747 1601 955 1657 hostias
1007 1600 1294 1656 immolare
1345 1608 1648 1655 consuetus
1703 1606 1838 1664 erat,

221 1701 266 1756 si
297 1699 405 1754 alia
438 1698 620 1768 aliqua
651 1695 700 1749 ei
728 1693 1018 1764 occupatio
1057 1692 1144 1747 vel
1187 1691 1439 1746 absentia
1480 1689 1844 1760 impedimen-

223 1801 334 1845 tum
383 1802 494 1842 non
536 1784 680 1839 fecit.
716 1785 930 1837 Interea
958 1796 1090 1836 vero
1130 1782 1226 1836 Dei
1257 1781 1500 1836 donante
1549 1779 1841 1834 clementia

224 1883 352 1936 istas
391 1879 647 1952 regiones
690 1873 987 1930 concordia
1026 1874 1178 1944 pacis
1206 1873 1532 1936 illustrabat,
1576 1878 1630 1925 et
1667 1871 1843 1925 bene-

226 1971 376 2025 volas
396 1973 612 2022 mentes
633 1966 788 2021 turba
820 1963 1269 2035 persecutionum
1303 1979 1334 2014 a
1366 1961 1460 2014 Dei
1482 1960 1708 2014 servitio
1731 1975 1842 2013 non

227 2057 578 2130 prohibebat,
632 2054 756 2108 ideo
789 2053 907 2123 ipse
967 2051 1194 2105 Romam
1225 2067 1457 2125 pergere
1494 2050 1756 2116 decrevit,
1790 2057 1845 2103 et

227 2152 352 2205 illuc
383 2147 620 2204 feliciter
645 2144 914 2216 pervenit,
958 2143 1260 2215 liminaque
1300 2143 1586 2197 beatorum
1612 2148 1841 2213 aposto-

229 2246 403 2298 lorum
462 2239 602 2294 Petri
654 2244 705 2291 et
740 2236 892 2290 Pauli
953 2235 1266 2290 devotionis
1322 2235 1508 2290 studio
1563 2233 1848 2288 humiliter

232 2330 490 2394 visitavit,
524 2327 714 2398 ibique
756 2324 1016 2397 precibus
1047 2324 1308 2394 profusis,
1340 2323 1849 2395 eleemosynarum-

230 2440 336 2495 que
383 2420 632 2492 largitate
671 2417 1014 2489 pauperibus
1067 2415 1406 2485 dispensata,
1471 2415 1538 2470 ab
1598 2415 1850 2469 Alberico

234 2511 487 2582 principe
520 2509 887 2562 Romanorum
926 2503 1235 2561 honoriﬁce
1276 2510 1564 2575 susceptus
1614 2509 1717 2568 est,
1751 2503 1855 2558 fre-

232 2598 536 2670 quentique
563 2595 870 2649 ministerio
899 2602 954 2650 et
973 2594 1252 2649 oblatione
1281 2593 1610 2657 cumulatus,
1645 2592 1856 2664 aliquot

233 2687 354 2741 dies
397 2685 473 2739 ibi
524 2685 864 2755 perduravit.
911 2682 1154 2753 Cumque
1185 2681 1262 2736 ibi
1293 2682 1560 2736 morando
1595 2681 1858 2752 reliquias

232 2784 551 2834 sanctorum
603 2794 662 2832 se
713 2777 852 2832 velle
912 2790 1229 2845 comparare
1283 2775 1599 2839 indicasset,
1633 2774 1855 2844 quidam

235 2870 474 2926 clericus
501 2869 587 2935 [ad
623 2884 748 2922 eum
779 2868 1025 2932 veniens,
1070 2865 1325 2936 perduxit
1363 2882 1489 2920 eum
1546 2867 1602 2920 in
1635 2866 1860 2920 silentio

239 2959 418 3016 noctis
450 2958 543 3012 ubi
583 2964 749 3028 caput
777 2957 961 3011 Sancti
992 2955 1210 3009 Abundi
1240 2956 1493 3026 martyris
1538 2956 1595 3010 in
1623 2943 1858 3027 quadam

237 3051 477 3109 ecclesia
507 3050 666 3106 altari
688 3051 963 3105 inclusum
991 3049 1335 3115 servabatur,
1359 3049 1516 3116 cujus
1544 3049 1862 3120 passionem

237 3145 290 3199 ei
319 3143 644 3209 ostendens,
678 3148 734 3195 et
772 3148 936 3212 caput
982 3147 1346 3210 pmsentans,
1396 3148 1742 3197 sacramento
1772 3141 1864 3195 ﬁr-

243 3237 494 3291 mitatem
523 3233 653 3288 fecit
681 3249 849 3303 super
879 3232 1164 3304 reliquias,
1184 3248 1320 3302 quas
1349 3232 1645 3303 episc0pus
1676 3250 1865 3289 secum

246 3326 527 3388 attulerat,
564 3323 814 3392 ejusdem
863 3322 1080 3376 Abundi
1128 3329 1294 3392 caput
1335 3337 1456 3375 esse
1495 3322 1653 3390 cujus
1683 3324 1869 3393 passio

253 3418 681 3492 praesentialiter
712 3416 810 3471 fuit
855 3417 1114 3487 perlecta.
1159 3414 1291 3470 Cum
1329 3421 1509 3470 autem
1551 3433 1874 3472 sacramen—

259 3522 373 3565 tum
390 3518 671 3580 peractum
688 3506 932 3561 audisset
955 3507 1271 3577 episcopus,
1289 3505 1545 3576 placitam
1567 3507 1880 3561 mercedem

254 3602 462 3658 clerico
503 3600 754 3666 donavit,
799 3606 1073 3670 caputque
1129 3597 1301 3652 sancti
1333 3597 1551 3652 Abundi
1581 3598 1882 3669 accipiens,

259 3693 329 3746 ad
375 3694 671 3766 Augustam
704 3705 892 3743 secum
938 3689 1261 3759 reportavit,
1293 3687 1484 3758 ibique
1529 3689 1597 3743 ad
1628 3689 1886 3744 consola-

259 3788 472 3841 tionem
491 3787 790 3840 multorum
812 3785 1052 3858 gloriose
1083 3785 1325 3840 inclusit.
1347 3784 1741 3839 Monasterium
1757 3798 1888 3838 vero

263 3879 447 3933 Sancti
482 3878 615 3932 Galli
658 3877 752 3931 ubi
783 3877 871 3931 ille
911 3877 1174 3932 scientias
1205 3877 1516 3932 litterarum
1558 3876 1736 3930 fuerat
1765 3892 1894 3947 per-

268 3972 468 4026 doctus
515 3970 736 4025 assidue
787 3969 1049 4036 visitavit,
1123 3969 1313 4039 ibique
1374 3969 1486 4024 Deo
1529 3968 1897 4022 militantibus

274 4061 575 4116 crnnobitis
623 4060 934 4115 convivium
968 4058 1116 4116 fecit.
1153 4065 1205 4112 et
1233 4059 1364 4112 inde
1395 4059 1462 4112 ad
1503 4057 1695 4112 cellam
1724 4056 1896 4112 sancti

285 4152 585 4223 Meginardi
629 4151 889 4222 perrexit,
923 4151 990 4205 ad
1021 4150 1322 4205 videndum
1362 4165 1580 4203 servum
1626 4149 1723 4203 Dei
1769 4165 1899 4202 san-

287 4255 436 4302 ctum
500 4247 890 4313 Eberhardum,
926 4246 1155 4315 ejusque
1201 4244 1628 4299 necessitatibus
1682 4244 1904 4316 sibique

285 4337 556 4403 subjectis
587 4336 870 4391 monachis
923 4333 1362 4387 subveniendum
1397 4333 1453 4386 in
1481 4333 1908 4404 quibuscunque

289 4426 477 4496 potuit
504 4440 693 4478 eorum
734 4437 1068 4495 cognoscere
1115 4419 1472 4474 voluntatem.
1533 4420 1732 4474 Ultima
1778 4436 1908 4475 vero

289 4513 433 4579 vice,
453 4511 767 4565 Eberhardo
779 4511 1014 4572 vivente,
1040 4527 1162 4564 cum
1187 4509 1318 4564 inde
1331 4511 1588 4565 recedere
1607 4509 1908 4575 debuisset,

293 4601 512 4670 expleta
526 4598 863 4651 multimodze
881 4597 1236 4652 amabilitatis
1259 4598 1556 4665 locutione,
1573 4607 1913 4668 acceptoque

294 4708 419 4746 cum
452 4690 793 4746 orationibus
818 4689 874 4742 in
902 4690 1136 4744 ecclesia
1169 4690 1462 4759 permisso,
1497 4691 1564 4745 ad
1597 4690 1911 4744 vehiculum

295 4799 409 4838 sua:
437 4781 828 4852 reportationis
858 4798 1113 4855 egressus
1126 4791 1237 4847 est;
1267 4799 1501 4853 cumque
1526 4791 1746 4853 paratus
1773 4790 1918 4837 esset

299 4874 364 4927 ad
380 4871 750 4946 pergendum,
767 4877 902 4925 eteo
915 4871 1005 4926 die
1022 4880 1271 4926 sanctum
1293 4870 1666 4926 Eberhardum
1683 4873 1918 4942 amplius

299 4964 491 5020 videre
520 4979 628 5018 non
659 4971 895 5034 putaret,
929 4963 1115 5018 subito
1144 4971 1270 5033 post
1289 4980 1414 5018 eum
1432 4965 1588 5035 quasi
1608 4964 1918 5020 festinando

289 5056 582 5122 veniebat,
613 5062 664 5110 et
695 5055 884 5110 oscula
909 5055 1190 5110 charitatis
1218 5056 1445 5123 iterans,
1478 5072 1604 5111 cum
1636 5055 1917 5110 ﬂebilibus

290 5147 486 5203 oculis
538 5147 747 5202 aiebat:
798 5169 815 5195 ι
864 5147 936 5201 Ex
968 5147 1069 5201 hac
1096 5148 1230 5201 hora
1258 5148 1396 5202 ultra
1424 5164 1513 5201 me
1543 5162 1654 5201 non
1682 5145 1920 5211 videbis,

289 5240 490 5295 donec
541 5239 776 5309 exempti
842 5237 1170 5308 corporibus
1217 5239 1275 5292 in
1331 5238 1622 5308 praesentia
1678 5237 1774 5291 Dei
1827 5253 1926 5292 nos

285 5330 502 5386 videre
525 5328 882 5383 merebimur.
913 5351 927 5374 ι
961 5328 1126 5398 Cujus
1145 5327 1326 5382 verbis
1349 5328 1695 5398 respondens
1709 5327 1929 5397 episco-

289 5439 415 5496 pus
439 5420 608 5475 dixit:
658 5442 677 5471 α
723 5421 1050 5476 Dulcissime
1095 5421 1274 5487 Pater,
1308 5436 1458 5474 nunc
1509 5421 1617 5476 scis
1667 5436 1753 5474 me
1782 5428 1930 5475 certe

284 5515 421 5571 cito
441 5513 512 5567 de
528 5514 632 5568 hoc
644 5514 844 5568 saeculo
859 5529 980 5568 esse
998 5513 1359 5587 migraturum
1374 5513 1401 5566 ?
1425 5536 1450 5560 ιι
1474 5513 1566 5567 Cui
1583 5513 1672 5566 ille
1701 5527 1928 5582 respon-

279 5604 420 5659 dit:
472 5623 492 5652 ι
537 5603 686 5657 Finis
711 5603 890 5658 adhuc
912 5603 1035 5657 vitae
1063 5610 1171 5657 tuae
1205 5603 1302 5656 tibi
1331 5617 1442 5658 non
1475 5601 1746 5667 imminet,
1767 5601 1934 5655 verba

272 5699 505 5752 autem
535 5707 658 5763 quae
688 5691 788 5747 tibi
819 5709 966 5749 nunc
1004 5693 1118 5747 dixi
1147 5708 1275 5748 vera
1314 5708 1436 5748 esse
1479 5708 1586 5748 non
1620 5692 1860 5748 dubites.
1907 5713 1930 5744 ι

1929 498 2127 552 iterum
2158 502 2418 557 eamdem
2449 505 2643 560 cellam
2675 507 3004 577 revisitaret,
3041 509 3391 566 Eberhardus
3428 510 3556 566 feli-

1929 590 2066 645 citer
2095 590 2358 664 migravit
2398 612 2429 650 a
2455 598 2678 654 saeculo.

1999 691 2104 744 XV.
2167 691 2480 768 Regionem
2538 713 2757 769 quoque
2813 699 3254 774 Burgundiorum
3306 707 3556 770 tempore

1932 783 2040 837 alio
2099 782 2258 851 adiit,
2291 794 2350 840 ‘et
2382 787 2446 841 ad
2500 789 2906 861 Agaunensium
2965 789 3143 849 locum
3202 790 3294 845 ubi
3334 796 3558 844 sanctus

1934 871 2224 926 Mauritius
2257 890 2381 929 eum
2423 877 2538 936 suis
2581 879 2910 949 sequacibus
2953 887 3174 950 prepter
3204 894 3405 934 nomen
3458 881 3560 934 Do-

1937 959 2071 1014 mini
2101 965 2430 1033 martyrium
2464 967 2716 1037 sumpsit,
2767 983 2982 1041 magnae
3024 969 3346 1023 humilitatis
3375 968 3557 1022 studio

1934 1054 2194 1109 visitavit.
2220 1058 2322 1122 Qui
2351 1067 2511 1115 antea
2544 1077 2574 1114 a
2611 1076 2740 1132 rege
2765 1061 3215 1134 Burgundionum
3241 1060 3562 1132 promissio-

1936 1165 2066 1204 nem
2099 1153 2339 1222 accepit,
2371 1159 2429 1207 ut
2457 1171 2626 1210 unum
2661 1156 2727 1210 de
2757 1156 2962 1211 sanctis
2989 1157 3322 1227 martyribus
3351 1171 3417 1209 ex
3439 1155 3562 1224 ejus

1938 1241 2162 1297 datione
2192 1252 2248 1298 et
2273 1245 2544 1314 adjutorio
2579 1248 2708 1303 inde
2752 1248 2818 1303 ad
2852 1249 3147 1324 Augustam
3198 1247 3400 1303 referre
3440 1263 3562 1302 me-
3650 1259 3654 1262 ‘

1938 1339 2173 1386 reretur.
2233 1333 2451 1389 Etcum
2493 1336 2621 1390 illuc
2666 1336 2755 1391 die
2797 1336 3018 1391 Sabhati
3064 1337 3396 1408 perveniret,
3451 1351 3568 1390 mo-

1940 1421 2240 1476 nasterium
2292 1424 2506 1478 noviter
2533 1441 2563 1478 a
2595 1425 2911 1479 Sarracenis
2954 1431 3204 1481 exustum
3247 1425 3478 1489 invenit,
3511 1431 3568 1478 et

1942 1509 2152 1563 nullum
2199 1511 2270 1565 de
2305 1512 2701 1568 habitatoribus
2757 1514 2833 1567 ibi
2875 1515 3181 1586 conspexit,
3241 1515 3347 1569 nisi
3389 1531 3563 1569 unum

1942 1598 2078 1652 aedis
2109 1600 2329 1655 aedilem
2372 1601 2464 1672 [αι.
2498 1601 2750 1673 senilem]
2787 1603 3130 1657 combustum
3161 1604 3560 1659 monasterium

1946 1687 2373 1743 custodientem.
2412 1688 2651 1761 Cumque
2707 1691 2801 1746 ille
2852 1707 3060 1746 sacram
3090 1699 3304 1748 noctem
3359 1694 3414 1747 in
3467 1694 3565 1748 Dei

1956 1739 1996 1741 η
2422 1739 2649 1761 nm,"
2708 1739 2798 1746 η--
2853 1739 3304 1748 -η-”-----νν--.-.
3469 1739 3565 1748 ην-

1866 1739 1920 1808 Β
1947 1775 2202 1830 laudibus
2236 1777 2312 1830 ibi
2344 1786 2714 1849 permaneret,
2761 1787 2815 1834 et
2843 1797 3004 1834 mane
3044 1797 3167 1835 cum
3201 1782 3387 1836 radius
3432 1783 3569 1837 solis

1944 1867 2184 1937 primum
2235 1867 2512 1924 latitudini
2547 1878 2706 1927 terrae
2746 1873 2922 1928 lucem
2959 1871 3294 1928 diffunderet
3336 1875 3565 1928 missam

1945 1959 2014 2012 de
2059 1960 2257 2014 Sancta
2309 1962 2573 2017 'l'rinitate
2605 1963 2939 2030 celebravit;
2995 1981 3102 2036 qua
3144 1966 3382 2036 expleta,
3443 1983 3568 2021 cum

1947 2047 2171 2101 alteram
2205 2049 2388 2104 statim
2419 2051 2764 2106 venerationi
2803 2053 2914 2106 diei
2944 2054 3211 2108 Dominici
3263 2070 3573 2126 congruen-

1950 2147 2059 2193 tem
2088 2141 2370 2197 celebrare
2396 2143 2675 2213 coepisset,
2707 2142 2998 2198 duodecim
3029 2145 3215 2200 clerici
3241 2162 3364 2200 cum
3388 2147 3573 2200 multi-

1951 2229 2142 2286 tudine
2175 2232 2367 2302 populi
2401 2232 2760 2286 advenientes
2790 2231 3086 2286 ministerii
3125 2233 3210 2287 sui
3238 2233 3571 2288 celebratio-

1954 2339 2078 2378 nem
2112 2323 2405 2378 audientes
2453 2323 2830 2394 perstiterunt.
2889 2325 3004 2388 Quo
3047 2331 3292 2395 peracto,
3349 2333 3575 2380 sanctus

1956 2417 2252 2488 episc0pus
2296 2417 2522 2472 eosdem
2584 2416 2777 2472 fratres
2815 2417 3088 2485 salutavit,
3144 2425 3199 2473 et
3253 2420 3577 2474 muneribus

1956 2507 2264 2572 honoravit,
2296 2513 2351 2560 et
2406 2507 2478 2562 ob
2510 2523 2672 2578 quam
2724 2523 2839 2561 rem
2875 2506 3004 2562 illuc
3059 2507 3344 2563 deveniret
3383 2517 3576 2563 notum

1961 2598 2106 2653 fecit.
2137 2598 2232 2662 Qui
2276 2599 2572 2653 hilaritatis
2601 2599 2722 2668 ejus
2773 2599 3125 2654 dulcedinem
3177 2607 3232 2655 et
3274 2600 3580 2655 sanctitatis

1961 2693 2288 2766 religionem
2329 2691 2755 2761 persentientes,
2814 2707 2882 2746 ne
2937 2691 3251 2747 delectabili
3299 2692 3580 2747 desiderio

1964 2787 2210 2859 privatus
2264 2786 2462 2851 abiret,
2545 2791 2735 2856 aperta
2812 2785 3192 2841 collocationis
3263 2794 3581 2841 sanctorum

1966 2875 2231 2944 spelunca
2257 2873 2312 2925 in
2339 2873 2568 2944 scepulo
2599 2873 2805 2939 exciso,
2826 2874 3059 2943 plurima
3087 2880 3240 2945 parte
3270 2879 3584 2930 sanctarum

1967 2964 2328 3035 reliquiarum
2363 2965 2625 3020 donatum
2656 2964 3090 3021 lzetificaverunt.
3117 2965 3246 3020 Cum
3278 2981 3408 3021 vero
3428 2972 3586 3035 opta-

1967 3053 2062 3106 bili
2114 3053 2337 3108 licentia
2367 3053 2692 3118 clerieornm
2747 3062 2799 3109 et
2846 3054 3222 3109 amantissima
3261 3053 3590 3109 dimissione

1970 3146 2159 3216 populi
2201 3146 2334 3200 inde
2381 3147 2608 3213 rediret,
2659 3147 3030 3202 Constantiam
3103 3145 3380 3201 civitatem
3423 3161 3590 3201 causa

1971 3236 2238 3291 orationis
2266 3237 2525 3297 visitavit,
2573 3244 2626 3292 et
2656 3237 2787 3292 inde
2831 3238 2900 3292 ad
2945 3237 3172 3311 Augiam
3230 3236 3465 3291 insulam
3495 3252 3595 3292 ve-

1979 3329 2080 3392 nit,
2114 3335 2168 3382 et
2215 3329 2283 3380 ab
2316 3329 2572 3384 Alenvico
2619 3330 2812 3384 abbate
2867 3330 3186 3384 charitative
3225 3337 3512 3400 susceptus
3543 3335 3599 3384 et

1981 3417 2318 3472 omnimodis
2345 3417 2650 3474 commodis
2678 3419 2821 3472 bene
2853 3425 3177 3488 procuratus
3206 3425 3308 3474 est.
3351 3418 3598 3489 Cumque

1985 3505 2204 3560 amabili
2245 3505 2524 3577 colloquio
2556 3506 2698 3560 inter
2751 3523 2810 3560 se
2850 3507 3372 3573 sermocinarentur,
3413 3507 3602 3560 omnia

1987 3613 2110 3668 quae
2141 3595 2190 3649 ei
2214 3595 2270 3650 in
2304 3596 2501 3652 itinere
2541 3597 2860 3652 acciderunt
2883 3605 3011 3652 nota
3040 3597 3187 3652 fecit.
3211 3598 3602 3652 Benevolentia

1988 3697 2175 3745 autem
2205 3690 2444 3758 abbatis,
2485 3707 2607 3745 cum
2638 3690 2855 3745 audiret
2893 3706 3015 3744 eum
3054 3706 3153 3761 pro
3182 3706 3367 3744 amore
3394 3696 3606 3744 sancta-

1993 3799 2111 3837 rum
2143 3783 2528 3853 exsequiarum
2552 3783 2720 3848 exire,
2775 3782 3050 3838 desiderio
3081 3782 3201 3850 ejus
3239 3780 3604 3846 satisfaciens,

1994 3889 2106 3928 non
2125 3873 2399 3927 modicam
2451 3881 2660 3944 partem
2702 3871 2770 3926 de
2802 3886 3032 3941 corpore
3087 3871 3262 3926 sancti
3293 3870 3525 3924 Mauritii
3555 3878 3611 3925 et

1997 3963 2064 4017 de
2090 3962 2324 4016 aliorum
2349 3963 2647 4017 multorum
2679 3967 2990 4016 sanctorum
3017 3960 3266 4032 reliquiis
3291 3959 3342 4013 ei
3372 3960 3608 4027 donans,

2000 4055 2183 4110 laetum
2216 4055 2370 4110 abire
2427 4054 2695 4126 permisit.
2746 4056 3000 4127 Augustae
3053 4069 3184 4110 vero
3230 4052 3435 4108 civitati
3486 4066 3610 4106 cum

2002 4149 2494 4222 appropinquaret,
2528 4150 2830 4220 praemissis
2852 4149 3061 4204 nuntiis
3086 4147 3438 4202 demandavit
3466 4155 3527 4201 ut
3547 4147 3617 4201 ad

2008 4244 2252 4315 optivum
2312 4243 2429 4313 [pro
2482 4242 2815 4312 exoptatum]
2863 4241 3068 4297 donum
3118 4248 3431 4295 sanctarum
3489 4239 3622 4294 reli-

2011 4334 2280 4405 quiarum,
2336 4333 2482 4403 quod
2533 4348 2718 4386 secum
2763 4331 3038 4397 attulerat,
3084 4327 3386 4384 honorifice
3432 4327 3620 4383 clerici

2013 4443 2133 4484 cum
2166 4428 2393 4497 pOpulo,
2427 4433 2480 4481 et
2509 4442 2634 4480 cum
2665 4425 2921 4480 crucibus
2951 4431 3003 4479 et
3047 4424 3272 4479 incenso
3312 4423 3626 4496 pigmento-

2012 4533 2134 4570 rum
2180 4531 2431 4587 aquaque
2462 4515 2756 4569 benedicta
2779 4520 3154 4579 occurrerent,
3188 4521 3242 4567 et
3271 4510 3626 4582 suscipiendo
3674 4573 3676 4576 ν

2013 4605 2258 4681 gloriose
2306 4622 2429 4660 eum
2474 4605 2727 4659 laudibus
2757 4612 2812 4658 et
2851 4603 3108 4657 melodiis
3133 4602 3392 4676 congruis
3431 4602 3631 4672 perdu-

2017 4707 2204 4755 cerent
2241 4698 2545 4755 honoriﬁce
2591 4714 2711 4751 cum
2763 4697 2858 4752 illo
2899 4696 2954 4750 in
3002 4695 3292 4750 ecclesiam
3331 4695 3387 4749 in
3418 4695 3629 4750 honore

2018 4795 2220 4844 sancta:
2250 4787 2345 4841 Dei
2377 4786 2658 4860 genitricis
2698 4785 2879 4840 Maria:
2919 4774 3313 4840 consecratam.
3349 4783 3480 4838 Illuc
3507 4798 3630 4838 cum

2017 4882 2340 4952 perductum
2370 4888 2538 4946 esset,
2580 4880 2648 4932 ab
2695 4878 2958 4949 episcopo
2981 4884 3140 4932 caute
3198 4876 3525 4933 collocatum
3546 4879 3631 4928 est

2019 4970 2074 5023 in
2105 4986 2282 5024 arcam
2314 4984 2446 5022 auro
2485 4975 2538 5022 et
2566 4977 2794 5042 argento
2815 4977 3153 5038 coopertam,
3181 4967 3249 5021 ad
3292 4965 3512 5018 laudem
3536 4961 3632 5015 Dei

2022 5061 2444 5132 omnipotentis,
2477 5067 2529 5114 et
2559 5060 2615 5112 in
2643 5059 2906 5114 auxilium
2945 5059 3134 5130 populi
3180 5053 3547 5116 advenientis,
3576 5051 3634 5104 in

2024 5152 2248 5207 nomine
2288 5150 2501 5204 Domini
2532 5149 2701 5204 nostri
2736 5149 2863 5205 Jesu
2894 5149 3114 5215 Christi,
3148 5147 3233 5202 cui
3264 5153 3344 5199 est
3377 5144 3556 5198 honor
3585 5147 3641 5195 et

2027 5242 2201 5316 gloria
2228 5256 2326 5310 per
2355 5238 2568 5292 infinita
2588 5239 2791 5294 saecula
2829 5238 3173 5294 saeculorum.
3206 5235 3398 5288 Amen.

2100 5332 2229 5388 XVI.
2264 5331 2487 5385 Talibus
2528 5337 2583 5385 et
2615 5331 2698 5386 his
2729 5331 3001 5386 similibus
3059 5327 3259 5382 studiis
3314 5342 3534 5398 semper
3584 5324 3640 5379 in

2034 5426 2127 5480 Dei
2157 5423 2440 5478 voluntate
2487 5424 2754 5489 serviens,
2788 5420 3086 5476 decertavit
3137 5417 3372 5490 qualiter
3427 5418 3647 5488 episco-

2035 5520 2242 5584 patum,
2273 5529 2436 5584 quem
2471 5513 2538 5568 ad
2562 5512 2859 5585 regendum
2885 5510 3150 5578 suscepit,
3204 5506 3516 5580 omnigenis
3542 5507 3644 5561 ho-

2037 5603 2265 5659 noribus
2312 5603 2613 5658 sublimare
2667 5600 2954 5672 potuisset,
3013 5604 3066 5651 et
3111 5596 3391 5652 servitium
3448 5595 3543 5650 Dei
3594 5603 3649 5650 et

2038 5699 2240 5749 sanctae
2270 5691 2454 5748 Mariae
2493 5690 2587 5745 Dei
2617 5685 2899 5762 genitricis
2947 5683 3281 5756 amplificare
3337 5682 3650 5740 indefessus
