4042 6156
524 280 666 339 1039

1595 278 1647 330 s.
1692 274 1998 330 UDALtZlRl
2040 237 2407 329 AlJGllS’l‘ANl
2454 271 2764 327 EPISCOPI.

3730 278 3854 334 1040

520 414 824 474 laborabat,
852 418 907 467 et
927 411 1053 466 ideo
1075 409 1281 481 ubique
1313 407 1487 483 gratia
1511 406 1606 461 Dei
1634 411 1969 476 praeventus,
1995 403 2135 458 sicut
2161 411 2210 476 Α
2238 418 2347 458 non
2382 398 2683 471 potuisset,
2716 416 2884 468 nunc,
2914 401 3023 457 Deo
3054 401 3324 470 donante,
3355 419 3416 459 se
3447 403 3651 470 reﬁcit,
3687 414 3745 462 et
3773 425 3824 463 re

522 510 578 562 in
619 507 846 562 Psalmis
873 504 1137 575 scriptum
1179 502 1491 558 invenitur:
1554 501 1893 555 Voluntatem
1938 500 2132 552 timen-

521 600 655 652 tium
697 612 750 650 se
792 596 979 662 faciet,
1034 598 1085 648 et
1142 593 1564 663 deprecationem
1619 603 1803 643 eorum
1860 587 2131 651 exaudiet,

518 691 569 740 et
618 684 794 740 salvos
841 683 1009 751 faciet
1081 696 1165 736 eos
1223 679 1385 749 tPsal.
1466 678 1669 745 cxuv);
1727 682 1781 731 et
1826 674 2130 729 secundum

518 780 837 852 Apostolum
900 777 1210 832 dicentem:
1272 776 1486 832 Scimus
1545 772 1807 844 quomodo
1859 769 2134 837 diligenti-

521 877 617 931 bus
692 877 855 931 Deum
932 874 1110 928 omnia
1195 874 1549 941 cooperantur
1612 871 1674 923 in
1750 868 1964 928 bonum,
2023 870 2129 917 etc.

520 970 689 1036 (Rom.
720 967 852 1038 vm).
903 964 1298 1035 Mulliplicibus
1349 963 1495 1017 enim
1554 961 1652 1016 Dei
1708 955 2135 1031 magniﬁcentiis

519 1060 860 1125 honoratus,
921 1066 976 1113 et
1037 1056 1193 1112 ﬁrma
1246 1054 1354 1110 ﬁde
1413 1054 1792 1118 confortatus,
1858 1048 2134 1105 desideria

520 1152 819 1209 voluntatis
886 1166 1000 1207 suae
1066 1150 1423 1222 percipiens,
1499 1146 1688 1200 multis
1732 1145 1791 1198 in
1856 1142 1970 1197 suis
2024 1156 2132 1195 ne-

520 1242 871 1300 cessitatibus
914 1239 1142 1312 profuit,
1176 1246 1231 1294 et
1266 1235 1643 1309 possibilitatis
1672 1249 1785 1289 suae
1830 1230 2134 1302 potentiam

519 1342 783 1408 quantum
814 1334 994 1406 potuit
1015 1332 1295 1388 humiliter
1321 1329 1540 1394 celavit,
1573 1328 1701 1399 quia
1732 1324 1889 1380 multi
1923 1322 2015 1394 qui
2046 1338 2138 1376 ca-

520 1430 662 1486 duco
686 1429 877 1486 morbo
899 1428 1258 1490 vexabantur,
1282 1422 1589 1481 sanctitatis
1601 1421 1723 1489 ejus
1743 1415 2134 1473 benedictione

522 1526 803 1593 percepta,
834 1516 1089 1589 sospitati
1122 1514 1567 1579 restituebantur,
1599 1510 1645 1565 si
1680 1524 1779 1580 pro
1810 1524 1917 1580 qua
1950 1521 2006 1560 re
2031 1503 2135 1558 be-

520 1613 894 1668 nedictionem
927 1608 1262 1681 expetivere,
1296 1621 1407 1661 non
1438 1603 1786 1664 indicavere;
1823 1599 1918 1670 qui
1948 1603 2129 1651 autem

520 1708 866 1764 necessitatis
915 1722 1106 1762 eorum
1149 1703 1505 1759 afﬁictionem
1562 1697 1854 1754 manifeste
1908 1692 2132 1749 nuntia-

519 1808 739 1866 verunt,
787 1798 1180 1855 benedictione
1236 1795 1535 1858 subtracta,
1590 1805 1754 1847 causa
1804 1784 2134 1842 humilitatis

522 1893 672 1948 abire
714 1890 987 1962 permisit,
1031 1889 1254 1964 dicens:
1296 1910 1321 1931 κ
1367 1886 1477 1957 Ego
1526 1897 1637 1963 non
1668 1897 1789 1936 sum
1835 1878 2037 1951 dignus
2065 1876 2132 1930 de

522 1981 626 2036 hac
650 1978 968 2034 inﬁrmitate
999 1993 1098 2033 vos
1130 1991 1292 2047 posse
1322 1973 1578 2028 liberare.
1626 1991 1650 2020 ι)

590 2067 999 2125 Sanctiﬁcatum
1040 2080 1168 2122 vero
1194 2064 1378 2120 oleum
1421 2063 1479 2116 in
1506 2060 1597 2115 die
1623 2073 1793 2114 caena:
1823 2053 2036 2111 Domini
2065 2053 2134 2107 ab

522 2173 590 2214 eo
618 2165 726 2214 tam
756 2156 979 2212 salubre
1010 2154 1264 2211 effectum
1298 2159 1399 2219 est,
1432 2156 1491 2205 ut
1521 2148 1678 2207 multi
1718 2148 1773 2201 in
1814 2144 2132 2201 inﬁmitate

521 2248 711 2321 positi,
744 2247 813 2301 ab
843 2261 909 2301 eo
939 2244 1091 2300 uncti
1131 2242 1384 2299 celeriter
1411 2238 1632 2295 sanitati
1679 2235 2130 2296 restituerentur;

520 2344 574 2392 et
603 2336 761 2392 multi
792 2335 1084 2407 caliginem
1112 2332 1398 2388 oculorum
1432 2329 1721 2390 habentes,
1757 2332 1810 2380 et
1846 2322 2135 2396 praesentis

521 2428 747 2485 luminis
767 2444 827 2483 se
849 2428 904 2481 in
928 2428 1032 2482 hoc
1051 2425 1253 2481 saeculo
1273 2437 1503 2478 munere
1524 2425 1778 2476 carentes
1799 2426 2081 2489 putavere,
2103 2430 2135 2469 a

519 2524 666 2573 tactu
692 2516 855 2585 hujus
883 2515 989 2570 olei
1023 2513 1317 2568 serenitate
1345 2510 1629 2566 oculorum
1673 2508 1868 2562 iterum
1898 2506 1975 2559 uti
2001 2519 2134 2570 ,me—

520 2614 765 2664 ruerunt.
815 2604 938 2659 llmc
982 2617 1135 2668 vero,
1169 2600 1393 2655 nemine
1422 2598 1663 2663 dicente,
1699 2593 2131 2666 comperiebam,

518 2697 617 2752 sed
649 2696 889 2767 propriis
919 2693 1096 2750 oculis
1134 2692 1191 2747 in
1219 2688 1641 2762 quamplurimis
1664 2693 1882 2758 peracta
1913 2684 2134 2756 conspi-

518 2785 753 2841 ciebam.
778 2785 853 2839 De
880 2783 1054 2855 ipsius
1082 2789 1264 2837 autem
1296 2779 1544 2851 episc0pi
1575 2776 1992 2848 recuperatione
2022 2789 2134 2828 non

519 2885 740 2951 oportet
787 2876 1019 2933 reticere
1065 2874 1217 2947 quia,
1267 2888 1390 2927 cum
1466 2870 1702 2943 quodam
1772 2875 2018 2938 tempore
2066 2866 2135 2919 de

516 2969 854 3026 monasterio
885 2966 1069 3023 Sancti
1116 2965 1252 3020 Galli
1289 2963 1471 3018 redire
1500 2962 1569 3017 ad
1600 2963 1897 3034 Augustam
1943 2957 2136 3014 civita-

518 3067 628 3115 tem
677 3059 1030 3125 decrevisset,
1089 3055 1482 3125 Campidonam
1535 3054 1786 3117 veniens,
1831 3059 1939 3106 tam
1982 3048 2133 3125 gravi

517 3150 837 3207 inﬁrmitate
887 3150 1144 3204 detentus
1197 3153 1282 3200 est
1330 3152 1390 3200 ut
1456 3161 1520 3199 ex
1565 3161 1623 3198 se
1685 3144 1806 3198 sine
1861 3141 2134 3211 adjutorio

518 3239 754 3295 aliorum
785 3237 1070 3292 ambulare
1123 3250 1236 3289 non
1286 3233 1577 3304 potuisset,
1624 3239 1678 3287 et
1715 3231 1898 3286 cibum
1947 3230 2013 3284 ad
2046 3246 2137 3285 re-

519 3332 856 3390 creationem
904 3329 1154 3401 corporis
1193 3344 1413 3384 sumere
1451 3327 1597 3381 vires
1628 3342 1740 3382 non
1794 3324 2132 3380 sufﬁcerent.

520 3424 700 3480 Missis
743 3423 952 3478 nuntiis
1021 3421 1277 3476 celeriter
1331 3419 1399 3473 ad
1456 3420 1751 3493 Augustam
1810 3417 2084 3473 civitatem
2119 3460 2132 3483 ,

519 3519 703 3576 oleum
755 3519 825 3573 ab
871 3532 939 3573 eo
972 3521 1351 3572 consecratum
1386 3512 1492 3568 sibi
1524 3513 1652 3567 inde
1678 3521 1959 3584 reportare
1990 3528 2134 3583 pra:-

512 3608 686 3679 cepit,
718 3621 956 3679 cumque
990 3606 1045 3659 in
1084 3604 1272 3678 vigilia
1303 3604 1663 3658 Pentecosten
1714 3601 1924 3656 nuntiis
1950 3618 2139 3656 rever-

522 3698 767 3753 tentibus
794 3697 931 3751 hora
957 3694 1068 3749 dici
1103 3709 1269 3759 nona,
1287 3709 1410 3748 cum
1438 3692 1617 3746 adhuc
1643 3690 1995 3765 congregatio
2017 3706 2137 3746 mo-

521 3790 821 3847 nachorum
851 3786 1089 3843 solemni
1118 3784 1303 3841 ofﬁcio
1330 3785 1514 3839 missa;
1542 3783 1906 3850 interfuisset,
1937 3785 2000 3838 et'
2021 3783 2138 3855 ipse

520 3879 663 3933 intra
679 3878 996 3933 cubiculum
1029 3891 1245 3930 sacrum
1270 3874 1590 3945 mysterium
1620 3873 1868 3927 auditum
1903 3872 2135 3927 habuis-

518 3978 624 4037 set,
654 3970 836 4025 olcum
867 3968 917 4024 ei
965 3972 1474 4038 repraesentaretur,
1505 3972 1726 4036 peracto
1756 3980 1910 4020 sacro
1932 3971 2138 4034 myste-

446 4060 454 4072 '
522 4058 625 4126 rio,
680 4055 940 4113 monachi
972 4056 1039 4111 ad
1070 4071 1194 4110 eum
1235 4054 1536 4110 introducti
1590 4062 1718 4108 sunt
1777 4054 2139 4124 praesentibus

522 4150 740 4205 clericis
769 4150 865 4221 qui
897 4164 1024 4204 cum
1049 4163 1115 4202 eo
1141 4146 1273 4201 illuc
1301 4146 1664 4209 devenerunt,
1693 4153 1748 4200 et
1778 4146 2010 4215 cantatis
2040 4161 2139 4217 pro

521 4244 640 4313 ejus
669 4242 982 4298 inﬁrmitate
1003 4249 1214 4313 septem
1235 4240 1462 4312 psalmis
1482 4239 1799 4311 letaniaque
1828 4240 2024 4295 devote
2052 4256 2142 4296 ex-

521 4339 687 4410 pleta,
721 4338 1014 4411 quemdam
1046 4344 1294 4391 sanctum
1335 4335 1666 4389 monachum
1724 4334 1924 4390 Hiltine
1954 4336 2135 4392 nomi-

521 4435 737 4496 natum,
765 4426 832 4481 ad
879 4424 1175 4480 claustrum
1216 4429 1556 4478 revertentes
1588 4422 1780 4478 fratres
1817 4424 1884 4477 ad
1925 4440 2139 4498 ungen-

522 4516 655 4570 dum
685 4516 954 4572 cumoleo
984 4520 1174 4569 sancto
1229 4530 1349 4570 cum
1383 4513 1497 4568 suis
1543 4513 1759 4570 duobus
1806 4516 2138 4586 presbyteris

522 4607 868 4665 dimiserunt.
931 4607 1200 4665 Unctione
1238 4622 1369 4662 vero
1403 4615 1644 4677 peracta,
1698 4606 2002 4661 secundum
2033 4607 2136 4663 do-

521 4698 749 4754 ctrinam
780 4698 967 4753 Jacobi
999 4696 1233 4768 apostoli
1266 4714 1279 4750 :
1336 4698 1653 4765 Inﬁrmatar
1682 4698 1804 4766 quis
1843 4698 1902 4749 in
1931 4698 2079 4751 vobis
2109 4697 2137 4751 i’

522 4791 749 4846 inducat
773 4792 1140 4860 presbyth
1191 4790 1461 4856 Ecclesiae,
1496 4795 1600 4844 etc.
1642 4789 1843 4856 (Jacob.
1874 4788 1953 4858 v),
1997 4789 2133 4845 dixit

519 4884 814 4956 episcopus
865 4884 1193 4955 praeposito:
1227 4903 1258 4935 α
1290 4883 1412 4938 Istis
1460 4881 1785 4937 unctoribus
1814 4881 1956 4937 meis
2009 4898 2131 4937 cum

518 4975 733 5031 caeteris
777 4973 916 5028 meis
944 4972 1257 5035 comitibus,
1291 4973 1347 5026 in
1389 4988 1510 5027 mea
1541 4972 1659 5028 vice
1685 4971 1968 5026 servitium
2000 4987 2134 5027 con-

517 5072 780 5140 gruentcr
810 5061 1091 5130 exhibete,
1123 5078 1251 5117 cum
1288 5062 1372 5116 his
1400 5061 1562 5117 bonis
1611 5076 1734 5133 quae
1776 5060 1938 5115 nobis
1966 5060 2133 5115 hodie

515 5158 793 5214 concessit
817 5158 982 5211 Deus.
1006 5176 1030 5206 ››
1067 5154 1198 5211 Cum
1226 5170 1356 5210 vero
1384 5155 1450 5208 ad
1469 5171 1715 5210 mensam
1747 5155 2132 5226 prendendum

516 5253 921 5315 consedissent,
972 5258 1027 5305 et
1089 5248 1273 5304 adhuc
1324 5248 1618 5320 prandium
1687 5255 1965 5320 peractum
2020 5265 2132 5305 non

516 5342 728 5410 fuisset,
760 5341 989 5398 nuntius
1033 5342 1103 5397 de
1159 5340 1423 5412 episcopo
1455 5340 1624 5407 venit,
1655 5340 1874 5396 dicens:
1926 5366 1946 5387 -
1988 5341 2132 5398 Laeto

516 5435 703 5491 animo
727 5442 899 5490 estote
946 5442 999 5490 et
1042 5432 1368 5492 recreamini
1424 5448 1547 5487 cum
1603 5433 1826 5506 gaudio,
1876 5434 2005 5506 quia
2032 5435 2132 5490 do-

490 5530 698 5586 minus
727 5536 916 5585 noster
942 5530 1258 5600 episcOpus,
1300 5526 1553 5600 quamvis
1593 5526 1940 5583 hebdomada
1980 5544 2127 5598 prae-

513 5617 675 5674 terita
702 5619 788 5673 vel
820 5617 1124 5673 buccellam
1171 5616 1332 5688 panis
1362 5615 1432 5670 ad
1472 5613 1833 5670 refectionem
1875 5615 2129 5686 accipere

585 5743 690 5811 (50)
721 5741 1057 5800 Transmittit
1083 5742 1289 5798 flumen
1331 5741 1610 5798 inundans
1648 5740 1727 5796 nil
1766 5741 2126 5798 madefactus.

2234 498 2398 552 ducta
2424 491 2663 546 sanitate
2685 490 3124 549 estmelioratus.
3139 514 3165 543 »
3185 494 3312 560 Qui,
3335 495 3525 550 audito
3546 495 3851 552 delectabili

2235 583 2449 648 nuntio,
2481 596 2678 636 omnes
2705 580 2873 634 simul
2901 579 3070 635 Deum
3100 582 3397 638 laudantes
3429 591 3483 638 et
3518 584 3632 639 Deo
3661 586 3853 657 gratias

2235 677 2505 740 dicentes,
2561 673 2764 727 hilares
2820 671 2998 727 effecti
3070 681 3219 729 sunt.
3290 675 3623 746 Vespertina
3680 684 3848 731 autem

2236 767 2370 820 liora
2409 763 2762 829 adveniente,
2822 769 2878 816 ct
2928 763 3086 837 signo
3146 765 3508 835 vespertinali
3565 766 3623 820 in
3672 767 3855 837 primis

2234 860 2487 919 sonante,
2517 851 2697 906 statim
2720 851 2974 917 surrexit,
3008 858 3063 906 et
3106 852 3177 906 ad
3210 853 3505 908 ecclesiam
3535 855 3849 917 ambulavit,

2236 954 2290 1003 et
2321 948 2395 1002 ibi
2429 948 2484 1001 in
2515 946 2612 1001 Dei
2635 945 2896 1000 laudibus
2949 946 3272 1022 infatigatus
3323 956 3653 1020 permansit.
3688 952 3855 1006 donec

2234 1037 2630 1110 Vespertinalis
2694 1036 2813 1092 laus
2856 1053 2889 1092 a
2942 1038 3203 1094 fratribus
3262 1042 3582 1096 secundum
3641 1058 3849 1097 cursum

2235 1127 2630 1182 monachorum
2676 1125 2887 1196 prolixe
2946 1125 3362 1197 perﬁciebatur,
3424 1139 3479 1185 et
3526 1138 3746 1201 postea,
3792 1132 3850 1186 de

2236 1217 2326 1271 die
2353 1217 2408 1270 in
2430 1217 2584 1271 diem
2606 1214 2964 1283 confortatus,
2997 1233 3061 1271 ex
3091 1218 3311 1291 integro
3355 1219 3606 1289 pristina:
3640 1221 3848 1275 sanitati

2238 1310 2346 1364 cito
2378 1308 2661 1363 restitutus
2691 1315 2797 1371 est.
2824 1308 2861 1362 0
2892 1325 3055 1380 quam
3082 1325 3284 1384 magna
3336 1311 3641 1367 multitudo
3670 1312 3850 1367 dulce-

2237 1398 2384 1452 dinis
2413 1398 2532 1464 Dei,
2560 1398 2653 1470 qui
2693 1397 2770 1451 illi
2803 1398 2907 1453 hoc
2935 1404 3084 1452 tanta
3112 1399 3411 1454 velocitate
3443 1400 3516 1453 ad
3549 1400 3844 1455 remedium

2235 1487 2534 1554 concessit,
2557 1486 2707 1559 quod
2738 1487 2829 1541 ille
2856 1486 2978 1541 aliis
3017 1487 3086 1542 ad
3116 1487 3449 1543 medicinam
3484 1496 3540 1544 et
3577 1488 3650 1543 ad
3681 1489 3848 1544 indul-

2233 1581 2474 1655 gentiam
2520 1587 2872 1652 peccatorum
2913 1582 3263 1652 praeparavit,
3325 1592 3387 1638 ut
3427 1598 3555 1638 cum
3603 1583 3728 1652 ejus
3754 1582 3850 1638 ﬁde

2239 1673 2480 1744 perfecta
2511 1674 2726 1729 caeteris
2760 1674 3008 1745 plurimis
3037 1674 3177 1730 ﬁdes
3207 1674 3670 1733 conﬁrmaretur!

2158 1736 2208 1805 Β
2239 1736 2254 1744 ’
2308 1765 2467 1820 XVII.
2508 1736 2776 1820 Tradere.
2801 1766 2928 1820 huic
2969 1782 3199 1838 quoque
3238 1783 3329 1822 me
3365 1769 3534 1822 aliam
3592 1769 3848 1823 rationem

2236 1858 2293 1911 in
2322 1858 2429 1913 hoc
2461 1858 2582 1913 loco
2609 1863 2846 1928 Oportet,
2886 1873 3050 1929 quam
3084 1858 3370 1933 Herewigo
3400 1861 3698 1932 capellano
3739 1861 3848 1929 ejus

2236 1948 2456 2003 dicente
2486 1949 2750 2018 comperi.
2806 1949 3049 2013 Quadam
3077 1949 3167 2005 die
3206 1966 3332 2005 cum
3381 1967 3484 2022 pro
3517 1952 3707 2023 aliqua
3754 1954 3853 2007 uti-

2234 2039 2404 2096 litatis
2420 2056 2587 2095 causa
2611 2057 2781 2111 super
2810 2040 3037 2096 fluvium
3058 2041 3346 2097 Vindicem
3378 2043 3499 2114 [al.,
3521 2043 3850 2106 Vindomen;

2234 2131 2335 2197 aL,
2364 2130 2694 2197 Vindonem,
2717 2131 2878 2198 vulgo
2893 2130 3135 2201 Werten]
3160 2131 3510 2187 nominatum
3535 2132 3855 2188 caballicare

2235 2224 2541 2292 debuisset,
2584 2234 2640 2280 et
2665 2225 2784 2296 ipse
2808 2224 2877 2279 ab
2911 2225 3100 2281 illuvie
3137 2226 3389 2282 elevatus
3429 2226 3649 2294 fuisset,
3680 2236 3735 2282 et
3770 2243 3853 2282 co-

2237 2318 2396 2372 mites
2425 2317 2672 2388 episcopi
2721 2317 2965 2372 universi
2996 2319 3195 2374 vadum
3248 2320 3608 2374 rectitudinis
3653 2320 3857 2375 devita-

2233 2417 2378 2475 rent,
2410 2418 2465 2465 et
2501 2410 2608 2465 alia
2655 2411 2792 2465 vada
2823 2409 3035 2480 aptiora
3066 2420 3407 2481 quaererent,
3461 2417 3515 2465 et
3547 2412 3700 2466 idem
3746 2413 3857 2483 ipse

2235 2503 2673 2572 praenominatus
2702 2502 3020 2578 Herewigus
3047 2504 3200 2558 solus
3231 2503 3336 2573 (50)
3393 2519 3521 2558 cum
3551 2520 3623 2559 eo
3680 2521 3853 2560 rema-

2236 2603 2412 2663 neret,
2440 2598 2560 2668 ipse
2591 2597 2792 2652 vadum
2824 2597 2976 2669 quod
3005 2597 3103 2652 alii
3139 2598 3451 2654 omiserunt
3481 2598 3606 2654 sine
3632 2601 3861 2670 trepida-

2236 2688 2389 2743 tione
2407 2688 2767 2754 transcendit,
2791 2689 2970 2744 soccis
2986 2689 3055 2743 de
3073 2704 3206 2763 sago
3219 2689 3377 2745 factis
3399 2690 3632 2745 indutus
3646 2700 3863 2761 prepter

2236 2775 2429 2849 frigus,
2480 2778 2609 2849 quia
2648 2778 2827 2832 hiems
2855 2784 2999 2832 erat.
3033 2777 3301 2832 Przefatus
3359 2793 3492 2834 vero
3526 2779 3858 2853 Herewigus.

2236 2867 2465 2925 ﬂumine
2498 2878 2860 2945 transgresso,
2892 2886 2959 2924 ex
3000 2869 3225 2941 cingulo
3280 2871 3567 2926 deorsum.
3616 2871 3861 2943 quamvis

2234 2979 2406 3034 super
2441 2963 2693 3019 altiorem
2752 2963 3025 3020 caballum
3079 2964 3305 3019 sederet
3348 2980 3516 3036 quam
3550 2966 3860 3036 episcOpus,

2234 3056 2378 3112 udus
2405 3055 2632 3112 effectus
2657 3063 2765 3122 est,
2805 3065 2861 3112 et
2889 3056 3237 3128 prospiciens
3284 3059 3340 3113 in
3373 3059 3711 3114 vestimenta
3738 3060 3858 3130 epi—

2188 3149 2207 3173 "
2237 3149 2393 3220 scopi
2424 3149 2470 3203 si
2501 3165 2647 3220 aqua
2690 3148 3135 3217 infunderentur,
3168 3150 3269 3205 sed
3300 3167 3406 3206 nec
3447 3150 3504 3205 in
3532 3152 3711 3207 soccis
3741 3154 3861 3223 qui-

2239 3238 2362 3292 dem
2392 3254 2561 3293 unum
2595 3239 2766 3309 pilum
2804 3239 3088 3295 humidum
3112 3242 3428 3312 conspexit,
3463 3250 3519 3298 et
3547 3243 3616 3297 ad
3648 3243 3859 3314 episco-

2238 3346 2367 3401 pum
2390 3330 2556 3385 dixit:
2598 3351 2623 3382 α
2664 3332 2773 3405 Ego
2799 3333 3006 3387 uditate
3029 3332 3290 3404 perfusus
3309 3348 3460 3401 sum,
3495 3343 3553 3389 et
3576 3342 3683 3391 tua:
3711 3336 3861 3391 celsi-

2238 3418 2417 3473 tudini
2437 3419 2581 3489 pilus
2601 3420 2657 3473 in
2680 3421 2859 3475 soccis
2885 3436 2997 3476 non
3022 3429 3107 3476 est
3134 3420 3517 3477 madefactus:
3553 3446 3581 3473 ιι
3617 3424 3707 3478 Cui
3726 3423 3857 3477 dixit

2240 3510 2560 3582 episeOpus:
2597 3531 2624 3563 α
2659 3512 2779 3567 Haec
2807 3530 2930 3585 quae
2950 3514 3159 3581 vidisti,
3189 3531 3279 3569 me
3294 3515 3521 3571 vivente
3548 3517 3753 3572 nemini
3778 3516 3862 3570 di-

2239 3621 2364 3661 cere
2377 3623 2697 3678 prsesumas.
2721 3609 2841 3664 Alio
2863 3625 2993 3665 vero
3014 3616 3267 3681 tempore
3293 3627 3419 3666 cum
3439 3612 3509 3666 ad
3524 3612 3857 3685 colloquium

2239 3695 2449 3753 Ottonis
2496 3699 2845 3770 imperatoris
2886 3700 2957 3755 ad
2986 3700 3338 3756 Batisbonam
3370 3702 3654 3759 civitatem
3712 3704 3863 3757 navi-

2239 3786 2423 3859 gando
2441 3803 2541 3858 per
2553 3786 2862 3843 Danubium
2888 3788 3078 3844 venire
3095 3789 3467 3859 decrevisset,
3483 3793 3726 3863 quodam
3748 3791 3858 3856 die,

2242 3881 2426 3935 nautis
2453 3881 2674 3937 incaute
2695 3889 2825 3938 ante
2847 3899 2908 3939 se
2922 3884 3428 3955 conspicientibus,
3459 3886 3618 3943 navis
3647 3887 3861 3942 cuidam

2240 3966 2391 4041 ligno
2423 3970 2738 4041 importune
2771 3973 3084 4044 conjuncta,
3112 3974 3274 4045 aquis
3299 3975 3515 4045 repleta
3549 3976 3862 4030 immersio—

2241 4072 2369 4112 nem
2399 4058 2659 4115 omnibus
2685 4060 3014 4115 minabatur.
3048 4060 3361 4117 Perturbati
3403 4079 3537 4119 vero
3563 4079 3760 4120 omnes
3810 4071 3865 4119 et

2242 4149 2440 4206 timore
2472 4151 2734 4222 perculsi,
2759 4152 2827 4206 ad
2858 4152 3011 4207 littus
3028 4168 3240 4226 magno
3271 4152 3458 4210 studio
3499 4172 3697 4211 navem
3732 4173 3863 4228 per-

2241 4242 2445 4297 ducere
2484 4242 2819 4299 festinarunt
2888 4243 3020 4298 Navi
3056 4261 3189 4301 vero
3230 4248 3401 4303 aridae
3447 4248 3707 4315 adducta,
3739 4265 3865 4321 qua

2241 4329 2384 4386 intra
2405 4333 2649 4387 erantad
2673 4333 2827 4388 littus
2846 4342 3222 4404 portaverant,
3257 4336 3410 4391 illius
3443 4354 3580 4394 vero
3608 4339 3864 4410 episcopi

2240 4420 2535 4489 posteriori
2562 4429 2736 4476 rostro
2754 4422 2908 4477 navis
2933 4423 3179 4478 sedentis
3196 4424 3357 4480 obliti
3381 4434 3534 4481 sunt.
3565 4426 3717 4482 Unus
3729 4443 3860 4483 vero

2240 4513 2566 4570 clericorum
2597 4515 2727 4570 Mesi
2766 4516 3099 4584 nominatus,
3128 4534 3333 4592 magno
3380 4525 3611 4591 stupore
3659 4522 3870 4578 attoni-

2240 4615 2347 4679 tus,
2380 4610 2548 4666 dixit:
2582 4636 2604 4659 α
2638 4612 2751 4667 Heu
2785 4612 2945 4668 nobis
2972 4613 3227 4669 miseris!
3260 4616 3392 4687 quia
3431 4618 3643 4673 seniori
3674 4628 3866 4675 nostro

2238 4697 2294 4752 in
2321 4698 2425 4753 isto
2459 4699 2702 4769 periculo
2731 4700 3016 4770 adjutores
3036 4718 3147 4758 non
3179 4702 3405 4767 fuimus,
3431 4724 3457 4755 υ
3494 4715 3551 4760 et
3582 4707 3673 4762 his
3697 4708 3869 4763 dictis

2240 4805 2469 4845 currens
2496 4807 2598 4861 per
2635 4791 3066 4862 profunditatem
3095 4810 3253 4866 aquae
3282 4810 3411 4868 quin
3437 4797 3494 4851 in
3532 4799 3658 4854 navi
3682 4799 3869 4854 fuerat

2235 4891 2587 4958 congregata,
2620 4884 2918 4955 assumptis
2974 4884 3217 4941 brachiis
3265 4888 3520 4960 episcOpi
3553 4906 3725 4960 super
3759 4892 3870 4945 hu-

2235 4986 2417 5027 meros
2442 4972 2582 5040 ejus,
2608 4972 2793 5028 evexit
2816 4988 2940 5028 eum
2968 4980 3121 5030 extra
3138 4990 3358 5042 navem,
3382 4977 3650 5032 omnibus
3671 4979 3866 5051 itaque

2234 5066 2496 5139 expositis
2521 5074 2577 5122 et
2624 5067 2718 5124 illo
2750 5067 3051 5124 novissime
3084 5084 3328 5144 egresso,
3375 5072 3535 5127 navis
3578 5073 3636 5126 in
3667 5082 3873 5144 poste.

2237 5156 2368 5211 riori
2406 5162 2561 5228 parte
2589 5156 2949 5227 profunditati
2983 5157 3236 5214 demersa
3265 5168 3367 5215 est.
3404 5159 3546 5225 Quid
3578 5162 3784 5217 mirum
3819 5164 3870 5219 si

2235 5245 2390 5300 navis
2405 5253 2603 5302 onusta
2630 5261 2697 5301 eo
2729 5246 3020 5302 insedente
3052 5248 3226 5322 mergi
3267 5263 3381 5304 non
3414 5250 3616 5319 potuit,
3647 5251 3753 5305 sed
3795 5267 3870 5307 eo

2228 5340 2461 5409 jubente
2486 5357 2656 5413 super
2675 5358 2871 5414 aquam
2904 5343 3053 5398 stetit
3083 5342 3176 5414 qui
3209 5342 3373 5399 beato
3412 5344 3571 5400 Petro
3601 5345 3867 5416 apostolo

2233 5431 2409 5484 undas
2472 5430 2638 5485 maris
2672 5430 2740 5485 ad
2793 5430 3355 5501 superambulandum
3388 5433 3613 5504 propria
3654 5433 3869 5489 volun-

2231 5525 2339 5575 tate
2360 5518 2642 5574 ﬁrmavit?
2672 5519 2760 5575 Sic
2786 5534 2895 5574 non
2919 5535 2985 5574 ex
3014 5536 3113 5575 sua
3143 5520 3489 5589 conditione,
3523 5523 3621 5577 sed
3653 5539 3720 5577 ex
3742 5539 3866 5578 mc-

2231 5612 2352 5667 ritis
2373 5611 2430 5666 in
2463 5627 2529 5667 ea
2558 5611 2808 5667 sedentis
2830 5612 2985 5667 navis
3012 5611 3230 5668 interim
3258 5627 3431 5684 super
3459 5630 3632 5686 aquas
3658 5622 3864 5670 natare
