4038 6178
242 380 377 437 1041

1819 376 1987 430 VITA.

3436 370 3579 427 1042

237 512 535 588 cogebatur
573 511 754 565 donec
789 506 1004 563 cunctis
1023 506 1391 578 stipendiiset
1419 507 1686 563 oneribus
1717 508 1854 563 rele-
1879 514 1930 580 Α
2025 507 2133 573 ΧΧ,
2204 504 2532 577 Hymnizans
2587 511 2812 559 sanctus
2895 500 3191 557 Dominum
3256 498 3574 571 episcopus,

234 609 475 667 varetur,
516 604 713 670 postea
738 612 868 653 vero
890 596 1149 651 immersa
1175 597 1551 652 nuntiabatur.

305 692 468 748 XVIII
522 692 750 746 Romam
791 688 1013 743 visitare
1062 688 1247 760 itaque
1294 704 1420 744 cum
1451 688 1691 759 quodam
1715 695 1853 743 tem-

232 798 369 855 pore
388 779 641 837 aestuanti
670 778 856 833 animo
888 776 1263 844 desideraret,
1309 787 1366 833 et
1390 778 1460 832 ad
1494 777 1719 833 ﬂuvium
1753 792 1853 832 no-

234 870 383 925 mine
406 870 631 925 Tarcum
686 867 804 937 (51)
844 866 1180 937 perveniret,
1242 873 1351 920 tam
1383 866 1754 937 periculosum
1788 882 1854 921 ex

235 958 597 1014 inundatione
625 972 894 1028 aquarum
948 954 1153 1010 factum
1204 956 1435 1024 invenit,
1469 963 1527 1011 ut
1585 957 1768 1011 nullus
1790 972 1855 1011 ex

234 1060 465 1124 utraque
493 1060 647 1122 parte
678 1050 1097 1106 advenientium
1124 1065 1192 1105 eo
1218 1050 1307 1105 die
1330 1052 1414 1106 vel
1456 1051 1565 1106 alio
1594 1068 1655 1106 se
1689 1068 1855 1123 posse

234 1148 424 1202 venire
450 1163 621 1218 super
666 1162 793 1202 eum
850 1154 1099 1217 speraret
1134 1164 1146 1200 :
1180 1152 1402 1201 sanctus
1460 1147 1758 1218 episc0pus
1796 1147 1852 1201 in

234 1240 409 1295 Deum
435 1238 743 1301 conﬁdens,
772 1250 1031 1310 paratura
1060 1238 1335 1293 missatica
1352 1254 1410 1293 se
1440 1239 1593 1294 indui
1625 1239 1854 1294 festina-

232 1329 331 1396 vit,
354 1330 484 1384 etin
508 1329 689 1383 littore
718 1327 965 1382 fluminis
990 1344 1115 1382 cum
1146 1327 1264 1382 suis
1310 1327 1605 1382 comitibus
1631 1328 1854 1383 missam

233 1417 432 1472 devote
461 1415 780 1481 celebravit,
811 1423 866 1471 et
894 1423 1021 1487 post
1053 1416 1271 1471 missam
1310 1415 1595 1487 praefatum
1625 1417 1851 1471 fluvium

236 1516 388 1564 tanta
419 1509 809 1564 commoditate
859 1508 1130 1574 transivit,
1178 1514 1239 1563 ut
1269 1507 1405 1563 nulli
1435 1509 1556 1577 ejus
1589 1509 1851 1564 comitum

230 1602 441 1674 aliquid
491 1601 877 1657 adversitatem
936 1601 1206 1666 eveniret,
1236 1602 1333 1655 sed
1384 1618 1578 1657 omnes
1629 1603 1765 1657 salvi
1794 1610 1853 1659 et

234 1690 543 1745 incolumes
570 1690 742 1743 Deum
770 1689 1056 1745 laudantes
1072 1690 1370 1762 gaudendo
1391 1691 1545 1745 ibant
1569 1708 1673 1762 per
1689 1692 1851 1746 viam.

305 1779 439 1833 XIX.
472 1778 809 1833 Multimodis
875 1778 1072 1833 Christi
1113 1778 1352 1833 servitiis
1406 1793 1532 1832 cum
1571 1777 1858 1832 ferventis-
1883 1818 1930 1885 Β

238 1868 379 1922 sime
410 1867 709 1935 insisteret,
737 1876 792 1922 et
848 1867 1097 1938 undique
1147 1867 1483 1936 amplificare
1532 1865 1853 1933 studuisset,

232 1961 347 2016 Deo
375 1960 639 2025 donante,
670 1960 1025 2034 excogitavit,
1078 1968 1305 2030 prepter
1342 1959 1626 2027 cujusdam
1652 1959 1858 2014 sancti-

230 2052 491 2107 monialis
521 2052 849 2123 religionem
880 2052 1080 2107 Emoza
1108 2053 1426 2118 nominatae,
1456 2052 1527 2106 ad
1557 2051 1852 2106 ecclesiam

231 2140 417 2195 Sancti
447 2140 712 2211 Stephani
745 2141 1157 2213 protomartyris
1203 2140 1683 2195 sanctimonalium
1715 2156 1854 2196 eon~

231 2233 613 2307 gregationem
648 2248 1009 2303 componere,
1064 2242 1118 2288 et
1153 2232 1357 2306 regulae
1387 2232 1691 2287 sanctitatis
1719 2233 1853 2287 sub-

235 2324 393 2390 dere,
436 2330 696 2379 etsaneto
735 2323 1009 2379 velamine
1067 2323 1281 2379 Christo
1338 2325 1450 2379 Deo
1494 2324 1854 2395 desponsatas

233 2412 594 2485 conjungere.
626 2412 779 2477 Quod
809 2428 933 2468 cum
964 2411 1165 2468 factum
1194 2412 1407 2480 fuisset,
1441 2414 1692 2484 quaedam
1726 2429 1854 2468 mu-

230 2502 339 2557 lier
367 2519 493 2558 cum
519 2518 795 2558 consensu
811 2502 1094 2558 connubia
1106 2502 1291 2558 mariti
1318 2502 1855 2573 despiciens,eidem

232 2599 655 2672 congregationi
676 2598 747 2654 ob
778 2598 976 2654 futurae
1005 2598 1369 2654 beatitudinis
1390 2599 1705 2654 mercedem
1722 2600 1857 2655 obe-

232 2690 505 2745 dientiam
559 2690 807 2761 professa
857 2706 918 2745 se
983 2691 1301 2758 admiscuit,
1356 2692 1662 2747 litterarum
1721 2708 1853 2748 vero

230 2782 469 2837 scientia
523 2782 592 2836 ad
648 2782 1046 2852 perfectionem
1095 2784 1256 2838 docta
1313 2799 1424 2838 non
1471 2784 1750 2850 manebat,
1785 2784 1853 2839 ad

229 2873 508 2928 exteriora
562 2880 746 2928 autem
804 2875 1152 2930 necessitatis
1235 2890 1404 2945 Opera
1470 2877 1850 2931 strenuitatem

229 2978 490 3035 magnam
509 2962 768 3027 habebat,
801 2971 856 3019 et
885 2964 1013 3019 ideo
1070 2964 1193 3019 aliae
1252 2965 1699 3021 sanctimoniales
1729 2981 1851 3020 eam

228 3048 574 3105 cellerariam
627 3049 810 3105 facere
870 3052 1189 3107 voluerunt.
1254 3054 1369 3117 Qua
1403 3061 1697 3120 renuente,
1732 3056 1855 3125 epi-

228 3154 402 3210 scopo
436 3138 745 3194 nuntiatum
770 3146 873 3206 est,
906 3147 960 3195 et
994 3140 1365 3211 supplicatum
1395 3152 1479 3196 est
1504 3152 1566 3196 ut
1599 3158 1723 3197 cum
1754 3159 1854 3199 sua

232 3236 511 3299 potestate
530 3228 897 3283 ministerium
932 3229 1140 3284 cellarii
1193 3231 1693 3288 commendaretur.
1728 3233 1853 3304 Epi-
1880 3195 1927 3261 Ο

230 3335 438 3390 scopus
467 3335 618 3388 vero,
646 3321 1034 3392 supplicationi
1078 3338 1366 3379 assensum
1397 3325 1674 3395 praebens,
1716 3343 1857 3398 prae-

231 3408 404 3463 fatam
433 3409 909 3465 sanctimonialem
965 3411 1307 3467 cellerariam
1359 3429 1483 3468 esse
1544 3415 1852 3486 praecepit;

230 3502 328 3556 illa
384 3509 568 3556 autem
626 3509 901 3574 praecepto
931 3503 1179 3575 episcopi
1213 3521 1324 3561 non
1362 3506 1629 3571 obedivit,
1672 3509 1770 3563 sed
1799 3508 1855 3562 in

232 3596 472 3668 pristina
511 3596 876 3672 refragatione
906 3606 1200 3656 conataest
1226 3602 1541 3672 persistere.
1590 3602 1860 3674 Sequenti

230 3704 369 3745 vero
395 3697 560 3745 nocte
593 3689 648 3743 in
678 3691 888 3745 somnis
907 3691 1118 3747 audivit
1159 3708 1353 3748 vocem
1401 3693 1675 3749 dicentem
1705 3695 1815 3749 sibi
1845 3712 1859 3750 :

239 3802 261 3831 ι
285 3780 424 3846 Quia
435 3795 546 3836 non
566 3780 805 3845 obedisti
821 3792 1097 3854 praecepto
1111 3785 1382 3856 episcopi,
1405 3786 1531 3841 ideo
1551 3802 1655 3841 usu
1673 3788 1865 3842 ambu-

236 3876 396 3931 landi
428 3877 871 3948 privaristandiu
883 3879 1064 3935 donec
1091 3881 1160 3934 ab
1176 3896 1242 3936 eo
1267 3881 1588 3938 absolveris.
1616 3900 1639 3934 ι
1663 3884 1868 3955 Exper-

234 3968 455 4043 gefacta
484 3978 669 4024 autem
692 3969 1015 4026 dissolutam
1075 3974 1341 4028 membris
1370 3974 1443 4029 ita
1491 3991 1551 4030 se
1582 3991 1707 4032 esse
1738 3993 1866 4048 per-

234 4058 437 4128 sensit,
463 4065 523 4112 ut
550 4058 760 4114 nullum
788 4061 1109 4116 ambulandi
1149 4060 1405 4117 effectum
1429 4064 1633 4119 habere
1657 4067 1869 4136 potuis-

238 4154 349 4202 set.
404 4146 514 4202 liae
564 4146 882 4204 infirmitate
940 4150 1126 4223 ligata,
1182 4149 1459 4207 laboriose
1509 4155 1868 4224 exspectabat

238 4236 542 4290 adventum
571 4236 842 4307 episcOpi.
910 4239 1138 4293 Interim
1193 4255 1323 4295 vero
1380 4243 1875 4316 apprOpinquabat

244 4336 357 4383 tem
368 4345 470 4400 pus
487 4330 773 4401 synodalis
792 4330 1078 4403 colloquii,
1105 4342 1159 4388 et
1176 4334 1476 4407 episcOpus
1493 4338 1561 4392 ad
1574 4340 1866 4412 Augustam

218 4417 623 4479 revertebatur
649 4436 664 4485 ;
698 4420 804 4475 hoc
834 4435 958 4475 cum
990 4420 1208 4477 infirma
1235 4424 1672 4482 sanctimonialis
1699 4430 1861 4484 audi-

244 4518 352 4575 ret,
374 4510 588 4584 rogavit
611 4526 670 4566 se
696 4512 898 4581 portari
929 4512 984 4566 in
1008 4514 1296 4569 ecclesiam
1337 4516 1548 4572 Sanctae
1598 4518 1778 4573 Mariae
1809 4525 1863 4573 et

239 4600 531 4655 obtutibus
558 4601 679 4672 ejus
733 4606 1137 4674 repraesentari,
1183 4623 1419 4679 cumque
1465 4608 1534 4662 ad
1565 4609 1685 4678 ejus
1725 4626 1864 4679 prte-

238 4691 484 4746 sentiam
506 4693 744 4761 veniret,
772 4695 894 4764 ejus
946 4695 1382 4752 misericordiam
1434 4699 1720 4768 deprecari
1748 4716 1866 4756 coe-

237 4784 343 4855 pit,
376 4783 521 4838 utab
561 4784 937 4861 affligentibus
984 4788 1399 4863 alligationibus
1427 4790 1764 4849 infirmitatis
1794 4796 1863 4849 ab

236 4891 310 4931 eo
335 4875 552 4932 absolvi
567 4885 890 4934 mereretur.
924 4880 1122 4935 Audita
1148 4882 1270 4950 ejus
1300 4882 1717 4953 deprecatione,
1750 4888 1866 4959 epi-

235 4979 449 5035 scopus
478 4965 549 5020 de
594 4966 975 5023 inobedientia
1019 4985 1139 5024 eam
1199 4970 1524 5040 increpavit,
1566 4980 1866 5030 etmunere

236 5054 655 5112 benedictionis
680 5059 841 5113 simul
865 5071 919 5114 et
948 5060 1313 5135 indulgentiae
1353 5063 1610 5119 donatam
1634 5066 1861 5122 dimisit.

235 5144 497 5216 Cumque
539 5147 607 5200 ab
635 5163 700 5202 ea
732 5156 1104 5205 reverteretur
1135 5152 1455 5223 episcopus,
1489 5156 1675 5210 statim
1723 5157 1869 5212 sani-

240 5233 343 5288 tati
388 5234 642 5289 restituta
691 5236 966 5291 currendo
1022 5240 1306 5307 praecessit
1334 5243 1678 5314 episcopum,
1711 5253 1868 5302 ante-

237 5341 413 5397 quam
428 5326 522 5380 ille
534 5326 952 5397 perambularet
969 5329 1281 5397 ecclesiam,
1301 5340 1509 5399 et,ante
1521 5336 1865 5391 celsitudinis

235 5421 370 5488 ejus
400 5421 752 5490 praesentiam
772 5429 1057 5493 prostrata,
1085 5425 1251 5479 Deum
1280 5443 1378 5497 pro
1402 5428 1615 5483 reddita
1634 5430 1867 5486 sanitate

235 5511 551 5578 laudando,
602 5514 853 5582 promisit
878 5516 949 5571 de
1010 5516 1393 5574 inobedientia
1424 5520 1562 5575 ultra
1594 5538 1717 5577 sese
1752 5522 1869 5577 fore

234 5598 546 5654 emendata
556 5615 692 5667 ram,
705 5609 760 5656 et
772 5603 839 5658 ad
854 5605 1108 5675 pr0prias
1121 5607 1530 5663 mansiunculas
1546 5610 1671 5666 laeta
1682 5611 1866 5666 rediit.

316 5722 434 5805 ρ
464 5723 637 5805 'I_‘arus
657 5724 857 5805 Plinio,
892 5728 1261 5805 ﬂuviusltatis
1286 5732 1624 5805 Cispadante.

318 5793 438 5865 (52)
472 5796 634 5851 Zoam
664 5813 766 5868 pro
793 5798 924 5868 vita,
958 5802 1122 5858 vitam
1160 5819 1260 5873 pro
1286 5793 1473 5862 ani-mo
1503 5809 1804 5880 usurpavit.

1885 4565 1936 4631 D

1955 599 2124 654 habili
2174 607 2426 669 tempore
2499 604 2689 667 postea
2754 592 3049 650 ecclesiam
3121 592 3175 646 in
3253 592 3575 647 cmmeterio

1956 690 2168 749 Sanctae
2198 689 2379 744 Mariae
2404 689 2459 743 in
2488 687 2715 743 modum
2757 685 2936 741 crucis
2969 682 3241 739 mdificare
3273 682 3462 754 cmpit,
3498 689 3573 750 et,

1955 780 2321 837 aedificatione
2378 786 2597 851 peracta
2665 778 3038 849 altaribusque
3098 776 3346 847 quinque
3416 775 3474 829 in
3511 790 3577 829 ea

1955 873 2297 944 compositis,
2331 872 2387 926 in
2416 873 2623 927 honore
2654 870 2831 925 sancti
2860 867 3089 924 Joannis
3115 867 3370 937 Baptista:
3403 866 3571 922 dedi-

1956 962 2118 1029 cavit,
2151 972 2209 1017 et
2236 962 2448 1017 dolium
2480 958 2799 1031 baptizandi
2841 958 2911 1013 de
2944 967 3102 1029 petra
3132 958 3375 1013 excisum
3412 958 3467 1012 in
3508 973 3574 1012 ea

1955 1055 2219 1111 constitui
2261 1053 2413 1119 fecit,
2454 1060 2527 1118 et,
2557 1052 2687 1108 dote
2734 1052 3115 1128 legitimatam,
3151 1052 3475 1123 presbytero
3504 1052 3570 1107 ad

1956 1144 2364 1216 procurandum
2386 1143 2442 1196 in
2466 1141 2669 1196 divinis
2689 1139 2890 1195 ofﬁciis
2916 1142 3413 1207 commendavit,et
3438 1158 3575 1212 prae-

1955 1236 2101 1307 cepit
2130 1244 2189 1291 ut
2220 1234 2572 1289 matricularii
2600 1233 2657 1287 in
2676 1232 2826 1287 omni
2856 1233 3304 1287 hebdomadadie
3324 1233 3570 1301 Sabbati,

1956 1334 2013 1381 et
2042 1327 2099 1381 in
2130 1326 2252 1381 aliis
2282 1323 2626 1380 solemnibus
2656 1322 3066 1390 festivitatibus,
3119 1339 3243 1378 cum
3276 1324 3573 1398 Evangelio

1957 1421 2011 1470 et
2043 1414 2298 1469 crucibus
2323 1421 2378 1467 et
2406 1411 2604 1477 cereis,
2645 1427 2769 1466 cum
2828 1411 2918 1465 Dei
2968 1411 3227 1465 laudibus
3258 1421 3577 1468 reverenter

1954 1507 2258 1573 visitarent,
2302 1514 2356 1560 et
2383 1505 2439 1558 in
2469 1504 2716 1559 Paschali
2765 1504 3135 1571 hebdomada,
3181 1522 3345 1576 quam
3380 1505 3572 1561 dicunt

1955 1599 2096 1655 infra
2124 1600 2309 1666 Albas,
2351 1599 2481 1670 quia
2537 1605 2666 1653 tunc
2714 1599 3058 1654 consuetudo
3088 1608 3173 1654 est
3212 1605 3322 1653 tres
3352 1609 3573 1655 cantare

1956 1692 2196 1762 psalmos
2225 1691 2292 1745 ad
2318 1691 2638 1762 Vesperam,
2679 1698 3029 1746 remanentes
3059 1690 3199 1745 duos
3226 1691 3357 1747 illuc
3386 1692 3572 1746 deam-

1956 1781 2197 1834 bulando
2228 1795 2352 1833 cum
2373 1779 2675 1850 antiphona
2691 1786 2746 1833 et
2767 1785 2897 1835 tono
2928 1779 3167 1835 formosa
3190 1780 3571 1837 modulatione

1960 1873 2317 1944 perpsallere,
2380 1881 2436 1929 et
2464 1874 2584 1946 ipse
2639 1890 2891 1945 persaepe
2933 1875 3010 1929 ibi
3041 1874 3310 1931 salutares
3368 1877 3575 1932 hostias

1955 1968 2067 2021 Deo
2108 1966 2393 2022 immolare
2422 1966 2729 2023 consuevit.

2025 2057 2157 2111 XXI.
2186 2057 2345 2111 Zoam
2374 2058 2481 2127 (52)
2496 2057 2549 2110 in
2578 2056 2789 2111 ultimis
2805 2058 3146 2128 temporibus
3176 2075 3331 2114 suam
3362 2059 3574 2115 salvare

1955 2145 2254 2216 cupiendo,
2321 2144 2505 2201 animo
2564 2146 2826 2213 decrevit,
2860 2147 3110 2218 quamvis
3131 2147 3276 2202 vires
3329 2149 3575 2219 corporis

1954 2243 2022 2297 de
2054 2242 2145 2297 die
2171 2241 2226 2296 in
2263 2242 2409 2296 diem
2441 2243 2761 2297 decrescere
2783 2243 3034 2309 sentiret,
3059 2249 3117 2297 ut
3140 2242 3330 2297 limina
3350 2251 3573 2315 aposto-

1954 2332 2131 2386 lorum
2164 2331 2306 2385 Petri
2364 2338 2419 2385 et
2476 2330 2627 2385 Pauli
2685 2329 2885 2385 devota
2924 2329 3234 2385 intentione
3267 2330 3574 2388 laborasset

1953 2420 2192 2476 visitare.
2230 2421 2472 2492 Cumque
2503 2420 2903 2492 aliquantulum
2927 2421 3140 2476 itineris
3179 2424 3489 2496 peregisset
3517 2426 3573 2481 in

1956 2524 2238 2589 carpento,
2267 2526 2322 2572 et
2351 2518 2417 2572 ad
2451 2516 2793 2573 difficiliores
2817 2518 2934 2571 vias
2966 2520 3302 2588 perveniret,
3336 2535 3446 2576 non
3477 2537 3575 2590 po-

1956 2607 2061 2661 tuit
2089 2607 2196 2661 iter
2223 2608 2364 2662 ultra
2397 2623 2680 2678 peragere,
2706 2615 3001 2679 antequam
3021 2608 3076 2662 in
3097 2608 3239 2664 lecto
3270 2610 3576 2666 collocatus

1954 2698 2114 2769 equis
2135 2700 2517 2770 superpositus
2544 2715 2775 2773 pergere
2806 2700 2974 2770 cuepit
3006 2718 3019 2754 :
3051 2701 3243 2772 sicque
3265 2703 3573 2776 pergendo,

1955 2792 2205 2863 quamvis
2224 2789 2520 2845 comitibus
2546 2789 2665 2860 ejus
2694 2789 2899 2860 ubique
2932 2790 3307 2861 periculosum
3342 2791 3572 2847 videre-

1955 2888 2061 2946 tur,
2096 2880 2207 2934 Deo
2228 2878 2477 2949 juvante,
2501 2885 2555 2932 et
2577 2886 2769 2933 sancto
2799 2878 2961 2935 Petro
3020 2880 3292 2951 apostolo,
3326 2880 3449 2936 sine
3476 2898 3574 2953 pe-

1954 2971 2123 3027 riculo
2156 2972 2380 3026 Romam
2404 2970 2677 3039 pervenit,
2704 2978 3069 3043 votorumque
3099 2972 3171 3026 ibi
3192 2979 3353 3027 antea
3383 2973 3573 3045 dispo-

1954 3060 2184 3115 sitorum
2209 3067 2263 3114 et
2316 3059 2778 3130 promissionibus
2816 3059 3173 3115 devotissime
3225 3062 3478 3133 expletis,
3520 3071 3576 3120 et

1954 3151 2390 3227 gratissimorum
2442 3150 2941 3215 emolumentorum
2996 3157 3050 3205 et
3102 3152 3575 3225 indulgentiarum

1956 3238 2116 3292 donis
2146 3238 2411 3309 acceptis,
2468 3239 2883 3312 permissusque
2943 3241 3052 3311 (53)
3090 3241 3295 3298 salubri
3326 3260 3357 3298 a
3384 3255 3574 3302 sancto

1956 3326 2115 3381 Petro
2144 3333 2197 3381 et
2220 3327 2427 3382 vicario
2454 3327 2575 3395 ejus
2631 3328 2913 3399 pontifice,
2972 3331 3298 3403 czeterisque
3340 3333 3450 3389 Deo
3489 3333 3569 3389 ibi

1955 3421 2145 3469 sancto
2183 3414 2343 3469 Petro
2370 3414 2755 3483 militantibus,
2783 3417 3184 3471 honorabiliter
3213 3428 3462 3491 accepto,
3489 3420 3574 3476 fe-

1956 3509 2118 3564 licem
2152 3510 2388 3564 reditum
2418 3509 2562 3577 iniit,
2594 3517 2650 3565 et
2674 3511 2988 3567 Ravennam
3013 3513 3234 3567 visitare
3265 3514 3564 3585 disposuit.

1962 3602 2204 3673 lllucque
2234 3618 2358 3657 cum
2389 3603 2876 3675 apprOpinquaret,
2940 3604 3328 3675 imperatorem
3361 3606 3568 3677 glorio-

1963 3708 2084 3747 sum
2114 3691 2361 3746 Ottonem
2395 3708 2517 3747 cum
2542 3692 2893 3763 imperatrice
2932 3692 3232 3748 Adalhaida
3264 3693 3578 3752 ibimanere

1964 3783 2253 3854 comperit,
2277 3791 2331 3837 et
2360 3791 2487 3838 ante
2517 3798 2577 3837 se
2610 3783 2778 3837 misso
2811 3783 3006 3838 nuntio
3029 3783 3327 3840 adventum
3355 3786 3476 3855 ejus
3496 3786 3576 3841 illi

1965 3872 2250 3938 indicavit,
2283 3881 2337 3928 et
2366 3873 2460 3928 ille
2477 3873 2655 3928 statim
2687 3873 2940 3928 nuntium
2982 3873 3268 3945 sequendo
3283 3875 3351 3928 ad
3371 3874 3577 3931 ostium

1965 3962 2205 4017 cubiculi
2235 3962 2580 4032 imperatoris
2605 3961 2874 4032 pervenit.
2935 3964 3238 4033 Imperator
3266 3979 3416 4027 vero,
3450 3980 3577 4019 cum

1967 4072 2093 4111 eum
2152 4056 2207 4109 in
2268 4061 2416 4110 tanta
2479 4055 2761 4111 vicinitate
2816 4072 3044 4110 manere
3099 4056 3434 4131 agnovisset,
3465 4072 3577 4113 uno

1969 4146 2112 4217 pede
2142 4145 2384 4201 calceato
2411 4153 2466 4201 et
2494 4146 2602 4201 alio
2633 4146 2814 4201 adhuc
2844 4146 3169 4210 incalceato,
3203 4162 3367 4201 causa
3398 4145 3582 4200 humi-

1967 4234 2133 4290 litatis
2178 4244 2234 4289 et
2285 4235 2571 4309 flagrantia
2616 4234 2788 4290 divini
2854 4235 3078 4303 amoris,
3128 4252 3253 4290 eum
3286 4236 3352 4290 ad
3401 4236 3580 4291 susci-

1968 4324 2233 4396 piendum
2264 4323 2576 4379 amabiliter
2606 4323 2900 4380 festinavit.
2952 4323 3197 4396 Cumque
3238 4325 3296 4379 in
3323 4325 3582 4381 cubicqu

1969 4417 2232 4472 accersita
2261 4416 2612 4488 imperatrice
2650 4417 2803 4472 suavi
2829 4418 3106 4489 colloquio
3147 4417 3479 4485 fruerentur,
3523 4425 3579 4473 et

1962 4510 2188 4565 alternis
2219 4509 2589 4565 locutionibus
2644 4510 2983 4565 diversarum
3040 4528 3221 4566 rerum
3281 4521 3584 4583 proventus

1964 4598 2349 4665 terminarent,
2379 4598 2463 4652 vir
2511 4605 2735 4652 sanctus
2786 4599 3173 4669 imperatorem
3207 4616 3331 4655 cum
3381 4602 3584 4658 auxilio

1966 4689 2331 4760 imperatricis
2373 4689 2620 4764 flagitare
2669 4689 2839 4759 C(Bpit
2886 4698 2946 4742 ut
3010 4687 3122 4744 filio
3190 4690 3399 4745 sororis
3466 4707 3583 4747 suae

1965 4781 2298 4836 Adalberoni
2330 4780 2772 4852 procurationem
2797 4779 3273 4851 suicpiscopatus,
3311 4782 3585 4857 regimen-

1966 4887 2074 4942 que
2097 4886 2263 4941 super
2300 4869 2559 4923 familiam
2613 4876 2668 4924 et
2698 4869 2883 4923 omnia
2937 4869 3161 4943 negotia
3192 4869 3479 4925 saecularia
3510 4870 3579 4924 ad

1967 4977 2091 5015 eum
2124 4960 2476 5031 pertinentia,
2497 4960 2736 5015 fideliter
2766 4959 3106 5031 firmiterque
3136 4961 3575 5027 commendaret,

1968 5064 2022 5110 et
2048 5062 2108 5111 ut
2145 5072 2176 5109 a
2202 5055 2534 5110 celsitudine
2561 5056 2680 5124 ejus
2714 5056 3018 5127 imperialis
3051 5058 3309 5128 potentiae
3342 5055 3584 5125 promis-

1969 5163 2087 5201 sum
2128 5145 2524 5201 consolationis
2555 5146 2806 5217 accipere
2837 5156 3166 5209 mereretur,
3201 5153 3257 5198 ut
3310 5151 3435 5214 post
3466 5143 3585 5213 ejus

1967 5241 2270 5296 discessum
2303 5240 2621 5294 cathedram
2653 5240 2985 5312 episcopalis
3016 5237 3305 5310 potestatis
3332 5237 3384 5292 ei
3412 5236 3588 5293 dona-

1969 5338 2071 5397 ret,
2104 5338 2163 5385 ut
2183 5329 2286 5384 sibi
2314 5328 2538 5397 majoris
2563 5329 2657 5384 otii
2691 5330 2760 5384 ad
2814 5330 3058 5384 studium
3114 5325 3380 5381 orationis
3410 5333 3464 5381 et
3495 5342 3592 5382 ec-

1968 5425 2259 5480 clesiastici
2309 5426 2595 5500 regiminis
2646 5435 2702 5480 et
2759 5421 3179 5479 Christianitatis
3234 5421 3585 5477 stabilitatem

1971 5514 2199 5570 facultas
2259 5519 2680 5574 concederetur.
2740 5516 2907 5585 Cujus
2966 5513 3175 5585 petioni
3237 5512 3508 5589 gloriosus
3535 5518 3589 5566 et

1978 5608 2287 5664 benevolus
2315 5610 2613 5680 imperator
2642 5625 2931 5663 assensum
2964 5607 3219 5678 praebens
3245 5605 3586 5663 saecularium

2053 5739 2165 5810 (33)
2193 5742 2531 5796 Permissum.
2570 5737 2793 5793 Urtaub.
