4042 6156
441 287 461 340 1
474 287 579 341 043

1522 287 1573 339 S.
1619 287 1920 342 UDALRICI
1963 287 2334 342 AUGUSTANI
2375 286 2685 341 EPISCOPI.

3637 286 3778 344 1044

439 420 784 492 negotiorum
814 419 1145 473 commercia
1173 418 1503 474 Adalb’eroni
1541 419 1968 482 commendavit,
2003 426 2057 474 et
2077 421 2133 491 Α
2159 419 2420 490 cipiente.
2456 440 2483 469 ι)
2512 418 2608 473 Cui
2639 417 2778 473 dixit
2803 417 3098 492 episcopus
3129 434 3144 472 :
3178 436 3204 468 α
3257 418 3462 480 Frater,
3493 417 3639 470 bene
3678 417 3783 472 tibi

439 510 773 580 episc0palis
805 510 1071 566 honorem
1118 511 1392 566 cathedra:
1433 521 1557 582 post
1582 512 1746 568 vitam
1781 512 2049 583 episcOpi,

441 599 487 654 si
519 599 663 654 Deus
688 599 876 666 vellet,
905 599 955 653 ei
984 598 1192 655 donare
1224 599 1497 670 promisit,
1539 607 1594 655 et
1650 601 1880 672 insuper
1909 601 2051 655 mul-

442 693 512 746 tis
532 690 691 745 libris
721 690 838 746 auri
866 690 1191 762 episcOpum
1249 691 1512 746 donatum
1565 693 1878 748 amabiliter
1903 693 2054 748 abire

446 780 716 853 permisit,
751 789 805 836 et
833 781 953 852 ejus
979 780 1298 836 mansiones
1342 798 1466 836 cum
1519 782 1628 837 alio
1683 783 1907 839 servitio
1959 799 2055 838 ne-

446 869 709 934 cessario,
749 886 870 925 cum
911 869 1024 924 suis
1053 868 1311 924 ﬁdelibus
1366 886 1543 942 usque
1591 871 1660 925 ad
1704 871 1870 926 ﬁnem
1913 871 2058 926 illius

449 957 749 1029 provinciae
768 962 923 1013 caute
957 957 1249 1029 disposuit.
1307 987 1311 992 ’

520 1050 676 1106 XXII.
732 1050 1039 1122 Episcopus
1089 1057 1268 1106 autem
1325 1057 1380 1106 et
1450 1050 1708 1122 praefatus
1764 1053 2060 1121 Adalbero,

451 1156 576 1196 cum
594 1138 894 1194 laetabundi
960 1146 1369 1194 reverterentur
1397 1140 1463 1194 ad
1496 1140 1792 1208 civitatem,
1833 1141 2064 1197 honori-

455 1228 558 1283 ﬁce
588 1228 733 1283 sicut
759 1229 946 1283 decuit
972 1229 1215 1299 suscepti
1242 1236 1390 1296 sunt,
1423 1238 1478 1283 et
1508 1245 1703 1285 omnes
1735 1231 1829 1301 qui
1871 1231 1944 1285 ibi
1966 1228 2066 1285 in-

455 1321 602 1375 venti
625 1327 775 1384 sunt,
799 1327 1081 1392 comperta
1128 1336 1319 1376 eorum
1360 1337 1629 1392 prospera
1661 1323 1982 1379 reversione
2014 1332 2068 1379 et

457 1410 919 1465 honorificatione
951 1410 1018 1464 ab
1051 1411 1380 1481 imperatore
1415 1412 1496 1466 eis
1517 1411 1678 1479 facta,
1707 1414 1867 1467 valde
1896 1412 2070 1467 laetifi-

457 1502 563 1559 cati
605 1511 754 1558 sunt.
788 1503 938 1557 Tunc
957 1518 1087 1557 vero
1105 1503 1366 1573 praefatus
1395 1504 1691 1572 Adalbero,
1723 1505 2070 1580 congregatis

457 1594 728 1650 militibus
753 1594 1028 1665 episcopi,
1051 1595 1384 1650 desideravit
1416 1602 1474 1651 ut
1495 1596 1544 1650 ei
1571 1605 1913 1652 sacramenta
1935 1596 2069 1651 tide-

460 1689 628 1744 litatis
653 1690 926 1758 jurarent,
951 1689 1100 1760 quod
1130 1697 1185 1743 et
1212 1689 1486 1750 Sfecerunt
1543 1692 1597 1745 in
1631 1693 1921 1762 praesentia
1951 1692 2073 1763 epi-

461 1781 615 1852 scOpi
652 1780 950 1845 ;similiter
994 1787 1050 1835 et
1096 1780 1303 1836 familia
1360 1798 1460 1852 per
1491 1790 1662 1838 totum
1693 1784 2070 1854 episcopatum

467 1871 614 1926 fecit.
643 1870 948 1940 Episcopus
978 1879 1158 1925 autem
1191 1871 1517 1927 indumento
1566 1888 1718 1928 more
1763 1873 2070 1928 monacho-

468 1975 589 2013 rum
648 1958 882 2014 formato
935 1958 1286 2026 induebatur,
1349 1976 1584 2031 quorum
1629 1967 1790 2016 antea
1829 1961 2072 2033 regulam

466 2049 809 2106 multimodis
859 2049 1153 2105 virtutibus
1200 2053 1359 2123 sequi
1416 2061 1794 2108 consueverat.
1832 2053 2077 2125 Cumque

471 2141 590 2194 haec
621 2139 696 2194 ita
720 2145 1034 2211 agerentur,
1075 2146 1302 2212 propter
1349 2143 1715 2212 quorumdam
1749 2144 2075 2199 clericorum

468 2230 896 2297 aemulationem,
925 2231 1019 2302 qui
1050 2248 1110 2287 se
1139 2233 1485 2290 aestimabant
1515 2242 1640 2306 post
1668 2237 1876 2291 obitum
1905 2239 2079 2292 sancti

471 2323 740 2394 episcOpi,
774 2323 1047 2395 imperiali
1093 2326 1424 2381 celsitudine
1466 2327 1828 2394 concedente,
1863 2328 2082 2398 episco-

472 2425 658 2486 patum
690 2430 850 2486 posse
903 2417 1211 2488 acquirere,
1257 2417 1488 2473 ferulam
1551 2420 1923 2491 episcOpalem
1978 2437 2083 2492 pu-

475 2508 616 2564 blice
647 2517 867 2580 portare
898 2513 1270 2583 praesumpsit,
1289 2523 1348 2568 ut
1368 2514 1450 2569 eis
1478 2520 1588 2570 tota
1607 2531 1735 2586 spes
1761 2515 2084 2586 acquirendi

475 2601 827 2674 episcOpatus
853 2603 1206 2658 adimeretur.

544 2693 727 2748 XXIII.
761 2694 957 2750 Postea
996 2712 1126 2752 vero
1182 2696 1587 2754 revertentibus
1611 2700 1678 2754 de
1701 2701 1857 2756 Italia
1901 2700 2085 2772 impe-

479 2788 773 2854 ratoribus,
796 2795 950 2859 patre
980 2789 1190 2845 scilicet
1214 2798 1269 2845 et
1296 2791 1469 2862 ipsius
1488 2793 1664 2862 prole,
1691 2793 1759 2847 ad
1783 2792 2086 2861 Franciam,

479 2876 619 2932 facta
651 2885 734 2932 est
762 2878 1010 2949 synodus
1065 2879 1121 2934 in
1163 2881 1284 2936 loco
1333 2881 1427 2952 qui
1478 2881 1680 2937 dicitur
1720 2883 2087 2954 Ingilunheim

478 2969 613 3040 (54),
645 2970 714 3023 ad
746 2987 911 3042 quam
954 2969 1358 3041 archiepiscopi
1412 2987 1534 3026 cum
1583 2974 1798 3028 cazteris
1829 2974 1945 3028 suis
1973 2972 2088 3028 suf-

479 3059 757 3134 fraganeis
819 3066 1071 3114 sanctum
1147 3061 1457 3115 Udalricum
1534 3077 1657 3116 cum
1716 3063 1831 3116 suis
1897 3062 2092 3135 legatis

481 3146 1192 3203 honoriﬁeeinvitaverunt.
1225 3149 1738 3222 Adalberonemque
1765 3151 1886 3219 ejus
1918 3168 2094 3222 nepo-

481 3243 592 3289 tem
621 3251 744 3290 cum
778 3251 844 3290 eo
875 3237 1067 3290 venire
1095 3236 1477 3292 decreverunt.
1508 3237 1642 3293 Illuc
1663 3254 1791 3294 vero
1823 3255 1946 3294 cum
1969 3255 2092 3309 per-

482 3325 758 3394 venirent,
789 3335 843 3382 et
880 3328 1153 3384 antistites
1199 3329 1407 3384 ibidem
1449 3330 1768 3404 congregati
1795 3330 2096 3386 Adalbero-

483 3430 608 3469 nem
637 3415 891 3471 baculum
936 3416 1304 3488 episc0palem
1367 3419 1588 3488 publice
1625 3427 1846 3490 portare
1885 3435 2094 3494 cogno-

483 3506 706 3570 vissent,
740 3505 863 3560 irati
893 3514 1021 3560 sunt
1047 3516 1236 3562 contra
1261 3523 1408 3575 eum,
1441 3515 1494 3563 et
1519 3508 1782 3563 dicebant
1810 3516 1886 3576 ut,
1905 3517 2096 3565 contra

482 3599 764 3655 canonicas
818 3600 1167 3655 rectitudinis
1220 3603 1488 3676 regulam,
1536 3603 1591 3656 in
1623 3604 1876 3659 haeresim
1908 3605 2096 3676 lapsus

483 3687 700 3757 fuisset,
745 3695 799 3744 et
851 3690 1001 3761 quod
1049 3689 1381 3759 pontiﬁcalis
1443 3692 1711 3748 honorem
1742 3693 2100 3750 sublimitatis

482 3785 703 3840 vivente
738 3784 1003 3856 episcopo
1059 3785 1164 3840 sibi
1193 3786 1316 3857 plus
1340 3787 1492 3858 justo
1518 3786 1845 3855 vindicaret,
1885 3799 1941 3844 et
1970 3790 2098 3846 ideo

484 3876 628 3931 ultra
655 3892 780 3931 eum
811 3878 1136 3948 episcopum
1188 3879 1430 3933 ordinari
1464 3894 1575 3935 non
1617 3880 1856 3936 deceret.
1892 3881 2100 3947 Quibus

484 3964 576 4020 ille
605 3965 827 4032 auditis,
867 3966 1044 4037 prima
1086 3967 1179 4022 die
1211 3968 1478 4039 synodale
1501 3969 1838 4042 colloquium
1893 3971 2101 4027 intrare

485 4057 766 4121 devitavit,
824 4063 878 4112 et
921 4057 979 4110 in
1038 4058 1144 4112 alia
1204 4058 1369 4114 domo
1421 4075 1546 4114 cum
1621 4062 1840 4116 caeteris
1887 4062 2106 4118 clericis

485 4153 736 4223 episcopi
764 4154 1101 4208 remanebat.
1132 4154 1372 4210 Antistes
1401 4162 1584 4210 autem
1615 4172 1740 4212 cum
1769 4157 1961 4227 paucis
1988 4157 2105 4211 suis

486 4243 789 4314 capellanis
830 4243 1100 4314 synodum
1131 4243 1372 4299 intravit.
1406 4244 1653 4316 Cumque
1678 4245 1824 4300 inter
1844 4261 1906 4300 se
1932 4246 2109 4316 ponti-

487 4333 620 4388 ﬁces
671 4335 947 4406 colloquia
1000 4334 1204 4390 habere
1279 4335 1601 4406 coepissent,
1665 4337 2107 4409 uniuscujusque

487 4425 756 4480 rationem
799 4442 898 4497 per
955 4425 1240 4482 latinitatis
1295 4428 1631 4484 locutionem
1673 4429 1969 4485 voluerunt
1997 4436 2109 4484 ter-

2157 518 2346 564 notum
2377 516 2459 564 est
2483 508 2821 562 desiderium
2848 523 3052 574 meum,
3079 523 3280 562 enarra
3312 508 3444 573 hoc,
3474 516 3531 560 et
3552 507 3784 560 obsecra

2151 608 2211 653 ut
2241 615 2430 653 eorum
2470 597 2718 653 consiliis
2748 604 2802 652 et
2862 597 3351 667 permissionibus,
3385 597 3500 650 Deo
3528 595 3780 663 juvante,

2153 688 2428 758 expletum
2458 686 2567 741 ﬁat.
2603 710 2628 735 υ
2649 685 2803 740 Tunc
2826 685 3085 755 praefatus
3115 684 3357 739 clericus
3375 683 3695 738 Gerhardus
3727 684 3779 736 in

2158 781 2448 851 praesentia
2487 779 2732 835 omnium
2773 778 2909 832 dixit
2945 795 3002 830 ια
3045 775 3786 845 Excellentissimiimpera-

2159 877 2326 933 tores,
2359 874 2414 922 et
2441 865 2840 941 religiosissimi
2870 866 3164 930 antistites,
3189 864 3538 920 desiderium
3572 863 3786 918 domini

2161 960 2270 1014 mei
2303 968 2386 1014 est
2415 959 2730 1029 relinquere
2782 957 3065 1023 saeculum,
3093 965 3148 1011 et
3185 957 3499 1011 secundum
3545 957 3789 1030 regulam

2162 1046 2334 1101 sancti
2363 1045 2644 1100 Benedicti
2676 1053 2920 1100 sanctam
2975 1046 3116 1101 inire
3142 1045 3333 1112 vitam,
3367 1054 3423 1100 et
3452 1045 3511 1099 in
3543 1055 3796 1100 contem-

2165 1139 2367 1209 plavita
2384 1138 2495 1193 vita
2518 1138 2665 1191 diem
2692 1148 3009 1207 exspectare
3039 1138 3228 1193 obitus
3243 1137 3353 1192 sui.
3380 1139 3441 1191 In
3465 1137 3793 1191 indumento

2166 1244 2264 1300 pro
2288 1237 2439 1283 certo
2458 1227 2681 1282 habitus
2710 1228 3016 1296 exterioris,
3061 1229 3294 1299 potestis
3325 1243 3668 1303 cognoscere
3700 1242 3800 1282 vo-

2167 1324 2433 1378 luntatem
2464 1322 2634 1376 animi
2657 1322 2949 1377 interioris.
2981 1343 3006 1374 »
3033 1323 3153 1377 Istis
3175 1332 3232 1378 et
3254 1323 3380 1376 aliis
3398 1322 3711 1377 rationibus
3738 1321 3793 1374 in

2169 1417 2450 1472 voluntate
2476 1415 2689 1470 domini
2719 1417 2805 1470 sui
2848 1417 2901 1470 in
2931 1415 3096 1470 ﬁnem
3147 1415 3427 1478 deductis,
3462 1421 3610 1469 terra
3640 1422 3804 1468 tenus

2171 1508 2372 1563 cecidit
2402 1517 2528 1561 ante
2556 1507 2726 1577 pedes
2761 1508 3153 1578 imperatorum
3181 1514 3236 1562 et
3257 1507 3594 1574 antistitum,
3636 1505 3806 1562 obse-

2173 1614 2332 1653 crans
2360 1606 2417 1652 ut
2448 1597 2774 1667 petitionem
2803 1599 3009 1654 domini
3037 1600 3121 1653 sui
3145 1600 3457 1654 secundum
3484 1599 3579 1652 Dei
3607 1597 3801 1652 volun-

2177 1699 2343 1746 tatem
2378 1693 2607 1761 implere
2632 1707 2744 1746 non
2775 1692 3225 1766 dedignarentur.
3252 1692 3355 1756 Qui
3381 1691 3550 1745 simul
3571 1703 3802 1761 respon-

2177 1780 2345 1834 dendi
2369 1780 2618 1834 inducias
2647 1795 2824 1850 usque
2855 1781 2911 1834 in
2941 1781 3243 1835 crastinum
3277 1780 3451 1849 diem;
3486 1780 3808 1850 postulave-

2176 1882 2324 1938 runt,
2354 1879 2607 1942 etpostea
2638 1872 2780 1926 inter
2809 1889 2866 1927 se
2913 1873 3330 1928 aastimaverunt
3361 1871 3606 1942 qualiter
3635 1887 3801 1926 causa

2177 1967 2540 2021 Adalberonis
2595 1966 2999 2021 terminaretur.
3054 1964 3284 2028 Quidam
3339 1977 3471 2016 vero
3503 1963 3805 2034 episcopo-

2181 2077 2298 2115 rum
2329 2060 2609 2127 adjutores
2640 2058 3003 2113 Adalberonis
3030 2055 3272 2121 fuerunt,
3300 2071 3371 2108 ne
3399 2070 3629 2124 prorsus
3657 2071 3689 2108 a
3708 2070 3807 2125 spe

2179 2144 2912 2217 epiSCOpalisordinationis,
2947 2152 3071 2214 post
3100 2144 3267 2198 vitam
3299 2143 3563 2196 avunculi
3602 2143 3691 2196 sui
3713 2159 3808 2198 ex-

2183 2239 2512 2294 cluderetur.
2548 2238 2672 2292 Haec
2701 2253 2826 2292 cum
2855 2237 2997 2290 inter
3022 2252 3081 2290 se
3120 2234 3657 2299 sermocinarentur,
3686 2235 3814 2289 ulti-

2183 2344 2272 2380 ma
2297 2327 2353 2380 in
2385 2343 2556 2380 unum
2597 2326 2808 2380 ratione
2838 2323 3154 2389 coadunati,
3187 2338 3388 2378 omnes
3429 2322 3598 2375 simul
3630 2320 3817 2376 ﬁrma—

2183 2429 2382 2477 verunt
2416 2420 2626 2491 [quod],
2656 2419 2760 2474 nisi
2778 2418 3047 2473 Adalbero
3071 2422 3494 2472 sesacramento
3523 2426 3814 2472 excusaret

2186 2514 2334 2585 quod
2366 2529 2476 2568 non
2510 2512 2679 2567 sciret
2732 2511 2981 2566 haeresim
3028 2525 3251 2565 manere
3280 2510 3412 2580 quia
3435 2508 3814 2579 episcOpalem

2188 2603 2484 2675 potentiam
2510 2618 2633 2658 cum
2667 2601 2864 2657 baculo
2908 2600 3162 2670 arripuit,
3197 2599 3348 2653 nullo
3378 2599 3548 2653 modo
3580 2598 3818 2652 ulterius

2188 2691 2439 2765 legaliter
2460 2690 2754 2760 episcOpus
2809 2687 2928 2743 ﬁeri
2985 2687 3274 2758 potuisset.
3325 2686 3509 2740 Altera
3541 2700 3673 2740 vero
3728 2685 3820 2740 die

2189 2799 2313 2838 cum
2344 2783 2608 2854 episcopo
2639 2783 2805 2837 etiam
2837 2780 3104 2835 Adalbero
3131 2779 3389 2851 synodali
3427 2778 3683 2833 interfuit
3703 2779 3821 2833 col-

2191 2873 2398 2944 loquio,
2432 2880 2501 2927 et.
2555 2889 2680 2927 cum
2725 2873 2776 2926 ei
2808 2871 3134 2942 praedictum
3174 2870 3386 2925 crimen
3419 2870 3817 2940 imputaretur.

2192 2965 2379 3019 multis
2402 2962 2811 3032 objectionibus
2853 2963 3200 3016 diversorum
3245 2960 3663 3031 colloquiorum
3690 2974 3815 3013 cum

2193 3058 2306 3111 suis
2330 3056 2672 3126 adjutoribus
2693 3072 2724 3109 a
2753 3055 3016 3126 priedicto
3039 3054 3273 3108 crimine
3303 3069 3362 3107 se
3382 3051 3690 3106 defendere
3722 3058 3829 3105 sta-

2196 3147 2315 3202 tuit.
2343 3147 2452 3202 Hoc
2473 3162 2601 3201 cum
2641 3145 2693 3200 ei
2725 3145 2984 3200 adunatio
3015 3143 3265 3198 omnium
3296 3142 3698 3213 epiSCOporum
3717 3157 3828 3196 non

2196 3240 2554 3305 consentiret,
2578 3239 2883 3294 secundum
2907 3253 3015 3308 pra:
3035 3236 3234 3291 dictam
3251 3234 3700 3289 destinationem
3714 3233 3832 3303 epi-

2198 3348 2491 3403 scoporum
2517 3341 2921 3388 sacramentum
2958 3329 3317 3401 perfecitper
3332 3343 3541 3382 nomen
3559 3325 3750 3390 Patris,
3776 3335 3828 3379 et

2197 3423 2336 3489 Filii,
2370 3429 2424 3477 et
2443 3421 2684 3492 Spiritus
2703 3419 2878 3474 sancti
2899 3424 3316 3488 superquatuor
3339 3415 3821 3488 Evangelia.Tunc

2197 3517 2398 3572 iterum
2423 3515 2721 3586 episcopus
2757 3513 3040 3568 Uclalricus
3069 3511 3363 3582 petitionis
3391 3526 3507 3565 sua:
3545 3525 3835 3580 responsa,

2199 3623 2320 3678 quae
2381 3604 2558 3676 pridie
2611 3603 3011 3675 procrastinata
3061 3603 3317 3668 fuerunt,
3370 3619 3473 3673 per
3504 3601 3834 3673 przedictum

2199 3715 2359 3754 suum
2393 3697 2655 3752 clericum
2675 3695 2958 3767 expetivit,
2994 3695 3124 3766 quia
3159 3695 3508 3750 desideravit
3526 3692 3836 3764 utprzedic-

2199 3800 2288 3849 tus
2304 3809 2436 3848 suus
2461 3807 2636 3862 nepos
2667 3791 2965 3862 episcOpus
2983 3791 3360 3855 ordinaretur,
3410 3798 3465 3844 et
3514 3790 3628 3854 ille,
3647 3804 3847 3843 secun-

2203 3888 2332 3942 dum
2365 3887 2608 3958 regulam
2639 3885 2816 3940 sancti
2847 3884 3152 3950 Benedicti,
3219 3885 3277 3938 in
3332 3883 3674 3939 monasterio
3715 3898 3842 3937 cum

2208 3995 2400 4035 eorum
2441 3993 2716 4034 consensu
2763 3976 3045 4031 deservire
3091 3984 3424 4032 mereretur.
3462 3974 3846 4044 EpiscOpiau-

2208 4075 2339 4133 tem,
2369 4067 2620 4139 quamvis
2636 4066 2718 4121 eis
2757 4082 2821 4120 ex
2861 4073 2975 4121 toto
3026 4080 3138 4119 non
3173 4064 3444 4134 placeret.
3479 4070 3672 4133 aperte
3703 4061 3757 4115 ei
3788 4062 3846 4114 in

2210 4159 2420 4229 synodo
2442 4156 2821 4213 contradicere
2861 4155 3087 4211 noluere
3137 4155 3470 4226 petitionem
3507 4167 3663 4207 suam
3697 4170 3710 4217 ;
3743 4153 3846 4207 sed

2210 4247 2605 4320 sapientissimi
2637 4263 2700 4301 ex
2734 4245 2887 4316 ipsis,
2925 4260 3050 4299 cum
3107 4244 3343 4299 consilio
3397 4243 3654 4308 aliorum,
3694 4251 3851 4296 extra

2213 4337 2483 4409 synodum
2535 4351 2661 4390 eum
2717 4334 3002 4389 ambulare
3061 4348 3186 4388 cum
3230 4333 3339 4386 illis
3401 4333 3848 4403 postulaverunt,

2216 4429 2402 4500 ibique
2431 4443 2554 4481 cum
2605 4441 2670 4482 eo
2711 4433 2765 4480 et
2813 4441 2938 4480 cum
2991 4425 3105 4480 suis
3156 4423 3379 4479 clericis
3420 4423 3854 4494 sapientissimis

490 4512 690 4566 minari
720 4531 733 4578 ;
762 4530 1000 4585 cumque
1031 4530 1194 4571 causa
1231 4516 1407 4572 sancti
1449 4515 1683 4571 Udalrici
1717 4517 1906 4572 fuisset
1935 4518 2111 4574 vcnti-
2132 4487 2188 4556 D
2217 4532 2487 4579 secretam
2520 4523 2861 4577 locutionem
2879 4521 3143 4586 habuere,
3166 4521 3420 4575 dicentes
3444 4539 3500 4572 τα
3526 4518 3855 4574 Reverende

492 4605 678 4670 lauda,
707 4612 761 4660 et
788 4605 900 4674 ille,
943 4622 1039 4677 pro
1069 4607 1391 4664 inﬁrmitate
1438 4607 1563 4678 (55),
1603 4615 1710 4663 tam
1743 4625 1944 4665 sonora
1976 4626 2110 4667 voce

492 4702 550 4750 ut
574 4702 687 4750 tota
713 4698 1165 4768 synodusaudire
1214 4701 1507 4771 potuisset,
1563 4701 1832 4756 rationem
1863 4700 2110 4772 proferre

493 4801 605 4842 non
628 4796 837 4857 posset,
870 4789 1239 4847 advocabatur
1271 4807 1414 4847 unus
1444 4808 1578 4847 suus
1617 4793 1850 4848 clericus
1884 4794 2110 4849 nomine

493 4877 826 4947 Gerbardus,
863 4879 958 4950 qui
989 4889 1136 4937 extra
1158 4883 1431 4954 synodum
1463 4900 1588 4939 cum
1643 4884 1992 4940 Adalberone
2020 4901 2110 4940 re-

492 4971 775 5041 manebat,
798 4977 857 5026 ut
906 4987 1004 5042 pro
1033 4989 1098 5029 eo
1121 4974 1381 5030 desiderii
1429 4977 1514 5032 sui
1546 4977 1813 5034 rationem
1843 4995 1944 5050 per
1987 4979 2109 5033 lati-

496 5062 682 5118 nitatis
717 5063 1055 5119 locutionem
1109 5064 1510 5122 manifestarct.
1570 5068 1814 5142 Cumque
1864 5071 1973 5137 vix,
2015 5085 2114 5140 pro

495 5156 766 5212 densitate
801 5157 1132 5224 multidinis,
1173 5157 1230 5212 in
1266 5159 1582 5229 ,‘praasentia
1637 5161 2031 5234 imperatorum
2063 5170 2117 5218 et

496 5247 882 5317 episcoporum
917 5264 1161 5319 praesens
1191 5247 1457 5314 stetisset,
1511 5251 1957 5327 interrogabatur
1983 5254 2116 5325 quid

497 5335 838 5392 desideraret
867 5337 1126 5393 dominus
1164 5353 1318 5391 suus.
1351 5336 1560 5401 Quibus
1591 5339 2118 5416 interrogationibus

495 5423 894 5496 multiplicatis,
927 5427 1062 5482 dixit
1101 5443 1159 5480 εει
1195 5427 1315 5483 Non
1376 5427 1558 5484 debeo
1590 5428 2119 5504 interrogationibus

497 5527 693 5574 vestris
721 5522 1061 5593 respondere
1088 5538 1187 5593 pro
1236 5523 1464 5579 domino
1512 5539 1662 5592 meo,
1699 5524 1805 5578 nisi
1834 5525 1927 5580 illo
1973 5541 2118 5597 prae-

571 5653 956 5733 (Ef4)Synoc_ius
984 5655 1511 5728 lngilunheimensis
1553 5656 1609 5714 in
1656 5673 1820 5714 causa
1873 5657 2117 5714 Adelbe-

504 5725 676 5791 ronis,
699 5741 788 5781 an.
814 5725 939 5782 972.

2215 4613 2396 4678 Pater,
2425 4612 2512 4667 cui
2549 4618 2681 4666 nota
2711 4619 2796 4666 est
2821 4610 3064 4666 omnium
3105 4609 3612 4664 ecclesiasticorum
3679 4607 3858 4661 libro-

2213 4721 2332 4759 rum
2364 4703 2638 4768 normula,
2671 4701 2765 4773 qui
2794 4716 3014 4771 semper
3041 4701 3247 4755 callem
3283 4699 3639 4754 rectitudinis
3663 4698 3858 4752 ambu-

2213 4793 2335 4848 lasti
2364 4808 2476 4847 non
2498 4791 2795 4858 deviando,
2842 4806 2951 4844 non
2981 4790 3142 4844 decet
3179 4796 3238 4844 ut
3297 4804 3467 4856 nunc,
3503 4790 3664 4842 istam
3696 4787 3845 4842 viam

2215 4900 2377 4954 quam
2408 4897 2628 4952 semper
2687 4880 2912 4936 tenuisti
2955 4879 3241 4943 omittens,
3299 4879 3665 4932 seminarium
3698 4892 3770 4930 ex
3797 4884 3847 4930 te

2214 4981 2392 5030 sumat
2419 4975 2539 5029 talis
2583 4988 2758 5042 error,
2804 4981 2864 5026 ut
2901 4970 3040 5025 alius
3080 4971 3136 5026 in
3193 4971 3315 5025 loco
3375 4978 3491 5032 tuo,
3523 4979 3572 5023 te
3605 4969 3856 5026 vivente.

2216 5066 2540 5131 ordinetur;
2572 5066 2723 5136 quia,
2773 5065 2818 5118 si
2867 5081 2934 5119 ex
2995 5072 3048 5118 te
3091 5063 3214 5117 talis
3258 5061 3611 5118 consuetudo
3644 5060 3846 5130 incipit

2219 5158 2542 5230 perpetrari,
2583 5157 2639 5211 in
2671 5164 2948 5227 posterum
2993 5155 3178 5209 multis
3228 5154 3551 5209 reverendis
3582 5161 3640 5207 et
3681 5153 3847 5208 bonis

2219 5252 2514 5324 episcopis,
2559 5251 2626 5305 ab
2653 5267 2845 5306 eorum
2879 5249 3173 5320 nepotibus
3213 5247 3504 5302 etclericis
3527 5246 3657 5300 talia
3687 5246 3834 5301 desi-

2220 5341 2558 5406 derantibus,
2592 5341 2764 5394 multa
2811 5344 3176 5392 concrescunt
3215 5335 3471 5390 adversa.
3516 5332 3715 5388 Melius
3752 5333 3850 5387 tibi

2219 5440 2301 5486 est
2340 5437 2399 5485 ut
2433 5430 2490 5483 in
2518 5445 2584 5484 eo
2610 5427 2942 5494 ministerio,
2967 5427 3024 5480 in
3073 5440 3182 5497 quo
3211 5423 3452 5495 coapisti,
3490 5424 3601 5477 Deo
3632 5424 3843 5477 servire

2219 5537 2566 5594 permaneas,
2596 5537 2780 5592 quam,
2824 5526 2974 5573 tuam
3012 5519 3352 5573 voluntatem
3403 5531 3672 5586 sequens,
3726 5514 3848 5569 aliis

2293 5655 2401 5726 (55)
2430 5655 2630 5729 Agebat
2651 5667 2860 5711 annum
2882 5651 3324 5728 octuagcsimum
3351 5647 3679 5705 secundum.
