4038 6178
271 299 420 355 1045
1860 312 1901 365 V

2001 341 2033 367 ι.
3476 305 3616 365 1046

271 427 526 499 plurimis
564 430 885 489 scandalum
932 432 1126 501 facias;
1168 436 1299 509 quia
1337 453 1402 493 ex
1455 446 1508 494 te
1541 441 1792 496 canonici
1844 449 1898 497 et
1921 448 1969 515 Α
2001 442 2261 497 maestitia
2291 440 2347 495 in
2401 456 2529 495 suas
2586 439 2791 496 reversi
2821 444 2950 494 sunt
2997 438 3338 504 mansiones,
3392 451 3492 507 pro
3548 451 3617 494 eo

270 524 529 580 monachi
559 533 615 581 et
659 527 1116 585 sanctimoniales
1165 540 1220 586 et
1266 534 1450 588 (veteri
1506 535 1797 590 Christiani
1829 537 1898 591 ad
2000 534 2148 606 quod
2177 550 2241 589 ex
2262 532 2435 588 nobili
2462 548 2668 607 genere
2699 538 2904 593 ortum,
2930 537 2984 586 et
3003 529 3323 595 formosum,
3353 536 3408 584 et
3433 545 3618 600 gram-

269 616 626 673 rectitudinis
647 625 848 674 statum
881 621 1091 679 debent
1118 626 1445 700 constringi,
1476 628 1569 699 qui
1596 644 1660 682 ex
1692 638 1900 683 semet-
2000 624 2213 679 maticze
2240 622 2371 677 artis
2397 622 2540 677 bene
2567 621 2810 686 doctum,
2840 627 2894 675 et
2924 620 2979 674 in
3004 620 3097 674 Dei
3127 620 3354 675 servitio
3400 619 3617 675 studio-

272 703 413 776 ipsis
433 721 533 776 per
548 705 770 762 climata
798 709 1000 765 cadere
1031 710 1317 770 festinant.
1350 715 1451 779 Qui
1474 724 1656 771 autem
1679 717 1898 772 incaute
1999 728 2140 775 sum,
2166 721 2221 766 et
2249 711 2303 765 in
2336 710 2499 766 bonis
2527 709 2790 781 operibus
2815 716 3121 775 strenuum,
3144 708 3268 762 etin
3299 707 3617 780 eloquentia

274 797 614 852 ambulando
661 800 1004 868 ceciderunt,
1058 819 1124 857 ex
1174 811 1249 870 te,
1291 806 1402 861 Deo
1454 808 1704 875 juvante,
1761 808 1900 880 erigi
2001 800 2288 855 dulcisona
2325 808 2569 864 cautum,
2606 798 2662 851 in
2694 797 2954 852 donando
2996 796 3228 868 largum,
3262 797 3317 852 in
3371 796 3617 853 adversis

274 898 439 956 posse
470 888 729 956 sperandi
759 897 906 943 sunt.
940 890 1031 944 'De
1081 899 1281 962 nepote
1312 903 1497 950 autem
1544 902 1637 951 tuo
1667 896 1902 951 Adalbe—

279 992 415 1031 rene
441 983 548 1032 tuaa
578 978 847 1034 voluntati
880 981 1292 1051 satisfaciendo,
1316 986 1374 1041 in
1400 1002 1696 1043 commune
1714 988 1901 1043 ﬁrma-

278 1084 402 1123 mus
430 1075 490 1123 ut
547 1069 732 1125 nullus
775 1072 916 1127 alius
943 1090 975 1128 ι
1004 1073 1168 1130 nobis
1206 1083 1331 1147 post
1377 1085 1530 1134 tuum
1571 1078 1897 1147 discessum,

275 1158 346 1211 ad
395 1158 549 1212 illum
579 1157 851 1215 locumin
879 1178 990 1233 quo
1021 1172 1078 1218 tu
1113 1172 1299 1235 pastor
1338 1168 1548 1234 existis,
1582 1185 1650 1226 eo
1678 1170 1901 1226 vivente

276 1250 569 1305 ordinetur
587 1252 693 1306 nisi
721 1253 861 1323 ipse.
899 1255 991 1310 His
1019 1258 1271 1313 consiliis
1300 1262 1654 1317 consentiens
1679 1270 1904 1318 sanctus

278 1338 584 1410 episcopus
616 1341 923 1409 Udalricus,
957 1360 1080 1399 cum
1112 1347 1196 1402 eis
1226 1347 1282 1402 in
1313 1350 1583 1420 synodum
1616 1352 1902 1425 regredie-

276 1428 461 1496 batur,
507 1437 562 1486 et
618 1439 747 1486 tunc
797 1449 921 1488 cum
977 1451 1253 1493 consensu
1309 1439 1541 1496 aliorum
1572 1442 1900 1510 antistitum,

2000 892 2234 947 aliorum
2284 890 2515 955 tristem,
2549 890 2842 944 multarum
2889 888 3152 943 virtutum
3202 889 3487 960 opulentia
3519 906 3617 945 cu-

1999 984 2289 1053 mulatum,
2321 983 2376 1037 in
2408 982 2682 1051 adjutorio
2731 982 3062 1035 miserorum
3095 980 3373 1043 festiuum,
3423 981 3613 1036 multi-

2001 1077 2163 1132 moda
2193 1074 2581 1130 benevolentia
2608 1082 2860 1130 ornatum
2910 1073 3108 1142 virum,
3141 1081 3250 1128 tam
3276 1074 3385 1130 cito
3434 1074 3613 1145 depo-

2004 1168 2170 1224 situm
2201 1168 2527 1224 omiserunt.
3064 1220 3069 1235 ,

2074 1261 2224 1316 XXV.
2286 1259 2595 1334 Religiosus
2660 1264 2840 1313 autem
2897 1258 3145 1325 antistes,
3211 1257 3379 1313 misso
3432 1259 3614 1334 legato

2005 1351 2277 1407 nuntiavit
2306 1348 2622 1421 imperatori
2661 1348 2872 1403 obitum
2906 1348 3153 1418 praedicti
3184 1347 3405 1418 nepotis
3431 1347 3539 1415 sui,
3564 1355 3619 1404 et

2004 1439 2282 1495 abbatiam
2326 1438 2599 1492 Utenbura
2630 1436 2993 1503 nominatam,
3028 1452 3151 1507 qua:
3181 1435 3283 1507 ipsi
3309 1452 3341 1490 a
3382 1452 3480 1492 sua
3510 1437 3620 1491 im-

279 1515 500 1571 fecitab
517 1517 849 1589 imperatore
875 1522 1208 1581 Adalberoni
1228 1529 1602 1583 commendari
1626 1529 1681 1583 in
1708 1545 1902 1585 eorum
2004 1534 2195 1605 periali
2238 1534 2484 1605 potentia
2514 1548 2776 1589 concessa
2831 1539 2969 1600 erat,
3013 1533 3309 1603 postulavit
3355 1533 3462 1586 sibi
3517 1533 3620 1587 do-

282 1614 605 1683 praesentia,
665 1620 1106 1686 procurationem
1139 1623 1225 1677 sui
1279 1624 1504 1692 habere,
1553 1634 1608 1681 et
1636 1624 1740 1681 sub
1780 1626 1902 1696 ipso
2003 1623 2143 1689 nari,
2177 1638 2288 1677 non
2335 1640 2500 1679 causa
2527 1623 2788 1689 avaritiae,
2821 1625 2921 1679 sed
2966 1640 3031 1679 ea
3065 1624 3372 1679 intentione
3418 1630 3477 1679 ut
3505 1640 3620 1680 cm-

280 1704 453 1758 totius
478 1705 829 1777 episcOpatus
854 1716 1066 1765 cautam
1099 1712 1519 1783 dispositionem
1556 1716 1611 1770 in
1643 1715 1902 1771 omnibus
1929 1771 1974 1783 __
2004 1716 2206 1771 nobitis
2261 1716 2465 1771 ibidem
2532 1717 2643 1771 Deo
2724 1717 3089 1772 servientibus
3154 1715 3616 1771 deliberationem

280 1794 612 1867 adimplere.
654 1799 857 1855 Taliter
903 1818 1033 1857 vero
1074 1803 1192 1859 istis
1241 1806 1569 1876 terminatis,
1611 1805 1764 1862 finita
1811 1822 1900 1879 sy-

278 1886 450 1952 nodo,
500 1888 797 1960 episcopus
828 1898 882 1946 et
937 1893 1208 1951 Adalbero
1259 1911 1384 1952 cum
1424 1897 1539 1953 suis
1597 1899 1894 1972 Augustam

279 1976 703 2032 revertebantur
734 1978 868 2049 (56).

347 2064 524 2119 XXIV.
561 2066 827 2122 Praedicta
865 2086 995 2125 vero
1033 2073 1279 2143 synodus
1324 2074 1378 2129 in
1418 2075 1722 2130 autumnali
1753 2085 1895 2132 tem-

281 2171 416 2226 pore
448 2167 670 2235 peracta
702 2169 817 2229 est;
848 2169 902 2218 et
949 2164 1005 2219 in
1037 2174 1197 2222 antea
1229 2168 1476 2224 Paschali
1506 2176 1756 2241 tempore
1798 2171 1896 2226 ad-

277 2246 561 2314 veniente,
615 2258 804 2306 sancta
843 2252 1191 2311 hebdomade
1257 2256 1433 2323 finita,
1496 2259 1793 2330 episcOpus
1844 2267 1899 2314 et

275 2334 572 2404 Adalbero,
606 2340 915 2396 amabiliter
953 2353 1188 2401 vocante
1221 2346 1497 2404 Rinuvino
1540 2349 1893 2423 [Richuvino]

277 2423 502 2491 comite,
531 2426 804 2498 Dietpaldi
828 2430 1010 2488 fratris
1048 2435 1295 2507 episcopi
1334 2434 1469 2503 filio,
1511 2437 1579 2492 ad
1616 2436 1896 2495 castellum

279 2513 499 2590 Dilinga
539 2518 886 2577 nominatum
929 2533 1222 2593 venerunt,
1271 2535 1330 2583 ut
1387 2528 1463 2583 ibi
1514 2529 1722 2601 aliquot
1779 2530 1900 2585 dies

283 2606 607 2664 charitative
664 2627 789 2666 cum
836 2629 903 2670 eo
933 2623 987 2670 et
1042 2632 1167 2671 cum
1226 2618 1431 2674 femina
1483 2620 1604 2689 ejus
1638 2619 1902 2692 lliltegart

282 2696 571 2752 nominata
600 2710 913 2758 manerent.
948 2704 1139 2761 Paucis
1161 2706 1344 2779 itaque
1371 2708 1568 2763 diebus
1587 2708 1899 2775 transactis,

282 2786 555 2844 Adalbero
603 2789 680 2845 ibi
712 2807 835 2848 cum
888 2795 1240 2865 phlebotemo
1282 2798 1389 2854 sibi
1435 2799 1901 2869 phlebotemando

281 2877 611 2949 sanguinem
643 2880 819 2938 minui
852 2882 1002 2953 fecit,
1049 2894 1104 2941 et
1141 2896 1334 2958 postea
1364 2905 1489 2944 cum
1520 2890 1782 2960 episc0po
1829 2888 1898 2943 ad

286 2979 502 3019 comam
545 2970 818 3039 consedit,
860 2979 915 3028 et
953 2975 1022 3029 de
1048 2990 1199 3032 caena
1238 2994 1473 3052 surgens
1512 2979 1567 3034 in
1597 2980 1797 3035 lectum
1837 2993 1899 3033 se

277 3053 347 3106 ad
398 3055 857 3126 requiescendum
908 3062 1184 3144 deposuit.
1237 3065 1483 3139 Cumque
1515 3067 1896 3139 unusquisque

274 3144 344 3198 ad
373 3161 502 3201 suas
551 3147 864 3208 divertisset
898 3131 1239 3225 mansiones,
1289 3159 1485 3214 eadem
1527 3167 1688 3215 nocte
1740 3120 1970 3215 subi-C

274 3244 439 3292 tanea
468 3248 645 3296 morte
672 3244 943 3302 Adalbero
974 3247 1270 3305 defunctus
1301 3261 1403 3319 est,
1434 3268 1523 3307 an.
1557 3252 1680 3310 973.
1717 3253 1889 3308 Here-

274 3330 488 3405 wingus
537 3334 660 3405 ejus
706 3337 1018 3409 presbyter,
1082 3357 1205 3396 cum
1261 3342 1328 3397 ad
1378 3345 1742 3399 nuntiandum
1788 3345 1893 3400 hoc

275 3419 543 3492 episcopo
574 3423 890 3479 cubiculum
921 3427 1044 3495 ejus
1074 3428 1323 3497 intraret,
1353 3447 1647 3503 episcOpus
1675 3448 1892 3488 sermo-

280 3524 408 3562 nem
439 3508 559 3580 ejus
585 3515 1108 3582 praeveniens,dixit
1128 3517 1242 3572 illi:
1280 3540 1300 3569 ι
1331 3519 1469 3575 Ecce
1497 3522 1768 3577 Adalbero
1798 3523 1899 3577 de-

280 3598 502 3657 functus
522 3610 651 3657 est»
671 3621 683 3657 2
714 3604 813 3660 Cui
832 3606 923 3662 ille
937 3611 1257 3679 reSpondit:
1279 3634 1302 3660 ιι
1319 3612 1449 3668 Ideo
1462 3629 1565 3686 ego
1583 3615 1897 3672 hucintravi

279 3702 343 3750 ut
381 3696 483 3751 tibi
517 3698 622 3753 hoc
651 3699 987 3767 nuntiarem,
1042 3704 1226 3759 nullus
1274 3706 1415 3762 alius
1453 3725 1541 3763 me
1574 3711 1803 3782 praeibat
1830 3712 1898 3767 ad

279 3791 357 3851 te,
389 3794 445 3844 et
476 3792 754 3860 quomodo
772 3792 877 3848 hoc
897 3795 1038 3850 scire
1058 3797 1325 3867 potuisti?
1355 3798 1449 3853 Cui
1468 3800 1561 3856 ille
1580 3803 1897 3873 respondit;

285 3898 309 3925 ι
341 3876 590 3947 Vade,fet
615 3882 818 3938 suscita
842 3884 1136 3942 Biuvinum
1183 3895 1238 3944 et
1265 3905 1460 3946 omnes
1487 3894 1580 3964 qui
1609 3895 1899 3953 nobiscum

282 3975 432 4058 sunt,
464 3977 524 4025 ut
576 3971 684 4028 cito
716 3986 1031 4047 praeparent
1082 3981 1393 4037 vehiculum
1440 3992 1501 4039 ut
1553 4001 1755 4058 corpus
1777 3991 1898 4058 ejus

279 4057 584 4130 Augustam
640 4060 914 4118 civitatem
965 4067 1250 4125 ducamus.
1299 4095 1324 4117 ιι
1366 4057 1668 4145 Episcopus
1713 4057 1895 4133 autem

286 4145 472 4202 missis
520 4148 590 4203 ad
637 4150 935 4224 Augustam
975 4154 1190 4231 legatis,
1222 4160 1486 4231 prazcepit
1515 4170 1575 4217 ut
1621 4163 1676 4218 in
1725 4166 1903 4221 eccle-

281 4238 365 4292 sia
404 4238 618 4296 Sanctae
654 4242 795 4299 Afra:
826 4247 1139 4318 sepulcrum
1173 4250 1293 4319 ejus
1322 4252 1478 4321 juxta
1505 4254 1680 4325 ipsius
1706 4259 1903 4328 sepul-

283 4346 438 4385 crum
467 4343 889 4404 praepararetur,
933 4340 1081 4410 quod
1110 4348 1165 4396 et
1194 4342 1275 4398 sic
1301 4342 1504 4400 factum
1548 4354 1644 4402 est.
1681 4348 1777 4404 ille
1807 4366 1905 4403 au-

288 4428 398 4473 tem
428 4436 552 4475 cum
584 4422 672 4478 his
701 4425 796 4495 qui
845 4442 968 4482 cum
1010 4428 1131 4499 ipso
1166 4439 1346 4500 erant,
1392 4433 1655 4505 imposuit
1705 4453 1905 4510 corpus

282 4518 571 4598 carpento,
604 4519 660 4568 et
696 4488 1047 4587 antepositis.
1070 4521 1227 4591 equis
1281 4488 1903 4598 Auguslamhv‘exit
1923 4488 1981 4555 D

283 4597 597 4672 frequentia
633 4606 845 4676 populi.
890 4608 1237 4666 Matricularii
1274 4597 1457 4668 autem
1491 4631 1616 4670 cum
1646 4620 1904 4675 crucibus

285 4699 341 4746 et
374 4709 518 4764 aqua
550 4695 847 4753 benedicta
875 4708 929 4755 et
955 4703 1131 4757 cereis
1169 4710 1227 4758 et
1257 4704 1505 4773 incenso,
1539 4718 1593 4762 et
1623 4726 1746 4764 cum
1779 4727 1901 4766 ma—

285 4805 398 4862 gna
428 4790 781 4847 multitudine
814 4793 1035 4850 familiae
1061 4797 1360 4870 caaterique
1392 4801 1579 4871 populi
1604 4805 1909 4875 appropin-

288 4882 483 4952 quanti
510 4893 891 4953 occurrerunt,
934 4895 989 4943 et
1018 4888 1320 4945 honorifice
1366 4894 1753 4964 suscipientes,
1781 4914 1904 4952 cum

289 4974 551 5047 congruis
593 4978 943 5063 orationibus
997 4989 1051 5037 et
1100 4984 1575 5042 modulationibus
1624 4991 1905 5060 perduxe-

294 5069 424 5116 runt
462 5063 528 5117 ad
563 5064 743 5120 locum
802 5069 1066 5139 sepulcri,
1097 5079 1151 5126 et
1184 5071 1285 5140 ibi,
1340 5073 1574 5145 expletis
1615 5077 1819 5149 vigiliis
1860 5089 1915 5136 et

291 5154 627 5211 salutaribus
657 5174 754 5228 pro
784 5161 907 5229 ejus
945 5162 1129 5218 anima
1167 5164 1278 5219 Deo
1317 5166 1515 5222 oblatis
1547 5168 1913 5243 hostiisyepi-

290 5261 463 5316 scopo
535 5249 777 5304 animam
849 5254 1217 5324 omnipotenti
1252 5257 1395 5312 ,Βεο
1444 5263 1909 5327 commendante,

289 5353 494 5409 corpus
567 5341 928 5400 devotissime
1000 5348 1375 5418 sepelierunt:
1422 5351 1913 5413 Commendatione

289 5437 476 5497 autem
532 5433 782 5503 corporis
804 5443 1049 5505 peracta.
1103 5446 1157 5493 et
1208 5439 1642 5511 episcopecum
1684 5444 1914 5501 tristitia

280 5524 877 5593 ,redeu,nte,.uaiversi.
917 5531 1157 5589 ﬂeturizet
1196 5533 1593 5593 lamentatione
1610 5546 1676 5594 let
1714 5554 1916 5614 magna

276 5654 305 5691 τ’
337 5644 509 5731 ⁸’(56)
540 5652 857 5731 Mirac'ulum

610 5654 857 5737 radulum
913 5644 1192 5731 quoddam
1224 5661 1279 5716 in
1328 5632 1502 5719 altero
1534 5638 1795 5737 exemplo
1824 5660 1917 5721 hic

296 5738 479 5778 visum
511 5734 788 5784 omittere.
1278 5766 1303 5784 ιη
1340 5780 1343 5784 .
1374 5772 1377 5783 ‹
1456 5774 1461 5784 ι
1580 5768 1611 5784 μ

2001 1824 2166 1878 quam
2195 1808 2286 1861 ille
2318 1809 2400 1863 eis
2418 1814 2579 1862 antea
2607 1808 2977 1879 conscriptam
3018 1814 3073 1862 et
3100 1807 3391 1880 sigillatam
3424 1808 3493 1862 ab
3522 1823 3621 1863 eo-

1999 1899 2123 1954 dem
2181 1900 2516 1971 imperatore
2546 1900 2738 1954 donari
2799 1900 3132 1971 impetravit,
3174 1901 3466 1956 restituere
3510 1917 3614 1972 po-

1996 1990 2213 2046 tuisset.
2277 1992 2581 2062 Imperator
2636 1997 2819 2045 autem
2884 2006 2986 2061 per
3041 1990 3297 2045 eumdem
3362 1991 3617 2048 nuntium

1994 2082 2269 2137 abbatiam
2308 2083 2600 2149 concessit,
2660 2089 2715 2137 et
2766 2083 3204 2138 consolationem
3240 2086 3514 2155 Emagnam
3564 2091 3620 2139 et

1996 2170 2377 2227 multimodam
2443 2172 2673 2226 salutem
2730 2172 3090 2227 remandavit.
3150 2171 3385 2225 Nuntius
3432 2182 3616 2228 autem

1998 2279 2122 2318 cum
2154 2270 2541 2329 reverteretur,
2572 2263 2782 2319 invenit
2812 2263 3134 2333 episc0pum
3164 2263 3218 2317 in
3262 2263 3385 2319 loco
3416 2265 3511 2336 qui
3538 2265 3619 2319 di-

1998 2352 2141 2407 citur
2182 2351 2513 2422 Staphense,
2556 2358 2611 2406 et
2662 2352 2778 2406 hac
2823 2351 3087 2422 praedicta
3125 2352 3385 2407 narravit.
3423 2353 3617 2408 Paucis

1996 2456 2128 2496 vero
2158 2440 2357 2495 diebus
2387 2449 2580 2512 postea
2609 2439 2893 2505 revolutis,
2936 2439 3118 2494 adhuc
3176 2439 3279 2510 ipsi
3311 2439 3366 2494 in
3416 2441 3614 2495 eodem

1999 2532 2121 2587 loco
2145 2532 2389 2587 manenti
2424 2547 2522 2603 per
2548 2531 2801 2586 nuntium
2843 2531 3163 2602 quemdam,
3195 2530 3464 2586 orationis
3509 2530 3619 2587 suf-

2001 2622 2175 2696 fragia
2205 2641 2305 2695 pro
2332 2624 2516 2679 anima
2548 2623 2897 2695 imperatoris
2917 2630 3259 2694 poscentem,
3283 2607 3469 2678 obitﬁs
3498 2624 3619 2693 ejus

2000 2716 2081 2771 illi
2113 2716 2563 2772 annuntiabatur.
2593 2716 2724 2771 lnde
2754 2732 2885 2771 vero
2919 2732 3041 2771 cum
3074 2717 3142 2771 ad
3171 2719 3466 2789 Augustam
3499 2717 3621 2773 red-

2004 2805 2131 2874 iret,
2187 2813 2459 2863 veneruut
2516 2815 2749 2877 nepotes
2793 2804 2901 2871 sui,
2946 2805 3215 2861 Riuvinus
3259 2821 3446 2862 comes
3474 2805 3620 2862 filius

2001 2897 2186 2955 fratris
2215 2899 2299 2954 sui
2350 2898 2648 2970 Dietpaldi,
2685 2898 2738 2953 el
2770 2897 3049 2969 Hupaldus
3088 2914 3277 2953 comes
3317 2897 3463 2953 ﬁlius
3506 2898 3619 2953 fra-

2000 2988 2099 3045 tris
2127 2989 2213 3045 sui
2244 2988 2576 3063 Manegoldi,
2609 2996 2665 3044 et
2712 2990 3048 3061 rogaverurft
3097 2988 3247 3044 illum
3277 2995 3337 3045 ut
3363 2997 3619 3064 pergeret

2000 3076 2068 3130 ad
2112 3078 2378 3149 oppidum
2410 3079 2560 3150 quod
2611 3081 2927 3135 nominatur
2969 3078 3353 3150 Witeselinga,
3402 3087 3457 3134 et
3509 3079 3619 3136 illis

1996 3177 2328 3226 monstraret
2355 3171 2646 3227 ecclesiam
2676 3172 2752 3225 ibi
2786 3172 2969 3237 sitam,
3002 3170 3097 3225 ubi
3132 3186 3361 3242 corpora
3391 3187 3615 3227 suorum

1994 3266 2285 3329 parentum
2339 3266 2497 3316 terrm
2529 3260 2916 3315 commendata
2954 3258 3193 3327 fuerant,
3222 3260 3313 3331 (de
3360 3277 3469 3332 qua
3497 3260 3619 3331 ipse

1993 3363 2141 3419 saepe
2188 3363 2284 3403 eos
2311 3354 2473 3403 antea
2526 3348 2859 3419 praemonuit
2890 3354 2948 3403 ut
2989 3364 3110 3403 eam
3140 3348 3516 3416 meliorarent,
3561 3356 3618 3407 et

1993 3437 2188 3491 eadem
2240 3451 2473 3506 corpora
2504 3436 2560 3490 in
2618 3436 2772 3490 illum
2818 3436 3239 3503 concluderent,
3273 3453 3342 3492 ne
3390 3438 3535 3493 ultra
3579 3455 3612 3493 a

1995 3528 2198 3601 pluviis
2216 3528 2498 3584 domatum
2527 3526 3290 3594 infunderentur),ordinare,
3316 3536 3371 3583 et
3391 3535 3613 3599 quanta;

1996 3618 2395 3692 magnitudinis
2423 3634 2543 3672 eam
2584 3616 2764 3672 facere
2803 3616 3148 3673 debuissent.
3188 3615 3421 3671 Sanctus
3474 3632 3609 3672 vero

1998 3714 2315 3785 episcopus,
2366 3711 2617 3784 quamvis
2675 3710 2982 3767 certissime
3040 3710 3206 3765 sciret
3260 3709 3316 3763 in
3362 3709 3614 3781 proximo

1999 3822 2225 3862 manere
2276 3806 2775 3877 sequestrationem
2828 3804 3079 3875 corporis
3134 3811 3191 3859 et
3231 3804 3429 3859 animae
3477 3821 3613 3870 suae,

2001 3902 2184 3951 tamen
2223 3910 2322 3966 pro
2350 3895 2538 3950 divino
2578 3909 2763 3949 amore
2793 3902 2848 3949 et
2897 3907 2996 3963 pro
3028 3908 3219 3949 eorum
3250 3892 3614 3957 amabilitate,

2001 3992 2131 4047 illuc
2173 3991 2436 4062 perrexit,
2478 3997 2534 4045 et
2564 3989 2790 4062 provida
2820 3989 3173 4045 ordinatione
3215 3988 3467 4043 eamdem
3522 4004 3615 4044 ec-

2001 4081 2223 4137 clesiam
2282 4096 2450 4151 super
2496 4080 2718 4151 praelata
2763 4094 2995 4150 corpora
3051 4078 3372 4150 ampliﬁcari
3419 4077 3619 4150 perdo-

2002 4178 2134 4241 cuit,
2177 4176 2365 4248 ibique
2400 4192 2521 4230 cum
2550 4175 2849 4245 nepotibus
2877 4175 2993 4230 suis
3023 4176 3231 4246 aliquot
3261 4174 3463 4229 diebus
3497 4189 3618 4230 mo-

2001 4272 2151 4320 ratus
2197 4272 2301 4333 est,
2335 4272 2390 4319 et
2437 4264 2564 4319 inde
2596 4264 2663 4318 ad
2704 4264 2989 4319 castellum
3037 4263 3475 4337 Sunnemotinga
3520 4262 3615 4334 [αι.

2003 4353 2481 4428 Sunnennotinga)
2512 4353 2882 4420 nominatum,
2916 4359 3141 4424 propter
3171 4351 3492 4422 petitionem
3517 4350 3622 4405 Ma-

2006 4443 2228 4517 negoldi
2254 4442 2435 4497 fratris
2464 4442 2711 4514 praedicti
2738 4440 3121 4507 Adalberonis,
3155 4439 3424 4510 pervenit.
3458 4438 3620 4494 Cum-

2006 4549 2115 4604 que
2146 4533 2200 4586 in
2233 4532 2435 4587 itinere
2464 4540 2758 4603 antequam
2788 4530 2920 4585 illuc
2949 4528 3324 4601 pervenirent,
3350 4528 3405 4583 in
3425 4543 3622 4600 campo

2004 4637 2230 4699 prepter
2251 4626 2500 4690 herbam,
2518 4626 2673 4694 juxta
2692 4624 2877 4680 villam
2908 4639 3029 4695 quae
3057 4622 3256 4677 dicitur
3272 4622 3619 4687 Gerilehona,

2005 4721 2372 4777 castramctati
2429 4720 2681 4784 fuissent,
2714 4735 2840 4773 cum
2894 4718 2976 4772 sol
3008 4716 3227 4773 occasui
3276 4716 3459 4806 radios
3488 4732 3621 4807 sua:

2007 4814 2143 4868 lucis
2198 4813 2446 4867 inserere
2485 4811 2766 4881 cmpisset,
2825 4809 3250 4895 venitrquidam

2008 4904 2146 4957 dixit
2184 4902 2534 4958 Chunradum
2573 4892 2900 4981 episcopum
2932 4880 3621 4991 lcert'iss‘li'lmejdlel'iqnctdm
3654 4952 3659 4957 ,

2008 4989 2177 5044 fuisse
2203 5007 2219 5055 ;
2250 4992 2304 5044 et
2326 4960 2629 5043 nominavit
2655 4960 2801 5069 diem
2825 4960 3431 5069 bbilus‘s'uf,’ﬁel'diein'
3452 4968 3626 5069 bello-

2016 5076 2246 5136 ca'tidnis
2269 5076 2516 5148 corporis
2542 5062 2730 5145 ejﬁSin
2746 5058 3088 5157 sepulcrum;
3110 5058 3231 5157 liae
3246 5064 3386 5157 fama
3409 5058 3621 5157 audita.

2004 5171 2203 5227 clerici
2236 5176 2295 5224 et
2321 5146 2669 5224 alii‘co'niités
2700 5146 3628 5259 ejusstupefacti"edoctilsujriti"et

1992 5260 2196 5316 statim
2225 5254 2633 5313 aestimaverunt
2663 5236 2914 5311 nuntium
2934 5236 3261 5327 intugu's'tdni
3279 5237 3539 5316 ‘hﬁ’t’télé';
3554 5236 3629 5327 in

1994 5364 2117 5426 ‘pro
2141 5355 2271 5423 ejus
2314 5336 2494 5407 dnim’a
2530 5349 2708 5429 selilae
2732 5324 3630 5429 ‘orationes_'explerenttii'.‘Qili}

2006 5418 2119 5498 bus
2136 5418 2369 5498 sanctus
2415 5426 2741 5515 episcopus"
2765 5418 2990 5521 blando1
3008 5424 3274 5521 'sérmOde
3289 5430 3295 5447 ‘

1996 5534 2335 5592 ”tissii'nerei
2358 5510 2642 5635 veritatem

1998 5642 2021 5649 τί
2090 5628 2117 5643 ς.
2190 5626 2331 5649 ,ε
2382 5626 2413 5649 ,ς
2450 5636 2471 5653 ι,
2633 5618 2657 5647 Η
2708 5612 2821 5649 ,:.'.;
2852 5606 3125 5639 ῑῖιπιιηνοι.
3177 5606 3501 5631 ιιῑι.ιιιριι.υει
3541 5606 3585 5623 ιτα

2016 5626 2373 5737 sequebatur,
2408 5663 2554 5735 quod
2612 5612 2875 5731 quoniam
2925 5656 3068 5712 infra
3112 5606 3327 5737 illarum,
3366 5652 3629 5737 repetitur

2992 5734 3325 5765 ’.7‘,lvlll,lf
3390 5734 3529 5765 L‘lh‘

3392 5712 3397 5725 ρ

2967 5716 3327 5770 ’³,Ῠ¹,ι.1¹ι’,Ὴ
3390 5716 3471 5771 {‘1‘
