4042 6156
406 220 543 281 1047

1577 214 1881 269 UDALRICI
1924 214 2298 269 AUGUSTANI
2341 212 2656 268 EPISCOPI.

3614 212 3774 268 1048

408 352 542 407 tium
575 349 814 412 mittere,
866 360 1025 400 mane
1081 344 1326 400 diluculo
1381 343 1738 413 comperietis
1791 343 2027 415 qualiter
2054 347 2101 414 Α
2130 349 2300 397 retur.
2338 339 2626 395 Missarum
2651 351 2784 393 vero
2814 335 2998 393 ofﬁcia
3025 335 3282 408 quotidie
3331 336 3621 393 celebrans
3654 354 3772 393 non

410 437 885 507 circacpiscOpum
915 440 1153 488 maneat.
1177 453 1202 483 ››
1237 432 1484 487 Crastina
1513 449 1641 489 vero
1660 432 1749 487 die
1777 430 2019 486 diluculo

411 531 634 603 quidam
693 529 763 582 de
793 527 1109 583 Constantia
1156 526 1322 588 venit,
1375 536 1430 581 et
1468 527 1536 581 de
1568 527 1722 582 obitu
1774 524 2023 597 episcopi

412 621 682 679 veraciter
717 618 1125 685 contradixil,et
1167 618 1287 685 ejus
1331 619 1777 689 possibilitatem,
1827 632 2027 672 secun-

415 715 547 771 dum
575 730 728 769 suam
778 711 1267 779 consuetudinem,
1314 727 1435 766 esse
1467 711 1739 767 nuntiavit
1801 710 2031 764 Sanctus

396 813 606 862 sautem
635 804 929 876 episcopus
960 803 1247 859 Udalricus
1284 809 1522 873 cecptum
1572 803 1677 858 iter
1704 801 1943 876 peregit,
1983 809 2037 855 et

421 896 523 963 ibi,
551 895 708 967 quasi
757 894 823 947 ad
856 893 1168 949 convivrum
1221 900 1467 959 vocatus,
1503 900 1629 964 post
1665 893 2035 963 expletionem

421 982 676 1040 salutaris
703 983 895 1039 hostiae
936 1000 1098 1055 quam
1138 983 1385 1055 quotidie
1425 999 1524 1053 per
1561 998 1642 1048 se,
1675 982 1925 1053 quamvis
1953 981 2039 1037 vi—

424 1074 577 1129 ribus
606 1072 856 1143 corporis
898 1072 1058 1126 valde
1110 1078 1255 1127 esset
1286 1072 1601 1134 destitutus,
1663 1072 1773 1126 Deo
1826 1070 2040 1142 persol-

424 1177 552 1218 vere
575 1162 878 1236 satagebat,
910 1177 1035 1216 cum
1069 1161 1489 1218 convivantibus
1517 1161 1762 1232 quotidie
1794 1161 1860 1214 ad
1884 1177 2042 1214 meu-

426 1267 542 1305 sam
599 1248 850 1317 sedebat,
900 1257 958 1303 et
1010 1248 1223 1304 nullum
1274 1248 1487 1318 corpori
1544 1248 1729 1304 cibum
1776 1248 2041 1315 exhibuit,

429 1344 537 1399 nisi
581 1344 752 1399 micas
804 1344 963 1414 panis
1011 1360 1170 1415 aqua}
1229 1343 1439 1397 infusas
1491 1343 1546 1396 in
1592 1359 1655 1398 os
1698 1344 1865 1409 misit,
1911 1359 2047 1415 quas

430 1437 597 1493 etiam
639 1437 946 1507 saepissime
991 1438 1150 1509 aquis
1191 1436 1525 1508 exspoliatas
1576 1436 1645 1491 de
1686 1452 1779 1491 ore
1832 1437 2045 1505 rejecit,

430 1526 723 1580 haustibus
753 1540 880 1581 vero
931 1541 1087 1597 aqum
1120 1525 1393 1580 interdum
1445 1540 1666 1596 corpus,
1712 1541 1834 1580 cum
1866 1527 2048 1581 adhuc

431 1614 498 1669 ad
530 1630 775 1668 mensam
807 1615 1048 1679 sederet,
1082 1612 1386 1668 reficiebat.
1423 1615 1935 1686 Consummutisque
1970 1615 2046 1669 ibi

2122 437 2442 501 desistebat,
2483 435 2846 506 quoadusque
2871 433 3018 487 vires
3058 431 3313 502 corporis
3352 432 3776 488 subtraheban-

2124 538 2213 587 tur
2242 536 2301 583 ut
2330 527 2482 583 nullo
2513 526 2677 582 modo
2732 525 2871 579 ultra
2904 540 3003 594 per
3038 540 3099 578 se
3146 531 3295 579 stare
3353 524 3650 594 potuisset.
3688 525 3771 579 Ad

2130 640 2375 680 mensam
2407 638 2537 678 vero
2568 620 2821 684 sedebat,
2851 626 2903 674 et
2940 619 3269 674 sedentibus
3316 635 3443 673 cum
3477 635 3544 673 eo
3576 620 3776 674 convi-

2133 719 2282 775 vium
2315 717 2572 779 faciebat,
2629 723 2685 771 et
2744 715 2835 770 ille
2864 715 3019 786 quasi
3065 715 3297 783 jejunus
3357 714 3689 781 absistebat,
3719 722 3775 769 et

2138 818 2348 882 postea,
2395 810 2452 863 in
2484 808 2719 863 ecclesia
2746 806 2833 861 vel
2865 807 2919 860 in
2952 807 3211 861 cubiculo
3244 822 3366 872 suo,
3401 807 3553 861 dulci
3581 816 3775 862 cauta-

2140 904 2291 958 tione
2352 901 2709 970 psalmorum,
2765 898 2852 953 vel
2909 898 3195 953 auditione
3237 914 3523 952 sacrarum
3579 898 3777 953 lectio-

2144 1009 2273 1046 num
2309 996 2589 1045 recreatus
2623 995 2724 1043 est.
2779 988 2935 1042 Vires
2978 1003 3110 1042 vero
3144 986 3398 1058 corporis
3439 1003 3566 1041 cum
3614 988 3667 1040 ei
3698 989 3775 1041 ita

2143 1083 2481 1139 defecissent
2526 1088 2587 1136 ut
2612 1097 2711 1151 per
2739 1096 2799 1135 se
2824 1079 3049 1133 missam
3080 1086 3304 1133 cantare
3332 1094 3445 1133 non
3479 1079 3774 1148 potuisset,

2143 1173 2393 1245 quotidie
2427 1171 2479 1224 in
2523 1170 2817 1225 ecclesiam
2859 1169 3207 1223 introductus
3247 1166 3612 1222 devotissime
3651 1182 3775 1221 eam

2145 1265 2357 1327 audire,
2388 1273 2444 1318 et
2474 1262 2694 1317 interim
2731 1260 3074 1316 orationibus
3104 1259 3336 1314 intentis
3367 1259 3630 1314 insistere
3664 1275 3776 1313 non

2147 1353 2467 1409 desistebat.
2527 1352 2630 1405 Pro
2687 1356 2836 1405 certo
2884 1357 3008 1420 post
3047 1349 3268 1403 missam
3321 1350 3597 1418 expletam
3650 1364 3778 1402 cum

2147 1444 2463 1499 cubiculum
2501 1442 2751 1505 intraret,
2785 1438 3163 1509 repausationi
3192 1439 3379 1493 lectuli
3405 1455 3467 1493 se
3489 1454 3602 1493 non
3621 1453 3780 1492 com-

2150 1532 2432 1587 mendavit
2454 1539 2581 1586 ante
2612 1531 2725 1585 hor.
2752 1547 2801 1583 m
2835 1529 3243 1599 VeSpertinam,
3273 1529 3373 1582 sed
3404 1545 3577 1598 super
3604 1526 3782 1581 sedile

2149 1640 2310 1678 suum
2334 1623 2608 1678 calceatus
2631 1621 2791 1685 sedit,
2820 1626 2873 1673 et
2904 1618 3179 1673 interdum
3201 1633 3261 1671 se
3284 1633 3460 1687 super
3488 1617 3779 1687 pulvillum

432 1703 598 1758 rebus
629 1719 727 1773 Ρτο
772 1702 979 1774 qnibus
1012 1702 1142 1757 illuc
1170 1711 1397 1757 "0081113
1426 1710 1529 1768 θεῖ,
1558 1702 1711 1757 abire
1742 1704 1947 1773 003p“;
1980 1708 2052 1759 ai-
2079 1701 2129 1768 ii
2156 1714 2208 1766 in
2246 1712 2526 1766 dexteram
2584 1718 2797 1782 partem
2845 1708 3150 1773 reclinavit,
3194 1707 3474 1761 interdum
3524 1708 3594 1761 ad
3645 1706 3780 1762 sini-

436 1805 553 1851 tera
586 1796 677 1851 die
723 1797 789 1850 ad
830 1797 1011 1851 locum
1042 1796 1135 1866 qui
1189 1796 1393 1850 dicitur
1450 1797 1731 1869 Utiuntiga
1771 1797 1881 1868 (57)
1917 1815 2043 1869 per-

438 1890 611 1954 venit,
666 1899 720 1943 et
751 1888 828 1941 ibi
873 1887 941 1941 ad
972 1903 1030 1941 se
1082 1888 1398 1943 convocatis
1427 1888 1714 1943 monachis
1764 1890 1833 1944 de
1864 1907 2057 1947 mona-

441 1983 613 2037 sterio
668 1980 971 2037 Uttenbura
1025 1980 1329 2048 nominato,
1375 1987 1660 2035 autumare
1712 1998 1832 2036 cum
1892 1984 1975 2039 eis
2004 1991 2059 2039 et

443 2088 567 2128 cum
600 2070 715 2124 suis
746 2068 1002 2123 fidelibus
1034 2069 1266 2140 provide
1316 2070 1483 2140 coepit
1512 2072 1793 2142 quomodo
1846 2072 2060 2129 delibe-

446 2162 740 2227 rationem,
769 2175 933 2231 quem
975 2159 1057 2214 eis
1087 2166 1246 2213 antea
1271 2159 1413 2215 sicut
1441 2160 1668 2230 praedixi
1722 2161 1795 2216 ab
1824 2163 2062 2233 impera-

445 2262 563 2311 tore
604 2255 1014 2325 impetraverat,
1056 2254 1342 2308 restituere
1380 2261 1669 2324 potuisset,
1702 2263 1755 2310 et
1785 2256 1923 2312 dixit
1952 2257 2063 2311 eis:

455 2369 479 2398 α
519 2347 719 2422 Eligite
749 2363 815 2401 ex
833 2346 989 2401 vobis
1013 2361 1183 2400 unum
1213 2346 1279 2399 ad
1304 2346 1580 2414 abbatem,
1608 2347 1700 2418 qui
1742 2348 1795 2401 in
1827 2349 1922 2403 Dei
1952 2364 2070 2404 ser-

448 2440 582 2495 vitio
638 2438 809 2503 utilis,
851 2445 906 2493 et
954 2438 1152 2494 vestris
1190 2438 1615 2493 necessitatibus
1655 2440 1828 2510 possit
1882 2447 2073 2495 cautus

453 2534 709 2590 inveniri.
749 2533 804 2587 Si
862 2533 1014 2587 illum
1066 2533 1270 2606 eligitis
1306 2533 1401 2604 qui
1451 2534 1587 2588 mihi
1619 2535 1686 2588 ad
1736 2536 1842 2591 hoc
1875 2536 2072 2605 placet,

451 2623 853 2681 commendabo
884 2621 959 2675 illi
986 2620 1260 2676 abbatiam
1288 2637 1464 2693 usque
1495 2622 1551 2675 in
1595 2624 1941 2693 praesentiam
1983 2624 2077 2680 do-

453 2714 591 2770 mini
638 2714 748 2769 mei
789 2713 1176 2784 imperatoris;
1239 2713 1326 2768 sin
1355 2722 1539 2768 autem
1578 2714 1743 2769 alium
1790 2715 1896 2769 nisi
1937 2716 2072 2771 mihi

453 2803 765 2875 placentem
793 2802 1018 2878 cligitis,
1052 2817 1164 2857 non
1200 2801 1278 2855 illi
1306 2804 1729 2859 commendabo.
1783 2827 1796 2849 ο
1847 2804 1950 2868 Qui
1985 2821 2072 2860 re-

454 2893 799 2965 apondentes
828 2893 1114 2948 dixerunt:
1163 2913 1183 2943 ι
1220 2892 1474 2948 Nominet
1500 2894 1661 2948 nobis
1692 2894 1957 2949 sanctitas
1987 2902 2077 2950 tua

2157 1811 2346 1871 stram,
2378 1810 2432 1858 et
2476 1803 2754 1857 interdum
2787 1800 2989 1855 sedens
3047 1800 3116 1854 ad
3147 1799 3371 1854 dorsum
3401 1814 3572 1869 super
3596 1806 3787 1869 poste-

2161 1896 2305 1950 riora
2361 1895 2549 1949 sedilis
2608 1895 2663 1948 in
2715 1908 2824 1965 quo
2881 1892 3112 1947 sedebat
3166 1892 3480 1946 reclinavit.
3541 1891 3603 1945 Et
3663 1900 3789 1961 post

2162 1988 2535 2058 expletionem
2566 2003 2759 2041 cursus
2784 1995 2837 2041 et
2882 1984 3053 2040 totius
3102 1982 3370 2054 psalterii,
3429 1983 3658 2055 legente
3692 1983 3796 2035 Ge-

2164 2076 2363 2131 rhardo
2396 2077 2692 2147 praeposito
2727 2076 2885 2145 [forte
2914 2073 3167 2128 ecclesiae
3209 2072 3563 2143 cathedralis]
3609 2088 3800 2127 sacro-

2170 2186 2289 2225 rum
2311 2168 2579 2222 lectiones
2611 2165 2876 2220 librorum
2905 2162 3135 2218 audivit'
3174 2168 3227 2216 et
3259 2161 3542 2215 interdum
3571 2178 3701 2215 cum
3732 2177 3799 2216 eo

2169 2263 2299 2317 inde
2330 2260 2476 2315 dulci
2507 2258 2728 2329 eloquio
2756 2256 3057 2311 fruebatur.
3096 2254 3321 2309 Cuidam
3358 2270 3489 2309 vero
3523 2253 3639 2324 [sic]
3672 2253 3799 2307 elo-

2172 2354 2303 2425 quio
2326 2352 2469 2406 inter
2492 2352 2643 2421 ipsos
2670 2348 2850 2415 ﬁnito,
2879 2348 3140 2419 przefatus
3170 2347 3409 2401 clericus
3436 2346 3801 2420 interrogavit

2173 2458 2321 2507 eum,
2381 2439 2602 2494 dicens:
2649 2458 2673 2488 α
2719 2436 2897 2491 Habes
2944 2451 3096 2506 spem
3133 2450 3234 2506 pro
3294 2435 3398 2488 ista
3449 2433 3798 2495 inﬁrmitate,

2177 2531 2423 2595 Domine,
2448 2529 2660 2585 obitum
2684 2537 2837 2583 tuum
2864 2527 2959 2582 tibi
2980 2524 3320 2580 imminere?
3346 2549 3369 2571 ιο
3405 2525 3499 2579 Cui
3524 2526 3617 2579 ille
3636 2524 3801 2596 quasi

2176 2638 2303 2677 eum
2328 2619 2671 2691 increpando
2698 2618 3019 2690 respondit:
3062 2639 3082 2667 ι
3117 2617 3296 2682 Quare
3324 2616 3406 2672 sic
3436 2616 3661 2670 dixisti?
3690 2632 3804 2670 non

2178 2730 2364 2785 spero,
2393 2714 2491 2767 sed
2521 2711 2831 2768 certissime
2852 2724 3128 2784 cognosco
3157 2709 3307 2763 diem
3333 2708 3519 2763 obitus
3549 2707 3661 2762 mei
3695 2723 3808 2762 non

2177 2812 2299 2874 post
2321 2803 2521 2857 multos
2547 2801 2666 2856 dies
2690 2799 2825 2854 mihi
2854 2797 3093 2854 evenire.
3122 2817 3154 2846 ι)
3190 2798 3267 2851 De
3300 2814 3409 2869 qua
3430 2813 3487 2851 re
3519 2796 3817 2867 presbyter

2177 2892 2531 2948 contristatus
2570 2888 2969 2963 indulgentiam
3019 2886 3344 2957 postulavit,
3405 2894 3461 2940 et
3515 2886 3655 2939 dixit
3688 2886 3809 2940 illi:

456 2989 607 3043 hunc
647 2987 743 3058 qui
782 2993 889 3041 tuae
930 2986 1296 3043 dominationi
1347 2987 1579 3057 placitus
1616 2989 1685 3043 sit
1737 2989 1805 3042 ad
1854 2989 2074 3045 electio.
2102 3020 2150 3088 Ο
2184 3004 2205 3034 ι
2250 2982 2503 3048 Domine,
2550 2995 2714 3052 quem
2756 2979 3144 3049 episcoporum
3201 2975 3461 3047 praecipis
3506 2990 3711 3030 vocare
3741 2976 3812 3028 ad

458 3094 587 3133 nem
610 3084 809 3133 nostra:
828 3077 1072 3133 unitatis.
1124 3101 1147 3122 »
1188 3078 1340 3132 Tunc
1358 3078 1493 3133 dixit
1522 3079 1631 3133 eis:
1683 3100 1705 3129 α
1750 3080 2076 3154 ltudungum

462 3168 569 3237 (58)
591 3164 811 3220 fratrem
833 3173 1076 3219 vestrum
1097 3165 1165 3219 ad
1188 3166 1296 3220 hoc
1319 3165 1616 3243 nominabp
1636 3167 2025 3223 ministerium.
2054 3191 2075 3221 ι

463 3254 676 3318 Quibus
734 3252 958 3319 auditis,
1028 3252 1223 3308 fratres
1283 3253 1536 3309 inducias
1614 3256 2078 3325 postulaverunt,

465 3347 647 3402 donec
677 3361 871 3401 omnes
912 3344 1077 3401 simul
1108 3346 1469 3418 loquerentur
1503 3347 1549 3402 si
1586 3348 1704 3403 haec
1733 3349 1929 3405 electio
1960 3367 2082 3405 cum

465 3439 718 3494 omnium
748 3437 972 3492 fratrum
1017 3451 1293 3493 consensu
1347 3437 1468 3493 ﬁeri
1503 3440 1797 3510 potuisset.
1843 3440 2085 3514 Cumque

464 3526 521 3582 in
552 3527 674 3583 loco
718 3526 995 3581 destinato
1026 3526 1245 3582 collecti
1293 3526 1489 3583 fratres
1535 3528 1811 3601 colloquia
1852 3530 1998 3585 inter
2026 3547 2087 3587 se

464 3618 674 3675 habere
701 3618 999 3689 cmpissent
1037 3619 1107 3673 de
1139 3619 1366 3689 prmfata
1403 3620 1696 3689 electione,
1757 3623 2087 3694 quibusdam

465 3714 729 3770 fratribus
779 3714 1007 3786 placuit,
1050 3713 1382 3785 quibusdam
1440 3716 1744 3786 displicuit,
1776 3719 1873 3773 sed
1902 3726 2084 3775 tamen

467 3819 591 3859 cum
622 3802 855 3857 consilio
894 3802 1201 3858 amicorum
1242 3803 1511 3871 roborati,
1545 3806 1790 3876 epiSCOpi
1820 3809 2087 3866 voluntati

465 3898 748 3963 parentes,
780 3890 836 3944 in
857 3907 1026 3945 unum
1061 3892 1694 3966 coadunatilludungum
1729 3897 1798 3951 ad
1828 3897 2082 3954 abbatem

466 3980 773 4056 elegerunt,
828 3987 903 4049 et,
938 3996 1059 4035 cum
1092 3997 1158 4036 eo
1207 3982 1277 4036 ad
1310 3983 1636 4054 episcopum
1680 3987 2082 4060 regredientes,

466 4073 694 4128 unitatis
724 4089 913 4128 eorum
959 4073 1285 4129 electionem
1326 4075 1377 4130 ei
1409 4076 1819 4133 nuntiaverunt.
1862 4080 1951 4135 His
1975 4098 2082 4137 au-

466 4166 616 4230 ditis,
661 4165 959 4236 episc0pus
988 4173 1270 4238 assumpto
1301 4166 1498 4223 baculo
1528 4169 1932 4226 commendavit
1979 4173 2083 4227 ab-

468 4254 676 4310 batiam
704 4254 931 4325 praefato
978 4254 1249 4326 Rudungo
1280 4272 1460 4328 usque
1492 4256 1548 4311 in
1588 4259 1934 4328 praesentiam
1982 4262 2088 4316 im-

467 4343 757 4415 peratoris,
793 4344 887 4415 qui
950 4350 1080 4399 tunc
1126 4344 1180 4397 in
1214 4345 1451 4416 imperio
1504 4348 1642 4417 patri
1675 4365 1774 4404 suo
1802 4350 2084 4422 aequivoco

467 4440 825 4500 successerat,
859 4441 914 4487 et
964 4431 1114 4487 illum
1155 4434 1565 4490 commendavit
1631 4437 1745 4492 suis
1786 4440 2082 4509 nepotibus

470 4534 524 4582 et
550 4527 671 4581 aliis
698 4527 813 4582 suis
845 4526 1124 4595 fidelibus,
1154 4536 1211 4583 ut
1238 4545 1366 4584 eum
1396 4530 1713 4586 celsitudini
1744 4532 2089 4604 imperatoris

472 4622 889 4686 pmsentarent,
922 4623 996 4683 et,
1031 4616 1139 4671 illis
1167 4634 1289 4672 eum
1316 4617 1425 4673 ﬁde
1470 4619 1521 4673 ei
1545 4620 1891 4690 juvantibus,
1922 4624 1990 4678 ab
2021 4643 2088 4684 eo

470 4704 590 4759 hac
617 4702 1091 4759 conﬁrmarentur.
1129 4707 1219 4761 llis
1262 4707 1339 4762 ita
1377 4708 1632 4779 expletis,
1664 4712 1942 4782 propriam
2001 4717 2089 4771 sui

471 4794 830 4866 episcopatus
862 4795 1162 4852 revisitavit
1186 4800 1398 4857 sedem.

541 4882 718 4938 XXVI.
755 4882 955 4938 Maenia
984 4895 1167 4940 autem
1217 4887 1471 4961 Augustae
1509 4888 1750 4945 civitatis
1790 4892 2090 4968 introgres-

473 4993 587 5044 sus,
618 4992 819 5051 magna
860 4976 1074 5032 tristitia
1102 4987 1293 5050 septus
1321 4988 1403 5036 est
1435 4998 1531 5052 pro
1576 4992 1754 5039 morte
1785 4986 2091 5043 Adalbero-

474 5068 563 5122 nis
588 5068 952 5140 suinepotis,,
977 5077 1031 5124 et
1053 5086 1154 5141 pro
1181 5071 1336 5127 obitu
1365 5074 1736 5145 imperatoris,
1760 5078 1846 5133 cui
1871 5095 2091 5151 semper

472 5157 639 5215 ﬁdem
672 5161 729 5215 in
767 5161 1028 5217 omnibus
1072 5163 1328 5231 servavit,
1371 5167 1528 5235 cujus
1569 5169 1733 5223 etiam
1789 5186 1944 5226 amor
1987 5188 2091 5243 pe-

473 5252 610 5308 ctori
651 5252 770 5322 ejus
822 5253 1054 5309 ﬁrmiter
1108 5255 1518 5330 conglutinatus
1577 5267 1676 5314 est.
1735 5262 1837 5319 Pro
1896 5264 2090 5336 requie

472 5358 605 5422 vero
643 5344 951 5401 animarum
990 5347 1281 5404 amborum
1332 5348 1537 5404 multas
1564 5351 1947 5425 eleemosynas
1978 5356 2089 5410 lar-

475 5430 621 5503 gitus
648 5440 731 5487 est
755 5436 1116 5505 pauperibus,
1164 5445 1217 5493 et
1255 5439 1456 5495 multas
1493 5439 1770 5497 orationes
1813 5452 1867 5497 ct
1896 5458 2091 5515 preces

476 5520 545 5574 ad
572 5518 866 5578 Dominum
895 5525 1143 5595 quotidie
1164 5526 1377 5598 effudit,
1419 5536 1477 5585 ut
1499 5528 1580 5585 eis
1605 5529 1852 5586 misereri
1885 5532 2089 5607 digna-

548 5649 695 5719 (57)
727 5650 847 5718 Al,
879 5651 1118 5727 Ottinga.

2181 3076 2724 3134 commendationem
2746 3074 2993 3145 corporis
3017 3071 3137 3126 tui?
3161 3090 3187 3122 ››
3229 3070 3323 3125 Cui
3359 3071 3449 3126 ille
3477 3071 3804 3140 respondit:

2185 3189 2211 3218 α
2256 3169 2330 3224 Eo
2352 3178 2601 3238 tempore
2630 3167 2853 3237 quando
2869 3165 3052 3219 anima
3083 3179 3207 3218 mea
3236 3161 3574 3217 derclictura
3598 3163 3814 3216 esthoc

2182 3274 2403 3329 corpus,
2462 3272 2573 3312 non
2624 3255 2855 3327 potestis
2884 3253 3054 3309 ullum
3111 3268 3308 3308 eorum
3337 3253 3447 3306 huc
3495 3252 3805 3306 advocare:

2188 3352 2317 3424 quia
2371 3350 2855 3423 comprovincialis
2912 3363 3068 3403 meus
3132 3347 3463 3403 Cbunradus
3511 3346 3813 3418 episcopus

2188 3447 2338 3495 tanta
2395 3439 2713 3507 inﬁrmitate
2765 3438 3023 3493 detentus
3071 3442 3154 3491 est
3210 3443 3270 3490 ut
3307 3437 3418 3490 huc
3455 3435 3645 3490 venire
3701 3452 3812 3489 non

2188 3532 2383 3605 possit,
2417 3530 2663 3602 cpiscOpi
2693 3544 2825 3585 vero
2871 3529 3264 3587 Bauvariorum
3306 3527 3376 3581 ad
3412 3527 3595 3601 regale
3624 3525 3811 3581 collo-

2190 3624 2379 3696 quium
2407 3622 2476 3676 ad
2502 3621 2783 3677 Franciam
2811 3618 3300 3692 suntcongregati.
3334 3637 3360 3667 ι
3388 3618 3453 3671 At
3482 3616 3571 3670 ille
3594 3617 3811 3688 inquit:

2193 3739 2218 3771 α
2255 3718 2508 3785 Domine,
2533 3715 2667 3787 quid
2694 3723 2824 3770 tunc
2850 3713 3029 3769 facere
3053 3710 3328 3768 debemus
3350 3711 3379 3765 ?
3411 3736 3435 3758 ιι
3472 3711 3567 3765 Cui
3590 3721 3819 3766 sanctus

2189 3808 2486 3878 episcopus
2506 3804 2673 3860 dixit:
2710 3828 2733 3851 «ι
2767 3804 2949 3859 Nostis
2966 3817 3169 3875 corpus
3192 3801 3442 3857 hominis
3469 3810 3628 3855 terrae
3662 3816 3819 3855 com-

2190 3898 2496 3956 mendare?
2530 3922 2554 3947 υ
2589 3900 2653 3952 At
2673 3896 2764 3950 ille
2784 3896 2888 3950 ait:
2922 3919 2946 3941 «
2982 3894 3036 3948 Si
3064 3894 3186 3949 talis
3207 3909 3449 3964 persona
3479 3898 3625 3946 esset
3642 3908 3821 3962 super

2189 4008 2351 4063 quam
2384 3987 2790 4045 commendatio
2831 3991 3014 4041 nostra
3041 3982 3160 4039 ﬁeri
3208 3983 3508 4048 debuisset,
3552 3983 3813 4037 timorem

2190 4079 2321 4134 inde
2343 4094 2454 4134 non
2479 4076 2811 4131 haberemus
2866 4099 2893 4124 υ
2929 4072 3023 4128 Cui
3046 4073 3348 4144 episcopus
3377 4072 3545 4126 dixit:
3573 4093 3592 4122 ι
3626 4070 3819 4126 Facite

2189 4170 2259 4223 de
2317 4170 2419 4223 hac
2470 4183 2552 4234 re,
2608 4181 2734 4220 cum
2790 4171 3010 4235 tempus
3059 4162 3366 4229 advenerit,
3412 4161 3557 4216 sicut
3593 4160 3815 4231 Optime

2190 4261 2443 4333 potestis,
2501 4258 2767 4315 Dominus
2819 4256 3330 4312 commendatorem
3397 4253 3648 4324 corporis
3702 4253 3817 4307 mei

2190 4349 2523 4421 providebit.
2556 4370 2585 4399 ι)
2620 4349 2680 4403 Ει
2704 4348 2789 4402 his
2815 4346 2977 4402 dictis
3000 4345 3263 4416 praefatus
3288 4344 3578 4415 presbyter
3605 4342 3814 4396 iterum

2186 4443 2439 4499 lectionis
2468 4459 2626 4497 usum
2644 4441 2958 4511 assumpsit,
2989 4447 3043 4494 et
3069 4438 3125 4492 in
3157 4454 3241 4502 ca,
3270 4437 3415 4492 sicut
3446 4435 3645 4491 solitus
3671 4440 3811 4500 crat,

2193 4549 2369 4605 usque
2399 4534 2529 4587 dum
2562 4540 2799 4588 sonante
2837 4531 2997 4605 signo
3028 4526 3433 4600 Vespertinalis
3469 4523 3650 4578 laudis
3684 4524 3824 4577 hora

2191 4622 2638 4678 annuntiabatur.
2670 4620 2958 4676 Lectiones
3000 4628 3129 4673 vero
3162 4616 3386 4671 fuerunt
3434 4614 3564 4668 Vitas
3592 4611 3819 4666 Patrum

2191 4722 2527 4781 sanctorum,
2558 4723 2613 4769 et
2644 4711 2971 4768 libersancti
3001 4708 3253 4784 Gregorii
3276 4723 3442 4779 quem
3468 4706 3821 4779 Dialogorum

2192 4816 2416 4874 vocant;
2461 4806 2618 4875 cujus
2648 4805 2874 4861 ultimus
2902 4803 3042 4857 liber
3072 4802 3314 4871 disputat
3350 4799 3582 4853 multum
3617 4797 3692 4851 de
3736 4798 3822 4850 his

2192 4897 2287 4968 qui
2318 4896 2387 4950 de
2418 4909 2648 4965 corpore
2702 4893 2842 4965 rapti
2880 4892 2938 4946 in
2982 4890 3179 4961 Spiritu
3229 4888 3403 4943 multa
3451 4888 3735 4952 viderunt,
3769 4898 3825 4941 et

2192 4989 2391 5043 iterum
2441 4987 2509 5042 ad
2550 5001 2754 5057 corpus
2802 4983 3106 5039 redierunt.
3142 4981 3348 5036 Taliter
3399 4995 3529 5035 vero
3576 4994 3819 5033 conver-

2191 5084 2365 5139 sando
2405 5081 2807 5138 formosissime
2864 5076 3217 5150 exspectabat
3257 5075 3407 5130 diem
3454 5074 3641 5130 obitus
3680 5075 3771 5129 sui
3804 5116 3818 5140 ,

2193 5181 2247 5228 et
2284 5172 2561 5228 interdum
2602 5170 2660 5224 in
2699 5169 2899 5241 spiritu
2937 5167 3175 5238 plurima
3214 5165 3459 5234 videbat,
3500 5165 3569 5219 de
3607 5166 3822 5237 quibus

2192 5282 2369 5336 pauca
2398 5264 2483 5319 his
2524 5263 2619 5335 qui
2650 5278 2775 5318 cum
2818 5276 2885 5317 eo
2915 5265 3075 5315 erant
3112 5256 3372 5313 narravit.
3429 5259 3649 5312 Interea
3688 5273 3823 5312 vero

2192 5359 2542 5417 Werinhario
2586 5358 2773 5414 abbati
2824 5358 2893 5413 de
2941 5355 3281 5412 monasterio
3334 5353 3493 5407 Vulta
3560 5350 3819 5423 [Fuldaj

2190 5452 2498 5516 nominato,
2527 5466 2693 5506 causa
2715 5447 3070 5521 lvisitatiouis
3099 5446 3169 5500 ad
3199 5460 3324 5499 eum
3358 5443 3631 5509 venienti,
3676 5443 3825 5497 inter

2190 5541 2300 5597 alia
2322 5541 2486 5595 dixit:
2523 5564 2546 5587 σι
2579 5542 2655 5596 'I‘u
2673 5548 2799 5610 post
2828 5553 2915 5592 me
2946 5536 3038 5591 hic
3067 5533 3305 5590 deberes
3338 5532 3641 5603 episcopus
3672 5530 3819 5600 ﬁeri,

2266 5659 2369 5727 (58
2396 5660 2412 5729 )
2442 5658 2559 5719 AL,
2596 5656 2986 5729 Ruodungum.
