  <div class='ocr_page' id='page_1' title='image "/cluster/home/n/w/nwhite01/storage/ocr_20150623/135/hvd.32044054759956/530.png"; bbox 0 0 4062 6164; ppageno 0'>
   <div class='ocr_carea' id='block_1_1' title="bbox 300 276 444 332">
    <p class='ocr_par' dir='ltr' id='par_1_1' title="bbox 300 276 444 332">
     <span class='ocr_line' id='line_1_1' title="bbox 300 276 444 332; baseline 0.007 -1"><span class='ocrx_word' id='word_1_1' title='bbox 300 276 444 332; x_wconf 73' lang='grc'>1049</span> 
     </span>
    </p>
   </div>
   <div class='ocr_carea' id='block_1_2' title="bbox 1884 274 2052 329">
    <p class='ocr_par' dir='ltr' id='par_1_2' title="bbox 1884 274 2052 329">
     <span class='ocr_line' id='line_1_2' title="bbox 1884 274 2052 329; baseline 0.012 -2"><span class='ocrx_word' id='word_1_2' title='bbox 1884 274 2052 329; x_wconf 84' lang='grc' dir='ltr'><strong>νιΤΑ.</strong></span> 
     </span>
    </p>
   </div>
   <div class='ocr_carea' id='block_1_3' title="bbox 3494 280 3638 340">
    <p class='ocr_par' dir='ltr' id='par_1_3' title="bbox 3494 280 3638 340">
     <span class='ocr_line' id='line_1_3' title="bbox 3494 280 3638 340; baseline 0.035 -5"><span class='ocrx_word' id='word_1_3' title='bbox 3494 280 3638 340; x_wconf 83' lang='grc'>1050</span> 
     </span>
    </p>
   </div>
   <div class='ocr_carea' id='block_1_4' title="bbox 297 403 1904 493">
    <p class='ocr_par' dir='ltr' id='par_1_4' title="bbox 297 416 1904 493">
     <span class='ocr_line' id='line_1_4' title="bbox 297 416 1904 493; baseline -0.003 -15"><span class='ocrx_word' id='word_1_4' title='bbox 297 436 493 479; x_wconf 90' lang='lat' dir='ltr'><strong>omnes</strong></span> <span class='ocrx_word' id='word_1_5' title='bbox 526 427 582 477; x_wconf 92' lang='lat' dir='ltr'><strong>te</strong></span> <span class='ocrx_word' id='word_1_6' title='bbox 608 421 903 493; x_wconf 88' lang='lat' dir='ltr'><strong>elegerunt</strong></span> <span class='ocrx_word' id='word_1_7' title='bbox 959 419 1063 474; x_wconf 86' lang='lat' dir='ltr'><strong>nisi</strong></span> <span class='ocrx_word' id='word_1_8' title='bbox 1096 419 1228 487; x_wconf 90' lang='lat' dir='ltr'><strong>duo,</strong></span> <span class='ocrx_word' id='word_1_9' title='bbox 1259 420 1314 473; x_wconf 88' lang='lat' dir='ltr'><strong>hi</strong></span> <span class='ocrx_word' id='word_1_10' title='bbox 1375 433 1508 474; x_wconf 91' lang='lat' dir='ltr'><strong>vero</strong></span> <span class='ocrx_word' id='word_1_11' title='bbox 1566 418 1676 473; x_wconf 90' lang='lat' dir='ltr'><strong>duo</strong></span> <span class='ocrx_word' id='word_1_12' title='bbox 1706 416 1752 472; x_wconf 98' lang='lat' dir='ltr'><strong>si</strong></span> <span class='ocrx_word' id='word_1_13' title='bbox 1793 416 1904 473; x_wconf 80' lang='lat' dir='ltr'><strong>aliis</strong></span> 
     </span>
    </p>
   </div>
   <div class='ocr_carea' id='block_1_5' title="bbox 2010 403 3637 493">
    <p class='ocr_par' dir='ltr' id='par_1_5' title="bbox 2018 403 3637 481">
     <span class='ocr_line' id='line_1_5' title="bbox 2018 403 3637 481; baseline 0.004 -24"><span class='ocrx_word' id='word_1_14' title='bbox 2018 403 2076 457; x_wconf 90' lang='lat' dir='ltr'><strong>in</strong></span> <span class='ocrx_word' id='word_1_15' title='bbox 2101 407 2212 459; x_wconf 89' lang='lat' dir='ltr'><strong>tres</strong></span> <span class='ocrx_word' id='word_1_16' title='bbox 2250 407 2433 475; x_wconf 91' lang='lat' dir='ltr'><strong>partes</strong></span> <span class='ocrx_word' id='word_1_17' title='bbox 2461 403 2861 472; x_wconf 84' lang='lat' dir='ltr'><strong>dividerentur,</strong></span> <span class='ocrx_word' id='word_1_18' title='bbox 2899 410 2955 459; x_wconf 91' lang='lat' dir='ltr'><strong>et</strong></span> <span class='ocrx_word' id='word_1_19' title='bbox 3004 404 3166 460; x_wconf 87' lang='lat' dir='ltr'><strong>tertia</strong></span> <span class='ocrx_word' id='word_1_20' title='bbox 3217 420 3344 475; x_wconf 90' lang='lat' dir='ltr'><strong>pars</strong></span> <span class='ocrx_word' id='word_1_21' title='bbox 3400 408 3637 481; x_wconf 82' lang='lat' dir='ltr'><strong>presby-</strong></span> 
     </span>
    </p>
   </div>
   <div class='ocr_carea' id='block_1_6' title="bbox 296 508 1916 580">
    <p class='ocr_par' dir='ltr' id='par_1_6' title="bbox 296 508 1916 580">
     <span class='ocr_line' id='line_1_6' title="bbox 296 508 1916 580; baseline -0.003 -11"><span class='ocrx_word' id='word_1_22' title='bbox 296 514 721 577; x_wconf 88' lang='lat' dir='ltr'><strong>concordarcnt,</strong></span> <span class='ocrx_word' id='word_1_23' title='bbox 757 510 953 566; x_wconf 84' lang='lat' dir='ltr'><strong>electio</strong></span> <span class='ocrx_word' id='word_1_24' title='bbox 985 517 1077 565; x_wconf 92' lang='lat' dir='ltr'><strong>tua</strong></span> <span class='ocrx_word' id='word_1_25' title='bbox 1097 510 1219 564; x_wconf 89' lang='lat' dir='ltr'><strong>sine</strong></span> <span class='ocrx_word' id='word_1_26' title='bbox 1250 509 1419 564; x_wconf 91' lang='lat' dir='ltr'><strong>dubio</strong></span> <span class='ocrx_word' id='word_1_27' title='bbox 1452 508 1916 580; x_wconf 87' lang='lat' dir='ltr'><strong>perfectafuissct.</strong></span> 
     </span>
    </p>
   </div>
   <div class='ocr_carea' id='block_1_7' title="bbox 299 599 1920 669">
    <p class='ocr_par' dir='ltr' id='par_1_7' title="bbox 299 599 1920 669">
     <span class='ocr_line' id='line_1_7' title="bbox 299 599 1920 669; baseline -0.002 -11"><span class='ocrx_word' id='word_1_28' title='bbox 299 604 358 660; x_wconf 81' lang='lat' dir='ltr'><strong>Et</strong></span> <span class='ocrx_word' id='word_1_29' title='bbox 398 605 487 659; x_wconf 86' lang='lat' dir='ltr'><strong>his</strong></span> <span class='ocrx_word' id='word_1_30' title='bbox 525 603 688 659; x_wconf 90' lang='lat' dir='ltr'><strong>dictis</strong></span> <span class='ocrx_word' id='word_1_31' title='bbox 715 618 912 658; x_wconf 90' lang='lat' dir='ltr'><strong>manus</strong></span> <span class='ocrx_word' id='word_1_32' title='bbox 942 602 1163 657; x_wconf 84' lang='lat' dir='ltr'><strong>Attelini</strong></span> <span class='ocrx_word' id='word_1_33' title='bbox 1188 608 1317 656; x_wconf 91' lang='lat' dir='ltr'><strong>tunc</strong></span> <span class='ocrx_word' id='word_1_34' title='bbox 1359 599 1691 656; x_wconf 89' lang='lat' dir='ltr'><strong>vicedomini</strong></span> <span class='ocrx_word' id='word_1_35' title='bbox 1722 599 1920 669; x_wconf 86' lang='lat' dir='ltr'><strong>(59),et</strong></span> 
     </span>
    </p>
   </div>
   <div class='ocr_carea' id='block_1_8' title="bbox 298 690 1916 763">
    <p class='ocr_par' dir='ltr' id='par_1_8' title="bbox 298 690 1916 763">
     <span class='ocr_line' id='line_1_8' title="bbox 298 690 1916 763; baseline -0.004 -12"><span class='ocrx_word' id='word_1_36' title='bbox 298 712 498 751; x_wconf 89' lang='lat' dir='ltr'><strong>manus</strong></span> <span class='ocrx_word' id='word_1_37' title='bbox 512 695 697 749; x_wconf 86' lang='lat' dir='ltr'><strong>Hiltini</strong></span> <span class='ocrx_word' id='word_1_38' title='bbox 712 694 997 749; x_wconf 89' lang='lat' dir='ltr'><strong>camerarii</strong></span> <span class='ocrx_word' id='word_1_39' title='bbox 1013 692 1509 763; x_wconf 86' lang='lat' dir='ltr'><strong>comprehendens,</strong></span> <span class='ocrx_word' id='word_1_40' title='bbox 1531 707 1643 746; x_wconf 68' lang='lat' dir='ltr'><strong>sua:</strong></span> <span class='ocrx_word' id='word_1_41' title='bbox 1666 690 1916 746; x_wconf 86' lang='lat' dir='ltr'><strong>fidelitati</strong></span> 
     </span>
    </p>
   </div>
   <div class='ocr_carea' id='block_1_9' title="bbox 299 783 1913 854">
    <p class='ocr_par' dir='ltr' id='par_1_9' title="bbox 299 783 1913 854">
     <span class='ocr_line' id='line_1_9' title="bbox 299 783 1913 854; baseline -0.004 -10"><span class='ocrx_word' id='word_1_42' title='bbox 299 786 730 852; x_wconf 75' lang='lat' dir='ltr'><strong>commendavit,</strong></span> <span class='ocrx_word' id='word_1_43' title='bbox 756 793 810 840; x_wconf 92' lang='lat' dir='ltr'><strong>et</strong></span> <span class='ocrx_word' id='word_1_44' title='bbox 837 802 961 840; x_wconf 90' lang='lat' dir='ltr'><strong>cum</strong></span> <span class='ocrx_word' id='word_1_45' title='bbox 996 784 1264 841; x_wconf 78' lang='lat' dir='ltr'><strong>cliaritate</strong></span> <span class='ocrx_word' id='word_1_46' title='bbox 1297 800 1423 838; x_wconf 91' lang='lat' dir='ltr'><strong>eum</strong></span> <span class='ocrx_word' id='word_1_47' title='bbox 1457 784 1613 838; x_wconf 88' lang='lat' dir='ltr'><strong>abire</strong></span> <span class='ocrx_word' id='word_1_48' title='bbox 1644 783 1913 854; x_wconf 72' lang='lat' dir='ltr'><strong>permisit.</strong></span> 
     </span>
    </p>
   </div>
   <div class='ocr_carea' id='block_1_10' title="bbox 371 876 1917 948">
    <p class='ocr_par' dir='ltr' id='par_1_10' title="bbox 371 876 1917 948">
     <span class='ocr_line' id='line_1_10' title="bbox 371 876 1917 948; baseline -0.002 -14"><span class='ocrx_word' id='word_1_49' title='bbox 371 880 545 935; x_wconf 82' lang='lat' dir='ltr'><strong>XXVI.</strong></span> <span class='ocrx_word' id='word_1_50' title='bbox 603 878 782 932; x_wconf 82' lang='lat' dir='ltr'><strong>Altera</strong></span> <span class='ocrx_word' id='word_1_51' title='bbox 837 894 967 933; x_wconf 90' lang='lat' dir='ltr'><strong>vero</strong></span> <span class='ocrx_word' id='word_1_52' title='bbox 1026 877 1165 944; x_wconf 82' lang='lat' dir='ltr'><strong>vice,</strong></span> <span class='ocrx_word' id='word_1_53' title='bbox 1219 876 1455 948; x_wconf 88' lang='lat' dir='ltr'><strong>quadam</strong></span> <span class='ocrx_word' id='word_1_54' title='bbox 1505 876 1592 930; x_wconf 89' lang='lat' dir='ltr'><strong>die</strong></span> <span class='ocrx_word' id='word_1_55' title='bbox 1647 877 1805 947; x_wconf 91' lang='lat' dir='ltr'><strong>quasi</strong></span> <span class='ocrx_word' id='word_1_56' title='bbox 1848 876 1917 931; x_wconf 92' lang='lat' dir='ltr'><strong>de</strong></span> 
     </span>
    </p>
   </div>
   <div class='ocr_carea' id='block_1_11' title="bbox 298 956 1918 1041">
    <p class='ocr_par' dir='ltr' id='par_1_11' title="bbox 298 956 1918 1041">
     <span class='ocr_line' id='line_1_11' title="bbox 298 956 1918 1041; baseline -0.001 -18"><span class='ocrx_word' id='word_1_57' title='bbox 298 969 448 1041; x_wconf 84' lang='lat' dir='ltr'><strong>gravi</strong></span> <span class='ocrx_word' id='word_1_58' title='bbox 482 982 677 1022; x_wconf 88' lang='lat' dir='ltr'><strong>somno</strong></span> <span class='ocrx_word' id='word_1_59' title='bbox 704 956 1146 1039; x_wconf 81' lang='lat' dir='ltr'><strong>expergefactus,</strong></span> <span class='ocrx_word' id='word_1_60' title='bbox 1181 965 1232 1019; x_wconf 90' lang='lat' dir='ltr'><strong>ei</strong></span> <span class='ocrx_word' id='word_1_61' title='bbox 1280 965 1657 1019; x_wconf 90' lang='lat' dir='ltr'><strong>assidentibus</strong></span> <span class='ocrx_word' id='word_1_62' title='bbox 1714 974 1768 1020; x_wconf 90' lang='lat' dir='ltr'><strong>et</strong></span> <span class='ocrx_word' id='word_1_63' title='bbox 1799 967 1918 1022; x_wconf 66' lang='lat' dir='ltr'><strong>haec</strong></span> 
     </span>
    </p>
   </div>
   <div class='ocr_carea' id='block_1_12' title="bbox 297 1052 1916 1125">
    <p class='ocr_par' dir='ltr' id='par_1_12' title="bbox 297 1052 1916 1125">
     <span class='ocr_line' id='line_1_12' title="bbox 297 1052 1916 1125; baseline -0.001 -14"><span class='ocrx_word' id='word_1_64' title='bbox 297 1056 675 1122; x_wconf 84' lang='lat' dir='ltr'><strong>audientibus,</strong></span> <span class='ocrx_word' id='word_1_65' title='bbox 710 1056 786 1109; x_wconf 85' lang='lat' dir='ltr'><strong>ait</strong></span> <span class='ocrx_word' id='word_1_66' title='bbox 820 1072 832 1108; x_wconf 91' lang='lat'><strong>:</strong></span> <span class='ocrx_word' id='word_1_67' title='bbox 862 1081 873 1102; x_wconf 81' lang='grc' dir='ltr'>ι</span> <span class='ocrx_word' id='word_1_68' title='bbox 913 1054 1023 1109; x_wconf 83' lang='lat' dir='ltr'><strong>lleu</strong></span> <span class='ocrx_word' id='word_1_69' title='bbox 1052 1053 1063 1108; x_wconf 89' lang='lat' dir='ltr'><strong>l</strong></span> <span class='ocrx_word' id='word_1_70' title='bbox 1102 1054 1207 1108; x_wconf 86' lang='lat' dir='ltr'><strong>heu</strong></span> <span class='ocrx_word' id='word_1_71' title='bbox 1244 1052 1256 1107; x_wconf 89' lang='lat' dir='ltr'><strong>l</strong></span> <span class='ocrx_word' id='word_1_72' title='bbox 1291 1053 1441 1125; x_wconf 90' lang='lat' dir='ltr'><strong>quod</strong></span> <span class='ocrx_word' id='word_1_73' title='bbox 1472 1053 1625 1107; x_wconf 94' lang='lat' dir='ltr'><strong>illum</strong></span> <span class='ocrx_word' id='word_1_74' title='bbox 1658 1062 1916 1125; x_wconf 86' lang='lat' dir='ltr'><strong>nepotem</strong></span> 
     </span>
    </p>
   </div>
   <div class='ocr_carea' id='block_1_13' title="bbox 300 1142 1917 1215">
    <p class='ocr_par' dir='ltr' id='par_1_13' title="bbox 300 1142 1917 1215">
     <span class='ocr_line' id='line_1_13' title="bbox 300 1142 1917 1215; baseline -0.001 -15"><span class='ocrx_word' id='word_1_75' title='bbox 300 1162 484 1200; x_wconf 92' lang='lat' dir='ltr'><strong>meum</strong></span> <span class='ocrx_word' id='word_1_76' title='bbox 507 1144 908 1199; x_wconf 82' lang='lat' dir='ltr'><strong>Adalberonem</strong></span> <span class='ocrx_word' id='word_1_77' title='bbox 941 1158 1181 1215; x_wconf 89' lang='lat' dir='ltr'><strong>unquam</strong></span> <span class='ocrx_word' id='word_1_78' title='bbox 1202 1142 1336 1209; x_wconf 88' lang='lat' dir='ltr'><strong>vidi,</strong></span> <span class='ocrx_word' id='word_1_79' title='bbox 1364 1143 1496 1213; x_wconf 85' lang='lat' dir='ltr'><strong>quia</strong></span> <span class='ocrx_word' id='word_1_80' title='bbox 1549 1158 1647 1213; x_wconf 90' lang='lat' dir='ltr'><strong>pro</strong></span> <span class='ocrx_word' id='word_1_81' title='bbox 1671 1158 1736 1197; x_wconf 92' lang='lat' dir='ltr'><strong>eo</strong></span> <span class='ocrx_word' id='word_1_82' title='bbox 1767 1145 1917 1215; x_wconf 91' lang='lat' dir='ltr'><strong>quod</strong></span> 
     </span>
    </p>
   </div>
   <div class='ocr_carea' id='block_1_14' title="bbox 296 1236 1918 1299">
    <p class='ocr_par' dir='ltr' id='par_1_14' title="bbox 296 1236 1918 1299">
     <span class='ocr_line' id='line_1_14' title="bbox 296 1236 1918 1299; baseline 0 -6"><span class='ocrx_word' id='word_1_83' title='bbox 296 1239 349 1294; x_wconf 90' lang='lat' dir='ltr'><strong>ei</strong></span> <span class='ocrx_word' id='word_1_84' title='bbox 382 1238 684 1293; x_wconf 89' lang='lat' dir='ltr'><strong>secundum</strong></span> <span class='ocrx_word' id='word_1_85' title='bbox 710 1236 1048 1291; x_wconf 87' lang='lat' dir='ltr'><strong>desiderium</strong></span> <span class='ocrx_word' id='word_1_86' title='bbox 1071 1251 1229 1289; x_wconf 89' lang='lat' dir='ltr'><strong>suum</strong></span> <span class='ocrx_word' id='word_1_87' title='bbox 1258 1236 1694 1299; x_wconf 90' lang='lat' dir='ltr'><strong>consentiebam,</strong></span> <span class='ocrx_word' id='word_1_88' title='bbox 1721 1236 1918 1293; x_wconf 72' lang='lat' dir='ltr'><strong>nolunt</strong></span> 
     </span>
    </p>
   </div>
   <div class='ocr_carea' id='block_1_15' title="bbox 295 1324 1917 1396">
    <p class='ocr_par' dir='ltr' id='par_1_15' title="bbox 295 1324 1917 1396">
     <span class='ocr_line' id='line_1_15' title="bbox 295 1324 1917 1396; baseline 0.001 -17"><span class='ocrx_word' id='word_1_89' title='bbox 295 1341 387 1379; x_wconf 89' lang='lat' dir='ltr'><strong>me</strong></span> <span class='ocrx_word' id='word_1_90' title='bbox 422 1326 753 1396; x_wconf 88' lang='lat' dir='ltr'><strong>impunitum</strong></span> <span class='ocrx_word' id='word_1_91' title='bbox 774 1325 1005 1379; x_wconf 90' lang='lat' dir='ltr'><strong>insuum</strong></span> <span class='ocrx_word' id='word_1_92' title='bbox 1035 1324 1281 1394; x_wconf 90' lang='lat' dir='ltr'><strong>recipere</strong></span> <span class='ocrx_word' id='word_1_93' title='bbox 1295 1324 1663 1379; x_wconf 81' lang='lat' dir='ltr'><strong>consortium!</strong></span> <span class='ocrx_word' id='word_1_94' title='bbox 1694 1349 1713 1375; x_wconf 82' lang='grc' dir='ltr'><strong><em>ι</em></strong></span> <span class='ocrx_word' id='word_1_95' title='bbox 1741 1326 1802 1380; x_wconf 87' lang='lat' dir='ltr'><strong>Et</strong></span> <span class='ocrx_word' id='word_1_96' title='bbox 1831 1327 1917 1381; x_wconf 84' lang='lat' dir='ltr'><strong>his</strong></span> 
     </span>
    </p>
   </div>
   <div class='ocr_carea' id='block_1_16' title="bbox 293 1415 1914 1485">
    <p class='ocr_par' dir='ltr' id='par_1_16' title="bbox 293 1415 1914 1485">
     <span class='ocr_line' id='line_1_16' title="bbox 293 1415 1914 1485; baseline 0.001 -16"><span class='ocrx_word' id='word_1_97' title='bbox 293 1416 460 1470; x_wconf 90' lang='lat' dir='ltr'><strong>dictis</strong></span> <span class='ocrx_word' id='word_1_98' title='bbox 482 1416 664 1471; x_wconf 87' lang='lat' dir='ltr'><strong>statim</strong></span> <span class='ocrx_word' id='word_1_99' title='bbox 694 1415 876 1470; x_wconf 87' lang='lat' dir='ltr'><strong>tacuit.</strong></span> <span class='ocrx_word' id='word_1_100' title='bbox 932 1416 1111 1469; x_wconf 87' lang='lat' dir='ltr'><strong>Virtus</strong></span> <span class='ocrx_word' id='word_1_101' title='bbox 1154 1430 1285 1469; x_wconf 90' lang='lat' dir='ltr'><strong>vero</strong></span> <span class='ocrx_word' id='word_1_102' title='bbox 1344 1415 1591 1485; x_wconf 90' lang='lat' dir='ltr'><strong>corporis</strong></span> <span class='ocrx_word' id='word_1_103' title='bbox 1621 1415 1688 1469; x_wconf 93' lang='lat' dir='ltr'><strong>de</strong></span> <span class='ocrx_word' id='word_1_104' title='bbox 1734 1416 1823 1470; x_wconf 88' lang='lat' dir='ltr'><strong>die</strong></span> <span class='ocrx_word' id='word_1_105' title='bbox 1858 1417 1914 1471; x_wconf 89' lang='lat' dir='ltr'><strong>in</strong></span> 
     </span>
    </p>
   </div>
   <div class='ocr_carea' id='block_1_17' title="bbox 296 1506 1914 1573">
    <p class='ocr_par' dir='ltr' id='par_1_17' title="bbox 296 1506 1914 1573">
     <span class='ocr_line' id='line_1_17' title="bbox 296 1506 1914 1573; baseline 0.001 -13"><span class='ocrx_word' id='word_1_106' title='bbox 296 1506 446 1561; x_wconf 91' lang='lat' dir='ltr'><strong>diem</strong></span> <span class='ocrx_word' id='word_1_107' title='bbox 468 1508 818 1573; x_wconf 78' lang='lat' dir='ltr'><strong>decrescens,</strong></span> <span class='ocrx_word' id='word_1_108' title='bbox 850 1507 906 1560; x_wconf 91' lang='lat' dir='ltr'><strong>in</strong></span> <span class='ocrx_word' id='word_1_109' title='bbox 956 1513 1163 1561; x_wconf 87' lang='lat' dir='ltr'><strong>tantum</strong></span> <span class='ocrx_word' id='word_1_110' title='bbox 1197 1506 1489 1561; x_wconf 88' lang='lat' dir='ltr'><strong>deficiebat</strong></span> <span class='ocrx_word' id='word_1_111' title='bbox 1544 1514 1603 1561; x_wconf 92' lang='lat' dir='ltr'><strong>ut</strong></span> <span class='ocrx_word' id='word_1_112' title='bbox 1625 1506 1914 1562; x_wconf 84' lang='lat' dir='ltr'><strong>ecclesiam</strong></span> 
     </span>
    </p>
   </div>
   <div class='ocr_carea' id='block_1_18' title="bbox 298 1600 1912 1671">
    <p class='ocr_par' dir='ltr' id='par_1_18' title="bbox 298 1600 1912 1671">
     <span class='ocr_line' id='line_1_18' title="bbox 298 1600 1912 1671; baseline 0.002 -18"><span class='ocrx_word' id='word_1_113' title='bbox 298 1600 506 1654; x_wconf 91' lang='lat' dir='ltr'><strong>intrare</strong></span> <span class='ocrx_word' id='word_1_114' title='bbox 538 1600 643 1654; x_wconf 91' lang='lat' dir='ltr'><strong>nisi</strong></span> <span class='ocrx_word' id='word_1_115' title='bbox 674 1616 705 1654; x_wconf 91' lang='lat' dir='ltr'><strong>a</strong></span> <span class='ocrx_word' id='word_1_116' title='bbox 733 1602 951 1655; x_wconf 90' lang='lat' dir='ltr'><strong>duobus</strong></span> <span class='ocrx_word' id='word_1_117' title='bbox 980 1607 1313 1656; x_wconf 87' lang='lat' dir='ltr'><strong>sustentatus</strong></span> <span class='ocrx_word' id='word_1_118' title='bbox 1345 1616 1453 1655; x_wconf 93' lang='lat' dir='ltr'><strong>non</strong></span> <span class='ocrx_word' id='word_1_119' title='bbox 1487 1600 1912 1671; x_wconf 90' lang='lat' dir='ltr'><strong>potuisset.Cum</strong></span> 
     </span>
    </p>
   </div>
   <div class='ocr_carea' id='block_1_19' title="bbox 293 1692 1991 1795">
    <p class='ocr_par' dir='ltr' id='par_1_19' title="bbox 293 1692 1991 1795">
     <span class='ocr_line' id='line_1_19' title="bbox 293 1692 1991 1795; baseline 0.001 -49"><span class='ocrx_word' id='word_1_120' title='bbox 293 1707 429 1747; x_wconf 90' lang='lat' dir='ltr'><strong>vero</strong></span> <span class='ocrx_word' id='word_1_121' title='bbox 456 1692 513 1745; x_wconf 91' lang='lat' dir='ltr'><strong>in</strong></span> <span class='ocrx_word' id='word_1_122' title='bbox 540 1692 631 1747; x_wconf 93' lang='lat' dir='ltr'><strong>die</strong></span> <span class='ocrx_word' id='word_1_123' title='bbox 660 1693 826 1747; x_wconf 84' lang='lat' dir='ltr'><strong>natali</strong></span> <span class='ocrx_word' id='word_1_124' title='bbox 893 1699 1205 1748; x_wconf 91' lang='lat' dir='ltr'><strong>sanctorum</strong></span> <span class='ocrx_word' id='word_1_125' title='bbox 1265 1692 1428 1747; x_wconf 80' lang='lat' dir='ltr'><strong>Marci</strong></span> <span class='ocrx_word' id='word_1_126' title='bbox 1470 1700 1527 1745; x_wconf 88' lang='lat' dir='ltr'><strong>et</strong></span> <span class='ocrx_word' id='word_1_127' title='bbox 1558 1692 1915 1759; x_wconf 88' lang='lat' dir='ltr'><strong>Marcelliani,</strong></span> <span class='ocrx_word' id='word_1_128' title='bbox 1939 1726 1991 1795; x_wconf 80' lang='grc' dir='ltr'>Β</span> 
     </span>
    </p>
   </div>
   <div class='ocr_carea' id='block_1_20' title="bbox 297 1787 1915 1857">
    <p class='ocr_par' dir='ltr' id='par_1_20' title="bbox 297 1787 1915 1857">
     <span class='ocr_line' id='line_1_20' title="bbox 297 1787 1915 1857; baseline 0.003 -17"><span class='ocrx_word' id='word_1_129' title='bbox 297 1787 445 1857; x_wconf 92' lang='lat' dir='ltr'><strong>quod</strong></span> <span class='ocrx_word' id='word_1_130' title='bbox 478 1794 560 1841; x_wconf 90' lang='lat' dir='ltr'><strong>est</strong></span> <span class='ocrx_word' id='word_1_131' title='bbox 598 1804 686 1841; x_wconf 78' lang='lat' dir='ltr'><strong>xiv</strong></span> <span class='ocrx_word' id='word_1_132' title='bbox 740 1787 853 1841; x_wconf 85' lang='lat' dir='ltr'><strong>Kal.</strong></span> <span class='ocrx_word' id='word_1_133' title='bbox 914 1787 1063 1853; x_wconf 86' lang='lat' dir='ltr'><strong>Julii,</strong></span> <span class='ocrx_word' id='word_1_134' title='bbox 1123 1787 1415 1842; x_wconf 89' lang='lat' dir='ltr'><strong>ecclesiam</strong></span> <span class='ocrx_word' id='word_1_135' title='bbox 1469 1787 1915 1845; x_wconf 83' lang='lat' dir='ltr'><strong>introduceretur</strong></span> 
     </span>
    </p>
   </div>
   <div class='ocr_carea' id='block_1_21' title="bbox 294 1876 1913 1947">
    <p class='ocr_par' dir='ltr' id='par_1_21' title="bbox 294 1876 1913 1947">
     <span class='ocr_line' id='line_1_21' title="bbox 294 1876 1913 1947; baseline 0.001 -17"><span class='ocrx_word' id='word_1_136' title='bbox 294 1881 354 1930; x_wconf 90' lang='lat' dir='ltr'><strong>ut</strong></span> <span class='ocrx_word' id='word_1_137' title='bbox 380 1876 603 1943; x_wconf 83' lang='lat' dir='ltr'><strong>missam</strong></span> <span class='ocrx_word' id='word_1_138' title='bbox 632 1877 867 1943; x_wconf 85' lang='lat' dir='ltr'><strong>audiret,</strong></span> <span class='ocrx_word' id='word_1_139' title='bbox 918 1883 1137 1947; x_wconf 90' lang='lat' dir='ltr'><strong>peracta</strong></span> <span class='ocrx_word' id='word_1_140' title='bbox 1168 1877 1359 1942; x_wconf 92' lang='lat' dir='ltr'><strong>missa,</strong></span> <span class='ocrx_word' id='word_1_141' title='bbox 1422 1877 1489 1930; x_wconf 89' lang='lat' dir='ltr'><strong>ad</strong></span> <span class='ocrx_word' id='word_1_142' title='bbox 1519 1884 1761 1931; x_wconf 89' lang='lat' dir='ltr'><strong>sanctam</strong></span> <span class='ocrx_word' id='word_1_143' title='bbox 1795 1893 1913 1932; x_wconf 87' lang='lat' dir='ltr'><strong>cru-</strong></span> 
     </span>
    </p>
   </div>
   <div class='ocr_carea' id='block_1_22' title="bbox 294 1965 1908 2037">
    <p class='ocr_par' dir='ltr' id='par_1_22' title="bbox 294 1965 1908 2037">
     <span class='ocr_line' id='line_1_22' title="bbox 294 1965 1908 2037; baseline 0.002 -18"><span class='ocrx_word' id='word_1_144' title='bbox 294 1981 415 2019; x_wconf 90' lang='lat' dir='ltr'><strong>cem</strong></span> <span class='ocrx_word' id='word_1_145' title='bbox 445 1966 713 2037; x_wconf 90' lang='lat' dir='ltr'><strong>tapetium</strong></span> <span class='ocrx_word' id='word_1_146' title='bbox 743 1965 847 2020; x_wconf 87' lang='lat' dir='ltr'><strong>sibi</strong></span> <span class='ocrx_word' id='word_1_147' title='bbox 875 1965 1078 2036; x_wconf 88' lang='lat' dir='ltr'><strong>deponi</strong></span> <span class='ocrx_word' id='word_1_148' title='bbox 1108 1965 1395 2036; x_wconf 67' lang='lat' dir='ltr'><strong>praecepit,</strong></span> <span class='ocrx_word' id='word_1_149' title='bbox 1421 1972 1474 2019; x_wconf 92' lang='lat' dir='ltr'><strong>et</strong></span> <span class='ocrx_word' id='word_1_150' title='bbox 1494 1980 1553 2020; x_wconf 92' lang='lat' dir='ltr'><strong>se</strong></span> <span class='ocrx_word' id='word_1_151' title='bbox 1587 1982 1755 2036; x_wconf 90' lang='lat' dir='ltr'><strong>super</strong></span> <span class='ocrx_word' id='word_1_152' title='bbox 1816 1967 1908 2022; x_wconf 93' lang='lat' dir='ltr'><strong>illo</strong></span> 
     </span>
    </p>
   </div>
   <div class='ocr_carea' id='block_1_23' title="bbox 291 2056 1902 2139">
    <p class='ocr_par' dir='ltr' id='par_1_23' title="bbox 291 2056 1902 2139">
     <span class='ocr_line' id='line_1_23' title="bbox 291 2056 1902 2139; baseline 0.002 -30"><span class='ocrx_word' id='word_1_153' title='bbox 291 2057 696 2125; x_wconf 89' lang='lat' dir='ltr'><strong>prosternebat.</strong></span> <span class='ocrx_word' id='word_1_154' title='bbox 728 2057 808 2110; x_wconf 90' lang='lat' dir='ltr'><strong>lbi</strong></span> <span class='ocrx_word' id='word_1_155' title='bbox 860 2073 989 2111; x_wconf 88' lang='lat' dir='ltr'><strong>vero</strong></span> <span class='ocrx_word' id='word_1_156' title='bbox 1019 2073 1142 2111; x_wconf 90' lang='lat' dir='ltr'><strong>cum</strong></span> <span class='ocrx_word' id='word_1_157' title='bbox 1198 2056 1353 2127; x_wconf 90' lang='lat' dir='ltr'><strong>quasi</strong></span> <span class='ocrx_word' id='word_1_158' title='bbox 1384 2056 1667 2139; x_wconf 78' lang='lat' dir='ltr'><strong>dimidiam</strong></span> <span class='ocrx_word' id='word_1_159' title='bbox 1711 2059 1902 2113; x_wconf 87' lang='lat' dir='ltr'><strong>horam</strong></span> 
     </span>
    </p>
   </div>
   <div class='ocr_carea' id='block_1_24' title="bbox 282 2145 1907 2219">
    <p class='ocr_par' dir='ltr' id='par_1_24' title="bbox 282 2145 1907 2219">
     <span class='ocr_line' id='line_1_24' title="bbox 282 2145 1907 2219; baseline 0.001 -18"><span class='ocrx_word' id='word_1_160' title='bbox 282 2146 571 2215; x_wconf 90' lang='lat' dir='ltr'><strong>jacuisset,</strong></span> <span class='ocrx_word' id='word_1_161' title='bbox 599 2147 851 2212; x_wconf 84' lang='lat' dir='ltr'><strong>surrexit,</strong></span> <span class='ocrx_word' id='word_1_162' title='bbox 910 2154 965 2201; x_wconf 89' lang='lat' dir='ltr'><strong>et</strong></span> <span class='ocrx_word' id='word_1_163' title='bbox 1000 2146 1362 2200; x_wconf 90' lang='lat' dir='ltr'><strong>camerarium</strong></span> <span class='ocrx_word' id='word_1_164' title='bbox 1408 2145 1754 2217; x_wconf 88' lang='lat' dir='ltr'><strong>Liutpaldum</strong></span> <span class='ocrx_word' id='word_1_165' title='bbox 1780 2165 1907 2219; x_wconf 91' lang='lat' dir='ltr'><strong>pre-</strong></span> 
     </span>
    </p>
   </div>
   <div class='ocr_carea' id='block_1_25' title="bbox 290 2237 1907 2311">
    <p class='ocr_par' dir='ltr' id='par_1_25' title="bbox 290 2237 1907 2311">
     <span class='ocr_line' id='line_1_25' title="bbox 290 2237 1907 2311; baseline 0.002 -20"><span class='ocrx_word' id='word_1_166' title='bbox 290 2238 575 2307; x_wconf 81' lang='lat' dir='ltr'><strong>sbyterum</strong></span> <span class='ocrx_word' id='word_1_167' title='bbox 602 2238 670 2292; x_wconf 91' lang='lat' dir='ltr'><strong>ad</strong></span> <span class='ocrx_word' id='word_1_168' title='bbox 702 2254 761 2292; x_wconf 92' lang='lat' dir='ltr'><strong>se</strong></span> <span class='ocrx_word' id='word_1_169' title='bbox 780 2238 970 2293; x_wconf 89' lang='lat' dir='ltr'><strong>venire</strong></span> <span class='ocrx_word' id='word_1_170' title='bbox 998 2237 1147 2304; x_wconf 90' lang='lat' dir='ltr'><strong>fecit,</strong></span> <span class='ocrx_word' id='word_1_171' title='bbox 1168 2245 1221 2292; x_wconf 92' lang='lat' dir='ltr'><strong>et</strong></span> <span class='ocrx_word' id='word_1_172' title='bbox 1249 2245 1473 2293; x_wconf 85' lang='lat' dir='ltr'><strong>cunctas</strong></span> <span class='ocrx_word' id='word_1_173' title='bbox 1503 2256 1632 2293; x_wconf 90' lang='lat' dir='ltr'><strong>suas</strong></span> <span class='ocrx_word' id='word_1_174' title='bbox 1656 2256 1742 2293; x_wconf 89' lang='lat' dir='ltr'><strong>res</strong></span> <span class='ocrx_word' id='word_1_175' title='bbox 1772 2255 1907 2311; x_wconf 89' lang='lat' dir='ltr'><strong>quas</strong></span> 
     </span>
    </p>
   </div>
   <div class='ocr_carea' id='block_1_26' title="bbox 292 2324 1905 2397">
    <p class='ocr_par' dir='ltr' id='par_1_26' title="bbox 292 2324 1905 2397">
     <span class='ocr_line' id='line_1_26' title="bbox 292 2324 1905 2397; baseline 0.002 -20"><span class='ocrx_word' id='word_1_176' title='bbox 292 2324 457 2378; x_wconf 91' lang='lat' dir='ltr'><strong>illein</strong></span> <span class='ocrx_word' id='word_1_177' title='bbox 489 2324 798 2380; x_wconf 88' lang='lat' dir='ltr'><strong>ministerio</strong></span> <span class='ocrx_word' id='word_1_178' title='bbox 830 2325 1065 2380; x_wconf 87' lang='lat' dir='ltr'><strong>habebat</strong></span> <span class='ocrx_word' id='word_1_179' title='bbox 1105 2326 1158 2379; x_wconf 90' lang='lat' dir='ltr'><strong>in</strong></span> <span class='ocrx_word' id='word_1_180' title='bbox 1180 2326 1524 2396; x_wconf 67' lang='lat' dir='ltr'><strong>praesentiam</strong></span> <span class='ocrx_word' id='word_1_181' title='bbox 1567 2327 1651 2381; x_wconf 92' lang='lat' dir='ltr'><strong>sui</strong></span> <span class='ocrx_word' id='word_1_182' title='bbox 1688 2335 1905 2397; x_wconf 88' lang='lat' dir='ltr'><strong>portare</strong></span> 
     </span>
    </p>
   </div>
   <div class='ocr_carea' id='block_1_27' title="bbox 289 2412 1904 2487">
    <p class='ocr_par' dir='ltr' id='par_1_27' title="bbox 289 2412 1904 2487">
     <span class='ocr_line' id='line_1_27' title="bbox 289 2412 1904 2487; baseline 0.004 -22"><span class='ocrx_word' id='word_1_183' title='bbox 289 2412 571 2482; x_wconf 72' lang='lat' dir='ltr'><strong>pnecepit,</strong></span> <span class='ocrx_word' id='word_1_184' title='bbox 605 2420 659 2467; x_wconf 89' lang='lat' dir='ltr'><strong>et</strong></span> <span class='ocrx_word' id='word_1_185' title='bbox 688 2428 896 2484; x_wconf 87' lang='lat' dir='ltr'><strong>ponere</strong></span> <span class='ocrx_word' id='word_1_186' title='bbox 926 2421 1054 2468; x_wconf 90' lang='lat' dir='ltr'><strong>ante</strong></span> <span class='ocrx_word' id='word_1_187' title='bbox 1101 2413 1295 2477; x_wconf 89' lang='lat' dir='ltr'><strong>altare,</strong></span> <span class='ocrx_word' id='word_1_188' title='bbox 1330 2414 1433 2468; x_wconf 89' lang='lat' dir='ltr'><strong>nisi</strong></span> <span class='ocrx_word' id='word_1_189' title='bbox 1467 2431 1630 2469; x_wconf 88' lang='lat' dir='ltr'><strong>unam</strong></span> <span class='ocrx_word' id='word_1_190' title='bbox 1671 2424 1904 2487; x_wconf 89' lang='lat' dir='ltr'><strong>paratu-</strong></span> 
     </span>
    </p>
   </div>
   <div class='ocr_carea' id='block_1_28' title="bbox 288 2501 1903 2575">
    <p class='ocr_par' dir='ltr' id='par_1_28' title="bbox 288 2501 1903 2575">
     <span class='ocr_line' id='line_1_28' title="bbox 288 2501 1903 2575; baseline 0.002 -20"><span class='ocrx_word' id='word_1_191' title='bbox 288 2517 405 2555; x_wconf 86' lang='lat' dir='ltr'><strong>ram</strong></span> <span class='ocrx_word' id='word_1_192' title='bbox 447 2501 644 2556; x_wconf 92' lang='lat' dir='ltr'><strong>domus</strong></span> <span class='ocrx_word' id='word_1_193' title='bbox 694 2508 751 2556; x_wconf 90' lang='lat' dir='ltr'><strong>et</strong></span> <span class='ocrx_word' id='word_1_194' title='bbox 802 2517 1140 2568; x_wconf 86' lang='lat' dir='ltr'><strong>mensarum,</strong></span> <span class='ocrx_word' id='word_1_195' title='bbox 1202 2510 1256 2556; x_wconf 93' lang='lat' dir='ltr'><strong>et</strong></span> <span class='ocrx_word' id='word_1_196' title='bbox 1296 2519 1465 2557; x_wconf 89' lang='lat' dir='ltr'><strong>unum</strong></span> <span class='ocrx_word' id='word_1_197' title='bbox 1499 2506 1903 2575; x_wconf 89' lang='lat' dir='ltr'><strong>coopertorium</strong></span> 
     </span>
    </p>
   </div>
   <div class='ocr_carea' id='block_1_29' title="bbox 288 2590 1902 2649">
    <p class='ocr_par' dir='ltr' id='par_1_29' title="bbox 288 2590 1902 2649">
     <span class='ocr_line' id='line_1_29' title="bbox 288 2590 1902 2649; baseline 0.002 -5"><span class='ocrx_word' id='word_1_198' title='bbox 288 2590 633 2644; x_wconf 89' lang='lat' dir='ltr'><strong>mardrinum</strong></span> <span class='ocrx_word' id='word_1_199' title='bbox 681 2591 750 2644; x_wconf 89' lang='lat' dir='ltr'><strong>ad</strong></span> <span class='ocrx_word' id='word_1_200' title='bbox 805 2591 1086 2647; x_wconf 87' lang='lat' dir='ltr'><strong>servitium</strong></span> <span class='ocrx_word' id='word_1_201' title='bbox 1146 2592 1232 2646; x_wconf 91' lang='lat' dir='ltr'><strong>sui</strong></span> <span class='ocrx_word' id='word_1_202' title='bbox 1276 2592 1615 2647; x_wconf 84' lang='lat' dir='ltr'><strong>successoris</strong></span> <span class='ocrx_word' id='word_1_203' title='bbox 1672 2594 1902 2649; x_wconf 90' lang='lat' dir='ltr'><strong>dimisit.</strong></span> 
     </span>
    </p>
   </div>
   <div class='ocr_carea' id='block_1_30' title="bbox 291 2681 1908 2753">
    <p class='ocr_par' dir='ltr' id='par_1_30' title="bbox 291 2681 1908 2753">
     <span class='ocr_line' id='line_1_30' title="bbox 291 2681 1908 2753; baseline 0.003 -17"><span class='ocrx_word' id='word_1_204' title='bbox 291 2681 423 2737; x_wconf 84' lang='lat' dir='ltr'><strong>Cum</strong></span> <span class='ocrx_word' id='word_1_205' title='bbox 450 2698 582 2737; x_wconf 88' lang='lat' dir='ltr'><strong>vero</strong></span> <span class='ocrx_word' id='word_1_206' title='bbox 611 2687 737 2737; x_wconf 90' lang='lat' dir='ltr'><strong>ante</strong></span> <span class='ocrx_word' id='word_1_207' title='bbox 770 2699 896 2737; x_wconf 90' lang='lat' dir='ltr'><strong>eum</strong></span> <span class='ocrx_word' id='word_1_208' title='bbox 940 2682 1121 2753; x_wconf 90' lang='lat' dir='ltr'><strong>posita</strong></span> <span class='ocrx_word' id='word_1_209' title='bbox 1172 2683 1425 2748; x_wconf 84' lang='lat' dir='ltr'><strong>fuissent,</strong></span> <span class='ocrx_word' id='word_1_210' title='bbox 1459 2691 1511 2738; x_wconf 94' lang='lat' dir='ltr'><strong>et</strong></span> <span class='ocrx_word' id='word_1_211' title='bbox 1551 2684 1643 2739; x_wconf 91' lang='lat' dir='ltr'><strong>ille</strong></span> <span class='ocrx_word' id='word_1_212' title='bbox 1675 2701 1740 2739; x_wconf 88' lang='lat' dir='ltr'><strong>ea</strong></span> <span class='ocrx_word' id='word_1_213' title='bbox 1770 2702 1908 2741; x_wconf 89' lang='lat' dir='ltr'><strong>con-</strong></span> 
     </span>
    </p>
   </div>
   <div class='ocr_carea' id='block_1_31' title="bbox 285 2770 1903 2842">
    <p class='ocr_par' dir='ltr' id='par_1_31' title="bbox 285 2770 1903 2842">
     <span class='ocr_line' id='line_1_31' title="bbox 285 2770 1903 2842; baseline 0.003 -18"><span class='ocrx_word' id='word_1_214' title='bbox 285 2771 581 2842; x_wconf 87' lang='lat' dir='ltr'><strong>spexisset,</strong></span> <span class='ocrx_word' id='word_1_215' title='bbox 605 2770 809 2825; x_wconf 68' lang='lat' dir='ltr'><strong>dixitm</strong></span> <span class='ocrx_word' id='word_1_216' title='bbox 823 2771 961 2835; x_wconf 89' lang='lat' dir='ltr'><strong>Quid</strong></span> <span class='ocrx_word' id='word_1_217' title='bbox 993 2771 1127 2825; x_wconf 86' lang='lat' dir='ltr'><strong>mihi</strong></span> <span class='ocrx_word' id='word_1_218' title='bbox 1151 2772 1265 2827; x_wconf 80' lang='lat' dir='ltr'><strong>haec</strong></span> <span class='ocrx_word' id='word_1_219' title='bbox 1289 2772 1475 2827; x_wconf 87' lang='lat' dir='ltr'><strong>omnia</strong></span> <span class='ocrx_word' id='word_1_220' title='bbox 1506 2789 1655 2828; x_wconf 89' lang='lat' dir='ltr'><strong>nunc</strong></span> <span class='ocrx_word' id='word_1_221' title='bbox 1686 2775 1903 2829; x_wconf 91' lang='lat' dir='ltr'><strong>debue-</strong></span> 
     </span>
    </p>
   </div>
   <div class='ocr_carea' id='block_1_32' title="bbox 287 2862 1907 2935">
    <p class='ocr_par' dir='ltr' id='par_1_32' title="bbox 287 2862 1907 2935">
     <span class='ocr_line' id='line_1_32' title="bbox 287 2862 1907 2935; baseline 0.004 -18"><span class='ocrx_word' id='word_1_222' title='bbox 287 2862 458 2918; x_wconf 81' lang='lat' dir='ltr'><strong>runt?</strong></span> <span class='ocrx_word' id='word_1_223' title='bbox 478 2883 502 2913; x_wconf 72' lang='grc' dir='ltr'><strong><em>υ</em></strong></span> <span class='ocrx_word' id='word_1_224' title='bbox 519 2863 774 2928; x_wconf 85' lang='lat' dir='ltr'><strong>Quamvis</strong></span> <span class='ocrx_word' id='word_1_225' title='bbox 789 2879 918 2919; x_wconf 87' lang='lat' dir='ltr'><strong>vero</strong></span> <span class='ocrx_word' id='word_1_226' title='bbox 943 2863 1019 2918; x_wconf 93' lang='lat' dir='ltr'><strong>illi</strong></span> <span class='ocrx_word' id='word_1_227' title='bbox 1045 2865 1284 2935; x_wconf 81' lang='lat' dir='ltr'><strong>plurima</strong></span> <span class='ocrx_word' id='word_1_228' title='bbox 1298 2865 1907 2933; x_wconf 88' lang='lat' dir='ltr'><strong>viderentur,numerus</strong></span> 
     </span>
    </p>
   </div>
   <div class='ocr_carea' id='block_1_33' title="bbox 283 2950 1904 3028">
    <p class='ocr_par' dir='ltr' id='par_1_33' title="bbox 283 2950 1904 3028">
     <span class='ocr_line' id='line_1_33' title="bbox 283 2950 1904 3028; baseline 0.002 -17"><span class='ocrx_word' id='word_1_229' title='bbox 283 2972 476 3011; x_wconf 91' lang='lat' dir='ltr'><strong>eorum</strong></span> <span class='ocrx_word' id='word_1_230' title='bbox 509 2956 687 3024; x_wconf 86' lang='lat' dir='ltr'><strong>major</strong></span> <span class='ocrx_word' id='word_1_231' title='bbox 713 2971 825 3011; x_wconf 89' lang='lat' dir='ltr'><strong>non</strong></span> <span class='ocrx_word' id='word_1_232' title='bbox 873 2956 976 3011; x_wconf 90' lang='lat' dir='ltr'><strong>fuit</strong></span> <span class='ocrx_word' id='word_1_233' title='bbox 1012 2950 1138 3011; x_wconf 64' lang='lat' dir='ltr'><strong>&#39;nisi</strong></span> <span class='ocrx_word' id='word_1_234' title='bbox 1188 2974 1362 3028; x_wconf 89' lang='lat' dir='ltr'><strong>pauca</strong></span> <span class='ocrx_word' id='word_1_235' title='bbox 1400 2959 1699 3027; x_wconf 87' lang='lat' dir='ltr'><strong>camisalia,</strong></span> <span class='ocrx_word' id='word_1_236' title='bbox 1732 2968 1786 3015; x_wconf 93' lang='lat' dir='ltr'><strong>et</strong></span> <span class='ocrx_word' id='word_1_237' title='bbox 1808 2976 1904 3015; x_wconf 89' lang='lat' dir='ltr'><strong>se-</strong></span> 
     </span>
    </p>
   </div>
   <div class='ocr_carea' id='block_1_34' title="bbox 2019 492 3632 564">
    <p class='ocr_par' dir='ltr' id='par_1_34' title="bbox 2019 492 3632 564">
     <span class='ocr_line' id='line_1_34' title="bbox 2019 492 3632 564; baseline 0.004 -17"><span class='ocrx_word' id='word_1_238' title='bbox 2019 492 2150 548; x_wconf 90' lang='lat' dir='ltr'><strong>teris</strong></span> <span class='ocrx_word' id='word_1_239' title='bbox 2178 492 2624 563; x_wconf 74' lang='lat' dir='ltr'><strong>pauperibusque</strong></span> <span class='ocrx_word' id='word_1_240' title='bbox 2692 493 2921 564; x_wconf 91' lang='lat' dir='ltr'><strong>provida</strong></span> <span class='ocrx_word' id='word_1_241' title='bbox 2975 494 3393 563; x_wconf 85' lang='lat' dir='ltr'><strong>dispensatione</strong></span> <span class='ocrx_word' id='word_1_242' title='bbox 3450 498 3632 554; x_wconf 89' lang='lat' dir='ltr'><strong>statim</strong></span> 
     </span>
    </p>
   </div>
   <div class='ocr_carea' id='block_1_35' title="bbox 2021 584 3737 657">
    <p class='ocr_par' dir='ltr' id='par_1_35' title="bbox 2021 584 3737 657">
     <span class='ocr_line' id='line_1_35' title="bbox 2021 584 3737 657; baseline 0.003 -18"><span class='ocrx_word' id='word_1_243' title='bbox 2021 599 2087 639; x_wconf 92' lang='lat' dir='ltr'><strong>eo</strong></span> <span class='ocrx_word' id='word_1_244' title='bbox 2111 584 2328 642; x_wconf 80' lang='lat' dir='ltr'><strong>vivente</strong></span> <span class='ocrx_word' id='word_1_245' title='bbox 2362 584 2735 651; x_wconf 91' lang='lat' dir='ltr'><strong>donarentur;</strong></span> <span class='ocrx_word' id='word_1_246' title='bbox 2757 586 2972 657; x_wconf 89' lang='lat' dir='ltr'><strong>quodet</strong></span> <span class='ocrx_word' id='word_1_247' title='bbox 3002 585 3202 641; x_wconf 89' lang='lat' dir='ltr'><strong>factum</strong></span> <span class='ocrx_word' id='word_1_248' title='bbox 3227 594 3327 643; x_wconf 92' lang='lat' dir='ltr'><strong>est.</strong></span> <span class='ocrx_word' id='word_1_249' title='bbox 3362 588 3466 644; x_wconf 85' lang='lat' dir='ltr'><strong>Pro</strong></span> <span class='ocrx_word' id='word_1_250' title='bbox 3483 597 3634 646; x_wconf 91' lang='lat' dir='ltr'><strong>certo</strong></span> <span class='ocrx_word' id='word_1_251' title='bbox 3722 618 3737 633; x_wconf 74' lang='grc' dir='ltr'><em>ι</em></span> 
     </span>
    </p>
   </div>
   <div class='ocr_carea' id='block_1_36' title="bbox 2019 674 3633 749">
    <p class='ocr_par' dir='ltr' id='par_1_36' title="bbox 2019 674 3633 749">
     <span class='ocr_line' id='line_1_36' title="bbox 2019 674 3633 749; baseline 0.004 -20"><span class='ocrx_word' id='word_1_252' title='bbox 2019 676 2268 746; x_wconf 90' lang='lat' dir='ltr'><strong>quamvis</strong></span> <span class='ocrx_word' id='word_1_253' title='bbox 2294 690 2494 746; x_wconf 90' lang='lat' dir='ltr'><strong>corpus</strong></span> <span class='ocrx_word' id='word_1_254' title='bbox 2542 675 2690 749; x_wconf 82' lang='lat' dir='ltr'><strong>gravi</strong></span> <span class='ocrx_word' id='word_1_255' title='bbox 2731 674 3050 732; x_wconf 88' lang='lat' dir='ltr'><strong>infirmitate</strong></span> <span class='ocrx_word' id='word_1_256' title='bbox 3085 678 3372 733; x_wconf 86' lang='lat' dir='ltr'><strong>detentum</strong></span> <span class='ocrx_word' id='word_1_257' title='bbox 3417 677 3633 748; x_wconf 85' lang='lat' dir='ltr'><strong>fuisset,</strong></span> 
     </span>
    </p>
   </div>
   <div class='ocr_carea' id='block_1_37' title="bbox 2018 763 3635 839">
    <p class='ocr_par' dir='ltr' id='par_1_37' title="bbox 2018 763 3635 839">
     <span class='ocr_line' id='line_1_37' title="bbox 2018 763 3635 839; baseline 0.006 -24"><span class='ocrx_word' id='word_1_258' title='bbox 2018 777 2214 817; x_wconf 90' lang='lat' dir='ltr'><strong>sensus</strong></span> <span class='ocrx_word' id='word_1_259' title='bbox 2242 769 2297 818; x_wconf 88' lang='lat' dir='ltr'><strong>et</strong></span> <span class='ocrx_word' id='word_1_260' title='bbox 2334 763 2552 818; x_wconf 87' lang='lat' dir='ltr'><strong>animus</strong></span> <span class='ocrx_word' id='word_1_261' title='bbox 2604 771 2659 819; x_wconf 92' lang='lat' dir='ltr'><strong>et</strong></span> <span class='ocrx_word' id='word_1_262' title='bbox 2704 764 2961 820; x_wconf 87' lang='lat' dir='ltr'><strong>voluntas</strong></span> <span class='ocrx_word' id='word_1_263' title='bbox 2992 767 3247 837; x_wconf 69' lang='lat' dir='ltr'><strong>occupati</strong></span> <span class='ocrx_word' id='word_1_264' title='bbox 3288 783 3401 823; x_wconf 90' lang='lat' dir='ltr'><strong>non</strong></span> <span class='ocrx_word' id='word_1_265' title='bbox 3435 774 3635 839; x_wconf 88' lang='lat' dir='ltr'><strong>potue-</strong></span> 
     </span>
    </p>
   </div>
   <div class='ocr_carea' id='block_1_38' title="bbox 2020 856 3637 929">
    <p class='ocr_par' dir='ltr' id='par_1_38' title="bbox 2020 856 3637 929">
     <span class='ocr_line' id='line_1_38' title="bbox 2020 856 3637 929; baseline 0.004 -19"><span class='ocrx_word' id='word_1_266' title='bbox 2020 863 2167 921; x_wconf 82' lang='lat' dir='ltr'><strong>runt,</strong></span> <span class='ocrx_word' id='word_1_267' title='bbox 2202 856 2307 910; x_wconf 89' lang='lat' dir='ltr'><strong>nisi</strong></span> <span class='ocrx_word' id='word_1_268' title='bbox 2352 856 2469 927; x_wconf 84' lang='lat' dir='ltr'><strong>[pro</strong></span> <span class='ocrx_word' id='word_1_269' title='bbox 2537 863 2595 911; x_wconf 92' lang='lat' dir='ltr'><strong>ut</strong></span> <span class='ocrx_word' id='word_1_270' title='bbox 2647 857 2776 927; x_wconf 91' lang='lat' dir='ltr'><strong>non]</strong></span> <span class='ocrx_word' id='word_1_271' title='bbox 2842 858 2949 929; x_wconf 90' lang='lat' dir='ltr'><strong>piis</strong></span> <span class='ocrx_word' id='word_1_272' title='bbox 3000 859 3318 915; x_wconf 84' lang='lat' dir='ltr'><strong>insisterent</strong></span> <span class='ocrx_word' id='word_1_273' title='bbox 3370 860 3637 917; x_wconf 90' lang='lat' dir='ltr'><strong>intentio-</strong></span> 
     </span>
    </p>
   </div>
   <div class='ocr_carea' id='block_1_39' title="bbox 2020 945 2201 999">
    <p class='ocr_par' dir='ltr' id='par_1_39' title="bbox 2020 945 2201 999">
     <span class='ocr_line' id='line_1_39' title="bbox 2020 945 2201 999; baseline 0 0"><span class='ocrx_word' id='word_1_274' title='bbox 2020 945 2201 999; x_wconf 90' lang='lat' dir='ltr'><strong>nibus.</strong></span> 
     </span>
    </p>
   </div>
   <div class='ocr_carea' id='block_1_40' title="bbox 2090 1037 3633 1110">
    <p class='ocr_par' dir='ltr' id='par_1_40' title="bbox 2090 1037 3633 1110">
     <span class='ocr_line' id='line_1_40' title="bbox 2090 1037 3633 1110; baseline 0.004 -18"><span class='ocrx_word' id='word_1_275' title='bbox 2090 1037 2291 1092; x_wconf 82' lang='lat' dir='ltr'><strong>XXVII.</strong></span> <span class='ocrx_word' id='word_1_276' title='bbox 2326 1037 2420 1092; x_wconf 92' lang='lat' dir='ltr'><strong>Die</strong></span> <span class='ocrx_word' id='word_1_277' title='bbox 2458 1038 2644 1110; x_wconf 89' lang='lat' dir='ltr'><strong>itaque</strong></span> <span class='ocrx_word' id='word_1_278' title='bbox 2683 1048 2871 1096; x_wconf 91' lang='lat' dir='ltr'><strong>sancto</strong></span> <span class='ocrx_word' id='word_1_279' title='bbox 2911 1041 3215 1097; x_wconf 87' lang='lat' dir='ltr'><strong>nativitatis</strong></span> <span class='ocrx_word' id='word_1_280' title='bbox 3244 1044 3420 1099; x_wconf 89' lang='lat' dir='ltr'><strong>sancti</strong></span> <span class='ocrx_word' id='word_1_281' title='bbox 3458 1044 3633 1100; x_wconf 86' lang='lat' dir='ltr'><strong>Joan-</strong></span> 
     </span>
    </p>
   </div>
   <div class='ocr_carea' id='block_1_41' title="bbox 2021 1126 3632 1203">
    <p class='ocr_par' dir='ltr' id='par_1_41' title="bbox 2021 1126 3632 1203">
     <span class='ocr_line' id='line_1_41' title="bbox 2021 1126 3632 1203; baseline 0.006 -23"><span class='ocrx_word' id='word_1_282' title='bbox 2021 1127 2106 1183; x_wconf 89' lang='lat' dir='ltr'><strong>nis</strong></span> <span class='ocrx_word' id='word_1_283' title='bbox 2131 1126 2387 1197; x_wconf 72' lang='lat' dir='ltr'><strong>Baptista:</strong></span> <span class='ocrx_word' id='word_1_284' title='bbox 2421 1129 2678 1183; x_wconf 88' lang='lat' dir='ltr'><strong>horadiei</strong></span> <span class='ocrx_word' id='word_1_285' title='bbox 2700 1130 2896 1200; x_wconf 86' lang='lat' dir='ltr'><strong>prima,</strong></span> <span class='ocrx_word' id='word_1_286' title='bbox 2919 1132 3077 1201; x_wconf 91' lang='lat' dir='ltr'><strong>quasi</strong></span> <span class='ocrx_word' id='word_1_287' title='bbox 3102 1140 3331 1203; x_wconf 89' lang='lat' dir='ltr'><strong>repente</strong></span> <span class='ocrx_word' id='word_1_288' title='bbox 3350 1133 3420 1188; x_wconf 90' lang='lat' dir='ltr'><strong>de</strong></span> <span class='ocrx_word' id='word_1_289' title='bbox 3434 1149 3632 1190; x_wconf 92' lang='lat' dir='ltr'><strong>somno</strong></span> 
     </span>
    </p>
   </div>
   <div class='ocr_carea' id='block_1_42' title="bbox 2018 1216 3628 1287">
    <p class='ocr_par' dir='ltr' id='par_1_42' title="bbox 2018 1216 3628 1287">
     <span class='ocr_line' id='line_1_42' title="bbox 2018 1216 3628 1287; baseline 0.004 -17"><span class='ocrx_word' id='word_1_290' title='bbox 2018 1216 2213 1270; x_wconf 89' lang='lat' dir='ltr'><strong>beatus</strong></span> <span class='ocrx_word' id='word_1_291' title='bbox 2243 1217 2528 1272; x_wconf 88' lang='lat' dir='ltr'><strong>Udalricus</strong></span> <span class='ocrx_word' id='word_1_292' title='bbox 2556 1218 2869 1287; x_wconf 86' lang='lat' dir='ltr'><strong>suscitatus,</strong></span> <span class='ocrx_word' id='word_1_293' title='bbox 2933 1220 3070 1275; x_wconf 83' lang='lat' dir='ltr'><strong>dixit</strong></span> <span class='ocrx_word' id='word_1_294' title='bbox 3113 1221 3427 1276; x_wconf 89' lang='lat' dir='ltr'><strong>camerariis</strong></span> <span class='ocrx_word' id='word_1_295' title='bbox 3456 1224 3572 1278; x_wconf 89' lang='lat' dir='ltr'><strong>suis</strong></span> <span class='ocrx_word' id='word_1_296' title='bbox 3613 1240 3628 1276; x_wconf 90' lang='lat'>:</span> 
     </span>
    </p>
   </div>
   <div class='ocr_carea' id='block_1_43' title="bbox 2023 1307 3673 1378">
    <p class='ocr_par' dir='ltr' id='par_1_43' title="bbox 2023 1307 3673 1378">
     <span class='ocr_line' id='line_1_43' title="bbox 2023 1307 3673 1378; baseline 0.007 -21"><span class='ocrx_word' id='word_1_297' title='bbox 2023 1329 2045 1357; x_wconf 76' lang='grc' dir='ltr'>ι</span> <span class='ocrx_word' id='word_1_298' title='bbox 2079 1307 2295 1362; x_wconf 87' lang='lat' dir='ltr'><strong>lnduite</strong></span> <span class='ocrx_word' id='word_1_299' title='bbox 2334 1324 2421 1363; x_wconf 94' lang='lat' dir='ltr'><strong>me</strong></span> <span class='ocrx_word' id='word_1_300' title='bbox 2449 1309 2772 1365; x_wconf 90' lang='lat' dir='ltr'><strong>vestimenta</strong></span> <span class='ocrx_word' id='word_1_301' title='bbox 2802 1326 2925 1366; x_wconf 91' lang='lat' dir='ltr'><strong>mea</strong></span> <span class='ocrx_word' id='word_1_302' title='bbox 2950 1319 3005 1366; x_wconf 90' lang='lat' dir='ltr'><strong>et</strong></span> <span class='ocrx_word' id='word_1_303' title='bbox 3035 1311 3425 1367; x_wconf 89' lang='lat' dir='ltr'><strong>calceamenta.</strong></span> <span class='ocrx_word' id='word_1_304' title='bbox 3467 1332 3498 1362; x_wconf 81' lang='grc'><strong>››</strong></span> <span class='ocrx_word' id='word_1_305' title='bbox 3527 1313 3629 1378; x_wconf 87' lang='lat' dir='ltr'><strong>Qui</strong></span> <span class='ocrx_word' id='word_1_306' title='bbox 3672 1352 3673 1355; x_wconf 60' lang='grc' dir='ltr'><strong>η</strong></span> 
     </span>
    </p>
   </div>
   <div class='ocr_carea' id='block_1_44' title="bbox 2019 1402 3634 1476">
    <p class='ocr_par' dir='ltr' id='par_1_44' title="bbox 2019 1402 3634 1476">
     <span class='ocr_line' id='line_1_44' title="bbox 2019 1402 3634 1476; baseline 0.004 -22"><span class='ocrx_word' id='word_1_307' title='bbox 2019 1402 2338 1455; x_wconf 71' lang='lat' dir='ltr'><strong>hzesitantes</strong></span> <span class='ocrx_word' id='word_1_308' title='bbox 2368 1408 2593 1471; x_wconf 89' lang='lat' dir='ltr'><strong>propter</strong></span> <span class='ocrx_word' id='word_1_309' title='bbox 2612 1418 2865 1476; x_wconf 84' lang='lat' dir='ltr'><strong>magnam</strong></span> <span class='ocrx_word' id='word_1_310' title='bbox 2887 1403 3007 1472; x_wconf 87' lang='lat' dir='ltr'><strong>ejus</strong></span> <span class='ocrx_word' id='word_1_311' title='bbox 3025 1403 3422 1470; x_wconf 87' lang='lat' dir='ltr'><strong>infirmitatem,</strong></span> <span class='ocrx_word' id='word_1_312' title='bbox 3450 1406 3495 1460; x_wconf 86' lang='lat' dir='ltr'><strong>si</strong></span> <span class='ocrx_word' id='word_1_313' title='bbox 3516 1406 3634 1461; x_wconf 67' lang='lat' dir='ltr'><strong>haec</strong></span> 
     </span>
    </p>
   </div>
   <div class='ocr_carea' id='block_1_45' title="bbox 2018 1488 3634 1565">
    <p class='ocr_par' dir='ltr' id='par_1_45' title="bbox 2018 1488 3634 1565">
     <span class='ocr_line' id='line_1_45' title="bbox 2018 1488 3634 1565; baseline 0.004 -23"><span class='ocrx_word' id='word_1_314' title='bbox 2018 1488 2074 1542; x_wconf 90' lang='lat' dir='ltr'><strong>in</strong></span> <span class='ocrx_word' id='word_1_315' title='bbox 2107 1490 2280 1543; x_wconf 89' lang='lat' dir='ltr'><strong>extasi</strong></span> <span class='ocrx_word' id='word_1_316' title='bbox 2320 1489 2520 1544; x_wconf 90' lang='lat' dir='ltr'><strong>mentis</strong></span> <span class='ocrx_word' id='word_1_317' title='bbox 2566 1488 2651 1544; x_wconf 86' lang='lat' dir='ltr'><strong>vel</strong></span> <span class='ocrx_word' id='word_1_318' title='bbox 2684 1490 3045 1561; x_wconf 89' lang='lat' dir='ltr'><strong>incapacitate</strong></span> <span class='ocrx_word' id='word_1_319' title='bbox 3106 1508 3302 1547; x_wconf 90' lang='lat' dir='ltr'><strong>sensus</strong></span> <span class='ocrx_word' id='word_1_320' title='bbox 3328 1493 3408 1548; x_wconf 90' lang='lat' dir='ltr'><strong>eis</strong></span> <span class='ocrx_word' id='word_1_321' title='bbox 3434 1494 3634 1565; x_wconf 73' lang='lat' dir='ltr'><strong>praeci-</strong></span> 
     </span>
    </p>
   </div>
   <div class='ocr_carea' id='block_1_46' title="bbox 2017 1580 3635 1655">
    <p class='ocr_par' dir='ltr' id='par_1_46' title="bbox 2017 1580 3635 1655">
     <span class='ocr_line' id='line_1_46' title="bbox 2017 1580 3635 1655; baseline 0.004 -20"><span class='ocrx_word' id='word_1_322' title='bbox 2017 1588 2189 1651; x_wconf 88' lang='lat' dir='ltr'><strong>peret,</strong></span> <span class='ocrx_word' id='word_1_323' title='bbox 2216 1580 2499 1651; x_wconf 91' lang='lat' dir='ltr'><strong>implendo</strong></span> <span class='ocrx_word' id='word_1_324' title='bbox 2552 1586 2735 1635; x_wconf 89' lang='lat' dir='ltr'><strong>tamen</strong></span> <span class='ocrx_word' id='word_1_325' title='bbox 2795 1591 3128 1655; x_wconf 58' lang='lat' dir='ltr'><strong>praeceptum</strong></span> <span class='ocrx_word' id='word_1_326' title='bbox 3160 1585 3299 1653; x_wconf 87' lang='lat' dir='ltr'><strong>ejus.</strong></span> <span class='ocrx_word' id='word_1_327' title='bbox 3330 1585 3635 1641; x_wconf 89' lang='lat' dir='ltr'><strong>induerunt</strong></span> 
     </span>
    </p>
   </div>
   <div class='ocr_carea' id='block_1_47' title="bbox 2019 1670 3635 1744">
    <p class='ocr_par' dir='ltr' id='par_1_47' title="bbox 2019 1670 3635 1744">
     <span class='ocr_line' id='line_1_47' title="bbox 2019 1670 3635 1744; baseline 0.004 -21"><span class='ocrx_word' id='word_1_328' title='bbox 2019 1685 2144 1724; x_wconf 89' lang='lat' dir='ltr'><strong>eum</strong></span> <span class='ocrx_word' id='word_1_329' title='bbox 2173 1670 2503 1724; x_wconf 84' lang='lat' dir='ltr'><strong>vestimenta</strong></span> <span class='ocrx_word' id='word_1_330' title='bbox 2534 1670 2655 1739; x_wconf 90' lang='lat' dir='ltr'><strong>ejus</strong></span> <span class='ocrx_word' id='word_1_331' title='bbox 2684 1677 2739 1725; x_wconf 91' lang='lat' dir='ltr'><strong>et</strong></span> <span class='ocrx_word' id='word_1_332' title='bbox 2768 1670 3004 1726; x_wconf 88' lang='lat' dir='ltr'><strong>calceos.</strong></span> <span class='ocrx_word' id='word_1_333' title='bbox 3037 1672 3226 1727; x_wconf 89' lang='lat' dir='ltr'><strong>Statim</strong></span> <span class='ocrx_word' id='word_1_334' title='bbox 3255 1680 3437 1728; x_wconf 89' lang='lat' dir='ltr'><strong>autem</strong></span> <span class='ocrx_word' id='word_1_335' title='bbox 3471 1690 3635 1744; x_wconf 87' lang='lat' dir='ltr'><strong>para-</strong></span> 
     </span>
    </p>
   </div>
   <div class='ocr_carea' id='block_1_48' title="bbox 2014 1761 3631 1837">
    <p class='ocr_par' dir='ltr' id='par_1_48' title="bbox 2014 1761 3631 1837">
     <span class='ocr_line' id='line_1_48' title="bbox 2014 1761 3631 1837; baseline 0.004 -23"><span class='ocrx_word' id='word_1_336' title='bbox 2014 1767 2135 1815; x_wconf 91' lang='lat' dir='ltr'><strong>tura</strong></span> <span class='ocrx_word' id='word_1_337' title='bbox 2166 1776 2226 1815; x_wconf 91' lang='lat' dir='ltr'><strong>se</strong></span> <span class='ocrx_word' id='word_1_338' title='bbox 2274 1761 2554 1816; x_wconf 88' lang='lat' dir='ltr'><strong>missatica</strong></span> <span class='ocrx_word' id='word_1_339' title='bbox 2612 1761 2766 1816; x_wconf 88' lang='lat' dir='ltr'><strong>indui</strong></span> <span class='ocrx_word' id='word_1_340' title='bbox 2818 1762 3376 1836; x_wconf 64' lang='lat' dir='ltr'><strong>praecepit;cumque</strong></span> <span class='ocrx_word' id='word_1_341' title='bbox 3407 1774 3631 1837; x_wconf 90' lang='lat' dir='ltr'><strong>paratus</strong></span> 
     </span>
    </p>
   </div>
   <div class='ocr_carea' id='block_1_49' title="bbox 2014 1857 3634 1929">
    <p class='ocr_par' dir='ltr' id='par_1_49' title="bbox 2014 1857 3634 1929">
     <span class='ocr_line' id='line_1_49' title="bbox 2014 1857 3634 1929; baseline 0.004 -17"><span class='ocrx_word' id='word_1_342' title='bbox 2014 1857 2228 1925; x_wconf 82' lang='lat' dir='ltr'><strong>fuisset,</strong></span> <span class='ocrx_word' id='word_1_343' title='bbox 2262 1858 2667 1929; x_wconf 89' lang='lat' dir='ltr'><strong>perambulavit</strong></span> <span class='ocrx_word' id='word_1_344' title='bbox 2707 1859 2988 1914; x_wconf 88' lang='lat' dir='ltr'><strong>matricem</strong></span> <span class='ocrx_word' id='word_1_345' title='bbox 3020 1861 3335 1926; x_wconf 90' lang='lat' dir='ltr'><strong>ecclesiam,</strong></span> <span class='ocrx_word' id='word_1_346' title='bbox 3365 1869 3419 1917; x_wconf 88' lang='lat' dir='ltr'><strong>et</strong></span> <span class='ocrx_word' id='word_1_347' title='bbox 3456 1864 3525 1917; x_wconf 88' lang='lat' dir='ltr'><strong>ad</strong></span> <span class='ocrx_word' id='word_1_348' title='bbox 3540 1879 3634 1918; x_wconf 84' lang='lat' dir='ltr'><strong>cc-</strong></span> 
     </span>
    </p>
   </div>
   <div class='ocr_carea' id='block_1_50' title="bbox 2012 1947 3632 2022">
    <p class='ocr_par' dir='ltr' id='par_1_50' title="bbox 2012 1947 3632 2022">
     <span class='ocr_line' id='line_1_50' title="bbox 2012 1947 3632 2022; baseline 0.004 -21"><span class='ocrx_word' id='word_1_349' title='bbox 2012 1948 2236 2002; x_wconf 90' lang='lat' dir='ltr'><strong>clesiam</strong></span> <span class='ocrx_word' id='word_1_350' title='bbox 2270 1947 2455 2003; x_wconf 90' lang='lat' dir='ltr'><strong>Sancti</strong></span> <span class='ocrx_word' id='word_1_351' title='bbox 2485 1947 2716 2003; x_wconf 85' lang='lat' dir='ltr'><strong>Joannis</strong></span> <span class='ocrx_word' id='word_1_352' title='bbox 2740 1948 3013 2019; x_wconf 61' lang='lat' dir='ltr'><strong>Baptistae,</strong></span> <span class='ocrx_word' id='word_1_353' title='bbox 3075 1966 3244 2021; x_wconf 88' lang='lat' dir='ltr'><strong>quam</strong></span> <span class='ocrx_word' id='word_1_354' title='bbox 3303 1951 3424 2022; x_wconf 90' lang='lat' dir='ltr'><strong>ipse</strong></span> <span class='ocrx_word' id='word_1_355' title='bbox 3467 1961 3632 2008; x_wconf 86' lang='lat' dir='ltr'><strong>antea</strong></span> 
     </span>
    </p>
   </div>
   <div class='ocr_carea' id='block_1_51' title="bbox 2010 2036 3629 2113">
    <p class='ocr_par' dir='ltr' id='par_1_51' title="bbox 2010 2036 3629 2113">
     <span class='ocr_line' id='line_1_51' title="bbox 2010 2036 3629 2113; baseline 0.004 -23"><span class='ocrx_word' id='word_1_356' title='bbox 2010 2036 2378 2092; x_wconf 71' lang='lat' dir='ltr'><strong>aedificaverat</strong></span> <span class='ocrx_word' id='word_1_357' title='bbox 2404 2043 2459 2092; x_wconf 90' lang='lat' dir='ltr'><strong>et</strong></span> <span class='ocrx_word' id='word_1_358' title='bbox 2480 2038 2535 2091; x_wconf 91' lang='lat' dir='ltr'><strong>in</strong></span> <span class='ocrx_word' id='word_1_359' title='bbox 2566 2038 2774 2093; x_wconf 87' lang='lat' dir='ltr'><strong>honore</strong></span> <span class='ocrx_word' id='word_1_360' title='bbox 2800 2038 2921 2106; x_wconf 90' lang='lat' dir='ltr'><strong>ejus</strong></span> <span class='ocrx_word' id='word_1_361' title='bbox 2969 2047 3406 2107; x_wconf 89' lang='lat' dir='ltr'><strong>consecraverat,</strong></span> <span class='ocrx_word' id='word_1_362' title='bbox 3435 2057 3629 2113; x_wconf 86' lang='lat' dir='ltr'><strong>perve-</strong></span> 
     </span>
    </p>
   </div>
   <div class='ocr_carea' id='block_1_52' title="bbox 2008 2130 3627 2203">
    <p class='ocr_par' dir='ltr' id='par_1_52' title="bbox 2008 2130 3627 2203">
     <span class='ocr_line' id='line_1_52' title="bbox 2008 2130 3627 2203; baseline 0.003 -20"><span class='ocrx_word' id='word_1_363' title='bbox 2008 2130 2108 2197; x_wconf 90' lang='lat' dir='ltr'><strong>nit,</strong></span> <span class='ocrx_word' id='word_1_364' title='bbox 2138 2130 2328 2201; x_wconf 89' lang='lat' dir='ltr'><strong>ibique</strong></span> <span class='ocrx_word' id='word_1_365' title='bbox 2359 2130 2580 2185; x_wconf 91' lang='lat' dir='ltr'><strong>missam</strong></span> <span class='ocrx_word' id='word_1_366' title='bbox 2613 2131 2739 2201; x_wconf 78' lang='lat' dir='ltr'><strong>(6i),</strong></span> <span class='ocrx_word' id='word_1_367' title='bbox 2799 2147 2964 2203; x_wconf 90' lang='lat' dir='ltr'><strong>quam</strong></span> <span class='ocrx_word' id='word_1_368' title='bbox 2997 2132 3392 2187; x_wconf 88' lang='lat' dir='ltr'><strong>anniversariis</strong></span> <span class='ocrx_word' id='word_1_369' title='bbox 3422 2135 3627 2189; x_wconf 84' lang='lat' dir='ltr'><strong>solem-</strong></span> 
     </span>
    </p>
   </div>
   <div class='ocr_carea' id='block_1_53' title="bbox 2008 2223 3628 2297">
    <p class='ocr_par' dir='ltr' id='par_1_53' title="bbox 2008 2223 3628 2297">
     <span class='ocr_line' id='line_1_53' title="bbox 2008 2223 3628 2297; baseline 0.004 -20"><span class='ocrx_word' id='word_1_370' title='bbox 2008 2223 2272 2279; x_wconf 90' lang='lat' dir='ltr'><strong>nitatibus</strong></span> <span class='ocrx_word' id='word_1_371' title='bbox 2286 2240 2449 2279; x_wconf 90' lang='lat' dir='ltr'><strong>mane</strong></span> <span class='ocrx_word' id='word_1_372' title='bbox 2476 2224 2720 2280; x_wconf 90' lang='lat' dir='ltr'><strong>diluculo</strong></span> <span class='ocrx_word' id='word_1_373' title='bbox 2755 2232 3121 2280; x_wconf 89' lang='lat' dir='ltr'><strong>consueverat</strong></span> <span class='ocrx_word' id='word_1_374' title='bbox 3149 2232 3392 2294; x_wconf 87' lang='lat' dir='ltr'><strong>cantare,</strong></span> <span class='ocrx_word' id='word_1_375' title='bbox 3426 2235 3628 2297; x_wconf 88' lang='lat' dir='ltr'><strong>poten-</strong></span> 
     </span>
    </p>
   </div>
   <div class='ocr_carea' id='block_1_54' title="bbox 2007 2312 3627 2386">
    <p class='ocr_par' dir='ltr' id='par_1_54' title="bbox 2007 2312 3627 2386">
     <span class='ocr_line' id='line_1_54' title="bbox 2007 2312 3627 2386; baseline 0.001 -17"><span class='ocrx_word' id='word_1_376' title='bbox 2007 2321 2091 2369; x_wconf 90' lang='lat' dir='ltr'><strong>ter</strong></span> <span class='ocrx_word' id='word_1_377' title='bbox 2119 2324 2174 2369; x_wconf 92' lang='lat' dir='ltr'><strong>et</strong></span> <span class='ocrx_word' id='word_1_378' title='bbox 2204 2322 2363 2369; x_wconf 89' lang='lat' dir='ltr'><strong>caute</strong></span> <span class='ocrx_word' id='word_1_379' title='bbox 2392 2313 2631 2384; x_wconf 83' lang='lat' dir='ltr'><strong>explevit</strong></span> <span class='ocrx_word' id='word_1_380' title='bbox 2656 2331 2670 2379; x_wconf 88' lang='lat'><strong>;</strong></span> <span class='ocrx_word' id='word_1_381' title='bbox 2702 2313 2902 2386; x_wconf 91' lang='lat' dir='ltr'><strong>illaque</strong></span> <span class='ocrx_word' id='word_1_382' title='bbox 2922 2312 3097 2381; x_wconf 85' lang='lat' dir='ltr'><strong>ﬁnita,</strong></span> <span class='ocrx_word' id='word_1_383' title='bbox 3133 2314 3317 2369; x_wconf 90' lang='lat' dir='ltr'><strong>statim</strong></span> <span class='ocrx_word' id='word_1_384' title='bbox 3350 2314 3627 2386; x_wconf 89' lang='lat' dir='ltr'><strong>publicam</strong></span> 
     </span>
    </p>
   </div>
   <div class='ocr_carea' id='block_1_55' title="bbox 2010 2404 3620 2479">
    <p class='ocr_par' dir='ltr' id='par_1_55' title="bbox 2010 2404 3620 2479">
     <span class='ocr_line' id='line_1_55' title="bbox 2010 2404 3620 2479; baseline 0.001 -20"><span class='ocrx_word' id='word_1_385' title='bbox 2010 2406 2231 2459; x_wconf 90' lang='lat' dir='ltr'><strong>missam</strong></span> <span class='ocrx_word' id='word_1_386' title='bbox 2289 2404 2432 2470; x_wconf 90' lang='lat' dir='ltr'><strong>iniit,</strong></span> <span class='ocrx_word' id='word_1_387' title='bbox 2475 2412 2529 2459; x_wconf 91' lang='lat' dir='ltr'><strong>et</strong></span> <span class='ocrx_word' id='word_1_388' title='bbox 2584 2405 2936 2461; x_wconf 89' lang='lat' dir='ltr'><strong>devotissime</strong></span> <span class='ocrx_word' id='word_1_389' title='bbox 2988 2406 3352 2474; x_wconf 89' lang='lat' dir='ltr'><strong>Deojuvante</strong></span> <span class='ocrx_word' id='word_1_390' title='bbox 3386 2408 3620 2479; x_wconf 79' lang='lat' dir='ltr'><strong>peregit.</strong></span> 
     </span>
    </p>
   </div>
   <div class='ocr_carea' id='block_1_56' title="bbox 2007 2496 3625 2567">
    <p class='ocr_par' dir='ltr' id='par_1_56' title="bbox 2007 2496 3625 2567">
     <span class='ocr_line' id='line_1_56' title="bbox 2007 2496 3625 2567; baseline 0.002 -18"><span class='ocrx_word' id='word_1_391' title='bbox 2007 2496 2207 2551; x_wconf 84' lang='lat' dir='ltr'><strong>Ambas</strong></span> <span class='ocrx_word' id='word_1_392' title='bbox 2236 2496 2431 2551; x_wconf 90' lang='lat' dir='ltr'><strong>missas</strong></span> <span class='ocrx_word' id='word_1_393' title='bbox 2458 2511 2605 2561; x_wconf 92' lang='lat' dir='ltr'><strong>cum,</strong></span> <span class='ocrx_word' id='word_1_394' title='bbox 2635 2497 2833 2551; x_wconf 90' lang='lat' dir='ltr'><strong>stando</strong></span> <span class='ocrx_word' id='word_1_395' title='bbox 2872 2497 2995 2551; x_wconf 87' lang='lat' dir='ltr'><strong>sine</strong></span> <span class='ocrx_word' id='word_1_396' title='bbox 3055 2496 3332 2567; x_wconf 90' lang='lat' dir='ltr'><strong>adjutorio</strong></span> <span class='ocrx_word' id='word_1_397' title='bbox 3365 2496 3625 2564; x_wconf 87' lang='lat' dir='ltr'><strong>aliorum,</strong></span> 
     </span>
    </p>
   </div>
   <div class='ocr_carea' id='block_1_57' title="bbox 2007 2584 3625 2658">
    <p class='ocr_par' dir='ltr' id='par_1_57' title="bbox 2007 2584 3625 2658">
     <span class='ocr_line' id='line_1_57' title="bbox 2007 2584 3625 2658; baseline 0.001 -17"><span class='ocrx_word' id='word_1_398' title='bbox 2007 2602 2129 2641; x_wconf 90' lang='lat' dir='ltr'><strong>cum</strong></span> <span class='ocrx_word' id='word_1_399' title='bbox 2162 2585 2645 2641; x_wconf 88' lang='lat' dir='ltr'><strong>benedictionibus</strong></span> <span class='ocrx_word' id='word_1_400' title='bbox 2688 2586 2952 2641; x_wconf 86' lang='lat' dir='ltr'><strong>decenter</strong></span> <span class='ocrx_word' id='word_1_401' title='bbox 2974 2586 3045 2640; x_wconf 90' lang='lat' dir='ltr'><strong>ad</strong></span> <span class='ocrx_word' id='word_1_402' title='bbox 3077 2584 3243 2641; x_wconf 87' lang='lat' dir='ltr'><strong>tinem</strong></span> <span class='ocrx_word' id='word_1_403' title='bbox 3268 2588 3625 2658; x_wconf 86' lang='lat' dir='ltr'><strong>perduceret,</strong></span> 
     </span>
    </p>
   </div>
   <div class='ocr_carea' id='block_1_58' title="bbox 2008 2677 3627 2744">
    <p class='ocr_par' dir='ltr' id='par_1_58' title="bbox 2008 2677 3627 2744">
     <span class='ocr_line' id='line_1_58' title="bbox 2008 2677 3627 2744; baseline 0.001 -10"><span class='ocrx_word' id='word_1_404' title='bbox 2008 2678 2363 2744; x_wconf 89' lang='lat' dir='ltr'><strong>consedebat,</strong></span> <span class='ocrx_word' id='word_1_405' title='bbox 2397 2686 2452 2733; x_wconf 92' lang='lat' dir='ltr'><strong>et</strong></span> <span class='ocrx_word' id='word_1_406' title='bbox 2481 2678 2788 2733; x_wconf 89' lang='lat' dir='ltr'><strong>astantibus</strong></span> <span class='ocrx_word' id='word_1_407' title='bbox 2816 2677 2923 2733; x_wconf 91' lang='lat' dir='ltr'><strong>sibi</strong></span> <span class='ocrx_word' id='word_1_408' title='bbox 2952 2678 3168 2733; x_wconf 91' lang='lat' dir='ltr'><strong>clericis</strong></span> <span class='ocrx_word' id='word_1_409' title='bbox 3186 2679 3438 2735; x_wconf 89' lang='lat' dir='ltr'><strong>dicebat:</strong></span> <span class='ocrx_word' id='word_1_410' title='bbox 3473 2680 3627 2735; x_wconf 66' lang='lat' dir='ltr'><strong>ollaac</strong></span> 
     </span>
    </p>
   </div>
   <div class='ocr_carea' id='block_1_59' title="bbox 2009 2772 3629 2847">
    <p class='ocr_par' dir='ltr' id='par_1_59' title="bbox 2009 2772 3629 2847">
     <span class='ocr_line' id='line_1_59' title="bbox 2009 2772 3629 2847; baseline 0.001 -21"><span class='ocrx_word' id='word_1_411' title='bbox 2009 2772 2273 2844; x_wconf 83' lang='lat' dir='ltr'><strong>mysteria</strong></span> <span class='ocrx_word' id='word_1_412' title='bbox 2305 2787 2428 2844; x_wconf 65' lang='lat' dir='ltr'><strong>quae</strong></span> <span class='ocrx_word' id='word_1_413' title='bbox 2455 2788 2605 2827; x_wconf 90' lang='lat' dir='ltr'><strong>nunc</strong></span> <span class='ocrx_word' id='word_1_414' title='bbox 2632 2772 2743 2827; x_wconf 89' lang='lat' dir='ltr'><strong>Deo</strong></span> <span class='ocrx_word' id='word_1_415' title='bbox 2771 2772 3012 2828; x_wconf 89' lang='lat' dir='ltr'><strong>donante</strong></span> <span class='ocrx_word' id='word_1_416' title='bbox 3040 2772 3253 2847; x_wconf 82' lang='lat' dir='ltr'><strong>peregi,</strong></span> <span class='ocrx_word' id='word_1_417' title='bbox 3278 2789 3346 2828; x_wconf 86' lang='lat' dir='ltr'><strong>ex</strong></span> <span class='ocrx_word' id='word_1_418' title='bbox 3386 2773 3629 2845; x_wconf 89' lang='lat' dir='ltr'><strong>possibi-</strong></span> 
     </span>
    </p>
   </div>
   <div class='ocr_carea' id='block_1_60' title="bbox 2008 2864 3623 2938">
    <p class='ocr_par' dir='ltr' id='par_1_60' title="bbox 2008 2864 3623 2938">
     <span class='ocr_line' id='line_1_60' title="bbox 2008 2864 3623 2938; baseline 0.004 -21"><span class='ocrx_word' id='word_1_419' title='bbox 2008 2865 2159 2919; x_wconf 89' lang='lat' dir='ltr'><strong>litate</strong></span> <span class='ocrx_word' id='word_1_420' title='bbox 2188 2864 2436 2935; x_wconf 89' lang='lat' dir='ltr'><strong>corporis</strong></span> <span class='ocrx_word' id='word_1_421' title='bbox 2462 2865 2571 2919; x_wconf 90' lang='lat' dir='ltr'><strong>mei</strong></span> <span class='ocrx_word' id='word_1_422' title='bbox 2600 2880 2711 2920; x_wconf 88' lang='lat' dir='ltr'><strong>non</strong></span> <span class='ocrx_word' id='word_1_423' title='bbox 2740 2866 3037 2936; x_wconf 90' lang='lat' dir='ltr'><strong>assumpsi,</strong></span> <span class='ocrx_word' id='word_1_424' title='bbox 3070 2866 3169 2920; x_wconf 87' lang='lat' dir='ltr'><strong>sed</strong></span> <span class='ocrx_word' id='word_1_425' title='bbox 3209 2883 3274 2921; x_wconf 88' lang='lat' dir='ltr'><strong>ex</strong></span> <span class='ocrx_word' id='word_1_426' title='bbox 3304 2875 3583 2938; x_wconf 70' lang='lat' dir='ltr'><strong>praecepto</strong></span> <span class='ocrx_word' id='word_1_427' title='bbox 3609 2885 3623 2922; x_wconf 92' lang='lat'>:</span> 
     </span>
    </p>
   </div>
   <div class='ocr_carea' id='block_1_61' title="bbox 2010 2956 3626 3029">
    <p class='ocr_par' dir='ltr' id='par_1_61' title="bbox 2010 2956 3626 3029">
     <span class='ocr_line' id='line_1_61' title="bbox 2010 2956 3626 3029; baseline 0.002 -20"><span class='ocrx_word' id='word_1_428' title='bbox 2010 2956 2174 3011; x_wconf 91' lang='lat' dir='ltr'><strong>hodie</strong></span> <span class='ocrx_word' id='word_1_429' title='bbox 2206 2956 2353 3011; x_wconf 91' lang='lat' dir='ltr'><strong>enim</strong></span> <span class='ocrx_word' id='word_1_430' title='bbox 2385 2972 2507 3011; x_wconf 92' lang='lat' dir='ltr'><strong>cum</strong></span> <span class='ocrx_word' id='word_1_431' title='bbox 2543 2957 2597 3011; x_wconf 93' lang='lat' dir='ltr'><strong>in</strong></span> <span class='ocrx_word' id='word_1_432' title='bbox 2629 2958 2771 3012; x_wconf 87' lang='lat' dir='ltr'><strong>lecto</strong></span> <span class='ocrx_word' id='word_1_433' title='bbox 2812 2957 2968 3028; x_wconf 91' lang='lat' dir='ltr'><strong>quasi</strong></span> <span class='ocrx_word' id='word_1_434' title='bbox 3008 2957 3226 3029; x_wconf 85' lang='lat' dir='ltr'><strong>scpitus</strong></span> <span class='ocrx_word' id='word_1_435' title='bbox 3250 2973 3449 3013; x_wconf 90' lang='lat' dir='ltr'><strong>somno</strong></span> <span class='ocrx_word' id='word_1_436' title='bbox 3470 2958 3626 3026; x_wconf 91' lang='lat' dir='ltr'><strong>jace-</strong></span> 
     </span>
    </p>
   </div>
   <div class='ocr_carea' id='block_1_62' title="bbox 283 3044 1904 3154">
    <p class='ocr_par' dir='ltr' id='par_1_62' title="bbox 283 3047 1904 3118">
     <span class='ocr_line' id='line_1_62' title="bbox 283 3047 1904 3118; baseline 0.003 -16"><span class='ocrx_word' id='word_1_437' title='bbox 283 3055 434 3118; x_wconf 91' lang='lat' dir='ltr'><strong>ptem</strong></span> <span class='ocrx_word' id='word_1_438' title='bbox 456 3047 541 3102; x_wconf 91' lang='lat' dir='ltr'><strong>vel</strong></span> <span class='ocrx_word' id='word_1_439' title='bbox 568 3054 693 3103; x_wconf 92' lang='lat' dir='ltr'><strong>octo</strong></span> <span class='ocrx_word' id='word_1_440' title='bbox 734 3048 1023 3115; x_wconf 89' lang='lat' dir='ltr'><strong>mensalia,</strong></span> <span class='ocrx_word' id='word_1_441' title='bbox 1086 3055 1139 3103; x_wconf 93' lang='lat' dir='ltr'><strong>et</strong></span> <span class='ocrx_word' id='word_1_442' title='bbox 1191 3049 1300 3104; x_wconf 93' lang='lat' dir='ltr'><strong>duo</strong></span> <span class='ocrx_word' id='word_1_443' title='bbox 1330 3050 1569 3117; x_wconf 89' lang='lat' dir='ltr'><strong>sarcilia,</strong></span> <span class='ocrx_word' id='word_1_444' title='bbox 1603 3057 1657 3106; x_wconf 90' lang='lat' dir='ltr'><strong>et</strong></span> <span class='ocrx_word' id='word_1_445' title='bbox 1683 3068 1715 3105; x_wconf 87' lang='lat' dir='ltr'><strong>x</strong></span> <span class='ocrx_word' id='word_1_446' title='bbox 1743 3053 1904 3107; x_wconf 89' lang='lat' dir='ltr'><strong>solidi</strong></span> 
     </span>
    </p>
   </div>
   <div class='ocr_carea' id='block_1_63' title="bbox 2010 3044 3622 3154">
    <p class='ocr_par' dir='ltr' id='par_1_63' title="bbox 2010 3044 3622 3154">
     <span class='ocr_line' id='line_1_63' title="bbox 2010 3044 3622 3114; baseline 0.001 -17"><span class='ocrx_word' id='word_1_447' title='bbox 2010 3059 2145 3110; x_wconf 91' lang='lat' dir='ltr'><strong>rem,</strong></span> <span class='ocrx_word' id='word_1_448' title='bbox 2179 3049 2451 3099; x_wconf 89' lang='lat' dir='ltr'><strong>steterunt</strong></span> <span class='ocrx_word' id='word_1_449' title='bbox 2477 3059 2659 3099; x_wconf 89' lang='lat' dir='ltr'><strong>coram</strong></span> <span class='ocrx_word' id='word_1_450' title='bbox 2713 3044 2915 3099; x_wconf 82' lang='lat' dir='ltr'><strong>lectulo</strong></span> <span class='ocrx_word' id='word_1_451' title='bbox 2945 3061 3070 3101; x_wconf 91' lang='lat' dir='ltr'><strong>meo</strong></span> <span class='ocrx_word' id='word_1_452' title='bbox 3112 3045 3223 3100; x_wconf 93' lang='lat' dir='ltr'><strong>duo</strong></span> <span class='ocrx_word' id='word_1_453' title='bbox 3253 3044 3355 3100; x_wconf 90' lang='lat' dir='ltr'><strong>viri</strong></span> <span class='ocrx_word' id='word_1_454' title='bbox 3381 3045 3622 3114; x_wconf 89' lang='lat' dir='ltr'><strong>juvenes</strong></span> 
     </span>
     <span class='ocr_line' id='line_1_64' title="bbox 2010 3131 3622 3154; baseline 0 0"><span class='ocrx_word' id='word_1_455' title='bbox 2010 3131 2388 3154; x_wconf 48' lang='lat' dir='ltr'><strong>c-....--:--:‘.:</strong></span> <span class='ocrx_word' id='word_1_456' title='bbox 2425 3141 2644 3154; x_wconf 68' lang='lat' dir='ltr'><strong>--___n--</strong></span> <span class='ocrx_word' id='word_1_457' title='bbox 2733 3148 2752 3154; x_wconf 72' lang='lat'><strong>-</strong></span> <span class='ocrx_word' id='word_1_458' title='bbox 2796 3133 2986 3154; x_wconf 48' lang='lat' dir='ltr'><strong>_-_!L-__</strong></span> <span class='ocrx_word' id='word_1_459' title='bbox 3021 3134 3151 3154; x_wconf 34' lang='grc' dir='ltr'><strong>ὤκει-2</strong></span> <span class='ocrx_word' id='word_1_460' title='bbox 3183 3150 3320 3154; x_wconf 41' lang='grc' dir='ltr'><strong>μμ---</strong></span> <span class='ocrx_word' id='word_1_461' title='bbox 3372 3134 3576 3154; x_wconf 70' lang='lat' dir='ltr'>_I!__L_.</span> <span class='ocrx_word' id='word_1_462' title='bbox 3615 3153 3622 3154; x_wconf 32' lang='grc' dir='ltr'><em>κ</em></span> 
     </span>
    </p>
   </div>
   <div class='ocr_carea' id='block_1_64' title="bbox 281 3139 1895 3214">
    <p class='ocr_par' dir='ltr' id='par_1_64' title="bbox 281 3139 1895 3214">
     <span class='ocr_line' id='line_1_65' title="bbox 281 3139 1895 3214; baseline 0.004 -21"><span class='ocrx_word' id='word_1_463' title='bbox 281 3139 519 3214; x_wconf 76' lang='lat' dir='ltr'><strong>argenti,</strong></span> <span class='ocrx_word' id='word_1_464' title='bbox 553 3154 693 3210; x_wconf 89' lang='lat' dir='ltr'><strong>quos</strong></span> <span class='ocrx_word' id='word_1_465' title='bbox 726 3139 783 3193; x_wconf 91' lang='lat' dir='ltr'><strong>in</strong></span> <span class='ocrx_word' id='word_1_466' title='bbox 839 3156 1059 3194; x_wconf 90' lang='lat' dir='ltr'><strong>manum</strong></span> <span class='ocrx_word' id='word_1_467' title='bbox 1115 3140 1377 3196; x_wconf 90' lang='lat' dir='ltr'><strong>Gerhardi</strong></span> <span class='ocrx_word' id='word_1_468' title='bbox 1425 3144 1706 3213; x_wconf 61' lang='lat' dir='ltr'><strong>praipositi</strong></span> <span class='ocrx_word' id='word_1_469' title='bbox 1737 3161 1895 3200; x_wconf 87' lang='lat' dir='ltr'><strong>com-</strong></span> 
     </span>
    </p>
   </div>
   <div class='ocr_carea' id='block_1_65' title="bbox 280 3228 1898 3304">
    <p class='ocr_par' dir='ltr' id='par_1_65' title="bbox 280 3228 1898 3304">
     <span class='ocr_line' id='line_1_66' title="bbox 280 3228 1898 3304; baseline 0.005 -22"><span class='ocrx_word' id='word_1_470' title='bbox 280 3228 561 3283; x_wconf 89' lang='lat' dir='ltr'><strong>mendavit</strong></span> <span class='ocrx_word' id='word_1_471' title='bbox 588 3228 770 3283; x_wconf 89' lang='lat' dir='ltr'><strong>statim</strong></span> <span class='ocrx_word' id='word_1_472' title='bbox 803 3230 870 3283; x_wconf 90' lang='lat' dir='ltr'><strong>ad</strong></span> <span class='ocrx_word' id='word_1_473' title='bbox 927 3231 1267 3304; x_wconf 89' lang='lat' dir='ltr'><strong>erogandum</strong></span> <span class='ocrx_word' id='word_1_474' title='bbox 1301 3232 1657 3303; x_wconf 88' lang='lat' dir='ltr'><strong>pauperibus.</strong></span> <span class='ocrx_word' id='word_1_475' title='bbox 1694 3233 1898 3290; x_wconf 65' lang='lat' dir='ltr'><strong>Caetera</strong></span> 
     </span>
    </p>
   </div>
   <div class='ocr_carea' id='block_1_66' title="bbox 276 3319 1895 3393">
    <p class='ocr_par' dir='ltr' id='par_1_66' title="bbox 276 3319 1895 3393">
     <span class='ocr_line' id='line_1_67' title="bbox 276 3319 1895 3393; baseline 0.006 -24"><span class='ocrx_word' id='word_1_476' title='bbox 276 3335 409 3374; x_wconf 80' lang='lat' dir='ltr'><strong>vero</strong></span> <span class='ocrx_word' id='word_1_477' title='bbox 442 3319 628 3374; x_wconf 87' lang='lat' dir='ltr'><strong>omnia</strong></span> <span class='ocrx_word' id='word_1_478' title='bbox 658 3319 932 3390; x_wconf 91' lang='lat' dir='ltr'><strong>disposuit</strong></span> <span class='ocrx_word' id='word_1_479' title='bbox 961 3320 1132 3375; x_wconf 88' lang='lat' dir='ltr'><strong>dividi</strong></span> <span class='ocrx_word' id='word_1_480' title='bbox 1182 3323 1326 3376; x_wconf 87' lang='lat' dir='ltr'><strong>inter</strong></span> <span class='ocrx_word' id='word_1_481' title='bbox 1380 3322 1615 3377; x_wconf 90' lang='lat' dir='ltr'><strong>clericos</strong></span> <span class='ocrx_word' id='word_1_482' title='bbox 1646 3325 1895 3393; x_wconf 87' lang='lat' dir='ltr'><strong>ejusdem</strong></span> 
     </span>
    </p>
   </div>
   <div class='ocr_carea' id='block_1_67' title="bbox 278 3412 1906 3485">
    <p class='ocr_par' dir='ltr' id='par_1_67' title="bbox 278 3412 1906 3485">
     <span class='ocr_line' id='line_1_68' title="bbox 278 3412 1906 3485; baseline 0.004 -20"><span class='ocrx_word' id='word_1_483' title='bbox 278 3412 408 3467; x_wconf 91' lang='lat' dir='ltr'><strong>loci.</strong></span> <span class='ocrx_word' id='word_1_484' title='bbox 439 3412 515 3465; x_wconf 91' lang='lat' dir='ltr'><strong>De</strong></span> <span class='ocrx_word' id='word_1_485' title='bbox 541 3412 888 3467; x_wconf 88' lang='lat' dir='ltr'><strong>vestimentis</strong></span> <span class='ocrx_word' id='word_1_486' title='bbox 942 3413 1057 3468; x_wconf 89' lang='lat' dir='ltr'><strong>suis</strong></span> <span class='ocrx_word' id='word_1_487' title='bbox 1114 3413 1260 3467; x_wconf 89' lang='lat' dir='ltr'><strong>misit</strong></span> <span class='ocrx_word' id='word_1_488' title='bbox 1308 3415 1546 3470; x_wconf 82' lang='lat' dir='ltr'><strong>Antonio</strong></span> <span class='ocrx_word' id='word_1_489' title='bbox 1599 3417 1703 3485; x_wconf 84' lang='lat'><strong>(63)</strong></span> <span class='ocrx_word' id='word_1_490' title='bbox 1734 3433 1906 3472; x_wconf 90' lang='lat' dir='ltr'><strong>vene-</strong></span> 
     </span>
    </p>
   </div>
   <div class='ocr_carea' id='block_1_68' title="bbox 271 3501 1900 3573">
    <p class='ocr_par' dir='ltr' id='par_1_68' title="bbox 271 3501 1900 3573">
     <span class='ocr_line' id='line_1_69' title="bbox 271 3501 1900 3573; baseline 0.004 -19"><span class='ocrx_word' id='word_1_491' title='bbox 271 3501 446 3555; x_wconf 86' lang='lat' dir='ltr'><strong>rando</strong></span> <span class='ocrx_word' id='word_1_492' title='bbox 476 3501 615 3566; x_wconf 92' lang='lat' dir='ltr'><strong>viro,</strong></span> <span class='ocrx_word' id='word_1_493' title='bbox 647 3516 810 3573; x_wconf 90' lang='lat' dir='ltr'><strong>quem</strong></span> <span class='ocrx_word' id='word_1_494' title='bbox 876 3501 969 3556; x_wconf 89' lang='lat' dir='ltr'><strong>ille</strong></span> <span class='ocrx_word' id='word_1_495' title='bbox 1024 3510 1187 3557; x_wconf 88' lang='lat' dir='ltr'><strong>antea</strong></span> <span class='ocrx_word' id='word_1_496' title='bbox 1229 3503 1296 3557; x_wconf 93' lang='lat' dir='ltr'><strong>ad</strong></span> <span class='ocrx_word' id='word_1_497' title='bbox 1339 3503 1677 3559; x_wconf 90' lang='lat' dir='ltr'><strong>Utenburam</strong></span> <span class='ocrx_word' id='word_1_498' title='bbox 1720 3505 1775 3560; x_wconf 89' lang='lat' dir='ltr'><strong>in</strong></span> <span class='ocrx_word' id='word_1_499' title='bbox 1802 3506 1900 3561; x_wconf 87' lang='lat' dir='ltr'><strong>Dei</strong></span> 
     </span>
    </p>
   </div>
   <div class='ocr_carea' id='block_1_69' title="bbox 273 3588 1897 3659">
    <p class='ocr_par' dir='ltr' id='par_1_69' title="bbox 273 3588 1897 3659">
     <span class='ocr_line' id='line_1_70' title="bbox 273 3588 1897 3659; baseline 0.004 -16"><span class='ocrx_word' id='word_1_500' title='bbox 273 3589 503 3643; x_wconf 90' lang='lat' dir='ltr'><strong>nomine</strong></span> <span class='ocrx_word' id='word_1_501' title='bbox 533 3588 776 3643; x_wconf 90' lang='lat' dir='ltr'><strong>inclusit.</strong></span> <span class='ocrx_word' id='word_1_502' title='bbox 811 3588 1038 3644; x_wconf 92' lang='lat' dir='ltr'><strong>Cuidam</strong></span> <span class='ocrx_word' id='word_1_503' title='bbox 1085 3592 1246 3645; x_wconf 91' lang='lat' dir='ltr'><strong>etiam</strong></span> <span class='ocrx_word' id='word_1_504' title='bbox 1281 3591 1546 3659; x_wconf 81' lang='lat' dir='ltr'><strong>Ruozoni,</strong></span> <span class='ocrx_word' id='word_1_505' title='bbox 1589 3593 1897 3650; x_wconf 89' lang='lat' dir='ltr'><strong>mobilitate</strong></span> 
     </span>
    </p>
   </div>
   <div class='ocr_carea' id='block_1_70' title="bbox 274 3677 1897 3749">
    <p class='ocr_par' dir='ltr' id='par_1_70' title="bbox 274 3677 1897 3749">
     <span class='ocr_line' id='line_1_71' title="bbox 274 3677 1897 3749; baseline 0.004 -17"><span class='ocrx_word' id='word_1_506' title='bbox 274 3677 652 3733; x_wconf 89' lang='lat' dir='ltr'><strong>membrorum</strong></span> <span class='ocrx_word' id='word_1_507' title='bbox 686 3678 916 3744; x_wconf 89' lang='lat' dir='ltr'><strong>carenti,</strong></span> <span class='ocrx_word' id='word_1_508' title='bbox 986 3679 1091 3734; x_wconf 87' lang='lat' dir='ltr'><strong>nisi</strong></span> <span class='ocrx_word' id='word_1_509' title='bbox 1144 3680 1213 3733; x_wconf 91' lang='lat' dir='ltr'><strong>de</strong></span> <span class='ocrx_word' id='word_1_510' title='bbox 1255 3680 1494 3735; x_wconf 90' lang='lat' dir='ltr'><strong>brachiis</strong></span> <span class='ocrx_word' id='word_1_511' title='bbox 1526 3698 1765 3749; x_wconf 89' lang='lat' dir='ltr'><strong>sursum,</strong></span> <span class='ocrx_word' id='word_1_512' title='bbox 1810 3684 1897 3738; x_wconf 91' lang='lat' dir='ltr'><strong>cui</strong></span> 
     </span>
    </p>
   </div>
   <div class='ocr_carea' id='block_1_71' title="bbox 277 3769 1897 3842">
    <p class='ocr_par' dir='ltr' id='par_1_71' title="bbox 277 3769 1897 3842">
     <span class='ocr_line' id='line_1_72' title="bbox 277 3769 1897 3842; baseline 0.004 -19"><span class='ocrx_word' id='word_1_513' title='bbox 277 3769 622 3825; x_wconf 90' lang='lat' dir='ltr'><strong>domicilium</strong></span> <span class='ocrx_word' id='word_1_514' title='bbox 646 3770 701 3823; x_wconf 93' lang='lat' dir='ltr'><strong>in</strong></span> <span class='ocrx_word' id='word_1_515' title='bbox 729 3771 1049 3826; x_wconf 72' lang='lat' dir='ltr'><strong>cmmetcrio</strong></span> <span class='ocrx_word' id='word_1_516' title='bbox 1080 3770 1537 3842; x_wconf 87' lang='lat' dir='ltr'><strong>Campidonensis</strong></span> <span class='ocrx_word' id='word_1_517' title='bbox 1574 3776 1897 3830; x_wconf 90' lang='lat' dir='ltr'><strong>monasterii</strong></span> 
     </span>
    </p>
   </div>
   <div class='ocr_carea' id='block_1_72' title="bbox 278 3858 1899 3931">
    <p class='ocr_par' dir='ltr' id='par_1_72' title="bbox 278 3858 1899 3931">
     <span class='ocr_line' id='line_1_73' title="bbox 278 3858 1899 3931; baseline 0.003 -18"><span class='ocrx_word' id='word_1_518' title='bbox 278 3875 435 3914; x_wconf 88' lang='lat' dir='ltr'><strong>more</strong></span> <span class='ocrx_word' id='word_1_519' title='bbox 464 3858 651 3913; x_wconf 88' lang='lat' dir='ltr'><strong>lectuli</strong></span> <span class='ocrx_word' id='word_1_520' title='bbox 682 3875 713 3913; x_wconf 90' lang='lat' dir='ltr'><strong>a</strong></span> <span class='ocrx_word' id='word_1_521' title='bbox 742 3865 883 3913; x_wconf 88' lang='lat' dir='ltr'><strong>terra</strong></span> <span class='ocrx_word' id='word_1_522' title='bbox 913 3859 1259 3915; x_wconf 88' lang='lat' dir='ltr'><strong>sublevatum</strong></span> <span class='ocrx_word' id='word_1_523' title='bbox 1305 3861 1632 3917; x_wconf 69' lang='lat' dir='ltr'><strong>aedificatum</strong></span> <span class='ocrx_word' id='word_1_524' title='bbox 1666 3872 1804 3931; x_wconf 87' lang='lat' dir='ltr'><strong>erat,</strong></span> <span class='ocrx_word' id='word_1_525' title='bbox 1838 3872 1899 3919; x_wconf 92' lang='lat' dir='ltr'><strong>ut</strong></span> 
     </span>
    </p>
   </div>
   <div class='ocr_carea' id='block_1_73' title="bbox 279 3952 1899 4025">
    <p class='ocr_par' dir='ltr' id='par_1_73' title="bbox 279 3952 1899 4025">
     <span class='ocr_line' id='line_1_74' title="bbox 279 3952 1899 4025; baseline 0.005 -18"><span class='ocrx_word' id='word_1_526' title='bbox 279 3968 347 4007; x_wconf 88' lang='lat' dir='ltr'><strong>ea</strong></span> <span class='ocrx_word' id='word_1_527' title='bbox 374 3967 497 4023; x_wconf 71' lang='lat' dir='ltr'><strong>quae</strong></span> <span class='ocrx_word' id='word_1_528' title='bbox 538 3952 607 4006; x_wconf 89' lang='lat' dir='ltr'><strong>ab</strong></span> <span class='ocrx_word' id='word_1_529' title='bbox 636 3967 702 4007; x_wconf 89' lang='lat' dir='ltr'><strong>eo</strong></span> <span class='ocrx_word' id='word_1_530' title='bbox 733 3953 945 4025; x_wconf 86' lang='lat' dir='ltr'><strong>digesta</strong></span> <span class='ocrx_word' id='word_1_531' title='bbox 986 3953 1202 4008; x_wconf 86' lang='lat' dir='ltr'><strong>fuerant</strong></span> <span class='ocrx_word' id='word_1_532' title='bbox 1232 3962 1375 4009; x_wconf 88' lang='lat' dir='ltr'><strong>terra</strong></span> <span class='ocrx_word' id='word_1_533' title='bbox 1418 3962 1578 4011; x_wconf 90' lang='lat' dir='ltr'><strong>tenus</strong></span> <span class='ocrx_word' id='word_1_534' title='bbox 1596 3959 1846 4015; x_wconf 89' lang='lat' dir='ltr'><strong>cadendo</strong></span> <span class='ocrx_word' id='word_1_535' title='bbox 1867 3976 1899 4014; x_wconf 91' lang='lat' dir='ltr'><strong>a</strong></span> 
     </span>
    </p>
   </div>
   <div class='ocr_carea' id='block_1_74' title="bbox 278 4043 1900 4123">
    <p class='ocr_par' dir='ltr' id='par_1_74' title="bbox 278 4043 1900 4123">
     <span class='ocr_line' id='line_1_75' title="bbox 278 4043 1900 4123; baseline 0.006 -26"><span class='ocrx_word' id='word_1_536' title='bbox 278 4043 564 4097; x_wconf 86' lang='lat' dir='ltr'><strong>domicilio</strong></span> <span class='ocrx_word' id='word_1_537' title='bbox 585 4050 994 4114; x_wconf 89' lang='lat' dir='ltr'><strong>separarentur,</strong></span> <span class='ocrx_word' id='word_1_538' title='bbox 1034 4045 1359 4100; x_wconf 89' lang='lat' dir='ltr'><strong>vestimenta</strong></span> <span class='ocrx_word' id='word_1_539' title='bbox 1400 4049 1743 4116; x_wconf 89' lang='lat' dir='ltr'><strong>transmisit;</strong></span> <span class='ocrx_word' id='word_1_540' title='bbox 1769 4053 1900 4123; x_wconf 88' lang='lat' dir='ltr'><strong>quia</strong></span> 
     </span>
    </p>
   </div>
   <div class='ocr_carea' id='block_1_75' title="bbox 278 4133 1901 4206">
    <p class='ocr_par' dir='ltr' id='par_1_75' title="bbox 278 4133 1901 4206">
     <span class='ocr_line' id='line_1_76' title="bbox 278 4133 1901 4206; baseline 0.005 -17"><span class='ocrx_word' id='word_1_541' title='bbox 278 4144 464 4201; x_wconf 89' lang='lat' dir='ltr'><strong>antea,</strong></span> <span class='ocrx_word' id='word_1_542' title='bbox 496 4150 619 4189; x_wconf 93' lang='lat' dir='ltr'><strong>cum</strong></span> <span class='ocrx_word' id='word_1_543' title='bbox 654 4133 952 4206; x_wconf 89' lang='lat' dir='ltr'><strong>episcopus</strong></span> <span class='ocrx_word' id='word_1_544' title='bbox 982 4135 1039 4189; x_wconf 91' lang='lat' dir='ltr'><strong>in</strong></span> <span class='ocrx_word' id='word_1_545' title='bbox 1064 4135 1260 4190; x_wconf 87' lang='lat' dir='ltr'><strong>eodem</strong></span> <span class='ocrx_word' id='word_1_546' title='bbox 1289 4140 1626 4195; x_wconf 89' lang='lat' dir='ltr'><strong>monasterio</strong></span> <span class='ocrx_word' id='word_1_547' title='bbox 1654 4157 1901 4198; x_wconf 91' lang='lat' dir='ltr'><strong>morare-</strong></span> 
     </span>
    </p>
   </div>
   <div class='ocr_carea' id='block_1_76' title="bbox 278 4227 1894 4304">
    <p class='ocr_par' dir='ltr' id='par_1_76' title="bbox 278 4227 1894 4304">
     <span class='ocr_line' id='line_1_77' title="bbox 278 4227 1894 4304; baseline 0.006 -24"><span class='ocrx_word' id='word_1_548' title='bbox 278 4235 387 4292; x_wconf 90' lang='lat' dir='ltr'><strong>tur,</strong></span> <span class='ocrx_word' id='word_1_549' title='bbox 410 4227 733 4297; x_wconf 75' lang='lat' dir='ltr'><strong>praedictum</strong></span> <span class='ocrx_word' id='word_1_550' title='bbox 757 4242 1055 4299; x_wconf 88' lang='lat' dir='ltr'><strong>pauperem</strong></span> <span class='ocrx_word' id='word_1_551' title='bbox 1070 4243 1168 4298; x_wconf 89' lang='lat' dir='ltr'><strong>per</strong></span> <span class='ocrx_word' id='word_1_552' title='bbox 1188 4244 1248 4283; x_wconf 92' lang='lat' dir='ltr'><strong>se</strong></span> <span class='ocrx_word' id='word_1_553' title='bbox 1272 4229 1450 4301; x_wconf 90' lang='lat' dir='ltr'><strong>ipsum</strong></span> <span class='ocrx_word' id='word_1_554' title='bbox 1465 4248 1615 4303; x_wconf 73' lang='lat' dir='ltr'><strong>saepe</strong></span> <span class='ocrx_word' id='word_1_555' title='bbox 1634 4235 1894 4304; x_wconf 88' lang='lat' dir='ltr'><strong>visitavit,</strong></span> 
     </span>
    </p>
   </div>
   <div class='ocr_carea' id='block_1_77' title="bbox 278 4321 1897 4399">
    <p class='ocr_par' dir='ltr' id='par_1_77' title="bbox 278 4321 1897 4399">
     <span class='ocr_line' id='line_1_78' title="bbox 278 4321 1897 4399; baseline 0.004 -23"><span class='ocrx_word' id='word_1_556' title='bbox 278 4329 333 4376; x_wconf 90' lang='lat' dir='ltr'><strong>et</strong></span> <span class='ocrx_word' id='word_1_557' title='bbox 360 4321 482 4389; x_wconf 91' lang='lat' dir='ltr'><strong>ejus</strong></span> <span class='ocrx_word' id='word_1_558' title='bbox 513 4322 809 4377; x_wconf 91' lang='lat' dir='ltr'><strong>locutionis</strong></span> <span class='ocrx_word' id='word_1_559' title='bbox 849 4322 1199 4378; x_wconf 90' lang='lat' dir='ltr'><strong>dulcedinem</strong></span> <span class='ocrx_word' id='word_1_560' title='bbox 1232 4322 1473 4379; x_wconf 89' lang='lat' dir='ltr'><strong>libenter</strong></span> <span class='ocrx_word' id='word_1_561' title='bbox 1502 4327 1733 4396; x_wconf 87' lang='lat' dir='ltr'><strong>audivit,</strong></span> <span class='ocrx_word' id='word_1_562' title='bbox 1767 4329 1897 4399; x_wconf 88' lang='lat' dir='ltr'><strong>quia</strong></span> 
     </span>
    </p>
   </div>
   <div class='ocr_carea' id='block_1_78' title="bbox 277 4416 1898 4494">
    <p class='ocr_par' dir='ltr' id='par_1_78' title="bbox 277 4416 1898 4494">
     <span class='ocr_line' id='line_1_79' title="bbox 277 4416 1898 4494; baseline 0.005 -24"><span class='ocrx_word' id='word_1_563' title='bbox 277 4416 425 4470; x_wconf 90' lang='lat' dir='ltr'><strong>idem</strong></span> <span class='ocrx_word' id='word_1_564' title='bbox 452 4417 569 4486; x_wconf 86' lang='lat' dir='ltr'><strong>ipse</strong></span> <span class='ocrx_word' id='word_1_565' title='bbox 604 4418 896 4487; x_wconf 65' lang='lat' dir='ltr'><strong>praedictus</strong></span> <span class='ocrx_word' id='word_1_566' title='bbox 917 4434 1127 4489; x_wconf 89' lang='lat' dir='ltr'><strong>pauper</strong></span> <span class='ocrx_word' id='word_1_567' title='bbox 1179 4419 1371 4475; x_wconf 87' lang='lat' dir='ltr'><strong>clauso</strong></span> <span class='ocrx_word' id='word_1_568' title='bbox 1420 4421 1618 4477; x_wconf 90' lang='lat' dir='ltr'><strong>ostiolo</strong></span> <span class='ocrx_word' id='word_1_569' title='bbox 1675 4439 1898 4494; x_wconf 90' lang='lat' dir='ltr'><strong>semper</strong></span> 
     </span>
    </p>
   </div>
   <div class='ocr_carea' id='block_1_79' title="bbox 275 4511 1895 4573">
    <p class='ocr_par' dir='ltr' id='par_1_79' title="bbox 275 4511 1895 4573">
     <span class='ocr_line' id='line_1_80' title="bbox 275 4511 1895 4573; baseline 0.006 -9"><span class='ocrx_word' id='word_1_570' title='bbox 275 4511 331 4565; x_wconf 90' lang='lat' dir='ltr'><strong>in</strong></span> <span class='ocrx_word' id='word_1_571' title='bbox 362 4512 457 4565; x_wconf 91' lang='lat' dir='ltr'><strong>Dei</strong></span> <span class='ocrx_word' id='word_1_572' title='bbox 485 4511 745 4566; x_wconf 90' lang='lat' dir='ltr'><strong>laudibus</strong></span> <span class='ocrx_word' id='word_1_573' title='bbox 766 4520 820 4567; x_wconf 90' lang='lat' dir='ltr'><strong>et</strong></span> <span class='ocrx_word' id='word_1_574' title='bbox 848 4513 1193 4568; x_wconf 89' lang='lat' dir='ltr'><strong>orationibus</strong></span> <span class='ocrx_word' id='word_1_575' title='bbox 1239 4515 1328 4569; x_wconf 87' lang='lat' dir='ltr'><strong>die</strong></span> <span class='ocrx_word' id='word_1_576' title='bbox 1349 4532 1410 4571; x_wconf 91' lang='lat' dir='ltr'><strong>ac</strong></span> <span class='ocrx_word' id='word_1_577' title='bbox 1442 4523 1601 4572; x_wconf 91' lang='lat' dir='ltr'><strong>nocte</strong></span> <span class='ocrx_word' id='word_1_578' title='bbox 1642 4518 1895 4573; x_wconf 88' lang='lat' dir='ltr'><strong>moraba-</strong></span> 
     </span>
    </p>
   </div>
   <div class='ocr_carea' id='block_1_80' title="bbox 278 4603 1895 4682">
    <p class='ocr_par' dir='ltr' id='par_1_80' title="bbox 278 4603 1895 4682">
     <span class='ocr_line' id='line_1_81' title="bbox 278 4603 1895 4682; baseline 0.005 -25"><span class='ocrx_word' id='word_1_579' title='bbox 278 4611 383 4660; x_wconf 91' lang='lat' dir='ltr'><strong>tur.</strong></span> <span class='ocrx_word' id='word_1_580' title='bbox 413 4603 454 4657; x_wconf 99' lang='lat'><strong>0</strong></span> <span class='ocrx_word' id='word_1_581' title='bbox 477 4620 599 4675; x_wconf 77' lang='lat' dir='ltr'><strong>quae</strong></span> <span class='ocrx_word' id='word_1_582' title='bbox 627 4604 818 4679; x_wconf 80' lang='lat' dir='ltr'><strong>lingua</strong></span> <span class='ocrx_word' id='word_1_583' title='bbox 846 4606 1023 4660; x_wconf 89' lang='lat' dir='ltr'><strong>virum</strong></span> <span class='ocrx_word' id='word_1_584' title='bbox 1066 4613 1227 4661; x_wconf 66' lang='lat' dir='ltr'><strong>tanta:</strong></span> <span class='ocrx_word' id='word_1_585' title='bbox 1255 4608 1611 4682; x_wconf 82' lang='lat' dir='ltr'><strong>benignitatis</strong></span> <span class='ocrx_word' id='word_1_586' title='bbox 1638 4625 1895 4665; x_wconf 88' lang='lat' dir='ltr'><strong>enarrare</strong></span> 
     </span>
    </p>
   </div>
   <div class='ocr_carea' id='block_1_81' title="bbox 279 4693 1897 4770">
    <p class='ocr_par' dir='ltr' id='par_1_81' title="bbox 279 4693 1897 4770">
     <span class='ocr_line' id='line_1_82' title="bbox 279 4693 1897 4770; baseline 0.005 -23"><span class='ocrx_word' id='word_1_587' title='bbox 279 4701 483 4763; x_wconf 87' lang='lat' dir='ltr'><strong>potest,</strong></span> <span class='ocrx_word' id='word_1_588' title='bbox 533 4693 649 4765; x_wconf 81' lang='lat' dir='ltr'><strong>qui.</strong></span> <span class='ocrx_word' id='word_1_589' title='bbox 706 4694 762 4748; x_wconf 93' lang='lat' dir='ltr'><strong>in</strong></span> <span class='ocrx_word' id='word_1_590' title='bbox 816 4695 1026 4749; x_wconf 77' lang='lat' dir='ltr'><strong>ultimis</strong></span> <span class='ocrx_word' id='word_1_591' title='bbox 1077 4698 1308 4767; x_wconf 88' lang='lat' dir='ltr'><strong>positus,</strong></span> <span class='ocrx_word' id='word_1_592' title='bbox 1343 4705 1492 4753; x_wconf 93' lang='lat' dir='ltr'><strong>tanto</strong></span> <span class='ocrx_word' id='word_1_593' title='bbox 1523 4699 1701 4770; x_wconf 90' lang='lat' dir='ltr'><strong>spatio</strong></span> <span class='ocrx_word' id='word_1_594' title='bbox 1727 4700 1897 4755; x_wconf 89' lang='lat' dir='ltr'><strong>inter-</strong></span> 
     </span>
    </p>
   </div>
   <div class='ocr_carea' id='block_1_82' title="bbox 278 4782 1899 4857">
    <p class='ocr_par' dir='ltr' id='par_1_82' title="bbox 278 4782 1899 4857">
     <span class='ocr_line' id='line_1_83' title="bbox 278 4782 1899 4857; baseline 0.006 -21"><span class='ocrx_word' id='word_1_595' title='bbox 278 4783 484 4853; x_wconf 88' lang='lat' dir='ltr'><strong>posito,</strong></span> <span class='ocrx_word' id='word_1_596' title='bbox 527 4782 794 4837; x_wconf 87' lang='lat' dir='ltr'><strong>Christum</strong></span> <span class='ocrx_word' id='word_1_597' title='bbox 852 4785 1057 4840; x_wconf 79' lang='lat' dir='ltr'><strong>vestire</strong></span> <span class='ocrx_word' id='word_1_598' title='bbox 1107 4802 1215 4841; x_wconf 93' lang='lat' dir='ltr'><strong>non</strong></span> <span class='ocrx_word' id='word_1_599' title='bbox 1268 4786 1498 4841; x_wconf 89' lang='lat' dir='ltr'><strong>omisitl</strong></span> <span class='ocrx_word' id='word_1_600' title='bbox 1538 4804 1635 4857; x_wconf 90' lang='lat' dir='ltr'><strong>pro</strong></span> <span class='ocrx_word' id='word_1_601' title='bbox 1662 4804 1728 4844; x_wconf 91' lang='lat' dir='ltr'><strong>eo</strong></span> <span class='ocrx_word' id='word_1_602' title='bbox 1751 4795 1899 4845; x_wconf 87' lang='lat' dir='ltr'><strong>certe</strong></span> 
     </span>
    </p>
   </div>
   <div class='ocr_carea' id='block_1_83' title="bbox 277 4875 1897 4949">
    <p class='ocr_par' dir='ltr' id='par_1_83' title="bbox 277 4875 1897 4949">
     <span class='ocr_line' id='line_1_84' title="bbox 277 4875 1897 4949; baseline 0.005 -21"><span class='ocrx_word' id='word_1_603' title='bbox 277 4875 410 4946; x_wconf 89' lang='lat' dir='ltr'><strong>quia</strong></span> <span class='ocrx_word' id='word_1_604' title='bbox 448 4875 499 4929; x_wconf 92' lang='lat' dir='ltr'><strong>ei</strong></span> <span class='ocrx_word' id='word_1_605' title='bbox 522 4891 745 4946; x_wconf 91' lang='lat' dir='ltr'><strong>semper</strong></span> <span class='ocrx_word' id='word_1_606' title='bbox 781 4877 971 4931; x_wconf 87' lang='lat' dir='ltr'><strong>aderat</strong></span> <span class='ocrx_word' id='word_1_607' title='bbox 997 4878 1090 4949; x_wconf 92' lang='lat' dir='ltr'><strong>qui</strong></span> <span class='ocrx_word' id='word_1_608' title='bbox 1116 4878 1183 4931; x_wconf 90' lang='lat' dir='ltr'><strong>ab</strong></span> <span class='ocrx_word' id='word_1_609' title='bbox 1212 4894 1278 4933; x_wconf 92' lang='lat' dir='ltr'><strong>eo</strong></span> <span class='ocrx_word' id='word_1_610' title='bbox 1310 4895 1407 4933; x_wconf 88' lang='lat' dir='ltr'><strong>sua</strong></span> <span class='ocrx_word' id='word_1_611' title='bbox 1435 4880 1678 4934; x_wconf 89' lang='lat' dir='ltr'><strong>membra</strong></span> <span class='ocrx_word' id='word_1_612' title='bbox 1710 4882 1897 4937; x_wconf 89' lang='lat' dir='ltr'><strong>vestiri</strong></span> 
     </span>
    </p>
   </div>
   <div class='ocr_carea' id='block_1_84' title="bbox 278 4967 1900 5046">
    <p class='ocr_par' dir='ltr' id='par_1_84' title="bbox 278 4967 1900 5046">
     <span class='ocr_line' id='line_1_85' title="bbox 278 4967 1900 5046; baseline 0.006 -25"><span class='ocrx_word' id='word_1_613' title='bbox 278 4967 522 5022; x_wconf 89' lang='lat' dir='ltr'><strong>volebat.</strong></span> <span class='ocrx_word' id='word_1_614' title='bbox 582 4967 672 5022; x_wconf 81' lang='lat' dir='ltr'><strong>His</strong></span> <span class='ocrx_word' id='word_1_615' title='bbox 727 4984 855 5024; x_wconf 88' lang='lat' dir='ltr'><strong>vero</strong></span> <span class='ocrx_word' id='word_1_616' title='bbox 916 4970 1194 5040; x_wconf 63' lang='lat' dir='ltr'><strong>praedictis</strong></span> <span class='ocrx_word' id='word_1_617' title='bbox 1250 4972 1601 5042; x_wconf 87' lang='lat' dir='ltr'><strong>dispensatis,</strong></span> <span class='ocrx_word' id='word_1_618' title='bbox 1639 4976 1900 5046; x_wconf 70' lang='lat' dir='ltr'><strong>praecepit</strong></span> 
     </span>
    </p>
   </div>
   <div class='ocr_carea' id='block_1_85' title="bbox 275 5057 1903 5131">
    <p class='ocr_par' dir='ltr' id='par_1_85' title="bbox 275 5057 1903 5131">
     <span class='ocr_line' id='line_1_86' title="bbox 275 5057 1903 5131; baseline 0.005 -21"><span class='ocrx_word' id='word_1_619' title='bbox 275 5057 635 5112; x_wconf 88' lang='lat' dir='ltr'><strong>viccdomino</strong></span> <span class='ocrx_word' id='word_1_620' title='bbox 674 5059 998 5131; x_wconf 65' lang='lat' dir='ltr'><strong>ueterisque</strong></span> <span class='ocrx_word' id='word_1_621' title='bbox 1027 5060 1229 5131; x_wconf 90' lang='lat' dir='ltr'><strong>quibus</strong></span> <span class='ocrx_word' id='word_1_622' title='bbox 1286 5061 1455 5116; x_wconf 90' lang='lat' dir='ltr'><strong>voluit</strong></span> <span class='ocrx_word' id='word_1_623' title='bbox 1495 5062 1612 5116; x_wconf 87' lang='lat' dir='ltr'><strong>suis</strong></span> <span class='ocrx_word' id='word_1_624' title='bbox 1644 5060 1903 5118; x_wconf 85' lang='lat' dir='ltr'><strong>ﬁdelibus</strong></span> 
     </span>
    </p>
   </div>
   <div class='ocr_carea' id='block_1_86' title="bbox 280 5146 1900 5211">
    <p class='ocr_par' dir='ltr' id='par_1_86' title="bbox 280 5146 1900 5211">
     <span class='ocr_line' id='line_1_87' title="bbox 280 5146 1900 5211; baseline 0.004 -13"><span class='ocrx_word' id='word_1_625' title='bbox 280 5162 347 5199; x_wconf 91' lang='lat' dir='ltr'><strong>ac</strong></span> <span class='ocrx_word' id='word_1_626' title='bbox 376 5146 663 5211; x_wconf 88' lang='lat' dir='ltr'><strong>ministris,</strong></span> <span class='ocrx_word' id='word_1_627' title='bbox 695 5157 753 5202; x_wconf 91' lang='lat' dir='ltr'><strong>ut</strong></span> <span class='ocrx_word' id='word_1_628' title='bbox 774 5148 831 5201; x_wconf 93' lang='lat' dir='ltr'><strong>in</strong></span> <span class='ocrx_word' id='word_1_629' title='bbox 889 5149 1102 5203; x_wconf 85' lang='lat' dir='ltr'><strong>cunctis</strong></span> <span class='ocrx_word' id='word_1_630' title='bbox 1146 5148 1282 5204; x_wconf 91' lang='lat' dir='ltr'><strong>locis</strong></span> <span class='ocrx_word' id='word_1_631' title='bbox 1327 5151 1394 5204; x_wconf 92' lang='lat' dir='ltr'><strong>ad</strong></span> <span class='ocrx_word' id='word_1_632' title='bbox 1426 5167 1585 5205; x_wconf 90' lang='lat' dir='ltr'><strong>suum</strong></span> <span class='ocrx_word' id='word_1_633' title='bbox 1614 5152 1900 5205; x_wconf 87' lang='lat' dir='ltr'><strong>servitium</strong></span> 
     </span>
    </p>
   </div>
   <div class='ocr_carea' id='block_1_87' title="bbox 284 5234 1903 5309">
    <p class='ocr_par' dir='ltr' id='par_1_87' title="bbox 284 5234 1903 5309">
     <span class='ocr_line' id='line_1_88' title="bbox 284 5234 1903 5309; baseline 0.004 -21"><span class='ocrx_word' id='word_1_634' title='bbox 284 5234 719 5304; x_wconf 87' lang='lat' dir='ltr'><strong>pertinentibus,</strong></span> <span class='ocrx_word' id='word_1_635' title='bbox 751 5244 947 5293; x_wconf 91' lang='lat' dir='ltr'><strong>cuncta</strong></span> <span class='ocrx_word' id='word_1_636' title='bbox 987 5253 1110 5309; x_wconf 67' lang='lat' dir='ltr'><strong>quas</strong></span> <span class='ocrx_word' id='word_1_637' title='bbox 1155 5238 1211 5291; x_wconf 90' lang='lat' dir='ltr'><strong>in</strong></span> <span class='ocrx_word' id='word_1_638' title='bbox 1262 5255 1344 5293; x_wconf 79' lang='lat' dir='ltr'><strong>eis</strong></span> <span class='ocrx_word' id='word_1_639' title='bbox 1377 5239 1602 5294; x_wconf 90' lang='lat' dir='ltr'><strong>inventa</strong></span> <span class='ocrx_word' id='word_1_640' title='bbox 1646 5238 1903 5307; x_wconf 86' lang='lat' dir='ltr'><strong>fuissent,</strong></span> 
     </span>
    </p>
   </div>
   <div class='ocr_carea' id='block_1_88' title="bbox 358 5354 1904 5433">
    <p class='ocr_par' dir='ltr' id='par_1_88' title="bbox 358 5354 1904 5433">
     <span class='ocr_line' id='line_1_89' title="bbox 358 5354 1904 5433; baseline 0.004 -22"><span class='ocrx_word' id='word_1_641' title='bbox 358 5354 468 5433; x_wconf 70' lang='grc'>(50)</span> <span class='ocrx_word' id='word_1_642' title='bbox 500 5356 820 5433; x_wconf 78' lang='lat' dir='ltr'><strong>Vincentius</strong></span> <span class='ocrx_word' id='word_1_643' title='bbox 877 5361 1033 5433; x_wconf 87' lang='lat' dir='ltr'><strong>Borg.</strong></span> <span class='ocrx_word' id='word_1_644' title='bbox 1068 5360 1136 5433; x_wconf 88' lang='lat' dir='ltr'><strong>de</strong></span> <span class='ocrx_word' id='word_1_645' title='bbox 1172 5361 1326 5433; x_wconf 76' lang='lat' dir='ltr'><strong>eccl.</strong></span> <span class='ocrx_word' id='word_1_646' title='bbox 1370 5361 1606 5417; x_wconf 78' lang='lat' dir='ltr'><strong>Florent.</strong></span> <span class='ocrx_word' id='word_1_647' title='bbox 1641 5362 1904 5418; x_wconf 89' lang='lat' dir='ltr'><strong>observa-</strong></span> 
     </span>
    </p>
   </div>
   <div class='ocr_carea' id='block_1_89' title="bbox 282 5425 1896 5499">
    <p class='ocr_par' dir='ltr' id='par_1_89' title="bbox 282 5425 1896 5499">
     <span class='ocr_line' id='line_1_90' title="bbox 282 5425 1896 5499; baseline 0.007 -21"><span class='ocrx_word' id='word_1_648' title='bbox 282 5425 362 5479; x_wconf 84' lang='lat' dir='ltr'><strong>vit</strong></span> <span class='ocrx_word' id='word_1_649' title='bbox 393 5426 775 5499; x_wconf 83' lang='lat' dir='ltr'><strong>vicedominos</strong></span> <span class='ocrx_word' id='word_1_650' title='bbox 805 5439 932 5485; x_wconf 90' lang='lat' dir='ltr'><strong>ante</strong></span> <span class='ocrx_word' id='word_1_651' title='bbox 965 5425 1052 5484; x_wconf 70' lang='grc' dir='ltr'><strong>εἴη.</strong></span> <span class='ocrx_word' id='word_1_652' title='bbox 1090 5430 1228 5486; x_wconf 72' lang='grc'>1000</span> <span class='ocrx_word' id='word_1_653' title='bbox 1283 5431 1394 5486; x_wconf 87' lang='lat' dir='ltr'><strong>fere</strong></span> <span class='ocrx_word' id='word_1_654' title='bbox 1426 5450 1490 5487; x_wconf 89' lang='lat' dir='ltr'><strong>ex</strong></span> <span class='ocrx_word' id='word_1_655' title='bbox 1530 5434 1677 5488; x_wconf 90' lang='lat' dir='ltr'><strong>clero</strong></span> <span class='ocrx_word' id='word_1_656' title='bbox 1706 5434 1896 5499; x_wconf 89' lang='lat' dir='ltr'><strong>fuisse,</strong></span> 
     </span>
    </p>
   </div>
   <div class='ocr_carea' id='block_1_90' title="bbox 286 5498 1896 5576">
    <p class='ocr_par' dir='ltr' id='par_1_90' title="bbox 286 5498 1896 5576">
     <span class='ocr_line' id='line_1_91' title="bbox 286 5498 1896 5576; baseline 0.006 -26"><span class='ocrx_word' id='word_1_657' title='bbox 286 5498 764 5576; x_wconf 63' lang='lat' dir='ltr'><strong>eamdignitatem</strong></span> <span class='ocrx_word' id='word_1_658' title='bbox 801 5508 924 5576; x_wconf 76' lang='lat' dir='ltr'><strong>post</strong></span> <span class='ocrx_word' id='word_1_659' title='bbox 954 5502 1225 5576; x_wconf 83' lang='lat' dir='ltr'><strong>ad_laicos</strong></span> <span class='ocrx_word' id='word_1_660' title='bbox 1252 5504 1550 5558; x_wconf 89' lang='lat' dir='ltr'><strong>transiisse.</strong></span> <span class='ocrx_word' id='word_1_661' title='bbox 1583 5505 1779 5575; x_wconf 90' lang='lat' dir='ltr'><strong>Onuph</strong></span> <span class='ocrx_word' id='word_1_662' title='bbox 1828 5498 1896 5560; x_wconf 89' lang='lat' dir='ltr'><strong>de</strong></span> 
     </span>
    </p>
   </div>
   <div class='ocr_carea' id='block_1_91' title="bbox 285 5569 1900 5647">
    <p class='ocr_par' dir='ltr' id='par_1_91' title="bbox 285 5569 1900 5647">
     <span class='ocr_line' id='line_1_92' title="bbox 285 5569 1900 5647; baseline 0.006 -25"><span class='ocrx_word' id='word_1_663' title='bbox 285 5569 530 5647; x_wconf 71' lang='lat' dir='ltr'><strong>vocibus</strong></span> <span class='ocrx_word' id='word_1_664' title='bbox 551 5569 939 5647; x_wconf 71' lang='lat' dir='ltr'><strong>ecclesiasticis</strong></span> <span class='ocrx_word' id='word_1_665' title='bbox 997 5572 1271 5647; x_wconf 82' lang='lat' dir='ltr'><strong>obscuris,</strong></span> <span class='ocrx_word' id='word_1_666' title='bbox 1325 5575 1401 5629; x_wconf 91' lang='lat' dir='ltr'><strong>ait</strong></span> <span class='ocrx_word' id='word_1_667' title='bbox 1432 5576 1607 5647; x_wconf 83' lang='lat' dir='ltr'><strong>etiam</strong></span> <span class='ocrx_word' id='word_1_668' title='bbox 1665 5569 1900 5647; x_wconf 74' lang='lat' dir='ltr'><strong>majores</strong></span> 
     </span>
    </p>
   </div>
   <div class='ocr_carea' id='block_1_92' title="bbox 286 5638 1901 5717">
    <p class='ocr_par' dir='ltr' id='par_1_92' title="bbox 286 5638 1901 5717">
     <span class='ocr_line' id='line_1_93' title="bbox 286 5638 1901 5717; baseline 0.005 -24"><span class='ocrx_word' id='word_1_669' title='bbox 286 5638 489 5717; x_wconf 89' lang='lat' dir='ltr'><strong>domu_s</strong></span> <span class='ocrx_word' id='word_1_670' title='bbox 518 5642 858 5717; x_wconf 83' lang='lat' dir='ltr'><strong>appellatos._</strong></span> <span class='ocrx_word' id='word_1_671' title='bbox 883 5643 1079 5717; x_wconf 83' lang='lat' dir='ltr'><strong>Verum</strong></span> <span class='ocrx_word' id='word_1_672' title='bbox 1109 5638 1333 5701; x_wconf 87' lang='lat' dir='ltr'><strong>Distinct</strong></span> <span class='ocrx_word' id='word_1_673' title='bbox 1385 5645 1714 5717; x_wconf 89' lang='lat' dir='ltr'><strong>89,capitul.</strong></span> <span class='ocrx_word' id='word_1_674' title='bbox 1746 5638 1901 5704; x_wconf 71' lang='lat' dir='ltr'><strong>Volu-</strong></span> 
     </span>
    </p>
   </div>
   <div class='ocr_carea' id='block_1_93' title="bbox 288 5712 1899 5787">
    <p class='ocr_par' dir='ltr' id='par_1_93' title="bbox 288 5712 1899 5787">
     <span class='ocr_line' id='line_1_94' title="bbox 288 5712 1899 5787; baseline 0.005 -22"><span class='ocrx_word' id='word_1_675' title='bbox 288 5726 410 5765; x_wconf 81' lang='lat' dir='ltr'><strong>mus</strong></span> <span class='ocrx_word' id='word_1_676' title='bbox 438 5712 662 5786; x_wconf 80' lang='lat' dir='ltr'><strong>Gregor.</strong></span> <span class='ocrx_word' id='word_1_677' title='bbox 706 5714 1115 5771; x_wconf 88' lang='lat' dir='ltr'><strong>vicedominum</strong></span> <span class='ocrx_word' id='word_1_678' title='bbox 1172 5734 1205 5772; x_wconf 93' lang='lat' dir='ltr'><strong>a</strong></span> <span class='ocrx_word' id='word_1_679' title='bbox 1231 5718 1438 5787; x_wconf 86' lang='lat' dir='ltr'><strong>majore</strong></span> <span class='ocrx_word' id='word_1_680' title='bbox 1464 5712 1468 5714; x_wconf 13' lang='grc' dir='ltr'><strong><em>Ὗ</em></strong></span> <span class='ocrx_word' id='word_1_681' title='bbox 1494 5712 1659 5774; x_wconf 80' lang='lat' dir='ltr'><strong>domo</strong></span> <span class='ocrx_word' id='word_1_682' title='bbox 1704 5719 1899 5775; x_wconf 86' lang='lat' dir='ltr'><strong>distin-</strong></span> 
     </span>
    </p>
   </div>
   <div class='ocr_carea' id='block_1_94' title="bbox 2006 3131 3625 3205">
    <p class='ocr_par' dir='ltr' id='par_1_94' title="bbox 2006 3131 3625 3205">
     <span class='ocr_line' id='line_1_95' title="bbox 2006 3131 3625 3205; baseline 0.003 -20"><span class='ocrx_word' id='word_1_683' title='bbox 2006 3131 2392 3188; x_wconf 87' lang='lat' dir='ltr'><strong>formosissimi</strong></span> <span class='ocrx_word' id='word_1_684' title='bbox 2422 3141 2668 3204; x_wconf 91' lang='lat' dir='ltr'><strong>aspectu,</strong></span> <span class='ocrx_word' id='word_1_685' title='bbox 2728 3148 2759 3187; x_wconf 89' lang='lat' dir='ltr'><strong>e</strong></span> <span class='ocrx_word' id='word_1_686' title='bbox 2789 3133 2990 3205; x_wconf 89' lang='lat' dir='ltr'><strong>quibus</strong></span> <span class='ocrx_word' id='word_1_687' title='bbox 3020 3134 3154 3189; x_wconf 88' lang='lat' dir='ltr'><strong>mihi</strong></span> <span class='ocrx_word' id='word_1_688' title='bbox 3182 3150 3325 3189; x_wconf 91' lang='lat' dir='ltr'><strong>unus</strong></span> <span class='ocrx_word' id='word_1_689' title='bbox 3364 3134 3581 3190; x_wconf 86' lang='lat' dir='ltr'><strong>dicebat</strong></span> <span class='ocrx_word' id='word_1_690' title='bbox 3611 3153 3625 3189; x_wconf 90' lang='lat'><strong>:</strong></span> 
     </span>
    </p>
   </div>
   <div class='ocr_carea' id='block_1_95' title="bbox 2004 3225 3629 3299">
    <p class='ocr_par' dir='ltr' id='par_1_95' title="bbox 2004 3225 3629 3299">
     <span class='ocr_line' id='line_1_96' title="bbox 2004 3225 3629 3299; baseline 0.005 -25"><span class='ocrx_word' id='word_1_691' title='bbox 2004 3243 2028 3274; x_wconf 85' lang='grc'><strong>‹‹</strong></span> <span class='ocrx_word' id='word_1_692' title='bbox 2062 3225 2237 3289; x_wconf 81' lang='lat' dir='ltr'><strong>Quare</strong></span> <span class='ocrx_word' id='word_1_693' title='bbox 2277 3240 2387 3280; x_wconf 93' lang='lat' dir='ltr'><strong>non</strong></span> <span class='ocrx_word' id='word_1_694' title='bbox 2441 3225 2647 3299; x_wconf 84' lang='lat' dir='ltr'><strong>surgis,</strong></span> <span class='ocrx_word' id='word_1_695' title='bbox 2681 3225 2853 3281; x_wconf 91' lang='lat' dir='ltr'><strong>debes</strong></span> <span class='ocrx_word' id='word_1_696' title='bbox 2891 3226 3039 3281; x_wconf 90' lang='lat' dir='ltr'><strong>enim</strong></span> <span class='ocrx_word' id='word_1_697' title='bbox 3069 3227 3234 3282; x_wconf 89' lang='lat' dir='ltr'><strong>hodie</strong></span> <span class='ocrx_word' id='word_1_698' title='bbox 3264 3227 3335 3281; x_wconf 91' lang='lat' dir='ltr'><strong>ad</strong></span> <span class='ocrx_word' id='word_1_699' title='bbox 3366 3226 3629 3282; x_wconf 87' lang='lat' dir='ltr'><strong>Sanctum</strong></span> 
     </span>
    </p>
   </div>
   <div class='ocr_carea' id='block_1_96' title="bbox 2006 3315 3632 3388">
    <p class='ocr_par' dir='ltr' id='par_1_96' title="bbox 2006 3315 3632 3388">
     <span class='ocr_line' id='line_1_97' title="bbox 2006 3315 3632 3388; baseline 0.003 -19"><span class='ocrx_word' id='word_1_700' title='bbox 2006 3336 2025 3364; x_wconf 80' lang='grc' dir='ltr'>ι</span> <span class='ocrx_word' id='word_1_701' title='bbox 2055 3315 2326 3371; x_wconf 81' lang='lat' dir='ltr'><strong>Joannem</strong></span> <span class='ocrx_word' id='word_1_702' title='bbox 2362 3317 2657 3388; x_wconf 86' lang='lat' dir='ltr'><strong>Baptistam</strong></span> <span class='ocrx_word' id='word_1_703' title='bbox 2689 3318 2910 3373; x_wconf 89' lang='lat' dir='ltr'><strong>missam</strong></span> <span class='ocrx_word' id='word_1_704' title='bbox 2962 3319 3279 3374; x_wconf 88' lang='lat' dir='ltr'><strong>celebrare.</strong></span> <span class='ocrx_word' id='word_1_705' title='bbox 3314 3343 3338 3365; x_wconf 77' lang='grc' dir='ltr'><strong>ιι</strong></span> <span class='ocrx_word' id='word_1_706' title='bbox 3366 3317 3461 3374; x_wconf 88' lang='lat' dir='ltr'><strong>Cui</strong></span> <span class='ocrx_word' id='word_1_707' title='bbox 3490 3319 3632 3374; x_wconf 91' lang='lat' dir='ltr'><strong>alter</strong></span> 
     </span>
    </p>
   </div>
   <div class='ocr_carea' id='block_1_97' title="bbox 2008 3404 3631 3479">
    <p class='ocr_par' dir='ltr' id='par_1_97' title="bbox 2008 3404 3631 3479">
     <span class='ocr_line' id='line_1_98' title="bbox 2008 3404 3631 3479; baseline 0.003 -22"><span class='ocrx_word' id='word_1_708' title='bbox 2008 3404 2317 3474; x_wconf 84' lang='lat' dir='ltr'><strong>respondit:</strong></span> <span class='ocrx_word' id='word_1_709' title='bbox 2344 3425 2373 3455; x_wconf 81' lang='grc' dir='ltr'><strong><em>α</em></strong></span> <span class='ocrx_word' id='word_1_710' title='bbox 2387 3405 2674 3471; x_wconf 79' lang='lat' dir='ltr'><strong>Quomodo</strong></span> <span class='ocrx_word' id='word_1_711' title='bbox 2689 3412 2867 3475; x_wconf 89' lang='lat' dir='ltr'><strong>potest</strong></span> <span class='ocrx_word' id='word_1_712' title='bbox 2890 3407 2991 3461; x_wconf 92' lang='lat' dir='ltr'><strong>hoc</strong></span> <span class='ocrx_word' id='word_1_713' title='bbox 3006 3406 3285 3477; x_wconf 86' lang='lat' dir='ltr'><strong>fieri,quia</strong></span> <span class='ocrx_word' id='word_1_714' title='bbox 3298 3423 3397 3477; x_wconf 91' lang='lat' dir='ltr'><strong>pro</strong></span> <span class='ocrx_word' id='word_1_715' title='bbox 3457 3407 3528 3461; x_wconf 91' lang='lat' dir='ltr'><strong>im</strong></span> <span class='ocrx_word' id='word_1_716' title='bbox 3536 3423 3631 3479; x_wconf 90' lang='lat' dir='ltr'><strong>po-</strong></span> 
     </span>
    </p>
   </div>
   <div class='ocr_carea' id='block_1_98' title="bbox 2006 3488 3631 3564">
    <p class='ocr_par' dir='ltr' id='par_1_98' title="bbox 2006 3488 3631 3564">
     <span class='ocr_line' id='line_1_99' title="bbox 2006 3488 3631 3564; baseline 0.006 -24"><span class='ocrx_word' id='word_1_717' title='bbox 2006 3508 2037 3539; x_wconf 73' lang='grc' dir='ltr'><strong>α</strong></span> <span class='ocrx_word' id='word_1_718' title='bbox 2066 3488 2330 3545; x_wconf 91' lang='lat' dir='ltr'><strong>sibilitate</strong></span> <span class='ocrx_word' id='word_1_719' title='bbox 2351 3492 2599 3562; x_wconf 91' lang='lat' dir='ltr'><strong>corporis</strong></span> <span class='ocrx_word' id='word_1_720' title='bbox 2625 3492 2858 3548; x_wconf 80' lang='lat' dir='ltr'><strong>Primam</strong></span> <span class='ocrx_word' id='word_1_721' title='bbox 2873 3494 3055 3549; x_wconf 90' lang='lat' dir='ltr'><strong>adhuc</strong></span> <span class='ocrx_word' id='word_1_722' title='bbox 3078 3510 3189 3549; x_wconf 91' lang='lat' dir='ltr'><strong>non</strong></span> <span class='ocrx_word' id='word_1_723' title='bbox 3212 3494 3541 3564; x_wconf 71' lang='lat' dir='ltr'><strong>explevit?»</strong></span> <span class='ocrx_word' id='word_1_724' title='bbox 3564 3497 3631 3551; x_wconf 84' lang='lat' dir='ltr'><strong>At</strong></span> 
     </span>
    </p>
   </div>
   <div class='ocr_carea' id='block_1_99' title="bbox 2000 3583 3626 3661">
    <p class='ocr_par' dir='ltr' id='par_1_99' title="bbox 2000 3583 3626 3661">
     <span class='ocr_line' id='line_1_100' title="bbox 2000 3583 3626 3661; baseline 0.002 -23"><span class='ocrx_word' id='word_1_725' title='bbox 2000 3583 2093 3638; x_wconf 90' lang='lat' dir='ltr'><strong>ille</strong></span> <span class='ocrx_word' id='word_1_726' title='bbox 2124 3584 2218 3655; x_wconf 91' lang='lat' dir='ltr'><strong>qui</strong></span> <span class='ocrx_word' id='word_1_727' title='bbox 2250 3594 2410 3640; x_wconf 88' lang='lat' dir='ltr'><strong>antea</strong></span> <span class='ocrx_word' id='word_1_728' title='bbox 2435 3585 2651 3641; x_wconf 91' lang='lat' dir='ltr'><strong>locutus</strong></span> <span class='ocrx_word' id='word_1_729' title='bbox 2671 3595 2753 3641; x_wconf 92' lang='lat' dir='ltr'><strong>est</strong></span> <span class='ocrx_word' id='word_1_730' title='bbox 2784 3586 2851 3641; x_wconf 89' lang='lat' dir='ltr'><strong>ad</strong></span> <span class='ocrx_word' id='word_1_731' title='bbox 2879 3603 2968 3641; x_wconf 89' lang='lat' dir='ltr'><strong>me</strong></span> <span class='ocrx_word' id='word_1_732' title='bbox 2990 3586 3125 3641; x_wconf 92' lang='lat' dir='ltr'><strong>dicit</strong></span> <span class='ocrx_word' id='word_1_733' title='bbox 3157 3604 3170 3640; x_wconf 92' lang='lat'>:</span> <span class='ocrx_word' id='word_1_734' title='bbox 3209 3607 3234 3636; x_wconf 88' lang='lat'><strong><em>«</em></strong></span> <span class='ocrx_word' id='word_1_735' title='bbox 3261 3587 3436 3661; x_wconf 85' lang='lat' dir='ltr'><strong>Surge</strong></span> <span class='ocrx_word' id='word_1_736' title='bbox 3453 3592 3508 3642; x_wconf 90' lang='lat' dir='ltr'><strong>et</strong></span> <span class='ocrx_word' id='word_1_737' title='bbox 3531 3604 3626 3643; x_wconf 90' lang='lat' dir='ltr'><strong>se-</strong></span> 
     </span>
    </p>
   </div>
   <div class='ocr_carea' id='block_1_100' title="bbox 2007 3678 3625 3751">
    <p class='ocr_par' dir='ltr' id='par_1_100' title="bbox 2007 3678 3625 3751">
     <span class='ocr_line' id='line_1_101' title="bbox 2007 3678 3625 3751; baseline 0.002 -20"><span class='ocrx_word' id='word_1_738' title='bbox 2007 3698 2025 3725; x_wconf 83' lang='grc' dir='ltr'>ι</span> <span class='ocrx_word' id='word_1_739' title='bbox 2059 3678 2301 3732; x_wconf 91' lang='lat' dir='ltr'><strong>cundum</strong></span> <span class='ocrx_word' id='word_1_740' title='bbox 2330 3694 2514 3733; x_wconf 92' lang='lat' dir='ltr'><strong>meum</strong></span> <span class='ocrx_word' id='word_1_741' title='bbox 2528 3694 2841 3734; x_wconf 89' lang='lat' dir='ltr'><strong>sermonem</strong></span> <span class='ocrx_word' id='word_1_742' title='bbox 2860 3678 2954 3734; x_wconf 91' lang='lat' dir='ltr'><strong>Dei</strong></span> <span class='ocrx_word' id='word_1_743' title='bbox 2972 3678 3297 3747; x_wconf 86' lang='lat' dir='ltr'><strong>mysterium</strong></span> <span class='ocrx_word' id='word_1_744' title='bbox 3316 3679 3371 3732; x_wconf 90' lang='lat' dir='ltr'><strong>in</strong></span> <span class='ocrx_word' id='word_1_745' title='bbox 3398 3678 3625 3751; x_wconf 68' lang='lat' dir='ltr'><strong>praefata</strong></span> 
     </span>
    </p>
   </div>
   <div class='ocr_carea' id='block_1_101' title="bbox 2002 3766 3622 3840">
    <p class='ocr_par' dir='ltr' id='par_1_101' title="bbox 2002 3766 3622 3840">
     <span class='ocr_line' id='line_1_102' title="bbox 2002 3766 3622 3840; baseline 0.005 -25"><span class='ocrx_word' id='word_1_746' title='bbox 2002 3788 2027 3815; x_wconf 76' lang='grc' dir='ltr'>α</span> <span class='ocrx_word' id='word_1_747' title='bbox 2062 3766 2296 3821; x_wconf 90' lang='lat' dir='ltr'><strong>ecclesia</strong></span> <span class='ocrx_word' id='word_1_748' title='bbox 2323 3767 2556 3839; x_wconf 91' lang='lat' dir='ltr'><strong>implere</strong></span> <span class='ocrx_word' id='word_1_749' title='bbox 2580 3767 2937 3840; x_wconf 90' lang='lat' dir='ltr'><strong>festina,quia</strong></span> <span class='ocrx_word' id='word_1_750' title='bbox 2957 3768 3121 3823; x_wconf 90' lang='lat' dir='ltr'><strong>hodie</strong></span> <span class='ocrx_word' id='word_1_751' title='bbox 3141 3776 3343 3840; x_wconf 69' lang='lat' dir='ltr'><strong>praeter</strong></span> <span class='ocrx_word' id='word_1_752' title='bbox 3363 3775 3413 3822; x_wconf 91' lang='lat' dir='ltr'><strong>te</strong></span> <span class='ocrx_word' id='word_1_753' title='bbox 3437 3767 3622 3823; x_wconf 89' lang='lat' dir='ltr'><strong>nullus</strong></span> 
     </span>
    </p>
   </div>
   <div class='ocr_carea' id='block_1_102' title="bbox 2001 3858 3624 3915">
    <p class='ocr_par' dir='ltr' id='par_1_102' title="bbox 2001 3858 3624 3915">
     <span class='ocr_line' id='line_1_103' title="bbox 2001 3858 3624 3915; baseline 0.001 -3"><span class='ocrx_word' id='word_1_754' title='bbox 2001 3878 2028 3908; x_wconf 83' lang='grc' dir='ltr'>α</span> <span class='ocrx_word' id='word_1_755' title='bbox 2060 3859 2201 3913; x_wconf 90' lang='lat' dir='ltr'><strong>alius</strong></span> <span class='ocrx_word' id='word_1_756' title='bbox 2229 3859 2305 3913; x_wconf 91' lang='lat' dir='ltr'><strong>ibi</strong></span> <span class='ocrx_word' id='word_1_757' title='bbox 2329 3860 2546 3914; x_wconf 88' lang='lat' dir='ltr'><strong>missam</strong></span> <span class='ocrx_word' id='word_1_758' title='bbox 2570 3860 2829 3915; x_wconf 87' lang='lat' dir='ltr'><strong>cantabit.</strong></span> <span class='ocrx_word' id='word_1_759' title='bbox 2856 3884 2881 3907; x_wconf 75' lang='grc' dir='ltr'><strong>ι»</strong></span> <span class='ocrx_word' id='word_1_760' title='bbox 2916 3860 3008 3915; x_wconf 83' lang='lat' dir='ltr'><strong>llis</strong></span> <span class='ocrx_word' id='word_1_761' title='bbox 3036 3876 3166 3915; x_wconf 91' lang='lat' dir='ltr'><strong>vero</strong></span> <span class='ocrx_word' id='word_1_762' title='bbox 3196 3859 3361 3914; x_wconf 90' lang='lat' dir='ltr'><strong>dictis</strong></span> <span class='ocrx_word' id='word_1_763' title='bbox 3380 3861 3450 3914; x_wconf 91' lang='lat' dir='ltr'><strong>ad</strong></span> <span class='ocrx_word' id='word_1_764' title='bbox 3471 3858 3624 3914; x_wconf 92' lang='lat' dir='ltr'><strong>cubi-</strong></span> 
     </span>
    </p>
   </div>
   <div class='ocr_carea' id='block_1_103' title="bbox 2000 3956 3622 4031">
    <p class='ocr_par' dir='ltr' id='par_1_103' title="bbox 2000 3956 3622 4031">
     <span class='ocr_line' id='line_1_104' title="bbox 2000 3956 3622 4031; baseline 0 -20"><span class='ocrx_word' id='word_1_765' title='bbox 2000 3956 2183 4011; x_wconf 90' lang='lat' dir='ltr'><strong>culum</strong></span> <span class='ocrx_word' id='word_1_766' title='bbox 2215 3972 2500 4031; x_wconf 85' lang='lat' dir='ltr'><strong>regressus</strong></span> <span class='ocrx_word' id='word_1_767' title='bbox 2529 3964 2629 4011; x_wconf 90' lang='lat' dir='ltr'><strong>est.</strong></span> <span class='ocrx_word' id='word_1_768' title='bbox 2658 3956 2900 4029; x_wconf 89' lang='lat' dir='ltr'><strong>Cumque</strong></span> <span class='ocrx_word' id='word_1_769' title='bbox 2933 3957 3079 4013; x_wconf 92' lang='lat' dir='ltr'><strong>diem</strong></span> <span class='ocrx_word' id='word_1_770' title='bbox 3103 3957 3286 4013; x_wconf 89' lang='lat' dir='ltr'><strong>obitus</strong></span> <span class='ocrx_word' id='word_1_771' title='bbox 3311 3957 3396 4012; x_wconf 93' lang='lat' dir='ltr'><strong>sui</strong></span> <span class='ocrx_word' id='word_1_772' title='bbox 3424 3956 3622 4013; x_wconf 88' lang='lat' dir='ltr'><strong>devota</strong></span> 
     </span>
    </p>
   </div>
   <div class='ocr_carea' id='block_1_104' title="bbox 2001 4046 3626 4121">
    <p class='ocr_par' dir='ltr' id='par_1_104' title="bbox 2001 4046 3626 4121">
     <span class='ocr_line' id='line_1_105' title="bbox 2001 4046 3626 4121; baseline 0.002 -21"><span class='ocrx_word' id='word_1_773' title='bbox 2001 4053 2187 4101; x_wconf 89' lang='lat' dir='ltr'><strong>mente</strong></span> <span class='ocrx_word' id='word_1_774' title='bbox 2217 4054 2271 4102; x_wconf 91' lang='lat' dir='ltr'><strong>et</strong></span> <span class='ocrx_word' id='word_1_775' title='bbox 2300 4046 2423 4101; x_wconf 67' lang='lat' dir='ltr'><strong>laeto</strong></span> <span class='ocrx_word' id='word_1_776' title='bbox 2454 4046 2639 4102; x_wconf 86' lang='lat' dir='ltr'><strong>animo</strong></span> <span class='ocrx_word' id='word_1_777' title='bbox 2670 4047 3047 4101; x_wconf 90' lang='lat' dir='ltr'><strong>etsecundum</strong></span> <span class='ocrx_word' id='word_1_778' title='bbox 3078 4047 3245 4102; x_wconf 90' lang='lat' dir='ltr'><strong>verba</strong></span> <span class='ocrx_word' id='word_1_779' title='bbox 3283 4048 3626 4121; x_wconf 78' lang='lat' dir='ltr'><strong>psalmogra-</strong></span> 
     </span>
    </p>
   </div>
   <div class='ocr_carea' id='block_1_105' title="bbox 2001 4135 3622 4207">
    <p class='ocr_par' dir='ltr' id='par_1_105' title="bbox 2001 4135 3622 4207">
     <span class='ocr_line' id='line_1_106' title="bbox 2001 4135 3622 4207; baseline 0.002 -19"><span class='ocrx_word' id='word_1_780' title='bbox 2001 4135 2095 4207; x_wconf 88' lang='lat' dir='ltr'><strong>phi</strong></span> <span class='ocrx_word' id='word_1_781' title='bbox 2128 4135 2296 4191; x_wconf 89' lang='lat' dir='ltr'><strong>David</strong></span> <span class='ocrx_word' id='word_1_782' title='bbox 2327 4136 2564 4190; x_wconf 84' lang='lat' dir='ltr'><strong>dicentis</strong></span> <span class='ocrx_word' id='word_1_783' title='bbox 2594 4152 2607 4189; x_wconf 93' lang='lat'><strong>:</strong></span> <span class='ocrx_word' id='word_1_784' title='bbox 2642 4136 3102 4202; x_wconf 83' lang='lat' dir='ltr'><strong>Quemadmodum</strong></span> <span class='ocrx_word' id='word_1_785' title='bbox 3131 4136 3406 4191; x_wconf 79' lang='lat' dir='ltr'><strong>desiderat</strong></span> <span class='ocrx_word' id='word_1_786' title='bbox 3436 4152 3622 4191; x_wconf 81' lang='lat' dir='ltr'><strong>cervus</strong></span> 
     </span>
    </p>
   </div>
   <div class='ocr_carea' id='block_1_106' title="bbox 2000 4220 3619 4300">
    <p class='ocr_par' dir='ltr' id='par_1_106' title="bbox 2000 4220 3619 4300">
     <span class='ocr_line' id='line_1_107' title="bbox 2000 4220 3619 4300; baseline 0.001 -16"><span class='ocrx_word' id='word_1_787' title='bbox 2000 4231 2076 4284; x_wconf 90' lang='lat' dir='ltr'><strong>ad</strong></span> <span class='ocrx_word' id='word_1_788' title='bbox 2102 4233 2277 4297; x_wconf 85' lang='lat' dir='ltr'><strong>fontes</strong></span> <span class='ocrx_word' id='word_1_789' title='bbox 2308 4220 2684 4300; x_wconf 43' lang='lat' dir='ltr'><strong>aquai-amita</strong></span> <span class='ocrx_word' id='word_1_790' title='bbox 2726 4232 3002 4286; x_wconf 72' lang='lat' dir='ltr'><strong>desiderat</strong></span> <span class='ocrx_word' id='word_1_791' title='bbox 3054 4233 3242 4286; x_wconf 82' lang='lat' dir='ltr'><strong>anima</strong></span> <span class='ocrx_word' id='word_1_792' title='bbox 3291 4246 3410 4285; x_wconf 89' lang='lat' dir='ltr'><strong>mea</strong></span> <span class='ocrx_word' id='word_1_793' title='bbox 3465 4232 3538 4285; x_wconf 87' lang='lat' dir='ltr'><strong>ad</strong></span> <span class='ocrx_word' id='word_1_794' title='bbox 3565 4235 3619 4285; x_wconf 85' lang='lat' dir='ltr'><strong>te</strong></span> 
     </span>
    </p>
   </div>
   <div class='ocr_carea' id='block_1_107' title="bbox 1998 4323 3624 4397">
    <p class='ocr_par' dir='ltr' id='par_1_107' title="bbox 1998 4323 3624 4397">
     <span class='ocr_line' id='line_1_108' title="bbox 1998 4323 3624 4397; baseline -0.001 -18"><span class='ocrx_word' id='word_1_795' title='bbox 1998 4328 2137 4379; x_wconf 83' lang='lat' dir='ltr'><strong>Deus</strong></span> <span class='ocrx_word' id='word_1_796' title='bbox 2184 4326 2330 4392; x_wconf 87' lang='lat' dir='ltr'><strong>(Psal</strong></span> <span class='ocrx_word' id='word_1_797' title='bbox 2380 4329 2507 4389; x_wconf 69' lang='lat' dir='ltr'><strong>xu),</strong></span> <span class='ocrx_word' id='word_1_798' title='bbox 2540 4330 2928 4396; x_wconf 88' lang='lat' dir='ltr'><strong>exspectaret;</strong></span> <span class='ocrx_word' id='word_1_799' title='bbox 2965 4324 3218 4397; x_wconf 88' lang='lat' dir='ltr'><strong>quamvis</strong></span> <span class='ocrx_word' id='word_1_800' title='bbox 3273 4323 3457 4379; x_wconf 89' lang='lat' dir='ltr'><strong>verbis</strong></span> <span class='ocrx_word' id='word_1_801' title='bbox 3510 4340 3624 4379; x_wconf 92' lang='lat' dir='ltr'><strong>non</strong></span> 
     </span>
    </p>
   </div>
   <div class='ocr_carea' id='block_1_108' title="bbox 1999 4416 3625 4488">
    <p class='ocr_par' dir='ltr' id='par_1_108' title="bbox 1999 4416 3625 4488">
     <span class='ocr_line' id='line_1_109' title="bbox 1999 4416 3625 4488; baseline 0.001 -17"><span class='ocrx_word' id='word_1_802' title='bbox 1999 4417 2247 4483; x_wconf 87' lang='lat' dir='ltr'><strong>dixisset,</strong></span> <span class='ocrx_word' id='word_1_803' title='bbox 2280 4416 2436 4473; x_wconf 89' lang='lat' dir='ltr'><strong>factis</strong></span> <span class='ocrx_word' id='word_1_804' title='bbox 2466 4427 2650 4473; x_wconf 90' lang='lat' dir='ltr'><strong>tamen</strong></span> <span class='ocrx_word' id='word_1_805' title='bbox 2690 4416 3069 4472; x_wconf 89' lang='lat' dir='ltr'><strong>manifestavit</strong></span> <span class='ocrx_word' id='word_1_806' title='bbox 3097 4417 3246 4488; x_wconf 91' lang='lat' dir='ltr'><strong>quod</strong></span> <span class='ocrx_word' id='word_1_807' title='bbox 3278 4416 3349 4473; x_wconf 89' lang='lat' dir='ltr'><strong>de</strong></span> <span class='ocrx_word' id='word_1_808' title='bbox 3373 4418 3479 4473; x_wconf 89' lang='lat' dir='ltr'><strong>hoc</strong></span> <span class='ocrx_word' id='word_1_809' title='bbox 3517 4432 3625 4473; x_wconf 67' lang='lat' dir='ltr'><strong>se-</strong></span> 
     </span>
    </p>
   </div>
   <div class='ocr_carea' id='block_1_109' title="bbox 1999 4508 3623 4582">
    <p class='ocr_par' dir='ltr' id='par_1_109' title="bbox 1999 4508 3623 4582">
     <span class='ocr_line' id='line_1_110' title="bbox 1999 4508 3623 4582; baseline -0.001 -17"><span class='ocrx_word' id='word_1_810' title='bbox 1999 4508 2123 4565; x_wconf 90' lang='lat' dir='ltr'><strong>culo</strong></span> <span class='ocrx_word' id='word_1_811' title='bbox 2154 4524 2215 4562; x_wconf 89' lang='lat' dir='ltr'><strong>se</strong></span> <span class='ocrx_word' id='word_1_812' title='bbox 2237 4508 2596 4579; x_wconf 80' lang='lat' dir='ltr'><strong>migraturum</strong></span> <span class='ocrx_word' id='word_1_813' title='bbox 2629 4524 2751 4564; x_wconf 90' lang='lat' dir='ltr'><strong>esse</strong></span> <span class='ocrx_word' id='word_1_814' title='bbox 2777 4509 2834 4563; x_wconf 90' lang='lat' dir='ltr'><strong>in</strong></span> <span class='ocrx_word' id='word_1_815' title='bbox 2865 4508 3051 4582; x_wconf 85' lang='lat' dir='ltr'><strong>vigilia</strong></span> <span class='ocrx_word' id='word_1_816' title='bbox 3077 4508 3452 4581; x_wconf 90' lang='lat' dir='ltr'><strong>apostolorum</strong></span> <span class='ocrx_word' id='word_1_817' title='bbox 3479 4508 3623 4564; x_wconf 89' lang='lat' dir='ltr'><strong>Petri</strong></span> 
     </span>
    </p>
   </div>
   <div class='ocr_carea' id='block_1_110' title="bbox 1997 4598 3623 4672">
    <p class='ocr_par' dir='ltr' id='par_1_110' title="bbox 1997 4598 3623 4672">
     <span class='ocr_line' id='line_1_111' title="bbox 1997 4598 3623 4672; baseline 0 -18"><span class='ocrx_word' id='word_1_818' title='bbox 1997 4606 2053 4654; x_wconf 88' lang='lat' dir='ltr'><strong>et</strong></span> <span class='ocrx_word' id='word_1_819' title='bbox 2080 4599 2231 4653; x_wconf 91' lang='lat' dir='ltr'><strong>Pauli</strong></span> <span class='ocrx_word' id='word_1_820' title='bbox 2295 4598 2525 4669; x_wconf 89' lang='lat' dir='ltr'><strong>putavit.</strong></span> <span class='ocrx_word' id='word_1_821' title='bbox 2583 4599 2785 4655; x_wconf 87' lang='lat' dir='ltr'><strong>Eadem</strong></span> <span class='ocrx_word' id='word_1_822' title='bbox 2843 4599 2955 4665; x_wconf 89' lang='lat' dir='ltr'><strong>die,</strong></span> <span class='ocrx_word' id='word_1_823' title='bbox 3014 4606 3308 4671; x_wconf 90' lang='lat' dir='ltr'><strong>antequam</strong></span> <span class='ocrx_word' id='word_1_824' title='bbox 3340 4600 3623 4672; x_wconf 87' lang='lat' dir='ltr'><strong>vesperti-</strong></span> 
     </span>
    </p>
   </div>
   <div class='ocr_carea' id='block_1_111' title="bbox 1999 4691 3621 4763">
    <p class='ocr_par' dir='ltr' id='par_1_111' title="bbox 1999 4691 3621 4763">
     <span class='ocr_line' id='line_1_112' title="bbox 1999 4691 3621 4763; baseline 0.001 -16"><span class='ocrx_word' id='word_1_825' title='bbox 1999 4691 2139 4747; x_wconf 89' lang='lat' dir='ltr'><strong>nalis</strong></span> <span class='ocrx_word' id='word_1_826' title='bbox 2187 4692 2309 4747; x_wconf 89' lang='lat' dir='ltr'><strong>laus</strong></span> <span class='ocrx_word' id='word_1_827' title='bbox 2364 4692 2654 4763; x_wconf 90' lang='lat' dir='ltr'><strong>inciperet,</strong></span> <span class='ocrx_word' id='word_1_828' title='bbox 2708 4701 2916 4747; x_wconf 87' lang='lat' dir='ltr'><strong>etcum</strong></span> <span class='ocrx_word' id='word_1_829' title='bbox 2976 4708 3007 4746; x_wconf 94' lang='lat' dir='ltr'><strong>a</strong></span> <span class='ocrx_word' id='word_1_830' title='bbox 3066 4693 3395 4749; x_wconf 91' lang='lat' dir='ltr'><strong>custodibus</strong></span> <span class='ocrx_word' id='word_1_831' title='bbox 3425 4710 3621 4749; x_wconf 88' lang='lat' dir='ltr'><strong>omnes</strong></span> 
     </span>
    </p>
   </div>
   <div class='ocr_carea' id='block_1_112' title="bbox 2000 4783 3617 4855">
    <p class='ocr_par' dir='ltr' id='par_1_112' title="bbox 2000 4783 3617 4855">
     <span class='ocr_line' id='line_1_113' title="bbox 2000 4783 3617 4855; baseline 0 -18"><span class='ocrx_word' id='word_1_832' title='bbox 2000 4784 2162 4838; x_wconf 91' lang='lat' dir='ltr'><strong>simul</strong></span> <span class='ocrx_word' id='word_1_833' title='bbox 2181 4799 2463 4855; x_wconf 68' lang='lat' dir='ltr'><strong>campanae</strong></span> <span class='ocrx_word' id='word_1_834' title='bbox 2494 4783 2562 4838; x_wconf 92' lang='lat' dir='ltr'><strong>ad</strong></span> <span class='ocrx_word' id='word_1_835' title='bbox 2583 4783 2892 4839; x_wconf 90' lang='lat' dir='ltr'><strong>sonandum</strong></span> <span class='ocrx_word' id='word_1_836' title='bbox 2925 4789 3300 4850; x_wconf 90' lang='lat' dir='ltr'><strong>moverentur,</strong></span> <span class='ocrx_word' id='word_1_837' title='bbox 3323 4783 3617 4838; x_wconf 87' lang='lat' dir='ltr'><strong>balneatus</strong></span> 
     </span>
    </p>
   </div>
   <div class='ocr_carea' id='block_1_113' title="bbox 2001 4878 3620 4950">
    <p class='ocr_par' dir='ltr' id='par_1_113' title="bbox 2001 4878 3620 4950">
     <span class='ocr_line' id='line_1_114' title="bbox 2001 4878 3620 4950; baseline -0.002 -17"><span class='ocrx_word' id='word_1_838' title='bbox 2001 4887 2055 4933; x_wconf 92' lang='lat' dir='ltr'><strong>et</strong></span> <span class='ocrx_word' id='word_1_839' title='bbox 2085 4886 2339 4947; x_wconf 86' lang='lat' dir='ltr'><strong>paratura</strong></span> <span class='ocrx_word' id='word_1_840' title='bbox 2369 4895 2532 4950; x_wconf 90' lang='lat' dir='ltr'><strong>quam</strong></span> <span class='ocrx_word' id='word_1_841' title='bbox 2565 4878 2633 4933; x_wconf 93' lang='lat' dir='ltr'><strong>ad</strong></span> <span class='ocrx_word' id='word_1_842' title='bbox 2665 4878 2881 4934; x_wconf 89' lang='lat' dir='ltr'><strong>obitum</strong></span> <span class='ocrx_word' id='word_1_843' title='bbox 2916 4893 3079 4932; x_wconf 91' lang='lat' dir='ltr'><strong>suum</strong></span> <span class='ocrx_word' id='word_1_844' title='bbox 3109 4887 3487 4933; x_wconf 90' lang='lat' dir='ltr'><strong>conservatam</strong></span> <span class='ocrx_word' id='word_1_845' title='bbox 3521 4878 3620 4930; x_wconf 90' lang='lat' dir='ltr'><strong>ha-</strong></span> 
     </span>
    </p>
   </div>
   <div class='ocr_carea' id='block_1_114' title="bbox 2002 4965 3621 5039">
    <p class='ocr_par' dir='ltr' id='par_1_114' title="bbox 2002 4965 3621 5039">
     <span class='ocr_line' id='line_1_115' title="bbox 2002 4965 3621 5039; baseline -0.001 -17"><span class='ocrx_word' id='word_1_846' title='bbox 2002 4968 2121 5023; x_wconf 90' lang='lat' dir='ltr'><strong>buit</strong></span> <span class='ocrx_word' id='word_1_847' title='bbox 2152 4968 2397 5036; x_wconf 79' lang='lat' dir='ltr'><strong>indutus,</strong></span> <span class='ocrx_word' id='word_1_848' title='bbox 2430 4984 2489 5023; x_wconf 91' lang='lat' dir='ltr'><strong>se</strong></span> <span class='ocrx_word' id='word_1_849' title='bbox 2518 4968 2673 5039; x_wconf 90' lang='lat' dir='ltr'><strong>quasi</strong></span> <span class='ocrx_word' id='word_1_850' title='bbox 2705 4967 3095 5025; x_wconf 86' lang='lat' dir='ltr'><strong>defuncturum</strong></span> <span class='ocrx_word' id='word_1_851' title='bbox 3126 4967 3405 5039; x_wconf 89' lang='lat' dir='ltr'><strong>deposuit.</strong></span> <span class='ocrx_word' id='word_1_852' title='bbox 3440 4965 3621 5021; x_wconf 81' lang='lat' dir='ltr'><strong>Finita</strong></span> 
     </span>
    </p>
   </div>
   <div class='ocr_carea' id='block_1_115' title="bbox 2006 5061 3624 5133">
    <p class='ocr_par' dir='ltr' id='par_1_115' title="bbox 2006 5061 3624 5133">
     <span class='ocr_line' id='line_1_116' title="bbox 2006 5061 3624 5133; baseline -0.003 -15"><span class='ocrx_word' id='word_1_853' title='bbox 2006 5070 2187 5118; x_wconf 90' lang='lat' dir='ltr'><strong>autem</strong></span> <span class='ocrx_word' id='word_1_854' title='bbox 2220 5061 2584 5133; x_wconf 90' lang='lat' dir='ltr'><strong>Vespertinali</strong></span> <span class='ocrx_word' id='word_1_855' title='bbox 2632 5061 2815 5128; x_wconf 91' lang='lat' dir='ltr'><strong>laude,</strong></span> <span class='ocrx_word' id='word_1_856' title='bbox 2839 5062 2962 5117; x_wconf 89' lang='lat' dir='ltr'><strong>aliis</strong></span> <span class='ocrx_word' id='word_1_857' title='bbox 2990 5061 3315 5132; x_wconf 90' lang='lat' dir='ltr'><strong>juvantibus</strong></span> <span class='ocrx_word' id='word_1_858' title='bbox 3331 5074 3389 5113; x_wconf 89' lang='lat' dir='ltr'><strong>se</strong></span> <span class='ocrx_word' id='word_1_859' title='bbox 3420 5074 3451 5111; x_wconf 94' lang='lat' dir='ltr'><strong>a</strong></span> <span class='ocrx_word' id='word_1_860' title='bbox 3476 5064 3624 5113; x_wconf 83' lang='lat' dir='ltr'><strong>terra</strong></span> 
     </span>
    </p>
   </div>
   <div class='ocr_carea' id='block_1_116' title="bbox 2007 5149 3619 5222">
    <p class='ocr_par' dir='ltr' id='par_1_116' title="bbox 2007 5149 3619 5222">
     <span class='ocr_line' id='line_1_117' title="bbox 2007 5149 3619 5222; baseline -0.002 -18"><span class='ocrx_word' id='word_1_861' title='bbox 2007 5150 2224 5217; x_wconf 87' lang='lat' dir='ltr'><strong>levavit,</strong></span> <span class='ocrx_word' id='word_1_862' title='bbox 2257 5157 2311 5205; x_wconf 91' lang='lat' dir='ltr'><strong>et</strong></span> <span class='ocrx_word' id='word_1_863' title='bbox 2331 5150 2489 5222; x_wconf 88' lang='lat' dir='ltr'><strong>quasi</strong></span> <span class='ocrx_word' id='word_1_864' title='bbox 2506 5158 2719 5206; x_wconf 90' lang='lat' dir='ltr'><strong>secreto</strong></span> <span class='ocrx_word' id='word_1_865' title='bbox 2750 5152 2913 5207; x_wconf 89' lang='lat' dir='ltr'><strong>dixit:</strong></span> <span class='ocrx_word' id='word_1_866' title='bbox 2938 5176 2961 5199; x_wconf 79' lang='grc' dir='ltr'><strong>«ι</strong></span> <span class='ocrx_word' id='word_1_867' title='bbox 2996 5151 3239 5207; x_wconf 89' lang='lat' dir='ltr'><strong>Osancte</strong></span> <span class='ocrx_word' id='word_1_868' title='bbox 3253 5149 3433 5215; x_wconf 88' lang='lat' dir='ltr'><strong>Petre,</strong></span> <span class='ocrx_word' id='word_1_869' title='bbox 3468 5162 3619 5202; x_wconf 92' lang='lat' dir='ltr'><strong>nunc</strong></span> 
     </span>
    </p>
   </div>
   <div class='ocr_carea' id='block_1_117' title="bbox 2008 5234 3626 5315">
    <p class='ocr_par' dir='ltr' id='par_1_117' title="bbox 2008 5234 3626 5315">
     <span class='ocr_line' id='line_1_118' title="bbox 2008 5234 3626 5315; baseline -0.003 -22"><span class='ocrx_word' id='word_1_870' title='bbox 2008 5255 2119 5295; x_wconf 92' lang='lat' dir='ltr'><strong>non</strong></span> <span class='ocrx_word' id='word_1_871' title='bbox 2150 5238 2328 5294; x_wconf 87' lang='lat' dir='ltr'><strong>fecisti</strong></span> <span class='ocrx_word' id='word_1_872' title='bbox 2352 5239 2495 5295; x_wconf 91' lang='lat' dir='ltr'><strong>sicut</strong></span> <span class='ocrx_word' id='word_1_873' title='bbox 2524 5254 2627 5315; x_wconf 87' lang='lat' dir='ltr'><strong>ego</strong></span> <span class='ocrx_word' id='word_1_874' title='bbox 2657 5238 2955 5296; x_wconf 69' lang='lat' dir='ltr'><strong>mstimavil</strong></span> <span class='ocrx_word' id='word_1_875' title='bbox 2984 5258 3009 5291; x_wconf 74' lang='grc' dir='ltr'><strong><em>ιο</em></strong></span> <span class='ocrx_word' id='word_1_876' title='bbox 3037 5237 3096 5291; x_wconf 85' lang='lat' dir='ltr'><strong>Et</strong></span> <span class='ocrx_word' id='word_1_877' title='bbox 3120 5235 3279 5308; x_wconf 88' lang='lat' dir='ltr'><strong>quasi</strong></span> <span class='ocrx_word' id='word_1_878' title='bbox 3310 5235 3497 5292; x_wconf 88' lang='lat' dir='ltr'><strong>animo</strong></span> <span class='ocrx_word' id='word_1_879' title='bbox 3519 5234 3626 5291; x_wconf 85' lang='lat' dir='ltr'><strong>ali-</strong></span> 
     </span>
    </p>
   </div>
   <div class='ocr_carea' id='block_1_118' title="bbox 2002 5362 3306 5436">
    <p class='ocr_par' dir='ltr' id='par_1_118' title="bbox 2002 5362 3306 5436">
     <span class='ocr_line' id='line_1_119' title="bbox 2002 5362 3306 5436; baseline 0 -19"><span class='ocrx_word' id='word_1_880' title='bbox 2002 5362 2124 5436; x_wconf 78' lang='lat' dir='ltr'><strong>guit</strong></span> <span class='ocrx_word' id='word_1_881' title='bbox 2141 5380 2165 5436; x_wconf 66' lang='grc' dir='ltr'><strong>Δ;</strong></span> <span class='ocrx_word' id='word_1_882' title='bbox 2192 5362 2480 5436; x_wconf 17' lang='lat' dir='ltr'><strong>ibiiglossa</strong></span> <span class='ocrx_word' id='word_1_883' title='bbox 2510 5379 2859 5436; x_wconf 67' lang='lat' dir='ltr'><strong>oeconomum</strong></span> <span class='ocrx_word' id='word_1_884' title='bbox 2893 5362 3306 5436; x_wconf 76' lang='lat' dir='ltr'><strong>interpretatur.</strong></span> 
     </span>
    </p>
   </div>
   <div class='ocr_carea' id='block_1_119' title="bbox 2074 5432 3461 5512">
    <p class='ocr_par' dir='ltr' id='par_1_119' title="bbox 2074 5432 3461 5512">
     <span class='ocr_line' id='line_1_120' title="bbox 2074 5432 3461 5512; baseline -0.002 -24"><span class='ocrx_word' id='word_1_885' title='bbox 2074 5432 2181 5512; x_wconf 60' lang='lat'><strong>(90)</strong></span> <span class='ocrx_word' id='word_1_886' title='bbox 2214 5432 2343 5512; x_wconf 45' lang='lat' dir='ltr'><strong>Ali,</strong></span> <span class='ocrx_word' id='word_1_887' title='bbox 2368 5435 2607 5512; x_wconf 79' lang='lat' dir='ltr'><strong>Battoni,</strong></span> <span class='ocrx_word' id='word_1_888' title='bbox 2640 5435 2789 5507; x_wconf 87' lang='lat' dir='ltr'><strong>quod</strong></span> <span class='ocrx_word' id='word_1_889' title='bbox 2804 5433 3013 5512; x_wconf 74' lang='lat' dir='ltr'><strong>probat</strong></span> <span class='ocrx_word' id='word_1_890' title='bbox 3030 5432 3332 5512; x_wconf 65' lang='lat' dir='ltr'><strong>Welserus.</strong></span> <span class='ocrx_word' id='word_1_891' title='bbox 3450 5501 3461 5512; x_wconf 44' lang='lat'>.</span> 
     </span>
    </p>
   </div>
   <div class='ocr_carea' id='block_1_120' title="bbox 2069 5502 3619 5574">
    <p class='ocr_par' dir='ltr' id='par_1_120' title="bbox 2069 5502 3619 5574">
     <span class='ocr_line' id='line_1_121' title="bbox 2069 5502 3619 5574; baseline -0.001 -14"><span class='ocrx_word' id='word_1_892' title='bbox 2069 5502 2173 5574; x_wconf 51' lang='lat'><strong>(6‘1)</strong></span> <span class='ocrx_word' id='word_1_893' title='bbox 2224 5505 2539 5574; x_wconf 84' lang='lat' dir='ltr'><strong>Antiquitus</strong></span> <span class='ocrx_word' id='word_1_894' title='bbox 2594 5502 2705 5561; x_wconf 83' lang='lat' dir='ltr'><strong>trés</strong></span> <span class='ocrx_word' id='word_1_895' title='bbox 2745 5502 2923 5559; x_wconf 72' lang='lat' dir='ltr'><strong>missa:</strong></span> <span class='ocrx_word' id='word_1_896' title='bbox 2973 5503 3397 5559; x_wconf 90' lang='lat' dir='ltr'><strong>celebrabantur</strong></span> <span class='ocrx_word' id='word_1_897' title='bbox 3447 5502 3505 5555; x_wconf 90' lang='lat' dir='ltr'><strong>in</strong></span> <span class='ocrx_word' id='word_1_898' title='bbox 3537 5502 3619 5558; x_wconf 88' lang='lat' dir='ltr'><strong>fe-</strong></span> 
     </span>
    </p>
   </div>
   <div class='ocr_carea' id='block_1_121' title="bbox 1999 5574 3615 5657">
    <p class='ocr_par' dir='ltr' id='par_1_121' title="bbox 1999 5574 3615 5657">
     <span class='ocr_line' id='line_1_122' title="bbox 1999 5574 3615 5657; baseline -0.002 -25"><span class='ocrx_word' id='word_1_899' title='bbox 1999 5576 2241 5657; x_wconf 78' lang='lat' dir='ltr'><strong>stivitate</strong></span> <span class='ocrx_word' id='word_1_900' title='bbox 2352 5574 2802 5657; x_wconf 36' lang='lat' dir='ltr'><strong>Iolan._l3apt_i§t_ae</strong></span> <span class='ocrx_word' id='word_1_901' title='bbox 2838 5593 2868 5657; x_wconf 37' lang='grc' dir='ltr'><strong>τι</strong></span> <span class='ocrx_word' id='word_1_902' title='bbox 2887 5591 3003 5657; x_wconf 65' lang='lat' dir='ltr'><strong>una</strong></span> <span class='ocrx_word' id='word_1_903' title='bbox 3055 5575 3284 5657; x_wconf 64' lang='lat' dir='ltr'><strong>scilicet</strong></span> <span class='ocrx_word' id='word_1_904' title='bbox 3322 5576 3378 5630; x_wconf 91' lang='lat' dir='ltr'><strong>in</strong></span> <span class='ocrx_word' id='word_1_905' title='bbox 3393 5574 3615 5657; x_wconf 46' lang='lat' dir='ltr'><strong>‘vigilia,</strong></span> 
     </span>
    </p>
   </div>
   <div class='ocr_carea' id='block_1_122' title="bbox 1999 5645 3615 5775">
    <p class='ocr_par' dir='ltr' id='par_1_122' title="bbox 1999 5645 3615 5775">
     <span class='ocr_line' id='line_1_123' title="bbox 1999 5645 3615 5775; baseline -0.001 -73"><span class='ocrx_word' id='word_1_906' title='bbox 1999 5648 2231 5773; x_wconf 38' lang='lat' dir='ltr'><strong>aliquae</strong></span> <span class='ocrx_word' id='word_1_907' title='bbox 2259 5648 2386 5775; x_wconf 65' lang='lat' dir='ltr'><strong>du3a§</strong></span> <span class='ocrx_word' id='word_1_908' title='bbox 2412 5649 2467 5702; x_wconf 92' lang='lat' dir='ltr'><strong>in</strong></span> <span class='ocrx_word' id='word_1_909' title='bbox 2509 5645 2638 5704; x_wconf 39' lang='lat' dir='ltr'><strong>die.‘</strong></span> <span class='ocrx_word' id='word_1_910' title='bbox 2670 5646 2791 5702; x_wconf 86' lang='lat' dir='ltr'><strong>Vid.</strong></span> <span class='ocrx_word' id='word_1_911' title='bbox 2841 5646 3124 5715; x_wconf 83' lang='lat' dir='ltr'><strong>Albinum,</strong></span> <span class='ocrx_word' id='word_1_912' title='bbox 3156 5652 3212 5703; x_wconf 90' lang='lat' dir='ltr'><strong>et</strong></span> <span class='ocrx_word' id='word_1_913' title='bbox 3258 5645 3615 5714; x_wconf 80' lang='lat' dir='ltr'><strong>Amalarium,</strong></span> 
     </span>
     <span class='ocr_line' id='line_1_124' title="bbox 2023 5735 2406 5775; baseline 0 -2"><span class='ocrx_word' id='word_1_914' title='bbox 2023 5736 2039 5773; x_wconf 88' lang='grc' dir='ltr'>ι</span> <span class='ocrx_word' id='word_1_915' title='bbox 2087 5761 2099 5774; x_wconf 93' lang='grc'><strong>.</strong></span> <span class='ocrx_word' id='word_1_916' title='bbox 2139 5735 2285 5775; x_wconf 86' lang='lat' dir='ltr'><strong>m.c.</strong></span> <span class='ocrx_word' id='word_1_917' title='bbox 2395 5761 2406 5773; x_wconf 93' lang='lat'><strong>.</strong></span> 
     </span>
    </p>
   </div>
   <div class='ocr_carea' id='block_1_123' title="bbox 2023 5735 2406 5787">
    <p class='ocr_par' dir='ltr' id='par_1_123' title="bbox 2023 5735 2406 5787">
     <span class='ocr_line' id='line_1_125' title="bbox 2023 5735 2406 5787; baseline 0 -14"><span class='ocrx_word' id='word_1_918' title='bbox 2023 5735 2099 5774; x_wconf 80' lang='grc' dir='ltr'><strong>ιο.</strong></span> <span class='ocrx_word' id='word_1_919' title='bbox 2139 5735 2285 5787; x_wconf 86' lang='lat' dir='ltr'><strong>m,c.</strong></span> <span class='ocrx_word' id='word_1_920' title='bbox 2318 5735 2406 5775; x_wconf 63' lang='grc' dir='ltr'><strong>ὅσ.</strong></span> 
     </span>
    </p>
   </div>
  </div>
