4062 6164
473 243 492 298 1
503 241 601 299 051

1553 257 1603 310 S.
1647 257 1951 316 UDALRICI
1994 262 2358 320 AUGUSTANI
2398 267 2711 324 EPISCOPI.

3662 278 3804 334 1052

469 376 736 477 quantum
750 371 819 426 de
833 373 936 428 hac
954 389 1011 430 re
1031 383 1217 477 mente
1237 386 1890 445 consternatusmanebat
1914 407 2039 445 eum
2060 407 2074 445 :
2102 395 2154 464 Α
2177 410 2302 450 cum
2330 396 2545 453 audiret
2573 399 2721 470 quod
2735 398 3388 471 episcOpiBauvariorum
3420 405 3492 461 de
3521 407 3799 477 praedicto

467 460 728 517 Praafatus
760 470 943 519 autem
976 468 1268 539 presbyter
1293 472 1608 532 Gerhardus
1639 479 1775 535 dixit
1804 481 1872 536 ad
1904 498 2029 537 eum
2060 501 2073 537 :

471 576 490 603 ι
528 555 779 624 Domine,
813 559 926 615 noli
957 564 1285 634 contristari,
1336 570 1434 624 sed
1466 574 1756 629 recordare
1788 577 1918 647 quia
1955 578 2078 633 aliis

466 647 667 702 sanctis
688 649 967 721 episcopis
992 653 1249 709 similiter
1275 659 1504 733 contigit
1535 680 1550 728 ;
1580 664 1675 717 uni
1706 666 1853 720 enim
1870 667 2076 724 dictum

466 744 584 793 est:
621 738 771 795 Circa
818 743 999 798 natale
1052 749 1424 817 apostolorum
1475 753 1544 807 de
1604 756 1708 811 hoc
1765 760 1966 815 saeculo
2007 763 2076 816 ad

464 830 711 901 requiem
771 849 830 887 es
887 836 1271 906 perducturus,
1337 841 1383 897 is
1435 860 1559 899 cum
1607 858 1854 917 speraret
1903 866 1961 905 se
2019 853 2077 908 in

467 926 649 980 natale
688 929 1060 998 apostolorum
1110 932 1340 1003 obiisse,
1400 938 1634 995 induciae
1669 942 1718 996 ei
1775 943 2074 1019 prolonga-

462 1010 666 1068 bantur
693 1032 869 1085 usque
901 1018 957 1072 in
1001 1030 1258 1078 octavum
1290 1026 1461 1094 diem,
1522 1037 1577 1084 et
1608 1038 1738 1086 tunc
1776 1010 2078 1091 defunctus

466 1107 567 1155 est.
601 1102 783 1159 Cassio
816 1107 1102 1165 Narniensi
1129 1114 1416 1186 episcopo,
1474 1135 1573 1188 per
1619 1122 1914 1191 quemdam
1949 1141 2079 1195 pre-

471 1188 752 1264 sbyterum
808 1193 877 1248 ab
931 1198 1130 1271 angelo
1181 1200 1513 1276 ﬂagellatum
1564 1188 1769 1264 dictum
1799 1220 1882 1267 est
1916 1188 2079 1271 :INon

468 1287 645 1334 cesset
670 1297 865 1337 manus
896 1292 1007 1352 tua,
1065 1304 1176 1343 non
1228 1302 1405 1349 cesset
1440 1312 1538 1366 pes
1585 1304 1733 1369 tuus,
1784 1319 1884 1375 age
1929 1306 2076 1375 quod

468 1368 606 1441 agis,
638 1385 869 1440 Operare
899 1377 1047 1446 quod
1064 1382 1331 1450 operaris,
1359 1386 1524 1440 natali
1575 1368 2078 1459 apostolorum-ve-

469 1457 590 1513 nies
620 1460 684 1514 ad
713 1478 821 1517 me.
845 1485 864 1513 ι
893 1465 1195 1539 Episcopus
1209 1482 1414 1541 autem,
1437 1457 1719 1533 aestimans
1743 1480 1799 1534 in
1821 1482 2079 1538 solemni-

468 1556 579 1605 tate
600 1556 1125 1631 apostolorum,qum
1151 1570 1282 1619 tunc
1310 1568 1557 1636 proxima
1595 1573 1847 1639 erat,sibi
1867 1575 2079 1631 obitum

464 1659 622 1697 suum
656 1645 965 1718 imminere,
998 1652 1057 1707 in
1097 1654 1520 1731 quibuscunque
1557 1664 1734 1732 potuit
1759 1666 1827 1719 ad
1858 1667 2082 1738 deposi-

469 1736 678 1792 tionem
714 1744 962 1813 corporis
991 1748 1073 1802 sui
1105 1765 1415 1821 praeparare
1445 1771 1505 1809 se
1534 1758 1765 1815 studuit.
1797 1736 2077 1819 Solemni-

466 1830 577 1879 tatc
604 1827 789 1899 itaque
842 1832 1193 1904 adveniente,
1226 1854 1395 1895 sanus
1454 1848 1814 1912 permanebat
1839 1858 1894 1906 et
1926 1852 2080 1908 inco-

468 1917 652 1986 lumis,
677 1921 825 1977 etsic
848 1926 1069 1993 mansit,
1087 1927 1549 1990 doneccurricula
1574 1945 1785 2008 septem
1811 1959 2080 2000 annorum

470 2014 838 2083 prmterirent,
864 2025 920 2071 et
944 2024 1076 2075 tunc
1120 2021 1175 2075 in
1207 2026 1404 2081 eodem
1451 2029 1561 2096 die,
1609 2033 1753 2089 sicut
1781 2037 1832 2091 ei
1873 2039 2078 2096 dictum

476 2109 577 2171 est,
636 2106 830 2161 multis
874 2108 1039 2165 bonis
1096 2116 1420 2184 praemissis,
1461 2128 1517 2176 et
1574 2139 1729 2181 sacro
1772 2129 2080 2189 ministerio

470 2191 708 2262 expleto,
725 2194 963 2251 feliciter
987 2201 1237 2275 migravit
1258 2210 1525 2266 asaeculo.
1547 2232 1576 2261 ιο
1602 2213 1694 2269 llis
1714 2218 1939 2287 auditis,
1955 2237 2083 2276 san-

468 2289 588 2337 ctus
620 2285 1053 2358 episcOpusvera
1082 2308 1202 2348 esse
1234 2300 1555 2357 recordatus
1580 2311 1682 2372 est,
1715 2314 1771 2361 et
1795 2285 2083 2380 respondit

467 2374 517 2429 ei
558 2375 750 2431 dicens
784 2396 796 2432 :
839 2381 1026 2437 «Bene
1044 2385 1456 2459 dixisti,frater,
1494 2374 2083 2460 netrevelatusmente

468 2466 617 2522 bono
647 2468 832 2525 animo
864 2475 1150 2545 manebat,
1169 2486 1368 2536 etcum
1393 2499 1459 2539 eo
1483 2490 1837 2547 manentibus
1863 2493 2081 2551 dulcem

469 2565 525 2658 et
553 2562 904 2617 commodum
936 2581 997 2620 se
1014 2568 1314 2627 exhibebat
1350 2591 1360 2628 :
1388 2576 1595 2633 nullum
1616 2580 1938 2658 objurgans,
1960 2588 2084 2642 nul-

467 2649 580 2706 lum
612 2652 925 2725 increpans,
959 2660 1095 2714 nulli
1130 2662 1320 2733 iratus,
1355 2669 1488 2723 nulli
1517 2649 1958 2743 molestus:nulli
1992 2681 2084 2735 ad-

468 2758 676 2808 versus,
713 2747 923 2804 nullum
952 2752 1181 2809 verbum
1210 2757 1446 2829 alicujus
1480 2762 1886 2825 lamentationis
1915 2772 1983 2826 ab
2016 2789 2081 2829 eo

471 2833 820 2934 audiebatur,
860 2841 960 2894 sed
990 2842 1134 2899 bona
1166 2848 1353 2903 omnia
1391 2867 1513 2922 quae.
1543 2862 1676 2910 tunc
1723 2860 1919 2928 potuit,
1948 2880 2083 2934 pras—

468 2923 718 3024 sentibus
748 2936 802 2980 et
853 2928 1179 2988 absentibus
1231 2935 1390 2993 fecit.
1420 2941 1638 2998 Nemini
1674 2923 2079 3024 indulgentiam

467 3014 708 3120 negavit,
732 3019 916 3120 gratia
946 3037 1060 3079 suae
1114 3025 1519 3089 benedictionis
1557 3052 1750 3095 omnes
1780 3014 2081 3120 consigna-

469 3100 565 3155 vit.
594 3101 891 3161 Praedictus
930 3126 1060 3166 vero
1112 3114 1428 3175 Richwinus
1475 3139 1682 3192 comes,
1732 3147 1907 3201 nepos
1936 3093 2077 3203 Ejus,
2103 3093 2152 3161 Ο

468 3194 651 3299 adhuc
679 3195 748 3249 de
778 3200 949 3299 regali
974 3202 1258 3264 locutione
1285 3226 1395 3267 non
1427 3194 1825 3280 revertebatur:
1857 3225 1931 3281 De
1965 3194 2081 3299 quo

470 3282 746 3374 interdum
779 3288 1000 3346 dicebat
1034 3310 1047 3347 τ
1083 3317 1108 3344 α
1137 3297 1715 3371 ORichwine,utinam
1748 3328 1837 3367 me
1861 3282 2080 3374 vivehte

472 3372 778 3475 veniresnut
809 3383 860 3432 te
889 3380 1133 3439 viderem
1166 3385 1180 3440 l
1214 3409 1233 3439 ο
1270 3391 1342 3446 Eo
1365 3398 1843 3475 annosplemnitas
1866 3372 2083 3475 aposto-

471 3460 822 3569 lor-um.Petri
852 3477 908 3569 et
929 3471 1082 3529 Pauli
1112 3478 1400 3539 Dominica
1428 3485 1520 3542 die
1539 3468 1852 3562 eveniebat,
1882 3460 1959 3551 de
1977 3460 2086 3569 qua

471 3553 699 3651 optimis
725 3560 996 3633 moribus,
1027 3566 1169 3622 sicut
1210 3573 1461 3641 praedixi,
1496 3553 1873 3651 exspectabat,
1905 3553 2088 3643 donec

472 3644 591 3700 dies
620 3649 828 3719 quintae
857 3653 1009 3712 feria:
1039 3664 1427 3729 pertransisset
1460 3685 1474 3735 ;
1503 3669 1561 3724 in
1593 3671 1687 3727 illa
1718 3682 1899 3745 nocte,
1926 3686 2089 3735 antea

473 3751 639 3806 quam
684 3755 881 3835 aurora
909 3753 1075 3802 sextae
1104 3748 1257 3807 feriae
1287 3753 1433 3812 bene
1490 3763 1748 3835 cognosci
1791 3767 2079 3835 potuisset.

472 3838 697 3893 asperso
725 3828 910 3886 cinere
942 3832 999 3887 in
1029 3837 1253 3894 modum
1281 3846 1479 3914 crucis,
1507 3828 1737 3922 et'aqua
1791 3828 2087 3913 benedicta

426 3968 433 3977 ,
473 3934 719 3990 aspersa,
766 3939 826 3978 se
856 3925 1062 3998 deponi
1121 3932 1268 3998 fecit,
1302 3944 1357 3992 et
1385 3939 1464 3996 sic
1497 3943 1718 4011 jacebat
1745 3964 1921 4022 usque
1953 3952 2083 4007 dum

475 4025 673 4067 aurora
697 4024 950 4073 cunctam
977 4020 1327 4082 latitudinem
1358 4031 1510 4089 orbis
1547 4020 1883 4095 illuminaret
1935 4042 2088 4100 Tunc

475 4102 794 4209 Richvvinus
823 4111 893 4166 de
945 4115 1148 4185 palatio
1190 4123 1413 4181 rediens
1456 4128 1702 4201 intravit,
1760 4145 1815 4191 et
1862 4137 2088 4213 legatio-

475 4212 601 4252 nem
630 4199 979 4272 imperatoris
1027 4226 1093 4267 eo
1124 4215 1385 4274 audiente
1433 4199 1831 4285 recitavit'Eo
1879 4199 2093 4288 scilicet

470 4288 588 4346 viso
627 4290 1018 4372 legationeque
1063 4305 1271 4376 audita,
1310 4312 1503 4368 oculos
1560 4315 1749 4373 levans
1779 4323 2083 4378 secundum

473 4395 626 4480 suam
654 4386 1082 4481 possibilitatem
1116 4396 1320 4469 gratias
1348 4401 1547 4476 agebat
1574 4386 1682 4461 Deo
1710 4409 2083 4481 omnipotenti

473 4469 588 4540 qui,
618 4476 923 4533 secundum
966 4481 1111 4538 dicta
1157 4486 1325 4543 David
1374 4469 1659 4563 prOphetaa
1692 4514 1705 4551 :
1746 4469 2086 4559 Voldntatem

472 4563 775 4623 timentium
802 4586 857 4624 se
881 4574 1067 4644 faciet,
1100 4585 1204 4635 etc.
1230 4574 1407 4651 '(Psal.
1433 4589 1635 4661 chIv.)
1675 4591 1961 4650 Richwino
1992 4612 2086 4651 au-

474 4665 587 4713 tem
614 4673 870 4734 exeunte,
905 4671 1103 4726 statim
1158 4675 1353 4733 eadem
1410 4681 1545 4737 hora
1595 4683 1809 4741 clericis
1839 4686 2083 4744 litaniam

480 4752 680 4809 devote
700 4761 1027 4818 canentibus
1055 4766 1297 4824 animam
1342 4772 1455 4827 Deo
1485 4778 1902 4843 commendans.
1936 4797 2082 4838 anno

480 4846 878 4906 incarnationis
897 4853 1111 4911 Domini
1132 4861 1311 4915 nostri
1342 4862 1471 4918 Jesu
1502 4864 1696 4923 Christi
1740 4869 1865 4939 973,
1912 4874 2088 4928 aetatis

473 4955 696 5010 Lxxxm,
720 4944 1086 5005 ordinationis
1137 4959 1320 5009 autem
1359 4973 1408 5026 L,
1468 4966 1661 5029 quarto
1709 4961 1800 5018 die
1851 4962 1988 5020 Julii
2036 4984 2087 5020 ιν

476 5032 618 5099 Non,
638 5035 887 5104 ejusdem
909 5040 1137 5105 mensis,
1170 5042 1261 5099 die
1293 5044 1537 5113 Veneris,
1562 5047 1713 5106 felici
1742 5052 1897 5108 obitu
1930 5057 2085 5127 quasi

478 5136 674 5179 somno
695 5126 845 5180 suavi
877 5138 1189 5199 soporatus,
1215 5136 1492 5208 ergastulo
1519 5140 1766 5210 corporis
1778 5126 2086 5215 exemptus,

477 5212 732 5287 migravit
756 5218 826 5273 ad
848 5222 1116 5293 requiem.
1160 5223 1263 5280 Pro
1284 5234 1434 5283 certo
1464 5236 1710 5286 sanctum
1740 5212 2089 5304 corpus—cum

479 5302 547 5358 ad
577 5304 868 5364 lavandum
909 5328 1062 5369 more
1102 5313 1265 5371 solito
1318 5316 1657 5373 denudatum
1681 5302 1900 5391 fuisset,
1933 5325 2087 5380 suavi

480 5399 669 5455 odoris
716 5398 985 5476 fragantia
1025 5422 1187 5462 nares
1237 5410 1486 5465 omnium
1524 5411 1598 5466 ibi
1630 5416 1972 5471 manentium
2000 5433 2086 5472 re-

478 5491 671 5562 plevit,
703 5502 758 5549 et
790 5497 978 5553 tandiu
1008 5501 1307 5569 permansit
1336 5502 1697 5576 quoadusque
1714 5521 1913 5578 corpus
1941 5509 2087 5563 lava-

475 5589 592 5636 tum
624 5583 1139 5657 przedestinatisque
1167 5590 1414 5646 vestibus
1476 5590 1748 5660 indutum,
1780 5603 1834 5649 et
1886 5594 2085 5653 feretro

483 5671 825 5741 impositum,
864 5673 923 5728 in
961 5675 1250 5733 ecclesiam
1292 5687 1617 5750 portaretur.
1653 5680 1843 5738 Clerus
1881 5699 2083 5757 nempe

2178 486 2454 558 colloquio
2487 488 2730 544 redirent
2749 489 2817 544 ad
2848 505 3004 544 suam
3018 490 3379 561 provinciam,
3405 495 3573 551 misso
3593 496 3810 572 legato,

2176 577 2471 632 voluerunt
2498 578 2977 650 archiepiscopum
3032 580 3381 638 Fredericum
3411 586 3482 640 ad
3520 602 3807 643 commen-

2178 666 2458 722 dationem
2503 669 2643 723 sacri
2680 670 2927 741 corporis
2984 686 3221 727 vocare:
3253 691 3496 747 cumque
3536 677 3606 731 ad
3642 677 3803 733 illum

2180 759 2407 813 nuntius
2430 760 3015 827 veniret,inveniteum
3044 770 3191 818 tanta
3218 763 3536 822 inﬁrmitate
3559 768 3804 823 febrium

2179 847 2485 915 detentum,
2518 856 2577 904 ut
2617 850 2769 906 nullo
2798 852 2965 907 modo
3003 853 3269 909 advenire
3301 857 3595 924 potuisset.
3634 857 3801 913 Misso

2180 947 2361 993 autem
2389 956 2512 994 cum
2544 941 2764 996 tristitia
2824 942 2956 997 inde
3013 950 3347 1011 revertente,
3400 946 3619 1000 audivit
3652 948 3802 1017 quod

2179 1030 2525 1084 venerandus
2555 1031 2852 1102 episcopus
2883 1031 3239 1108 Wolfgangus
3265 1034 3332 1088 ad
3363 1034 3546 1090 locum
3583 1036 3687 1107 qui
3710 1037 3798 1090 di-

2180 1116 2323 1172 citur
2341 1118 2698 1195 Nordilingga
2726 1119 2917 1175 venire
2932 1121 3199 1176 voluisset
3231 1141 3246 1189 ;
3270 1122 3326 1176 in
3353 1138 3648 1179 occursum
3673 1126 3801 1193 ejus

2180 1206 2473 1262 festinavit.
2508 1208 2585 1261 Ad
2627 1225 2753 1263 eum
2784 1215 2932 1264 certe
2998 1226 3122 1265 cum
3169 1212 3500 1282 perveniret,
3532 1215 3803 1270 salutatus

2178 1296 2247 1350 ab
2277 1313 2343 1352 eo
2374 1296 2583 1353 audivit
2608 1296 2758 1368 quod
2788 1299 3084 1373 Augustam
3125 1300 3401 1355 civitatem
3432 1317 3670 1376 pergere
3705 1318 3804 1358 vo—

2179 1391 2392 1460 luisset,
2421 1393 2640 1448 visitare
2692 1401 2941 1449 sanctum
2994 1395 3091 1448 Dei
3122 1411 3342 1451 servum
3386 1396 3711 1452 Udalricum
3746 1398 3799 1452 in

2182 1486 2499 1544 infirmitate
2525 1490 2826 1545 detentum.
2864 1490 2960 1545 Cui
2992 1491 3083 1546 ille
3115 1492 3435 1562 respondit:
3468 1518 3492 1539 κ
3527 1493 3796 1548 Dominus

2183 1581 2453 1636 sanctitati
2492 1590 2599 1635 tum
2638 1582 2900 1652 praecepit
2936 1582 3161 1637 visitare
3190 1598 3341 1649 eum,
3373 1590 3427 1638 et
3459 1598 3563 1655 ego
3597 1584 3671 1638 ad
3703 1585 3799 1639 hoc

2184 1675 2309 1730 veni
2342 1683 2399 1730 ut
2423 1676 2733 1731 nuntiarem
2757 1677 2853 1730 tibi
2878 1678 3010 1749 quia
3026 1678 3438 1744 defunctusest,
3467 1679 3615 1733 etde
3647 1681 3797 1734 omni

2183 1768 2613 1842 congregatione
2668 1768 2743 1822 ibi
2800 1770 2912 1824 Deo
2972 1769 3243 1824 militante
3307 1778 3360 1825 te
3411 1769 3692 1846 ﬂagitare,
3744 1781 3799 1826 ut

2183 1856 2380 1921 festiue
2411 1857 2633 1911 venires
2664 1868 2718 1912 ct
2768 1864 3019 1914 sanctum
3060 1874 3260 1929 corpus
3291 1860 3403 1915 Deo
3434 1860 3797 1916 commenda-

2183 1964 2290 2003 res.
2325 1968 2350 1999 ι>
2371 1949 2485 2014 Quo
2507 1948 2716 2015 audito,
2745 1941 2967 2004 Sanctus
2996 1950 3292 2021 episcopus
3314 1966 3516 2025 magna
3541 1953 3801 2007 maestitia

2182 2047 2373 2110 septus
2404 2045 2485 2093 est
2517 2039 2610 2104 ;in
2640 2039 2834 2094 eadem
2865 2047 3025 2095 nocte
3080 2040 3324 2096 diluculo
3354 2042 3624 2108 surrexit,
3657 2051 3713 2098 et
3740 2043 3799 2097 ad

2182 2130 2474 2201 Augustam
2515 2144 2747 2203 pergere
2777 2130 2964 2200 caapit.
3024 2131 3083 2183 In
3142 2129 3337 2185 itinere
3365 2147 3501 2186 vero
3556 2148 3686 2186 cum
3717 2148 3801 2188 co-

2182 2220 2464 2294 gnovisset
2490 2220 2638 2291 quod
2670 2220 2739 2275 ad
2768 2236 3073 2295 congruum
3102 2229 3319 2292 tempus
3349 2222 3479 2278 illuc
3508 2224 3800 2293 pervenire

2184 2328 2296 2368 non
2311 2313 2536 2379 valeret,
2567 2313 2849 2383 praemisso
2866 2313 3064 2368 eodem
3079 2313 3283 2389 legato,
3306 2314 3797 2371 nuntiavitadven—

2184 2410 2297 2456 tum
2325 2401 2460 2470 ejus.
2497 2401 2721 2457 Interim
2757 2417 2890 2458 vero
2944 2418 3145 2472 corpus
3195 2403 3250 2457 in
3306 2403 3547 2458 ecclesia
3596 2413 3799 2460 sancta:

2185 2494 2365 2550 Maria:
2388 2511 2417 2549 a
2447 2494 2981 2570 congregationedie
3015 2502 3432 2566 noctuquecum
3457 2497 3803 2553 orationibus

2187 2595 2243 2640 et
2270 2585 2563 2640 missarum
2586 2584 3073 2653 celebrationibus,
3104 2593 3265 2641 caute
3294 2593 3350 2641 et
3378 2587 3583 2643 devote
3610 2597 3795 2644 custo-

2184 2678 2438 2732 diebatur
2465 2693 2642 2748 usque
2663 2676 2720 2730 in
2751 2676 2897 2731 diem
2927 2677 3288 2741 Dominicam.
3322 2679 3422 2733 Die
3449 2694 3581 2734 vero
3615 2681 3802 2735 Domi-

2184 2768 2307 2823 nica
2323 2774 2444 2837 post
2467 2767 2694 2838 primam
2724 2765 2951 2821 missam
2973 2782 3071 2838 pro
3103 2767 3226 2836 ejus
3254 2768 3442 2822 anima
3469 2769 3800 2824 celebratam

2183 2866 2517 2934 congregato
2556 2858 2705 2914 clero
2727 2865 2782 2912 et
2827 2858 3331 2914 sanctimonialium
3362 2861 3799 2933 congregatione

2128 2995 2134 3000 .
2181 2948 2536 3018 adveniente,
2566 2957 2621 3003 et
2654 2963 2856 3022 magna
2884 2948 2955 3003 de
2985 2949 3284 3019 provinciis
3312 2949 3671 3005 multitudine
3704 2966 3803 3022 po-

2182 3039 2318 3109 puli,
2348 3038 2656 3109 presbyteri
2707 3038 3027 3093 levaverunt
3058 3053 3281 3108 corpus,
3315 3044 3369 3092 et
3420 3039 3490 3092 ad
3546 3038 3793 3093 Sanctam

2181 3128 2361 3183 Afram
2387 3127 2480 3183 ubi
2510 3133 2672 3182 antea
2701 3128 3016 3198 sepulcrum
3041 3127 3162 3196 ejus
3195 3136 3569 3199 praeparatum
3603 3129 3800 3196 fuerat,

2184 3225 2400 3289 portare
2447 3224 2759 3287 cmperunt.
2809 3215 3054 3288 Cumque
3086 3218 3343 3272 venirent
3373 3218 3444 3272 ad
3474 3219 3684 3273 collem
3714 3219 3799 3290 qui

2183 3306 2385 3361 dicitur
2414 3305 2699 3361 Pereleich
2752 3305 2872 3376 [al.,
2928 3306 3219 3377 Perelich],
3270 3306 3535 3377 praefatus
3568 3308 3795 3361 nuntius

2181 3398 2350 3465 venit,
2385 3404 2439 3451 et
2485 3398 2780 3452 adventum
2839 3396 3151 3471 Wolfgangi
3211 3397 3462 3469 episcopi
3514 3398 3798 3453 nuntiavit.

2187 3486 2269 3540 Illi
2298 3493 2479 3540 autem
2512 3486 2880 3556 perducentes
2909 3501 3111 3556 corpus
3164 3486 3218 3540 in
3269 3487 3569 3542 ecclesiam
3598 3494 3791 3542 sancta

2186 3574 2348 3640 Afrm,
2387 3581 2441 3629 et
2479 3575 2611 3630 item
2633 3574 2858 3628 missam
2888 3573 3244 3630 sacrificalem
3273 3592 3398 3630 cum
3428 3577 3582 3631 omni
3625 3578 3790 3631 devo-

2188 3667 2339 3722 tione
2371 3681 2469 3737 pro
2500 3667 2692 3739 requie
2722 3667 2843 3736 ejus
2871 3667 3070 3722 animae
3102 3668 3547 3723 celebraverunt.
3583 3670 3798 3740 Episco-

2187 3772 2289 3828 pus
2312 3771 2442 3812 vero
2473 3772 2597 3811 cum
2626 3756 2807 3812 adhuc
2833 3772 2945 3811 non
2999 3756 3236 3826 veniret,
3277 3765 3332 3811 et
3387 3759 3526 3812 hora
3553 3759 3661 3814 diei
3695 3774 3802 3813 non

2187 3848 2447 3916 tardaret,
2508 3848 2616 3902 nisi
2675 3856 2891 3919 tempus
2962 3849 3358 3904 celebrationis
3436 3850 3650 3921 publici
3706 3850 3801 3905 Dei

2186 3937 2476 3992 ministerii
2507 3937 2839 4006 immineret,
2893 3944 2947 3992 et
2994 3938 3101 3992 hoc
3151 3954 3276 3993 cum
3321 3939 3472 3993 omni
3506 3939 3800 3994 devotione

2187 4050 2219 4089 a
2263 4033 2694 4107 congregatione
2776 4033 3104 4088 clericorum
3182 4033 3569 4104 perficeretur,
3650 4034 3800 4089 venit

2193 4125 2453 4197 praefatus
2477 4126 2794 4195 episcOpus,
2850 4125 2945 4196 qui
3003 4141 3130 4180 cum
3179 4123 3485 4180 honoriﬁce
3511 4136 3798 4197 susceptus

2193 4218 2407 4285 fuisset,
2432 4227 2486 4273 et
2513 4216 2746 4273 orationi
2799 4216 2966 4272 finem
2992 4216 3369 4288 imposuisset,
3402 4217 3656 4273 salutatis
3677 4234 3708 4271 a
3737 4234 3795 4272 se

2193 4310 2449 4366 fratribus
2461 4309 2598 4365 dixit
2627 4328 2640 4364 :
2668 4330 2692 4360 α
2717 4309 2859 4374 Quid
2875 4311 3029 4365 vobis
3053 4309 3270 4365 videtur
3298 4326 3371 4364 an
3394 4310 3565 4365 hodie
3586 4325 3795 4365 sacrum

2185 4419 2384 4475 corpus
2413 4403 2886 4470 commendamus,
2918 4402 3003 4458 vel
3032 4402 3103 4457 ad
3129 4402 3363 4458 alterum
3396 4403 3546 4457 diem
3573 4418 3793 4474 procra-

2184 4496 2493 4550 stinemus?
2517 4514 2541 4546 ι)
2580 4495 2677 4551 Cui
2708 4495 2902 4551 fratres
2931 4495 3354 4567 respondentes,
3391 4495 3683 4551 dixerunt:
3714 4493 3801 4548 «Si

2186 4598 2291 4646 tua;
2318 4589 2593 4645 sanctitati
2622 4588 2824 4660 placet,
2858 4589 3022 4645 nobis
3051 4590 3257 4645 bonum
3297 4589 3522 4645 videtur
3559 4590 3641 4644 eis
3676 4604 3801 4643 om-

2185 4678 2373 4745 nibus,
2403 4678 2495 4749 qui
2532 4693 2679 4733 nunc
2708 4677 2801 4733 hic
2828 4677 2885 4732 in
2925 4678 3223 4750 praesentia
3261 4686 3409 4744 sunt,
3448 4677 3809 4732 annuntietur
3866 4741 3875 4747 η

2186 4778 2244 4825 ut
2271 4785 2430 4824 mane
2486 4784 2731 4844 congrua
2772 4770 2905 4825 hora
2962 4770 3070 4824 huc
3131 4769 3201 4825 ad
3258 4768 3803 4824 commendationem

2186 4859 2327 4914 sacri
2353 4857 2602 4929 corporis
2653 4858 3007 4925 conveniant,
3074 4864 3130 4913 et
3182 4865 3300 4913 ate
3326 4856 3589 4911 salutaris
3615 4856 3806 4911 hostia:

2187 4969 2388 5009 munus
2416 4952 2581 5009 nobis
2599 4951 3036 5009 sacriﬁcantibus
3089 4968 3187 5024 pro
3223 4952 3413 5024 requie
3458 4952 3582 5020 ejus
3602 4951 3800 5005 anima:

2187 5047 2300 5102 Deo
2328 5043 2609 5112 offeratur,
2641 5044 2771 5116 quia
2807 5059 3054 5119 congrua
3119 5044 3253 5099 hora
3310 5043 3588 5114 praeterita
3620 5050 3726 5107 est,
3757 5051 3809 5097 et

2191 5148 2250 5196 tu
2276 5157 2335 5196 es
2390 5158 2589 5214 magna
2619 5140 2942 5196 lassitudine
3007 5148 3220 5212 septus.
3272 5159 3296 5189 ιι
3336 5139 3546 5204 Quibus
3575 5139 3805 5205 auditis,

2190 5233 2488 5305 episcopus
2554 5233 2783 5288 consilio
2822 5248 3016 5288 eorum
3083 5230 3452 5287 libentissime
3517 5246 3805 5286 assensum

2189 5327 2470 5398 praebens,
2500 5328 2731 5383 alterum
2784 5326 2930 5383 diem
2971 5326 3302 5398 expectavit.
3366 5324 3437 5379 Ea
3465 5339 3602 5380 vero
3653 5331 3811 5379 nocte

2190 5418 2471 5491 Hiltegart,
2499 5433 2636 5474 uxor
2686 5416 2897 5489 prmfati
2932 5414 3199 5472 Richwini
3257 5414 3500 5483 comitis,
3560 5413 3811 5486 quamvis

2187 5514 2379 5578 nupta,
2406 5514 2590 5562 tamen
2611 5506 2744 5562 satis
2760 5504 3040 5577 religiosa,
3074 5504 3247 5570 venit,
3281 5502 3660 5574 camisaleque
3687 5517 3810 5557 cera

2186 5594 2469 5667 perfusum
2520 5596 2720 5664 attulit,
2776 5603 2832 5650 et
2886 5593 3320 5649 sublimissimos
3358 5590 3598 5648 clericos
3655 5589 3810 5662 petiit

2184 5692 2246 5742 ut
2273 5703 2428 5743 sacro
2485 5687 2701 5759 corpori
2757 5692 2914 5742 caute
2978 5691 3194 5741 secreto
3248 5683 3809 5763 circumductur,‘ne
