4038 6178
299 334 439 392 1053

1877 336 2023 391 VITA
2038 378 2049 389 .

3507 338 3648 395 1054

296 456 660 512 sacerdotalis
680 464 956 529 paratura,
988 473 1097 528 qua
1126 458 1355 514 indutus
1383 465 1521 529 erat,
1571 459 1682 515 cito
1708 475 1739 514 a
1769 464 1914 515 terra
1941 462 1994 531 Α
2019 458 2205 515 omnia
2235 474 2403 530 supra
2449 460 2673 515 modum
2702 460 2885 524 chara,
2945 465 3000 515 et
3047 458 3271 514 herbam
3304 460 3553 532 undique
3586 463 3643 517 in

295 554 792 611 consummaretur,
852 562 958 617 qua
1015 546 1133 616 ipse
1164 548 1346 603 adhuc
1402 549 1597 604 vivens
1651 550 1916 620 praecepit

300 652 369 691 ne
420 636 724 691 tabulatum
780 637 990 711 lignum
1031 639 1249 710 corpori
1304 640 1425 709 ejus
1468 641 1915 711 supposuissent,

299 730 398 785 sed
453 746 603 799 pura:
659 738 814 784 terra!
871 731 1243 801 imponerent,
1315 741 1369 786 et
1423 732 1607 807 ligneo
1656 732 1919 803 operculo

298 818 653 888 cooperirent
687 836 700 872 :
734 819 829 890 qui
859 820 1166 874 secundum
1218 820 1341 889 ejus
1391 821 1715 891 petitionem
1748 820 1919 875 cami-

298 912 416 966 sale
470 912 687 983 corpori
743 929 898 968 sacro
957 914 1460 969 circumdederunt.
1523 915 1677 969 Mane
1735 922 1918 970 autem

298 1006 463 1068 facto,
523 1021 723 1078 magna
795 1005 1154 1061 multitudine
1211 1008 1402 1078 p0puli
1462 1008 1813 1074 adveniente,
1871 1022 1925 1069 et

302 1094 525 1150 clericis
554 1095 1181 1170 sanetimonialibusque
1236 1099 1445 1155 ibidem
1493 1101 1603 1155 Deo
1635 1100 1920 1154 militanti-

304 1188 408 1241 bus
436 1188 805 1260 congregatis,
838 1189 934 1242 sed
960 1196 1013 1243 et
1044 1190 1111 1244 de
1146 1191 1443 1261 provinciis
1497 1192 1702 1257 multis,
1745 1191 1919 1246 sacris

305 1282 508 1339 officiis
561 1284 847 1339 utentibus
892 1286 1189 1354 adjunctis,
1249 1286 1502 1353 antistes,
1549 1286 1763 1342 cunctis
1802 1278 1920 1357 'pro

304 1373 426 1442 ejus
451 1373 635 1428 anima
687 1374 1147 1444 sacrificantibus,
1200 1395 1395 1451 magna
1441 1379 1771 1434 contritione
1798 1394 1921 1433 cor-

306 1462 392 1517 dis
422 1468 477 1516 et
506 1461 890 1518 humiliatione
928 1464 1219 1521 salutarem
1283 1466 1485 1522 obtulit
1517 1468 1756 1522 hostiam
1783 1468 1919 1533 Deo,

309 1554 539 1625 insuper
593 1554 759 1609 etiam
822 1555 1041 1625 publica
1099 1557 1266 1611 missa
1316 1559 1551 1628 expleta,
1611 1574 1806 1613 omnes
1868 1559 1925 1613 in

308 1658 601 1699 commune
651 1643 836 1698 sobrio
891 1650 946 1699 et
1000 1652 1158 1701 cauto
1209 1663 1468 1702 sermone
1526 1649 1831 1716 admonuit,
1866 1659 1926 1704 ut

310 1750 410 1807 pro
469 1735 561 1789 illa
611 1750 798 1789 sancta
878 1736 1060 1790 anima
1118 1736 1308 1791 intima
1364 1738 1673 1794 intentione
1734 1740 1919 1794 cordis

311 1829 508 1883 devote
565 1838 874 1892 exorarent,
972 1836 1032 1884 ut
1098 1829 1249 1884 omni
1310 1830 1533 1886 vinculo
1592 1832 1917 1888 delictorum

311 1916 580 1981 absoluta,
643 1917 748 1971 Deo
805 1917 1067 1985 donante,
1130 1919 1357 1988 perenni
1408 1921 1610 1994 gaudio
1668 1922 1721 1976 in
1744 1939 1918 1978 aevum

311 2024 434 2062 cum
467 2007 673 2062 sanctis
704 2014 759 2062 et
787 2008 978 2063 electis
1026 2008 1120 2063 Dei
1176 2010 1386 2081 perfrui
1430 2019 1752 2068 mereretur.
1788 2014 1924 2069 Ora-

310 2098 460 2153 tione
515 2106 699 2153 autem
737 2100 1043 2153 secundum
1100 2100 1326 2155 verbum
1379 2101 1499 2170 ejus
1543 2102 1610 2156 ab
1664 2104 1927 2158 omnibus

310 2197 554 2262 peracta,
616 2190 911 2262 episcopus
965 2207 1165 2263 corpus
1232 2193 1504 2263 sepelivit,
1566 2202 1620 2249 ct
1685 2195 1923 2250 animam

309 2284 677 2354 omnipotenti
736 2285 847 2340 Deo
906 2286 1261 2341 devotissime
1314 2302 1435 2341 cum
1496 2288 1749 2359 lacrymis
1774 2304 1925 2344 com-

310 2373 611 2428 mendavit.
634 2373 866 2427 Ministri
889 2381 1091 2442 autem,
1121 2375 1261 2429 sicut
1284 2376 1606 2447 praedictum
1630 2384 1733 2442 est,
1761 2394 1927 2448 Oper-

308 2466 431 2521 culo
488 2465 672 2540 ligneo
738 2482 939 2537 corpus
1001 2477 1431 2538 c00peruerunt,
1489 2479 1543 2524 et
1596 2486 1765 2540 super
1823 2471 1926 2525 hoc

308 2554 572 2631 gradibus
590 2554 787 2609 murati
811 2556 1050 2625 sepulcri
1073 2556 1306 2612 densum
1341 2558 1586 2631 ligneum
1619 2559 1924 2614 tabulatum

310 2654 804 2719 superposuerunt,
871 2648 925 2702 in
973 2648 1263 2719 superficie
1316 2656 1507 2705 autem
1571 2660 1731 2707 terra:
1800 2669 1923 2708 cum

311 2743 589 2814 lapidibus
613 2743 924 2812 conjunctis
981 2743 1210 2799 firmiter
1242 2745 1579 2801 clauserunt.
1616 2747 1707 2801 Ilis
1738 2746 1810 2802 ita
1834 2764 1925 2818 pe-

314 2837 496 2917 ractis,
528 2837 822 2908 episcopus
851 2837 918 2891 ad
946 2839 1236 2910 Augustam
1257 2854 1421 2894 causa
1443 2840 1711 2894 orationis
1737 2857 1924 2911 perre-

314 2929 408 2984 xit.
444 2928 795 2984 Orationibus
841 2929 1222 3001 multipliciter
1274 2932 1689 2997 consummatis,
1747 2949 1776 2986 a
1823 2932 1929 2988 fra-

316 3021 493 3076 tribus
520 3037 619 3092 per
668 3021 992 3076 charitatem
1041 3030 1283 3094 rogatus,
1335 3030 1642 3094 paraturam
1695 3024 1931 3080 missati-

316 3127 458 3179 cam,
495 3127 617 3182 qua:
646 3110 937 3167 fuitsancti
971 3112 1228 3176 Udalrici,
1264 3130 1493 3185 quarum
1520 3115 1805 3185 cpulentia
1834 3115 1929 3171 ille

316 3202 507 3257 vivens
530 3201 870 3266 abundabat,
902 3210 1126 3273 pr0pter
1139 3203 1258 3273 ejus
1283 3203 1633 3259 sanctitatem
1665 3204 1925 3275 suscepit:

314 3304 368 3352 et
388 3294 713 3361 honorifice,
745 3294 887 3349 sicut
942 3294 1148 3365 Optime
1209 3296 1411 3370 dignus
1465 3305 1602 3365 erat,
1645 3298 1928 3367 dimissus,

317 3386 427 3440 Deo
455 3384 656 3439 comite
687 3384 752 3437 ad
774 3383 997 3454 pr0pria
1020 3400 1273 3439 reversus
1303 3392 1404 3440 est.

385 3473 611 3527 XXVIII.
670 3472 795 3527 Post
850 3472 1063 3527 obitum
1136 3474 1314 3528 sancti
1369 3474 1605 3531 Udalrici
1655 3476 1928 3548 episcopi,

318 3559 605 3615 lleinricus
627 3558 771 3615 filius
791 3561 1089 3617 Purchardi
1114 3564 1333 3618 comitis
1354 3580 1643 3620 successor
1665 3566 1786 3634 ejus
1806 3565 1935 3621 effe-

318 3655 440 3715 ctus
470 3655 571 3717 est,
606 3664 718 3705 non
750 3652 976 3721 provide
1009 3652 1064 3707 in
1122 3654 1268 3709 ovile
1299 3654 1483 3710 ovium
1517 3655 1799 3723 intrando,
1832 3658 1935 3712 sed

317 3739 544 3794 aliunde
574 3740 1416 3813 aseendendo,quiaPurchardo
1446 3745 1586 3799 (luce
1608 3745 1939 3802 Alamanno-

321 3850 463 3899 rum,
495 3833 591 3905 qui
646 3832 809 3889 filiam
843 3840 1150 3891 matertera}
1208 3836 1328 3903 ejus
1370 3836 1564 3892 habuit
1599 3853 1849 3907 uxorem,
1883 3846 1936 3895 et

319 3922 445 3977 aliis
469 3922 740 3992 plurimis,
772 3923 869 3978 sed
900 3929 954 3977 et
984 3922 1314 3994 quibusdam
1336 3924 1623 3993 militibus,
1652 3927 1745 3997 qui
1775 3928 1843 3981 ab
1865 3943 1933 3983 eo

318 4012 593 4067 beneﬁcia
619 4030 720 4067 sua
748 4014 939 4086 augeri
961 4021 1136 4069 astuta
1149 4022 1264 4070 arte
1295 4017 1617 4087 cupiebant,
1638 4017 1935 4073 consilian-

317 4102 487 4166 tibus,
516 4101 702 4156 subtili
733 4102 902 4172 coepit
952 4103 1185 4159 consilio
1213 4106 1485 4161 aestimare
1520 4107 1758 4178 qualiter
1789 4124 1935 4178 prae-

320 4191 528 4246 dictum
560 4191 739 4247 locum
786 4192 893 4246 sibi
938 4194 1210 4264 potuisset
1237 4212 1505 4267 usurpare
1546 4215 1560 4263 ;
1593 4197 1849 4269 quamvis
1880 4197 1934 4252 in

322 4280 446 4349 ejus
469 4280 756 4335 scientiam
789 4280 1096 4349 deveniret,
1153 4270 1301 4355 quod
1358 4283 1740 4340 Werinharius
1765 4284 1937 4340 abbas

324 4376 380 4430 in
410 4376 647 4447 quadam
670 4376 935 4432 invisibili
960 4377 1275 4433 carnalibus
1292 4379 1466 4434 oculis
1479 4381 1932 4455 congregatione,

323 4465 415 4520 ubi
447 4474 671 4520 sanctus
698 4465 983 4521 Udalricus
1024 4468 1078 4521 in
1110 4468 1306 4523 exstasi
1362 4470 1563 4524 mentis
1614 4471 1931 4541 adjunctus,

320 4556 531 4613 audivit
558 4575 571 4611 :
602 4558 656 4612 Si
688 4559 797 4613 duo
836 4559 959 4613 aliis
980 4561 1402 4630 eoncordarcnt,
1426 4562 1495 4617 ab
1522 4562 1671 4618 omni
1695 4563 1784 4617 illa
1808 4579 1937 4618 con-

316 4648 638 4725 gregatione
668 4648 736 4703 ad
777 4649 883 4703 hoc
914 4649 1280 4704 ministerium
1322 4649 1513 4706 fuisset
1544 4651 1937 4717 destinatus,ut

320 4744 443 4812 ejus
497 4759 787 4800 successor
836 4743 1190 4810 efficeretur,~
1241 4746 1406 4801 sicuti
1457 4754 1620 4802 antea
1686 4748 1933 4817 praedixi.

322 4835 551 4899 Quidam
575 4835 783 4901 clerici,
816 4834 1082 4890 advocato
1114 4844 1169 4890 et
1199 4836 1321 4891 aliis
1366 4836 1694 4908 quibusdam
1741 4836 1939 4891 militi-

322 4924 427 4978 bus
455 4925 525 4978 de
554 4924 749 4981 eodem
810 4924 1135 4995 episcopatu
1196 4941 1383 4981 secum
1425 4926 1839 4993 comitantibus,
1871 4927 1940 4981 ad

321 5022 534 5068 curtcm
570 5013 920 5084 imperatoris
972 5013 1230 5069 baculum
1290 5015 1664 5087 episcOpalem
1705 5016 1938 5073 ferendo

322 5105 433 5160 iter
474 5119 638 5176 agere
696 5110 1003 5174 ceperunt.
1072 5102 1316 5175 Cumque
1372 5105 1438 5158 ad
1494 5104 1937 5160 Wormaccnsem

323 5195 603 5252 civitatem
653 5195 722 5250 ad
756 5194 1147 5250 monasterium
1207 5195 1380 5249 sancti
1432 5194 1937 5267 Cyriacivenirent,

324 5287 661 5342 invenerunt
691 5286 767 5341 ibi
809 5287 1184 5341 Purehardum
1216 5288 1412 5342 ducem
1447 5303 1570 5343 cum
1620 5303 1788 5343 uxore
1843 5303 1943 5343 sua

319 5379 374 5433 in
452 5378 767 5439 inﬁrmitate
818 5386 1168 5450 occupatum.
1230 5379 1473 5451 Cumque
1530 5381 1581 5435 ei
1631 5380 1949 5437 indicarent

317 5470 563 5525 studium
618 5470 835 5525 itineris
894 5471 1001 5536 sui,
1057 5470 1387 5542 quibusdam
1439 5472 1944 5528 machinationibus

318 5557 519 5615 callida
541 5559 754 5614 ratione
784 5559 852 5613 ab
904 5574 971 5613 eo
1011 5558 1157 5613 illusi
1189 5566 1317 5613 sunt
1346 5576 1361 5625 ;
1413 5560 1542 5630 quia
1585 5559 1823 5615 dixiteis
1845 5559 1951 5613 im-

320 5652 737 5723 peratoremhis
768 5651 968 5706 diebus
998 5667 1170 5723 prOpe
1207 5652 1265 5705 in
1310 5651 1520 5706 ultimis
1554 5650 1759 5707 finibus
1790 5651 1948 5726 regni

325 5744 449 5814 ejus
478 5744 701 5809 morari,
735 5748 799 5799 et
820 5743 878 5798 in
922 5759 986 5798 ea
1017 5744 1104 5799 via
1151 5760 1313 5817 quam
1345 5758 1576 5817 pergere
1609 5742 1947 5812 debuerunt,

1952 3152 2002 3221 C

2022 551 2346 607 defensione
2395 569 2640 620 mmere,
2689 562 2744 611 et
2783 556 2909 611 ideo
2966 554 3303 625 semetipsos
3358 560 3414 608 et
3448 569 3641 609 eorum

2021 642 2263 697 caballos
2281 641 2428 697 nulla
2455 645 2842 699 commoditate
2876 660 3038 715 posse
3051 642 3366 699 sustentari.
3390 643 3507 697 Non
3523 651 3648 714 post

2021 735 2222 790 multos
2248 734 2682 805 diesimperator
2710 745 2900 793 noster
2925 738 3040 792 vult
3069 736 3253 810 regale
3304 735 3644 806 colloquium

2020 824 2222 879 habere
2254 823 2321 878 ad
2352 825 2532 879 locum
2584 826 2677 896 qui
2724 826 2925 882 dicitur
2984 824 3282 891 Erinstein,
3322 824 3453 878 illuc
3484 823 3647 879 facile

2031 916 2259 986 potestis
2290 916 2390 982 ire,
2418 917 2546 971 idco
2575 919 2912 973 revertimini
2953 935 3121 984 nunc,
3150 924 3204 972 et
3235 918 3458 988 quando
3488 932 3650 972 meus

2028 1011 2209 1060 certus
2238 1006 2466 1060 nuntius
2493 1006 2652 1061 vobis
2683 1007 2958 1077 praedictae
2991 1006 3288 1062 locutionis
3320 1006 3466 1061 diem
3500 1022 3650 1061 nun-

2029 1094 2259 1150 tiaturus
2308 1096 2612 1161 advenerit,
2666 1097 2796 1152 illuc
2853 1098 3039 1151 venire
3098 1112 3167 1151 ne
3226 1096 3533 1162 dubitetis;
3570 1095 3647 1151 ibi

2022 1184 2169 1238 enim
2194 1200 2281 1238 me
2302 1184 2595 1239 invenietis
2618 1184 2842 1239 firmum
2866 1185 3024 1241 vobis
3042 1184 3159 1240 fore
3173 1185 3567 1254 adjutorem,et
3590 1185 3646 1238 in

2022 1273 2297 1328 electione
2329 1273 2631 1343 episcopali
2661 1273 2780 1328 sine
2807 1273 3170 1345 ambiguitate
3215 1289 3301 1327 me
3331 1273 3519 1327 sciatis
3547 1289 3649 1328 vo-

2023 1364 2109 1419 bis
2138 1365 2483 1420 concordari.
2522 1366 2611 1419 llis
2672 1365 2859 1420 verbis
2905 1365 3130 1432 auditis,
3181 1381 3311 1420 vera
3352 1380 3476 1420 esse
3504 1365 3652 1421 aesti-

2025 1468 2260 1524 mantes,
2290 1467 2345 1513 et
2375 1458 2623 1514 consiliis
2652 1460 2773 1528 ejus
2795 1460 3230 1528 consentientes,
3258 1460 3462 1515 reversi
3498 1467 3647 1515 sunt.

2026 1553 2142 1608 Non
2173 1554 2547 1623 postmultum
2586 1570 2715 1609 vero
2742 1555 3009 1625 temporis
3039 1555 3268 1610 nuntius
3288 1555 3445 1610 ducis
3478 1555 3651 1621 venit,

2027 1651 2082 1698 et
2124 1644 2304 1716 regale
2337 1644 2675 1716 colloquium
2710 1647 2764 1700 in
2809 1646 3078 1716 praedicto
3104 1648 3225 1701 loco
3253 1661 3478 1701 manere
3508 1646 3656 1701 indi-

2027 1736 2188 1802 cavit,
2222 1752 2428 1808 cosque
2462 1738 2594 1793 illuc
2620 1739 2811 1793 venire
2843 1740 3151 1795 admonuit.
3187 1740 3286 1804 Qui
3316 1741 3502 1795 statim
3528 1741 3653 1795 aliis

2020 1824 2283 1879 fratribus
2340 1841 2529 1880 secum
2584 1828 2843 1898 sumptis,
2885 1828 2953 1881 ad
3006 1828 3291 1899 praefatum
3322 1827 3500 1881 locum
3528 1841 3655 1895 per-

2021 1933 2154 1991 gere
2205 1916 2624 1973 festinaverunt.
2675 1918 2919 1990 Cumque
2973 1919 3521 1989 appropinquassent
3573 1917 3649 1971 ad

2024 2008 2206 2063 locum
2230 2009 2324 2079 qui
2346 2009 2413 2063 ad
2432 2009 2664 2064 Balneos
2686 2010 3022 2076 nominatur,
3071 2010 3297 2081 quidam
3329 2008 3558 2062 nuntius
3573 2007 3654 2061 eis

2027 2100 2225 2155 obvius
2246 2100 2406 2154 dixit:
2427 2121 2456 2150 α
2487 2100 2776 2155 Heinricus
2802 2101 2946 2156 filius
2964 2100 3262 2155 Purchardi
3282 2115 3446 2170 quem
3469 2098 3652 2168 impe-

2027 2196 2174 2244 rator
2214 2205 2337 2243 cum
2404 2190 2521 2245 suis
2565 2190 2846 2258 fidelibus,
2907 2198 2963 2246 et
3016 2191 3125 2245 dux
3190 2189 3540 2245 Purchardus
3580 2189 3651 2243 ad

2027 2281 2323 2354 Augustam
2356 2282 2663 2357 antistitem
2690 2298 2814 2337 esse
2835 2283 3226 2353 decreverunt,
3256 2297 3405 2336 nunc
3428 2281 3535 2336 cito
3555 2295 3655 2335 oc-

2025 2372 2405 2439 currctvobis,
2439 2394 2463 2423 ››
2504 2374 2608 2428 IIac
2630 2374 2842 2428 ratione
2873 2374 3083 2441 audita,
3106 2373 3415 2429 contristati
3440 2372 3645 2426 fratres

2028 2481 2094 2521 eo
2124 2465 2270 2537 quod
2299 2465 2367 2519 de
2399 2466 2659 2537 praedicta
2717 2467 2991 2522 electione
3038 2466 3285 2538 episcopi
3316 2466 3521 2537 privari
3552 2466 3653 2520 dc-

2026 2558 2285 2624 buerunt,
2314 2558 2453 2613 ultra
2483 2574 2593 2614 non
2662 2567 2790 2613 sunt
2846 2560 3148 2633 progressi,
3180 2559 3277 2614 sed
3311 2566 3650 2614 revertentes

2028 2650 2083 2704 in
2113 2650 2234 2705 loco
2274 2656 2589 2721 opportuno
2618 2658 3098 2721 exspectaverunt,
3133 2668 3309 2723 usque
3351 2651 3483 2706 dum
3510 2666 3654 2722 pra!-

2026 2737 2196 2794 fatum
2228 2739 2544 2795 Heinricum
2577 2740 2707 2795 inde
2736 2741 3153 2797 comitarentur.
3187 2741 3285 2810 1E0
3317 2740 3502 2795 statim
3538 2739 3652 2808 die,

2026 2845 2148 2884 cum
2194 2830 2261 2883 ad
2311 2837 2486 2885 castra
2526 2830 2781 2885 venirent
2833 2830 3038 2885 milites
3087 2830 3181 2901 qui
3217 2830 3288 2885 de
3342 2830 3484 2886 duce
3514 2829 3653 2885 Pur-

2031 2923 2235 2979 chardo
2266 2940 2388 2978 cum
2420 2924 2673 2980 Heinrico
2710 2933 3001 2990 venerunt,
3027 2924 3320 2991 adjunctos
3350 2924 3457 2978 sibi
3492 2924 3657 2980 cleri-

2031 3031 2126 3072 cos
2178 3031 2370 3091 rogare
2419 3022 2727 3086 cmperunt,
2783 3023 2843 3071 ut
2899 3016 3215 3072 Hcinrieum
3274 3018 3329 3071 in
3352 3032 3653 3072 commune

2031 3106 2354 3176 episcopum
2384 3121 2507 3160 esse
2535 3107 2962 3177 comprobarent
2983 3106 3037 3161 in
3056 3106 3255 3162 eodem
3282 3107 3424 3161 Ioco.
3453 3106 3553 3170 Qui
3578 3106 3661 3161 in-

2032 3194 2223 3249 ducias
2252 3195 2553 3265 petierunt,
2585 3211 2765 3267 usque
2796 3195 2852 3249 in
2883 3196 3164 3251 communi
3188 3196 3454 3267 capitulo,
3499 3196 3654 3252 domi

2031 3286 2214 3342 cuncti
2243 3284 2437 3340 fratres
2476 3285 2534 3339 in
2564 3302 2735 3340 unum
2763 3302 2822 3341 se
2856 3287 3253 3343 coadunarent.
3284 3287 3529 3359 Cumque
3551 3288 3662 3342 mi-

2030 3374 2157 3429 lites
2180 3375 2284 3429 hoc
2311 3374 2636 3439 refutarent,
2670 3383 2725 3429 et
2754 3375 2919 3447 longa
2950 3375 3094 3430 inter
3131 3391 3189 3431 se
3220 3376 3500 3433 locutione
3530 3393 3661 3433 con-

2032 3466 2351 3530 tenderent,
2381 3466 2585 3527 reversi
2605 3466 2675 3519 ad
2691 3465 3027 3533 Heinricum,
3045 3482 3171 3522 eum
3204 3467 3539 3538 quibusdam
3556 3469 3664 3524 ele-

2036 3555 2166 3611 rieis
2192 3556 2481 3631 elegerunt
2498 3570 2621 3609 eum
2648 3569 2817 3624 super
2840 3570 2898 3608 se
2913 3570 3035 3609 esse
3058 3554 3415 3625 episcOpum;
3436 3557 3663 3626 quidam

2036 3661 2166 3701 vero
2198 3662 2322 3701 eum
2356 3660 2467 3701 non
2498 3643 2791 3718 eligentes,
2851 3642 2920 3697 ad
2952 3644 3248 3715 Augustam
3283 3653 3664 3714 pervenerunt

2039 3735 2108 3790 ad
2130 3745 2361 3791 caeteros
2390 3733 2602 3789 fratres.
2664 3732 2907 3804 Cumque
2936 3732 3007 3786 ad
3046 3733 3345 3805 Augustam
3393 3732 3654 3803 perveni-

2038 3837 2161 3883 rent
2185 3828 2263 3883 sic
2275 3840 2493 3899 sequest
2504 3827 2605 3882 rati
2618 3827 2673 3881 in
2689 3825 2961 3881 electione
2975 3825 3115 3894 ejus,
3132 3823 3283 3879 venit
3310 3823 3535 3896 quidam
3561 3839 3659 3881 co-

2037 3935 2175 3985 mes,
2208 3918 2567 3974 Wolveradus
2582 3916 2952 3983 nomine,cum
2968 3916 3090 3970 aliis
3115 3915 3449 3986 quihusdam
3478 3916 3651 3972 homi-

2035 4010 2201 4064 nibus
2231 4010 2387 4082 quasi
2413 4008 2749 4083 legationem
2798 4006 2866 4060 ab
2907 4008 3239 4077 imperatore
3289 4008 3518 4063 terendo
3572 4007 3644 4063 ad

2036 4098 2545 4174 congregationem,
2577 4098 2769 4153 dicens
2794 4114 2806 4151 :
2827 4097 3173 4167 «Imperator
3197 4096 3656 4153 demandavitvo-

2040 4191 2125 4246 bis
2145 4193 2374 4266 gratiam
2389 4199 2442 4247 et
2460 4192 2892 4247 misericordiam
2916 4191 3172 4246 etomnia
3189 4192 3355 4259 bona,
3389 4199 3443 4245 et
3467 4199 3660 4262 postu-

2038 4283 2170 4339 lavit
2194 4292 2253 4340 ut
2282 4284 2444 4340 istum
2499 4283 2787 4339 dominum
2835 4282 3169 4349 Heinricum,
3204 4297 3367 4354 quem
3402 4280 3495 4335 ille
3526 4296 3651 4336 cum

2038 4374 2153 4429 suis
2182 4373 2440 4428 ﬁdelibus
2468 4372 2711 4428 decrevit
2741 4372 2796 4426 in
2826 4373 2928 4428 isto
2956 4373 3076 4427 loco
3099 4387 3220 4427 esse
3259 4376 3560 4442 pastorem,
3592 4374 3652 4423 ut

2038 4473 2093 4519 et
2119 4480 2214 4519 vos
2245 4464 2316 4519 ob
2342 4478 2585 4518 amorem
2617 4463 2702 4517 sui
2732 4463 3030 4518 antistitem
3056 4462 3219 4517 vobis
3252 4461 3459 4532 eligere
3500 4476 3647 4515 una-

2040 4555 2265 4610 nimiter
2281 4570 2392 4609 non
2408 4554 2671 4609 renuatis.
2686 4578 2711 4599 υ
2737 4554 2962 4626 Legatio
2979 4560 3161 4608 autem
3195 4554 3313 4609 haec
3330 4551 3667 4609 fraudulenti

2037 4645 2270 4701 consilio
2302 4644 2611 4714 composita
2641 4652 2777 4699 erat.
2823 4643 2917 4698 Cui
2947 4645 3353 4714 respondentes
3382 4646 3660 4700 dixerunt:

2039 4764 2063 4786 ιε
2098 4739 2292 4793 Veniat
2318 4738 2407 4793 ille
2433 4754 2557 4793 eum
2576 4738 2733 4793 vobis
2765 4739 2833 4792 ad
2856 4738 3159 4809 capitulum
3188 4748 3441 4795 nostrum
3477 4742 3546 4796 ad
3572 4758 3666 4796 au-

2042 4830 2310 4885 diendum
2349 4845 2620 4901 responsa
2651 4837 2852 4885 nostra.
2885 4851 2906 4880 ι
2934 4828 3178 4903 Cumque
3198 4832 3287 4886 vix
3305 4832 3675 4889 obtinuissent

2042 4927 2101 4974 ut
2132 4919 2189 4973 in
2234 4919 2535 4990 capitulum
2590 4919 3145 4995 intrarent,legebant
3192 4923 3459 4979 lectiones
3501 4938 3673 4978 cano-

2041 5008 2196 5063 nieas
2218 5008 2287 5063 de
2304 5008 2573 5063 electione
2587 5009 2911 5065 antistitum.
2940 5011 3205 5068 Praefatus
3220 5012 3660 5078 Heinrieus,eum

2042 5106 2288 5160 audisset
2318 5104 2386 5159 de
2419 5105 2753 5161 lectionibus
2783 5105 2838 5160 in
2901 5109 3200 5179 praesentia
3250 5106 3490 5161 recitatis
3519 5107 3670 5178 quod

2043 5198 2099 5251 in
2143 5203 2415 5268 potestate
2474 5204 2629 5253 esset
2693 5197 3091 5253 canonicorum
3148 5211 3274 5250 eum
3330 5195 3538 5266 eligere
3585 5194 3672 5250 vel

2044 5291 2306 5357 refutare,
2349 5306 2473 5344 eum
2529 5290 2690 5345 venia
2738 5291 3024 5346 humiliter
3065 5286 3365 5358 postulavit
3416 5294 3476 5342 ut
3538 5301 3667 5341 eum

2045 5381 2370 5452 episeOpum
2430 5381 2640 5456 eligere
2667 5398 2782 5438 non
2831 5381 3288 5453 dedignarentur,
3340 5378 3673 5450 promittens

2052 5469 2151 5533 eis,
2186 5470 2232 5522 si
2267 5471 2388 5538 ejus
2445 5469 2799 5541 postulationi
2832 5468 3238 5531 consentirent,
3277 5467 3331 5521 in
3385 5473 3668 5539 posterum

2050 5560 2365 5635 omnigentc
2382 5560 2789 5617 commoditatis
2820 5559 3247 5630 impensionem.
3284 5559 3382 5624 Qui
3408 5559 3528 5630 ejus
3554 5574 3679 5629 pro-

2051 5650 2407 5707 missionibus
2436 5650 2749 5717 credentes,
2780 5648 3004 5721 quidam
3031 5664 3163 5705 vero
3193 5656 3414 5720 sponte,
3444 5646 3670 5721 quidam

2050 5759 2177 5800 vero
2208 5739 2847 5811 dissensionesvitando,
2877 5755 3073 5797 omnes
3101 5738 3355 5797 tamenin
3373 5730 3674 5795 commune
