4042 6156
424 306 562 364 1055

1500 308 1553 360 S.
1600 306 1908 362 UDALRICI
1949 303 2323 361 AUGUSTANI
2365 303 2679 360 EPISCOPI.

3643 306 3772 363 1056

423 439 787 494 decreverunt
807 453 932 492 eum
963 453 1088 493 esse
1133 438 1476 510 episcopum.
1536 437 1656 492 Haec
1676 454 1807 493 vero
1840 437 2041 493 electio
2067 442 2120 510 Α
2147 442 2313 492 tatem
2331 437 2386 492 in
2417 436 2768 492 obsidionem
2794 435 2931 504 ejus.
2981 435 3229 508 Cumque
3265 435 3572 492 obsidione
3625 436 3771 497 ﬁnita

423 527 614 582 eumin
634 527 866 582 ecclesia
895 528 1164 583 militibus
1189 529 1475 584 etfamiliae
1522 537 1652 585 nota
1669 528 1811 583 faeta
1826 528 2040 594 fuisset,

421 619 749 674 sonantibus
808 620 1093 690 campanis
1145 621 1213 674 ab
1283 621 1542 676 omnibus
1586 619 2039 676 conﬁrmabatur.

421 709 572 765 Tune
597 711 819 765 demum
853 711 1112 782 praefatus
1141 713 1445 781 Heinrieus,
1480 713 1780 783 assumptis
1817 712 2045 783 quibus-

423 799 548 853 dam
617 801 916 867 canonicis,
975 802 1216 870 perrexit
1295 803 1363 856 ad
1420 803 1831 874 imperatorem,
1883 810 1937 857 et
1982 802 2040 856 in

425 891 717 960 praesentia
769 891 889 959 ejus
944 892 1178 947 aliorum
1231 894 1549 949 testimonio
1619 894 1913 949 roboratus
1971 894 2041 948 de

423 981 696 1036 electione
727 983 847 1050 ejus
877 984 1164 1051 nuntiavit,
1202 985 1484 1040 humiliter
1513 985 1767 1059 ﬂagitans
1790 993 1849 1040 ut
1875 1003 1905 1040 a
1925 986 2039 1040 eel-

423 1076 664 1130 situdine
695 1078 816 1145 ejus
848 1077 1156 1148 imperialis
1188 1080 1479 1149 potestatis
1519 1079 1865 1150 pontificium
1910 1095 2045 1150 prae-

424 1165 765 1219 nominatum
794 1166 844 1219 ei
885 1168 1306 1222 concederetur.
1371 1169 1673 1238 Imperator
1711 1176 1893 1224 autem
1927 1170 2048 1238 ejus

423 1256 677 1326 petitioni
701 1259 1177 1323 noncontradixit,
1203 1276 1385 1331 neque
1399 1261 1658 1316 continuo
1686 1262 2037 1333 adimplevit,

425 1347 875 1418 sedpromisitut
943 1358 1066 1419 post
1120 1351 1364 1422 quinque
1405 1352 1524 1406 dies
1582 1353 1635 1406 in
1691 1353 2040 1408 solemnitate

422 1435 594 1488 sancti
648 1435 877 1489 Mauritii
934 1437 1051 1507 ejus
1092 1437 1348 1507 petitioni
1408 1454 1693 1495 assensum
1748 1441 2038 1511 praeberet,

424 1521 566 1577 sicut
597 1532 649 1577 et
681 1523 826 1578 fecit.
862 1524 1059 1579 Postea
1096 1541 1225 1580 vero
1293 1534 1493 1583 statuto
1555 1538 1802 1600 tempore
1835 1531 1906 1585 ad
1936 1531 2047 1586 Ma-

423 1616 667 1688 guntiam
701 1617 870 1680 venit,
916 1625 971 1670 et
998 1633 1028 1670 a
1053 1617 1333 1688 Rudperto
1389 1622 1811 1693 archiepiSCOpo
1845 1630 1899 1677 et
1928 1624 2046 1678 suis

421 1699 784 1775 suﬁ'raganeis
812 1705 1260 1764 benedictionem
1291 1710 1665 1782 episcopalem
1689 1715 1924 1785 accepit.
1952 1714 2044 1768 His

426 1811 555 1850 vero
596 1799 940 1868 temporibus
969 1801 1087 1857 Otto
1120 1803 1266 1858 ﬁlius
1294 1803 1531 1867 Luitolﬁ,
1577 1807 1672 1860 filii
1705 1808 1914 1863 Ottonis
1939 1809 2044 1863 im-

428 1890 720 1956 peratoris,
750 1891 858 1949 dux
886 1891 988 1946 fuit
1018 1894 1467 1964 Alamannorum,
1492 1905 1546 1952 et
1573 1898 1877 1966 Heinrieus,
1901 1900 2044 1956 ﬁlius

432 1978 668 2035 Heinriei
711 1980 891 2037 fratris
922 1985 1169 2052 ejusdem
1201 1987 1570 2057 imperatoris,
1603 1991 1709 2044 dux
1741 1991 2041 2048 Bauvario-

433 2087 553 2125 rum
580 2082 695 2127 erat
724 2092 738 2139 ;
771 2075 886 2145 qui,
921 2079 1171 2147 quamvis
1194 2095 1258 2134 ex
1285 2081 1464 2135 vicina
1495 2082 2047 2155 prepinquitateeha-

433 2163 591 2218 ritate
630 2166 907 2234 conjuncti
941 2168 1055 2224 fore
1109 2170 1451 2239 debuissent,
1519 2191 1584 2228 ex
1635 2178 2045 2234 machinatione

433 2251 574 2305 male
605 2253 889 2309 suadentis
911 2257 1125 2313 Satanae
1160 2260 1394 2316 invidias
1425 2270 1480 2317 et
1508 2264 1883 2321 dissensiones
1906 2269 2048 2323 inter

431 2357 489 2396 se
520 2359 778 2400 exercere
799 2359 1110 2418 coeperunt.
1169 2352 1455 2409 Heinrieus
1510 2356 1694 2428 itaque
1748 2359 2044 2431 episc0pus

434 2437 718 2507 aequivoco
749 2455 850 2494 suo
881 2442 1006 2496 duci
1036 2443 1216 2512 aptior
1243 2447 1445 2501 mansit
1485 2449 1539 2506 in
1570 2451 1849 2518 omnibus,
1875 2460 1928 2507 et
1951 2454 2044 2524 ip-

435 2525 551 2579 sius
577 2528 826 2582 consiliis
882 2531 1004 2600 plus
1049 2535 1405 2590 consentiens
1463 2554 1626 2608 quam
1659 2539 1839 2596 Ottoni
1896 2545 2045 2613 duci,

434 2616 684 2684 quamvis
713 2618 904 2673 civitas
935 2621 1176 2696 Augusta
1201 2624 1254 2677 in
1277 2641 1379 2680 suo
1411 2627 1611 2682 ducatu
1644 2630 1745 2685 sita
1778 2641 2044 2689 maneret.

434 2705 537 2760 Pro
567 2707 669 2763 hac
707 2726 836 2765 vero
887 2728 944 2766 re
987 2713 1107 2769 Otto
1131 2715 1238 2770 dux
1299 2724 1488 2772 contra
1525 2736 1649 2774 eum
1693 2721 1865 2777 iratus
1924 2741 2047 2780 esse

436 2801 624 2870 coepit,
658 2808 712 2856 et
742 2818 862 2857 eum
889 2803 1148 2861 ﬁdelibus
1169 2808 1282 2862 suis
1309 2810 1590 2866 consiliari
1640 2821 1697 2867 ut
1717 2814 1789 2880 ei,
1843 2816 1898 2870 in
1929 2819 2053 2888 qui-

435 2888 760 2961 buscunque
827 2893 1119 2963 potuisset,
1161 2898 1551 2954 adversaretur
1591 2919 1605 2968 ;
1639 2904 1787 2974 quod
1816 2912 1870 2960 et
1902 2905 2048 2962 feeit.

436 2980 666 3051 Insuper
715 2985 1014 3055 episcopus
1068 2989 1400 3059 quibusdam
1451 2993 1716 3049 militibus
1756 2998 2055 3067 nepotibus

434 3070 609 3124 sancti
637 3072 885 3142 episcopi
918 3075 1173 3139 Udalriei,
1207 3078 1528 3149 Manegoldo
1557 3090 1610 3136 et
1643 3085 1931 3154 Hulpaldo,
1964 3104 2054 3143 vo-

437 3159 538 3216 luit
568 3161 840 3218 beneﬁcia
869 3167 1206 3233 abstrahere,
1241 3179 1466 3240 prOpter
1519 3177 1881 3244 quorumdam
1915 3195 2050 3236 con-

441 3250 582 3314 silia,
609 3253 730 3307 sine
757 3255 971 3310 illorum
1015 3265 1187 3312 reatu.
1225 3261 1332 3330 Ipsi
1387 3271 1591 3331 autem,
1625 3267 1756 3337 quia
1787 3269 2052 3343 epise0po

435 3352 626 3401 sancto
657 3347 907 3404 Udalrieo
943 3351 1126 3405 adhuc
1173 3352 1390 3409 vivente
1431 3356 1498 3410 ab
1532 3374 1598 3413 eo
1633 3360 1781 3414 missi
1815 3379 1962 3434 saepe
1994 3365 2050 3420 in

435 3437 636 3493 auxilio
666 3438 1014 3510 imperatoris
1045 3459 1167 3498 eum
1239 3446 1394 3502 herili
1437 3449 1792 3507 multitudine
1815 3454 2048 3512 militum

434 3537 725 3596 venerunt,
758 3532 888 3586 etin
919 3532 1038 3602 ejus
1061 3535 1283 3617 servitio
1311 3538 1651 3595 voluntatem
1680 3542 1800 3610 ejus
1825 3553 2050 3601 strenue

436 3620 491 3674 in
521 3625 779 3679 omnibus
799 3626 1188 3698 adimplentes,
1217 3631 1408 3686 tandiu
1437 3644 1860 3702 permanserunt
1879 3655 2052 3711 usque

436 3725 560 3765 eum
584 3712 732 3768 illius
771 3715 945 3788 gratia
971 3717 1295 3774 muneribus
1339 3721 1592 3777 honorati
1625 3725 1806 3781 redire
1837 3727 2053 3783 dimissi

439 3811 586 3892 sunt.
613 3804 822 3879 Regina
851 3807 1017 3862 etiam
1051 3809 1413 3880 proﬁtebatur
1466 3829 1657 3869 eorum
1687 3833 1748 3872 se
1778 3835 1900 3874 esse
1928 3837 2057 3892 pro-

437 3891 747 3963 pinquam;
783 3896 907 3952 ideo
950 3898 1219 3955 beneﬁcia
1265 3910 1488 3974 accepta
1541 3905 1804 3978 episeopo
1835 3918 2055 3965 eontra-

442 3978 698 4036 dixerunt
755 3990 808 4037 et
868 3984 923 4038 in
976 4001 1168 4041 eorum
1208 3997 1506 4060 potestate,
1563 4007 1629 4047 eo
1686 3995 1931 4063 nolente,
1973 4004 2055 4052 te-

443 4081 703 4130 nuerunt.
736 4077 1037 4149 EpiSCOpus
1061 4079 1243 4152 itaque
1277 4083 1362 4138 his
1410 4091 1465 4139 et
1489 4085 1611 4139 aliis
1651 4087 1838 4142 multis
1863 4089 2060 4144 adver-

441 4162 517 4216 sis
540 4162 816 4239 fatigatus,
869 4168 1038 4222 tristis
1082 4168 1310 4226 effectus
1364 4179 1466 4227 est.
1520 4175 1772 4239 Quodam
1807 4182 2056 4247 tempore

446 4269 568 4308 eum
602 4256 901 4328 imperator
957 4260 1077 4316 Otto
1121 4269 1341 4334 gentem
1387 4265 1703 4322 Sclavorum
1743 4284 1867 4322 eum
1900 4285 2058 4324 exer-

442 4343 549 4398 citu
583 4345 844 4402 invadere
883 4348 1169 4417 voluisset,
1199 4358 1253 4405 et
1278 4352 1418 4419 Otto,
1465 4371 1559 4426 qui
1611 4363 1739 4412 tunc
1788 4358 1898 4412 dux
1938 4368 2057 4414 erat

442 4436 866 4496 Alamannorum
896 4449 951 4496 et
982 4443 1395 4513 Bauvariorum,
1422 4447 1675 4505 Heinrieo
1709 4451 1984 4522 deposito,
2003 4454 2057 4507 in

445 4527 780 4596 adjutorium
810 4533 928 4604 ejus
979 4535 1170 4590 venire
1235 4553 1360 4593 eum
1415 4541 1732 4597 Alamannis
1761 4552 1815 4598 et
1847 4544 2059 4600 Noricis

447 4626 670 4689 paratus
689 4625 1260 4701 esset,Hcinricusque
1292 4631 1588 4703 episcopus
1615 4634 1694 4689 ire
1727 4651 1786 4690 se
1814 4652 1938 4691 eum
1967 4637 2062 4692 illo

449 4711 816 4781 promitteret,
871 4720 1208 4788 exspectavit
1253 4738 1377 4777 eum
1413 4724 1528 4779 suis
1585 4725 1853 4782 militibus
1884 4727 2064 4782 donec

447 4806 736 4862 recederet
760 4811 1053 4876 exercitus,
1094 4823 1168 4880 et,
1200 4817 1343 4872 sicut
1390 4826 1550 4874 antea
1595 4821 1866 4876 consiliati
1912 4829 2059 4888 sunt,

447 4899 740 4969 occupavit
766 4917 889 4956 cum
917 4903 1188 4961 militibus
1216 4909 1330 4964 suis
1356 4911 1603 4966 civitates
1634 4929 1772 4984 quas
1804 4913 2063 4984 potuit,et

447 4990 568 5061 ipse
592 4991 647 5046 in
701 4992 1078 5071 Nuwingburg
1107 4998 1346 5054 intravit.
1391 5003 1680 5059 Heinrieus
1717 5013 1928 5071 autem,
1963 5006 2059 5078 qui

446 5087 608 5135 antea
637 5081 743 5135 dux
775 5081 898 5148 fuit,
951 5083 1218 5140 Pazonam
1263 5088 1538 5144 civitatem
1611 5093 1850 5160 intravit,
1879 5110 1944 5148 ea
1974 5111 2061 5148 ra-

452 5170 604 5226 tione
621 5180 680 5227 ut
712 5174 905 5230 Ottone
937 5193 1061 5232 cum
1084 5180 1331 5235 exercitu
1357 5182 1675 5251 recedente,
1716 5185 2059 5254 provinciam

449 5262 553 5316 sibi
579 5265 852 5333 adjutorio
903 5271 1120 5341 nepotis
1165 5273 1248 5326 sui
1308 5273 1554 5343 episeOpi
1583 5275 1920 5350 subjugaret.
1955 5278 2066 5334 Hoc

451 5351 634 5423 itaque
693 5357 983 5412 consilium
1034 5376 1157 5415 cum
1212 5361 1394 5417 Ottoni
1448 5362 1574 5417 duci
1631 5370 1816 5418 notum
1863 5363 2064 5419 factum

452 5444 668 5514 fuisset,
721 5465 970 5507 reversus
1024 5463 1107 5510 est
1154 5473 1276 5511 cum
1332 5456 1576 5512 exercitu
1623 5456 1908 5513 ambarum
1939 5473 2068 5528 pro-

449 5542 774 5612 vinciarum,
822 5557 876 5604 et
925 5550 1144 5606 obsedit
1197 5569 1322 5608 eum
1391 5554 1446 5607 in
1537 5551 1766 5623 praefata
1848 5553 2064 5610 civitate

453 5631 681 5702 Pazova.
736 5636 1064 5710 Imperatorj
1086 5647 1266 5696 autem
1313 5641 1460 5708 Otto,
1501 5658 1624 5698 eum
1653 5641 1747 5697 Dei
1770 5642 2065 5698 clementia

456 5723 718 5781 liberatus
747 5743 778 5782 a
805 5729 1031 5795 Selavis,
1083 5733 1233 5788 venit
1262 5744 1385 5805 post
1403 5751 1530 5791 eum
1559 5735 1626 5790 ad
1648 5734 1899 5790 eamdem
1929 5733 2063 5790 civi-

2077 3130 2127 3199 C

2147 538 2200 588 et
2229 531 2473 587 earmula
2526 531 2797 604 mitigata,
2852 531 3152 602 imperator
3197 532 3263 586 ad
3327 531 3629 586 Saxoniam
3685 549 3769 587 re-

2145 626 2468 686 verteretur,
2514 627 2709 691 postea
2739 628 2943 676 statuto
2985 628 3234 691 tempore
3279 620 3580 676 Heinricus
3637 620 3771 675 ﬁlius

2147 712 2407 778 Heinriei,
2433 720 2488 766 et
2511 711 2829 783 aequivocus
2860 713 2981 781 ejus
3031 712 3178 766 ﬁlius
3207 712 3471 767 Perhtolﬁ
3503 713 3578 766 ad
3606 712 3769 768 collo-

2145 807 2336 877 quium
2388 805 2738 877 imperatoris
2783 807 2959 861 vocati
3013 813 3161 873 sunt,
3204 824 3329 862 eum
3373 808 3587 878 quibus
3613 807 3764 862 etiam

2145 898 2432 953 Heinrieus
2459 897 2757 968 episeOpus
2786 898 2854 951 ad
2885 898 3274 968 imperatorem
3307 914 3368 953 se
3399 899 3469 952 ad
3501 914 3764 953 excusan-

2145 988 2277 1041 dum
2309 987 2378 1041 de
2441 986 2706 1057 praedicto
2759 996 2915 1042 reatu
2974 988 3148 1051 venit,
3181 996 3240 1042 ut
3269 988 3563 1042 restitutus
3594 988 3764 1060 gratiae

2148 1074 2268 1142 ejus
2291 1073 2358 1127 ad
2402 1074 2645 1145 pr0pria‘
2687 1074 2868 1129 redire
2918 1085 3245 1131 mereretur.
3311 1077 3541 1132 Peracto
3594 1077 3765 1148 itaque

2148 1167 2446 1238 colloquio,
2481 1167 2769 1221 Heinrieus
2814 1174 2868 1222 et
2936 1161 3409 1239 aequnvocus'ejus
3427 1170 3481 1223 in
3518 1169 3761 1222 exsilium

2141 1256 2293 1310 missi
2307 1265 2452 1309 sunt.
2467 1255 2752 1309 lleinrieus
2767 1262 2947 1310 autem
2964 1255 3650 1327 episeopusaqurdinam
3676 1256 3760 1310 ubi

2142 1356 2366 1402 sanctus
2397 1348 2694 1418 requiescit
2750 1347 3057 1422 Luitgerus,
3110 1347 3294 1402 abbati
3343 1348 3413 1401 ad
3443 1348 3758 1402 custodien-

2143 1436 2271 1489 dum
2303 1435 2722 1490 commendatus
2746 1442 2849 1489 est.
2880 1434 3124 1506 Cumque
3147 1435 3220 1488 ibi
3246 1436 3314 1489 de
3356 1435 3568 1488 Pascha
3601 1450 3762 1506 usque

2149 1527 2623 1600 postuativitatem
2657 1530 2830 1584 sancti
2862 1530 3089 1584 Joannis
3124 1530 3378 1600 Baptista:
3419 1546 3546 1584 eum
3580 1546 3760 1603 magna

2149 1622 2360 1676 cautela
2416 1621 2809 1687 custodiretur,
2873 1620 3074 1674 factum
3127 1627 3209 1673 est
3267 1619 3561 1689 imperiale
3602 1620 3760 1674 collo-

2143 1714 2336 1784 quium
2369 1714 2423 1768 in
2448 1714 2654 1784 eppido
2695 1714 2843 1784 quod
2884 1713 3086 1768 dicitur
3117 1714 3480 1768 Trutmanna.
3517 1713 3646 1767 Illuc
3677 1729 3761 1766 ve-

2145 1818 2345 1863 nerunt
2395 1809 2506 1862 duo
2574 1807 2879 1878 presbyteri
2937 1807 3247 1861 Gerbardus
3297 1813 3352 1860 et
3374 1807 3671 1861 Anamotus
3699 1806 3759 1860 de

2147 1907 2402 1978 Augusta,
2436 1910 2511 1970 et,
2544 1919 2667 1958 cum
2690 1903 3002 1957 interventu
3035 1902 3245 1956 Ottonis
3276 1901 3439 1956 ducis
3471 1908 3529 1955 et
3559 1901 3760 1972 episco—

2147 2008 2339 2063 porum
2365 1992 2440 2046 ibi
2474 1993 2847 2059 inventorum,
2875 1991 3330 2064 supplicaverunt
3355 2008 3470 2047 non
3501 1992 3671 2046 soium
3698 1993 3757 2046 de

2147 2083 2482 2152 semetipsis,
2512 2082 2609 2137 sed
2637 2082 2706 2137 de
2737 2083 2992 2138 omnibus
3039 2082 3259 2136 clericis
3304 2091 3358 2137 et
3391 2082 3554 2136 laicis
3587 2082 3635 2134 in
3661 2096 3753 2136 eo-

2148 2171 2278 2224 dem
2339 2171 2662 2241 episcOpatu
2725 2170 3123 2236 habitantibus,
3185 2187 3257 2225 ne
3318 2171 3414 2224 diu
3473 2170 3760 2242 episcopali

2148 2265 2397 2320 custodia
2452 2266 2822 2336 privarentur.
2901 2267 3205 2337 imperator
3263 2273 3452 2320 autem
3511 2265 3750 2337 petitioni

2148 2355 2548 2430 OttonisIdueis
2599 2366 2652 2413 et
2709 2358 2941 2413 aliorum
2973 2374 3198 2412 suorum
3241 2357 3495 2413 ﬁdelium
3531 2359 3763 2430 praefato-

2148 2465 2381 2522 rumque
2409 2449 2735 2505 clericorum
2766 2449 3133 2514 satisfaciens,
3188 2451 3518 2520 episc0pum
3551 2448 3616 2502 de
3637 2448 3764 2503 exsi-

2150 2541 2225 2594 lio
2254 2538 2442 2594 reduci
2469 2538 2750 2608 praecepit,
2775 2546 2829 2591 et
2853 2537 2908 2591 in
2935 2538 3227 2608 praesentia
3260 2554 3380 2602 sua,
3416 2537 3608 2591 iterato
3638 2534 3764 2589 ﬁde-

2151 2629 2318 2682 litatis
2356 2643 2468 2681 suae
2498 2633 2864 2691 sacramento,
2915 2641 3037 2680 eum
3095 2625 3272 2698 gratia
3328 2641 3431 2678 sua
3463 2625 3530 2678 ad
3556 2625 3759 2695 episeo-

2153 2723 2336 2786 patum
2395 2733 2556 2771 suum
2617 2717 2798 2771 redire
2865 2716 3154 2771 concessit.
3231 2715 3545 2770 Restitutus
3588 2722 3755 2768 autem

2156 2807 2213 2860 in
2239 2822 2396 2860 suum
2458 2806 2635 2860 locum
2690 2805 2990 2875 episeOpus
3039 2809 3273 2858 tractare
3335 2803 3393 2857 in
3449 2801 3628 2856 animo
3664 2815 3756 2854 suo

2156 2897 2324 2967 coepit
2369 2911 2466 2967 pro
2511 2895 2717 2967 quibus
2773 2896 3018 2950 reatibus
3047 2895 3097 2949 ei
3147 2902 3258 2949 tam
3291 2894 3514 2948 diversa
3543 2894 3756 2947 adversa

2157 2986 2237 3040 sie
2268 2986 2588 3057 frequenter
2612 2984 2967 3050 accidissent,
3009 2983 3102 3055 qui
3141 2999 3171 3037 a
3226 2983 3371 3037 duce
3401 2982 3760 3052 multipliciter

2158 3081 2280 3146 plus
2324 3091 2487 3146 quam
2517 3083 2897 3129 antecessores
2949 3072 3035 3126 sui
3091 3071 3501 3139 injuriabatur;
3551 3080 3602 3124 et
3642 3070 3758 3140 quia

2156 3171 2432 3241 principes
2462 3169 2695 3224 militum
2745 3166 3018 3224 beneﬁcia
3070 3183 3168 3222 sua
3199 3174 3398 3222 contra
3447 3167 3756 3221 voluntatem

2155 3264 2274 3332 ejus
2306 3263 2512 3317 habere
2542 3262 2968 3333 praesumebant,
3011 3269 3064 3314 et
3095 3259 3422 3314 electissimi
3465 3259 3531 3313 de
3551 3269 3759 3329 paterna

2154 3370 2252 3409 sua
2280 3353 2487 3407 familia
2515 3352 2918 3406 ministratores
2948 3351 3163 3405 diverso
3233 3351 3400 3405 modo
3436 3358 3648 3419 repente
3679 3349 3757 3402 in-

2156 3445 2445 3512 terierunt,
2477 3451 2690 3498 secreto
2717 3442 3121 3497 afamiliaribus
3143 3441 3368 3496 clericis
3399 3439 3754 3515 interrogavit,

2155 3535 2202 3590 si
2230 3541 2454 3589 sanctus
2487 3533 2770 3588 Udalricus
2798 3533 2868 3587 de
2900 3532 3262 3586 Werenbario
3296 3531 3498 3586 abbate
3536 3531 3749 3597 diceret,

2157 3631 2214 3680 ut
2251 3623 2671 3692 suceessorejus
2702 3622 2819 3678 ﬁeri
2850 3621 3348 3688 deberet,sieutiei
3379 3629 3538 3674 antea
3564 3620 3750 3673 dictum

2156 3720 2256 3768 est.
2291 3712 2607 3784 Cumquein
2631 3713 2855 3767 veritate
2886 3727 3074 3766 verum
3094 3725 3220 3764 esse
3241 3706 3746 3783 eognovisset,quod

2155 3813 2317 3860 antea
2347 3805 2575 3860 credere
2609 3805 2803 3870 noluit,
2836 3803 3056 3873 expavit
3080 3818 3141 3855 se
3174 3800 3648 3863 vehementer,sed
3666 3815 3754 3868 pu-

2155 3896 2296 3950 blice
2320 3912 2429 3951 non
2459 3894 2870 3959 manit‘estavit;
2917 3907 3015 3962 pro
3067 3906 3134 3945 eo
3176 3892 3303 3961 plus
3361 3889 3592 3961 expavit,
3630 3887 3750 3957 quia

2157 3995 2285 4043 tunc
2313 3987 2634 4059 frequenter
2660 3987 2816 4058 signa
2877 3999 3076 4059 magna
3103 3990 3156 4037 et
3198 3981 3477 4036 mirabilia
3493 3981 3556 4034 ad
3583 3977 3756 4049 sepul-

2157 4096 2310 4136 crum
2338 4075 3160 4148 sanetiUdalriciepisc0pi,Deo
3175 4070 3755 4138 coneedente,ﬁebant.

2156 4169 2308 4224 Tune
2333 4169 2554 4223 demum
2584 4168 2640 4222 in
2671 4167 2900 4222 meliora
2929 4163 3314 4234 multipliciter
3363 4170 3611 4225 mutatus,
3635 4172 3746 4212 cum

2160 4260 2267 4316 Deo
2298 4275 2357 4314 se
2387 4257 2676 4330 paeiﬁeare
2703 4267 2930 4313 conatus
2949 4263 3050 4319 est,
3075 4262 3128 4309 et
3161 4254 3447 4308 matricem
3478 4249 3743 4306 ecclesiam

2159 4367 2300 4407 novo
2329 4357 2474 4406 tecto
2507 4349 2794 4420 coeperire
2821 4347 3103 4420 praecepit,
3146 4355 3201 4400 et
3239 4360 3413 4416 super
3450 4343 3624 4397 Licum
3653 4338 3752 4392 ﬂu-

2160 4447 2304 4501 vium
2346 4445 2416 4500 ad
2443 4445 2698 4498 Sanctam
2744 4442 2924 4497 Afram
2975 4451 3200 4512 pontem
3240 4437 3574 4509 composuit.
3604 4435 3751 4496 Et,ut

2162 4537 2348 4592 nullus
2377 4552 2442 4591 ex
2473 4534 2680 4590 familia
2707 4535 2774 4589 de
2802 4542 2970 4606 ponte
3002 4533 3287 4588 teloneum
3315 4539 3411 4585 aut
3443 4529 3601 4584 ullam
3632 4524 3746 4580 red-

2163 4630 2496 4685 hibitionem
2527 4629 2825 4698 acciperet,
2859 4625 3143 4698 praecepit,
3167 4625 3265 4679 sed
3291 4623 3346 4677 in
3375 4623 3752 4690 eleemosynam

2161 4722 2280 4790 ejus
2308 4721 2630 4793 quicunque
2655 4719 2962 4774 voluissent
2991 4718 3113 4772 sine
3141 4715 3578 4772 contradictione
3607 4718 3753 4765 etoc-

2161 4815 2460 4886 cupatione
2491 4823 2800 4886 pergerent.
2825 4813 3020 4866 Postea
3045 4819 3228 4865 autem
3263 4809 3490 4863 Romam
3517 4814 3566 4860 et
3585 4802 3754 4857 limina

2161 4915 2476 4962 sanctorum
2512 4905 2887 4976 apostolorum
2915 4902 3059 4957 Petri
3079 4911 3134 4956 et
3155 4899 3307 4955 Pauli
3331 4915 3429 4970 pro
3459 4895 3754 4952 remissione

2162 5000 2488 5056 delictorum
2545 5013 2771 5052 suorum
2819 4996 3059 5050 visitavit
3133 4994 3193 5049 Et
3249 4999 3412 5046 antea
3459 5005 3610 5061 quam
3642 4986 3754 5039 illuc

2164 5104 2394 5162 pergere
2436 5087 2719 5158 ccepisset,
2780 5084 3176 5156 proprietatem
3228 5097 3394 5153 quam
3456 5085 3599 5149 pater
3636 5089 3749 5130 suus

2165 5183 2511 5239 Purehardus
2533 5181 2587 5236 in
2619 5181 2979 5236 Geisinbausa
3011 5178 3218 5232 habere
3236 5177 3387 5231 visus
3401 5182 3501 5238 est,
3530 5179 3582 5228 et
3609 5183 3748 5242 quam

2167 5275 2415 5330 Etichoni
2448 5273 2597 5329 ﬁdeli
2629 5289 2728 5329 suo
2759 5272 2862 5327 sub
2891 5269 3210 5326 testimonio
3241 5264 3664 5328 eontradidit,ea
3681 5259 3747 5311 vi-

2167 5370 2368 5425 delicet
2391 5369 2607 5424 ratione
2641 5376 2700 5423 ut
2729 5384 2853 5423 eam
2887 5367 3017 5420 illuc
3062 5364 3294 5420 ﬁrmiter
3353 5357 3745 5416 transfunderet.

2168 5460 2262 5515 ubi
2291 5476 2416 5514 eum
2437 5457 2584 5512 ﬁlius
2601 5458 2721 5527 ejus
2755 5454 3041 5511 Heinricus
3063 5453 3363 5524 episcOpus
3389 5453 3616 5520 rogaret,
3644 5449 3750 5496 tunc

2167 5565 2267 5619 pro
2290 5559 2438 5604 certo
2471 5547 2661 5602 Ethich
2715 5545 3029 5617 postulante
3089 5541 3353 5612 episcOpo
3408 5534 3618 5592 tradidit
3644 5543 3743 5584 cum

2167 5659 2331 5698 manu
2349 5641 2469 5710 ejus
2481 5639 2761 5712 praefatam
2779 5636 3171 5709 preprietatem
3202 5624 3739 5716 legitime,secundum

2165 5733 2343 5808 legem
2372 5730 2714 5796 Noricorum,
2755 5734 2956 5782 sanctae
2990 5725 3168 5780 Mariae
3200 5737 3366 5791 super
3390 5718 3548 5773 altare
3572 5713 3738 5779 ejusin
