  <div class='ocr_page' id='page_1' title='image "/cluster/home/n/w/nwhite01/storage/ocr_20150623/135/hvd.32044054759956/534.png"; bbox 0 0 4038 6178; ppageno 0'>
   <div class='ocr_carea' id='block_1_1' title="bbox 294 267 3628 340">
    <p class='ocr_par' dir='ltr' id='par_1_1' title="bbox 294 267 3628 340">
     <span class='ocr_line' id='line_1_1' title="bbox 294 267 3628 340; baseline -0.004 -3"><span class='ocrx_word' id='word_1_1' title='bbox 294 283 433 340; x_wconf 78' lang='grc'><strong>1057</strong></span> <span class='ocrx_word' id='word_1_2' title='bbox 1875 267 2042 323; x_wconf 76' lang='grc' dir='ltr'><strong>νΙΤΑ·</strong></span> <span class='ocrx_word' id='word_1_3' title='bbox 3283 268 3286 271; x_wconf 34' lang='grc' dir='ltr'>λ</span> <span class='ocrx_word' id='word_1_4' title='bbox 3489 267 3628 324; x_wconf 76' lang='grc'><strong>1058</strong></span> 
     </span>
    </p>
   </div>
   <div class='ocr_carea' id='block_1_2' title="bbox 289 397 3628 490">
    <p class='ocr_par' dir='ltr' id='par_1_2' title="bbox 289 397 3628 490">
     <span class='ocr_line' id='line_1_2' title="bbox 289 397 3628 490; baseline -0.004 -20"><span class='ocrx_word' id='word_1_5' title='bbox 289 418 528 490; x_wconf 80' lang='lat' dir='ltr'><strong>Augusta</strong></span> <span class='ocrx_word' id='word_1_6' title='bbox 557 412 780 469; x_wconf 92' lang='lat' dir='ltr'><strong>civitate</strong></span> <span class='ocrx_word' id='word_1_7' title='bbox 810 411 996 478; x_wconf 91' lang='lat' dir='ltr'><strong>situm,</strong></span> <span class='ocrx_word' id='word_1_8' title='bbox 1037 417 1092 466; x_wconf 90' lang='lat' dir='ltr'><strong>et</strong></span> <span class='ocrx_word' id='word_1_9' title='bbox 1128 425 1296 481; x_wconf 81' lang='lat' dir='ltr'><strong>super</strong></span> <span class='ocrx_word' id='word_1_10' title='bbox 1331 423 1550 479; x_wconf 85' lang='lat' dir='ltr'><strong>capsam</strong></span> <span class='ocrx_word' id='word_1_11' title='bbox 1584 405 1905 460; x_wconf 88' lang='lat' dir='ltr'><strong>deauratam</strong></span> <span class='ocrx_word' id='word_1_12' title='bbox 1928 402 1987 471; x_wconf 88' lang='grc' dir='ltr'><strong>Α</strong></span> <span class='ocrx_word' id='word_1_13' title='bbox 2009 398 2105 464; x_wconf 88' lang='lat' dir='ltr'><strong>ita,</strong></span> <span class='ocrx_word' id='word_1_14' title='bbox 2137 398 2277 453; x_wconf 84' lang='lat' dir='ltr'><strong>sicut</strong></span> <span class='ocrx_word' id='word_1_15' title='bbox 2307 397 2554 467; x_wconf 65' lang='lat' dir='ltr'><strong>praedixi,</strong></span> <span class='ocrx_word' id='word_1_16' title='bbox 2597 399 2847 469; x_wconf 78' lang='lat' dir='ltr'><strong>expletis,</strong></span> <span class='ocrx_word' id='word_1_17' title='bbox 2878 399 3107 454; x_wconf 82' lang='lat' dir='ltr'><strong>Romam</strong></span> <span class='ocrx_word' id='word_1_18' title='bbox 3140 401 3380 471; x_wconf 87' lang='lat' dir='ltr'><strong>perrexit</strong></span> <span class='ocrx_word' id='word_1_19' title='bbox 3401 409 3456 456; x_wconf 89' lang='lat' dir='ltr'><strong>et</strong></span> <span class='ocrx_word' id='word_1_20' title='bbox 3485 402 3628 457; x_wconf 90' lang='lat' dir='ltr'><strong>votis</strong></span> 
     </span>
    </p>
   </div>
   <div class='ocr_carea' id='block_1_3' title="bbox 289 490 3623 575">
    <p class='ocr_par' dir='ltr' id='par_1_3' title="bbox 289 490 3623 575">
     <span class='ocr_line' id='line_1_3' title="bbox 289 490 3623 575; baseline -0.004 -16"><span class='ocrx_word' id='word_1_21' title='bbox 289 500 931 575; x_wconf 89' lang='lat' dir='ltr'><strong>lapidibusqueinclusis</strong></span> <span class='ocrx_word' id='word_1_22' title='bbox 950 498 1287 566; x_wconf 86' lang='lat' dir='ltr'><strong>deeoratam,</strong></span> <span class='ocrx_word' id='word_1_23' title='bbox 1311 514 1431 553; x_wconf 91' lang='lat' dir='ltr'><strong>cum</strong></span> <span class='ocrx_word' id='word_1_24' title='bbox 1473 496 1709 551; x_wconf 89' lang='lat' dir='ltr'><strong>ecclesia</strong></span> <span class='ocrx_word' id='word_1_25' title='bbox 1740 501 1795 550; x_wconf 91' lang='lat' dir='ltr'><strong>et</strong></span> <span class='ocrx_word' id='word_1_26' title='bbox 1823 501 1908 549; x_wconf 92' lang='lat' dir='ltr'><strong>to-</strong></span> <span class='ocrx_word' id='word_1_27' title='bbox 2008 491 2122 545; x_wconf 88' lang='lat' dir='ltr'><strong>suis</strong></span> <span class='ocrx_word' id='word_1_28' title='bbox 2160 490 2398 561; x_wconf 84' lang='lat' dir='ltr'><strong>peractis</strong></span> <span class='ocrx_word' id='word_1_29' title='bbox 2435 505 2602 544; x_wconf 88' lang='lat' dir='ltr'><strong>sanus</strong></span> <span class='ocrx_word' id='word_1_30' title='bbox 2633 491 2701 545; x_wconf 87' lang='lat' dir='ltr'><strong>ad</strong></span> <span class='ocrx_word' id='word_1_31' title='bbox 2743 492 2966 562; x_wconf 82' lang='lat' dir='ltr'><strong>prOpria</strong></span> <span class='ocrx_word' id='word_1_32' title='bbox 3015 493 3181 547; x_wconf 87' lang='lat' dir='ltr'><strong>venit.</strong></span> <span class='ocrx_word' id='word_1_33' title='bbox 3219 493 3410 548; x_wconf 85' lang='lat' dir='ltr'><strong>Adhuc</strong></span> <span class='ocrx_word' id='word_1_34' title='bbox 3442 502 3623 549; x_wconf 88' lang='lat' dir='ltr'><strong>autem</strong></span> 
     </span>
    </p>
   </div>
   <div class='ocr_carea' id='block_1_4' title="bbox 295 583 3625 667">
    <p class='ocr_par' dir='ltr' id='par_1_4' title="bbox 295 583 3625 667">
     <span class='ocr_line' id='line_1_4' title="bbox 295 583 3625 667; baseline -0.003 -17"><span class='ocrx_word' id='word_1_35' title='bbox 295 597 365 652; x_wconf 88' lang='lat' dir='ltr'><strong>tis</strong></span> <span class='ocrx_word' id='word_1_36' title='bbox 392 595 667 654; x_wconf 70' lang='lat' dir='ltr'><strong>aediliciis.</strong></span> <span class='ocrx_word' id='word_1_37' title='bbox 700 610 824 648; x_wconf 91' lang='lat' dir='ltr'><strong>cum</strong></span> <span class='ocrx_word' id='word_1_38' title='bbox 857 593 1022 667; x_wconf 81' lang='lat' dir='ltr'><strong>agris,</strong></span> <span class='ocrx_word' id='word_1_39' title='bbox 1057 593 1245 662; x_wconf 84' lang='lat' dir='ltr'><strong>pratis.</strong></span> <span class='ocrx_word' id='word_1_40' title='bbox 1278 590 1518 662; x_wconf 85' lang='lat' dir='ltr'><strong>pascuis,</strong></span> <span class='ocrx_word' id='word_1_41' title='bbox 1550 589 1905 653; x_wconf 90' lang='lat' dir='ltr'><strong>molendinis,</strong></span> <span class='ocrx_word' id='word_1_42' title='bbox 2011 583 2158 636; x_wconf 89' lang='lat' dir='ltr'><strong>intus</strong></span> <span class='ocrx_word' id='word_1_43' title='bbox 2187 597 2386 654; x_wconf 88' lang='lat' dir='ltr'><strong>magna</strong></span> <span class='ocrx_word' id='word_1_44' title='bbox 2415 583 2666 654; x_wconf 79' lang='lat' dir='ltr'><strong>angustia</strong></span> <span class='ocrx_word' id='word_1_45' title='bbox 2696 583 2898 636; x_wconf 88' lang='lat' dir='ltr'><strong>mentis</strong></span> <span class='ocrx_word' id='word_1_46' title='bbox 2943 584 3198 656; x_wconf 82' lang='lat' dir='ltr'><strong>angebat,</strong></span> <span class='ocrx_word' id='word_1_47' title='bbox 3233 600 3332 654; x_wconf 90' lang='lat' dir='ltr'><strong>pro</strong></span> <span class='ocrx_word' id='word_1_48' title='bbox 3364 601 3428 640; x_wconf 90' lang='lat' dir='ltr'><strong>eo</strong></span> <span class='ocrx_word' id='word_1_49' title='bbox 3479 586 3625 656; x_wconf 90' lang='lat' dir='ltr'><strong>quod</strong></span> 
     </span>
    </p>
   </div>
   <div class='ocr_carea' id='block_1_5' title="bbox 295 669 3624 763">
    <p class='ocr_par' dir='ltr' id='par_1_5' title="bbox 295 669 3624 763">
     <span class='ocr_line' id='line_1_5' title="bbox 295 669 3624 763; baseline -0.002 -16"><span class='ocrx_word' id='word_1_50' title='bbox 295 692 456 763; x_wconf 85' lang='lat' dir='ltr'><strong>aquis</strong></span> <span class='ocrx_word' id='word_1_51' title='bbox 475 704 853 761; x_wconf 83' lang='lat' dir='ltr'><strong>aquarumque</strong></span> <span class='ocrx_word' id='word_1_52' title='bbox 887 688 1231 749; x_wconf 88' lang='lat' dir='ltr'><strong>decursibus,</strong></span> <span class='ocrx_word' id='word_1_53' title='bbox 1258 687 1362 742; x_wconf 85' lang='lat' dir='ltr'><strong>viis</strong></span> <span class='ocrx_word' id='word_1_54' title='bbox 1384 695 1437 742; x_wconf 90' lang='lat' dir='ltr'><strong>et</strong></span> <span class='ocrx_word' id='word_1_55' title='bbox 1465 686 1646 751; x_wconf 84' lang='lat' dir='ltr'><strong>inviis,</strong></span> <span class='ocrx_word' id='word_1_56' title='bbox 1680 683 1912 739; x_wconf 81' lang='lat' dir='ltr'><strong>eivitati-</strong></span> <span class='ocrx_word' id='word_1_57' title='bbox 2011 687 2042 725; x_wconf 76' lang='grc' dir='ltr'><strong>ει</strong></span> <span class='ocrx_word' id='word_1_58' title='bbox 2073 671 2212 725; x_wconf 75' lang='lat' dir='ltr'><strong>duce</strong></span> <span class='ocrx_word' id='word_1_59' title='bbox 2255 669 2474 735; x_wconf 69' lang='grc' dir='ltr'><strong>θίῑοῐιει</strong></span> <span class='ocrx_word' id='word_1_60' title='bbox 2507 687 2756 741; x_wconf 56' lang='lat' dir='ltr'><strong>quamius</strong></span> <span class='ocrx_word' id='word_1_61' title='bbox 2819 673 3059 726; x_wconf 73' lang='grc' dir='ltr'><strong>θΧιθΓίυδ</strong></span> <span class='ocrx_word' id='word_1_62' title='bbox 3092 671 3360 743; x_wconf 77' lang='lat' dir='ltr'><strong>PaCificati</strong></span> <span class='ocrx_word' id='word_1_63' title='bbox 3420 682 3624 741; x_wconf 61' lang='lat' dir='ltr'><strong>essent.</strong></span> 
     </span>
    </p>
   </div>
   <div class='ocr_carea' id='block_1_6' title="bbox 297 761 3627 849">
    <p class='ocr_par' dir='ltr' id='par_1_6' title="bbox 297 761 3627 849">
     <span class='ocr_line' id='line_1_6' title="bbox 297 761 3627 849; baseline -0.005 -15"><span class='ocrx_word' id='word_1_64' title='bbox 297 761 419 845; x_wconf 86' lang='lat' dir='ltr'><strong>bus,</strong></span> <span class='ocrx_word' id='word_1_65' title='bbox 445 778 634 849; x_wconf 79' lang='lat' dir='ltr'><strong>sylvis,</strong></span> <span class='ocrx_word' id='word_1_66' title='bbox 668 777 843 832; x_wconf 81' lang='lat' dir='ltr'><strong>tonsis</strong></span> <span class='ocrx_word' id='word_1_67' title='bbox 868 785 922 831; x_wconf 91' lang='lat' dir='ltr'><strong>et</strong></span> <span class='ocrx_word' id='word_1_68' title='bbox 957 777 1211 840; x_wconf 90' lang='lat' dir='ltr'><strong>intonsis,</strong></span> <span class='ocrx_word' id='word_1_69' title='bbox 1245 775 1492 847; x_wconf 80' lang='lat' dir='ltr'><strong>quaesitis</strong></span> <span class='ocrx_word' id='word_1_70' title='bbox 1520 782 1574 830; x_wconf 90' lang='lat' dir='ltr'><strong>et</strong></span> <span class='ocrx_word' id='word_1_71' title='bbox 1613 775 1794 829; x_wconf 90' lang='lat' dir='ltr'><strong>adhuc</strong></span> <span class='ocrx_word' id='word_1_72' title='bbox 1825 773 1910 826; x_wconf 91' lang='lat' dir='ltr'><strong>in-</strong></span> <span class='ocrx_word' id='word_1_73' title='bbox 2013 761 2138 833; x_wconf 73' lang='lat' dir='ltr'><strong>plus</strong></span> <span class='ocrx_word' id='word_1_74' title='bbox 2167 764 2467 836; x_wconf 70' lang='lat' dir='ltr'><strong>cogebatur</strong></span> <span class='ocrx_word' id='word_1_75' title='bbox 2496 777 2659 832; x_wconf 86' lang='lat' dir='ltr'><strong>quam</strong></span> <span class='ocrx_word' id='word_1_76' title='bbox 2708 768 3084 817; x_wconf 76' lang='lat' dir='ltr'><strong>antecessores</strong></span> <span class='ocrx_word' id='word_1_77' title='bbox 3116 763 3201 818; x_wconf 90' lang='lat' dir='ltr'><strong>sui</strong></span> <span class='ocrx_word' id='word_1_78' title='bbox 3243 762 3294 817; x_wconf 88' lang='lat' dir='ltr'><strong>ei</strong></span> <span class='ocrx_word' id='word_1_79' title='bbox 3343 764 3627 819; x_wconf 81' lang='lat' dir='ltr'><strong>servitium</strong></span> 
     </span>
    </p>
   </div>
   <div class='ocr_carea' id='block_1_7' title="bbox 297 855 3632 941">
    <p class='ocr_par' dir='ltr' id='par_1_7' title="bbox 297 855 3632 941">
     <span class='ocr_line' id='line_1_7' title="bbox 297 855 3632 941; baseline -0.001 -20"><span class='ocrx_word' id='word_1_80' title='bbox 297 867 606 941; x_wconf 89' lang='lat' dir='ltr'><strong>quirendis,</strong></span> <span class='ocrx_word' id='word_1_81' title='bbox 638 871 694 919; x_wconf 89' lang='lat' dir='ltr'><strong>et</strong></span> <span class='ocrx_word' id='word_1_82' title='bbox 723 882 846 920; x_wconf 89' lang='lat' dir='ltr'><strong>cum</strong></span> <span class='ocrx_word' id='word_1_83' title='bbox 887 864 1094 919; x_wconf 83' lang='lat' dir='ltr'><strong>familia</strong></span> <span class='ocrx_word' id='word_1_84' title='bbox 1127 873 1181 919; x_wconf 90' lang='lat' dir='ltr'><strong>et</strong></span> <span class='ocrx_word' id='word_1_85' title='bbox 1210 881 1333 919; x_wconf 89' lang='lat' dir='ltr'><strong>cum</strong></span> <span class='ocrx_word' id='word_1_86' title='bbox 1367 865 1624 918; x_wconf 91' lang='lat' dir='ltr'><strong>omnibus</strong></span> <span class='ocrx_word' id='word_1_87' title='bbox 1653 863 1719 917; x_wconf 88' lang='lat' dir='ltr'><strong>ad</strong></span> <span class='ocrx_word' id='word_1_88' title='bbox 1763 880 1914 917; x_wconf 88' lang='lat' dir='ltr'><strong>eam—</strong></span> <span class='ocrx_word' id='word_1_89' title='bbox 2014 855 2194 911; x_wconf 78' lang='lat' dir='ltr'><strong>facere</strong></span> <span class='ocrx_word' id='word_1_90' title='bbox 2226 856 2293 910; x_wconf 88' lang='lat' dir='ltr'><strong>de</strong></span> <span class='ocrx_word' id='word_1_91' title='bbox 2328 855 2497 911; x_wconf 78' lang='lat' dir='ltr'><strong>rebus</strong></span> <span class='ocrx_word' id='word_1_92' title='bbox 2525 856 2736 911; x_wconf 65' lang='lat' dir='ltr'><strong>Sancta:</strong></span> <span class='ocrx_word' id='word_1_93' title='bbox 2770 857 2976 923; x_wconf 65' lang='lat' dir='ltr'><strong>Mariae;</strong></span> <span class='ocrx_word' id='word_1_94' title='bbox 3011 868 3066 913; x_wconf 87' lang='lat' dir='ltr'><strong>et</strong></span> <span class='ocrx_word' id='word_1_95' title='bbox 3096 875 3196 930; x_wconf 89' lang='lat' dir='ltr'><strong>pro</strong></span> <span class='ocrx_word' id='word_1_96' title='bbox 3227 875 3292 915; x_wconf 90' lang='lat' dir='ltr'><strong>eo</strong></span> <span class='ocrx_word' id='word_1_97' title='bbox 3324 860 3470 931; x_wconf 91' lang='lat' dir='ltr'><strong>quod</strong></span> <span class='ocrx_word' id='word_1_98' title='bbox 3503 861 3632 933; x_wconf 89' lang='lat' dir='ltr'><strong>qui-</strong></span> 
     </span>
    </p>
   </div>
   <div class='ocr_carea' id='block_1_8' title="bbox 299 943 3634 1027">
    <p class='ocr_par' dir='ltr' id='par_1_8' title="bbox 299 943 3634 1027">
     <span class='ocr_line' id='line_1_8' title="bbox 299 943 3634 1027; baseline -0.002 -16"><span class='ocrx_word' id='word_1_99' title='bbox 299 959 421 1012; x_wconf 87' lang='lat' dir='ltr'><strong>dem</strong></span> <span class='ocrx_word' id='word_1_100' title='bbox 451 956 843 1027; x_wconf 86' lang='lat' dir='ltr'><strong>proprietatem</strong></span> <span class='ocrx_word' id='word_1_101' title='bbox 876 955 1001 1023; x_wconf 89' lang='lat' dir='ltr'><strong>jure</strong></span> <span class='ocrx_word' id='word_1_102' title='bbox 1029 953 1459 1025; x_wconf 87' lang='lat' dir='ltr'><strong>pertinentibus,</strong></span> <span class='ocrx_word' id='word_1_103' title='bbox 1502 952 1608 1006; x_wconf 89' lang='lat' dir='ltr'><strong>nisi</strong></span> <span class='ocrx_word' id='word_1_104' title='bbox 1639 969 1708 1007; x_wconf 84' lang='lat' dir='ltr'><strong>xx</strong></span> <span class='ocrx_word' id='word_1_105' title='bbox 1741 951 1916 1006; x_wconf 91' lang='lat' dir='ltr'><strong>hubas</strong></span> <span class='ocrx_word' id='word_1_106' title='bbox 2017 945 2140 1000; x_wconf 89' lang='lat' dir='ltr'><strong>dam</strong></span> <span class='ocrx_word' id='word_1_107' title='bbox 2173 945 2374 999; x_wconf 89' lang='lat' dir='ltr'><strong>milites</strong></span> <span class='ocrx_word' id='word_1_108' title='bbox 2405 943 2678 1000; x_wconf 81' lang='lat' dir='ltr'><strong>beneﬁcia</strong></span> <span class='ocrx_word' id='word_1_109' title='bbox 2709 947 3082 1002; x_wconf 84' lang='lat' dir='ltr'><strong>ecclesiastica</strong></span> <span class='ocrx_word' id='word_1_110' title='bbox 3112 949 3179 1002; x_wconf 89' lang='lat' dir='ltr'><strong>ad</strong></span> <span class='ocrx_word' id='word_1_111' title='bbox 3213 949 3360 1004; x_wconf 89' lang='lat' dir='ltr'><strong>illius</strong></span> <span class='ocrx_word' id='word_1_112' title='bbox 3391 957 3634 1020; x_wconf 89' lang='lat' dir='ltr'><strong>potesta-</strong></span> 
     </span>
    </p>
   </div>
   <div class='ocr_carea' id='block_1_9' title="bbox 302 1034 3635 1112">
    <p class='ocr_par' dir='ltr' id='par_1_9' title="bbox 302 1034 3635 1112">
     <span class='ocr_line' id='line_1_9' title="bbox 302 1034 3635 1112; baseline -0.002 -6"><span class='ocrx_word' id='word_1_113' title='bbox 302 1058 452 1106; x_wconf 84' lang='lat' dir='ltr'><strong>extra</strong></span> <span class='ocrx_word' id='word_1_114' title='bbox 499 1049 852 1104; x_wconf 79' lang='lat' dir='ltr'><strong>traditionem</strong></span> <span class='ocrx_word' id='word_1_115' title='bbox 897 1047 1132 1112; x_wconf 91' lang='lat' dir='ltr'><strong>dimisit;</strong></span> <span class='ocrx_word' id='word_1_116' title='bbox 1175 1054 1229 1102; x_wconf 90' lang='lat' dir='ltr'><strong>et</strong></span> <span class='ocrx_word' id='word_1_117' title='bbox 1283 1063 1376 1102; x_wconf 87' lang='lat' dir='ltr'><strong>eas</strong></span> <span class='ocrx_word' id='word_1_118' title='bbox 1437 1047 1684 1102; x_wconf 76' lang='lat' dir='ltr'><strong>servituti</strong></span> <span class='ocrx_word' id='word_1_119' title='bbox 1743 1047 1914 1100; x_wconf 89' lang='lat' dir='ltr'><strong>sancti</strong></span> <span class='ocrx_word' id='word_1_120' title='bbox 2019 1034 2272 1102; x_wconf 64' lang='lat' dir='ltr'><strong>18min“?</strong></span> <span class='ocrx_word' id='word_1_121' title='bbox 2301 1035 2635 1104; x_wconf 67' lang='grc' dir='ltr'><strong>Ροτῐίηθῐιῑίδ</strong></span> <span class='ocrx_word' id='word_1_122' title='bbox 2656 1042 2847 1088; x_wconf 67' lang='grc' dir='ltr'><strong>οοηῐτδ</strong></span> <span class='ocrx_word' id='word_1_123' title='bbox 2874 1036 2993 1103; x_wconf 65' lang='lat' dir='ltr'><strong>eius</strong></span> <span class='ocrx_word' id='word_1_124' title='bbox 3014 1037 3349 1092; x_wconf 68' lang='lat' dir='ltr'><strong>&quot;Oluulatem</strong></span> <span class='ocrx_word' id='word_1_125' title='bbox 3381 1039 3635 1110; x_wconf 80' lang='lat' dir='ltr'><strong>posside-</strong></span> 
     </span>
    </p>
   </div>
   <div class='ocr_carea' id='block_1_10' title="bbox 300 1122 3638 1216">
    <p class='ocr_par' dir='ltr' id='par_1_10' title="bbox 300 1122 3638 1216">
     <span class='ocr_line' id='line_1_10' title="bbox 300 1122 3638 1216; baseline 0.001 -35"><span class='ocrx_word' id='word_1_126' title='bbox 300 1141 478 1216; x_wconf 71' lang='lat' dir='ltr'><strong>Magni</strong></span> <span class='ocrx_word' id='word_1_127' title='bbox 513 1141 581 1194; x_wconf 57' lang='lat' dir='ltr'><strong>ad</strong></span> <span class='ocrx_word' id='word_1_128' title='bbox 609 1140 815 1195; x_wconf 69' lang='lat' dir='ltr'><strong>Fauces</strong></span> <span class='ocrx_word' id='word_1_129' title='bbox 862 1138 1138 1203; x_wconf 58' lang='lat' dir='ltr'><strong>decrevit;</strong></span> <span class='ocrx_word' id='word_1_130' title='bbox 1183 1137 1574 1208; x_wconf 70' lang='lat' dir='ltr'><strong>canonicisque</strong></span> <span class='ocrx_word' id='word_1_131' title='bbox 1614 1135 1912 1207; x_wconf 54' lang='lat' dir='ltr'><strong>placitam,</strong></span> <span class='ocrx_word' id='word_1_132' title='bbox 2018 1122 2166 1177; x_wconf 90' lang='lat' dir='ltr'><strong>bant.</strong></span> <span class='ocrx_word' id='word_1_133' title='bbox 2206 1122 2340 1216; x_wconf 86' lang='lat' dir='ltr'><strong>Quia</strong></span> <span class='ocrx_word' id='word_1_134' title='bbox 2370 1123 2462 1177; x_wconf 90' lang='lat' dir='ltr'><strong>ille</strong></span> <span class='ocrx_word' id='word_1_135' title='bbox 2493 1139 2558 1176; x_wconf 87' lang='lat' dir='ltr'><strong>ex</strong></span> <span class='ocrx_word' id='word_1_136' title='bbox 2589 1123 2872 1178; x_wconf 85' lang='lat' dir='ltr'><strong>nobilibus</strong></span> <span class='ocrx_word' id='word_1_137' title='bbox 2905 1126 3225 1195; x_wconf 89' lang='lat' dir='ltr'><strong>parentibus</strong></span> <span class='ocrx_word' id='word_1_138' title='bbox 3265 1135 3417 1182; x_wconf 89' lang='lat' dir='ltr'><strong>ortus</strong></span> <span class='ocrx_word' id='word_1_139' title='bbox 3447 1137 3550 1197; x_wconf 87' lang='lat' dir='ltr'><strong>est,</strong></span> <span class='ocrx_word' id='word_1_140' title='bbox 3585 1138 3638 1184; x_wconf 90' lang='lat' dir='ltr'><strong>et</strong></span> 
     </span>
    </p>
   </div>
   <div class='ocr_carea' id='block_1_11' title="bbox 303 1215 3637 1303">
    <p class='ocr_par' dir='ltr' id='par_1_11' title="bbox 303 1215 3637 1303">
     <span class='ocr_line' id='line_1_11' title="bbox 303 1215 3637 1303; baseline -0.004 -15"><span class='ocrx_word' id='word_1_141' title='bbox 303 1240 363 1288; x_wconf 90' lang='lat' dir='ltr'><strong>ut</strong></span> <span class='ocrx_word' id='word_1_142' title='bbox 393 1215 717 1303; x_wconf 87' lang='lat' dir='ltr'><strong>potestatem</strong></span> <span class='ocrx_word' id='word_1_143' title='bbox 740 1230 1028 1296; x_wconf 79' lang='lat' dir='ltr'><strong>haberent,</strong></span> <span class='ocrx_word' id='word_1_144' title='bbox 1061 1229 1105 1283; x_wconf 91' lang='lat' dir='ltr'><strong>si</strong></span> <span class='ocrx_word' id='word_1_145' title='bbox 1139 1229 1364 1293; x_wconf 87' lang='lat' dir='ltr'><strong>vellent,</strong></span> <span class='ocrx_word' id='word_1_146' title='bbox 1398 1229 1622 1283; x_wconf 90' lang='lat' dir='ltr'><strong>easdem</strong></span> <span class='ocrx_word' id='word_1_147' title='bbox 1656 1227 1832 1282; x_wconf 89' lang='lat' dir='ltr'><strong>hubas</strong></span> <span class='ocrx_word' id='word_1_148' title='bbox 1851 1244 1918 1281; x_wconf 83' lang='lat' dir='ltr'><strong>xx</strong></span> <span class='ocrx_word' id='word_1_149' title='bbox 2018 1215 2389 1288; x_wconf 75' lang='lat' dir='ltr'><strong>grammaticae</strong></span> <span class='ocrx_word' id='word_1_150' title='bbox 2452 1217 2585 1272; x_wconf 68' lang='lat' dir='ltr'><strong>artis</strong></span> <span class='ocrx_word' id='word_1_151' title='bbox 2655 1217 3003 1288; x_wconf 80' lang='lat' dir='ltr'><strong>aliorumque</strong></span> <span class='ocrx_word' id='word_1_152' title='bbox 3060 1217 3323 1273; x_wconf 85' lang='lat' dir='ltr'><strong>librorum</strong></span> <span class='ocrx_word' id='word_1_153' title='bbox 3384 1237 3637 1296; x_wconf 86' lang='lat' dir='ltr'><strong>magnam</strong></span> 
     </span>
    </p>
   </div>
   <div class='ocr_carea' id='block_1_12' title="bbox 305 1304 3637 1394">
    <p class='ocr_par' dir='ltr' id='par_1_12' title="bbox 305 1304 3637 1394">
     <span class='ocr_line' id='line_1_12' title="bbox 305 1304 3637 1394; baseline 0 -29"><span class='ocrx_word' id='word_1_154' title='bbox 305 1341 428 1380; x_wconf 69' lang='lat' dir='ltr'><strong>cum</strong></span> <span class='ocrx_word' id='word_1_155' title='bbox 461 1342 494 1378; x_wconf 68' lang='grc' dir='ltr'>χ</span> <span class='ocrx_word' id='word_1_156' title='bbox 526 1325 581 1378; x_wconf 75' lang='lat' dir='ltr'><strong>in</strong></span> <span class='ocrx_word' id='word_1_157' title='bbox 605 1324 706 1378; x_wconf 57' lang='lat' dir='ltr'><strong>ista</strong></span> <span class='ocrx_word' id='word_1_158' title='bbox 723 1323 1009 1394; x_wconf 63' lang='lat' dir='ltr'><strong>provincia</strong></span> <span class='ocrx_word' id='word_1_159' title='bbox 1039 1322 1093 1376; x_wconf 71' lang='lat' dir='ltr'>in</span> <span class='ocrx_word' id='word_1_160' title='bbox 1123 1321 1271 1376; x_wconf 77' lang='lat' dir='ltr'><strong>bono</strong></span> <span class='ocrx_word' id='word_1_161' title='bbox 1298 1321 1420 1376; x_wconf 70' lang='grc' dir='ltr'><strong>ιορο</strong></span> <span class='ocrx_word' id='word_1_162' title='bbox 1447 1321 1567 1376; x_wconf 57' lang='lat' dir='ltr'><strong>suis</strong></span> <span class='ocrx_word' id='word_1_163' title='bbox 1597 1320 1761 1375; x_wconf 68' lang='lat' dir='ltr'><strong>hubis</strong></span> <span class='ocrx_word' id='word_1_164' title='bbox 1783 1336 1920 1375; x_wconf 73' lang='grc' dir='ltr'><strong>οοη-</strong></span> <span class='ocrx_word' id='word_1_165' title='bbox 2018 1304 2302 1360; x_wconf 90' lang='lat' dir='ltr'><strong>scientiam</strong></span> <span class='ocrx_word' id='word_1_166' title='bbox 2326 1304 2864 1375; x_wconf 86' lang='lat' dir='ltr'><strong>habebat,suavique</strong></span> <span class='ocrx_word' id='word_1_167' title='bbox 2882 1304 3160 1376; x_wconf 91' lang='lat' dir='ltr'><strong>colloquio</strong></span> <span class='ocrx_word' id='word_1_168' title='bbox 3174 1313 3226 1360; x_wconf 90' lang='lat' dir='ltr'><strong>et</strong></span> <span class='ocrx_word' id='word_1_169' title='bbox 3249 1308 3391 1362; x_wconf 87' lang='lat' dir='ltr'><strong>bene</strong></span> <span class='ocrx_word' id='word_1_170' title='bbox 3406 1318 3637 1366; x_wconf 91' lang='lat' dir='ltr'><strong>sonante</strong></span> 
     </span>
    </p>
   </div>
   <div class='ocr_carea' id='block_1_13' title="bbox 304 1396 1975 1479">
    <p class='ocr_par' dir='ltr' id='par_1_13' title="bbox 304 1411 1926 1479">
     <span class='ocr_line' id='line_1_13' title="bbox 304 1411 1926 1479; baseline -0.003 -11"><span class='ocrx_word' id='word_1_171' title='bbox 304 1414 574 1479; x_wconf 89' lang='lat' dir='ltr'><strong>cambire,</strong></span> <span class='ocrx_word' id='word_1_172' title='bbox 596 1413 649 1466; x_wconf 92' lang='lat' dir='ltr'><strong>in</strong></span> <span class='ocrx_word' id='word_1_173' title='bbox 663 1427 883 1466; x_wconf 91' lang='lat' dir='ltr'><strong>manum</strong></span> <span class='ocrx_word' id='word_1_174' title='bbox 902 1411 1237 1465; x_wconf 86' lang='lat' dir='ltr'><strong>Werinharii</strong></span> <span class='ocrx_word' id='word_1_175' title='bbox 1258 1411 1529 1474; x_wconf 78' lang='lat' dir='ltr'><strong>advocati,</strong></span> <span class='ocrx_word' id='word_1_176' title='bbox 1553 1418 1606 1465; x_wconf 92' lang='lat' dir='ltr'><strong>et</strong></span> <span class='ocrx_word' id='word_1_177' title='bbox 1629 1411 1683 1464; x_wconf 91' lang='lat' dir='ltr'><strong>in</strong></span> <span class='ocrx_word' id='word_1_178' title='bbox 1706 1426 1926 1464; x_wconf 92' lang='lat' dir='ltr'><strong>manum</strong></span> 
     </span>
    </p>
   </div>
   <div class='ocr_carea' id='block_1_14' title="bbox 2076 1396 3641 1479">
    <p class='ocr_par' dir='ltr' id='par_1_14' title="bbox 2076 1396 3641 1471">
     <span class='ocr_line' id='line_1_14' title="bbox 2076 1396 3641 1471; baseline 0.004 -22"><span class='ocrx_word' id='word_1_179' title='bbox 2076 1399 2255 1468; x_wconf 61' lang='lat' dir='ltr'><strong>iquela</strong></span> <span class='ocrx_word' id='word_1_180' title='bbox 2284 1398 2440 1452; x_wconf 87' lang='lat' dir='ltr'><strong>valde</strong></span> <span class='ocrx_word' id='word_1_181' title='bbox 2456 1413 2700 1471; x_wconf 79' lang='lat' dir='ltr'><strong>congrue</strong></span> <span class='ocrx_word' id='word_1_182' title='bbox 2731 1396 3091 1463; x_wconf 80' lang='lat' dir='ltr'><strong>exuberabat,</strong></span> <span class='ocrx_word' id='word_1_183' title='bbox 3119 1398 3176 1452; x_wconf 90' lang='lat' dir='ltr'><strong>in</strong></span> <span class='ocrx_word' id='word_1_184' title='bbox 3205 1401 3407 1455; x_wconf 89' lang='lat' dir='ltr'><strong>sanctis</strong></span> <span class='ocrx_word' id='word_1_185' title='bbox 3432 1402 3641 1457; x_wconf 89' lang='lat' dir='ltr'><strong>solem-</strong></span> 
     </span>
    </p>
   </div>
   <div class='ocr_carea' id='block_1_15' title="bbox 309 1491 3645 1575">
    <p class='ocr_par' dir='ltr' id='par_1_15' title="bbox 309 1491 3645 1575">
     <span class='ocr_line' id='line_1_15' title="bbox 309 1491 3645 1575; baseline -0.002 -15"><span class='ocrx_word' id='word_1_186' title='bbox 309 1504 576 1560; x_wconf 86' lang='lat' dir='ltr'><strong>Gerhardi</strong></span> <span class='ocrx_word' id='word_1_187' title='bbox 607 1504 910 1575; x_wconf 63' lang='lat' dir='ltr'><strong>praepositi,</strong></span> <span class='ocrx_word' id='word_1_188' title='bbox 937 1519 1035 1574; x_wconf 92' lang='lat' dir='ltr'><strong>pro</strong></span> <span class='ocrx_word' id='word_1_189' title='bbox 1077 1503 1323 1558; x_wconf 90' lang='lat' dir='ltr'><strong>remedio</strong></span> <span class='ocrx_word' id='word_1_190' title='bbox 1367 1502 1567 1556; x_wconf 64' lang='lat' dir='ltr'><strong>animae</strong></span> <span class='ocrx_word' id='word_1_191' title='bbox 1599 1519 1730 1566; x_wconf 75' lang='lat' dir='ltr'><strong>suae,</strong></span> <span class='ocrx_word' id='word_1_192' title='bbox 1762 1508 1813 1556; x_wconf 89' lang='lat' dir='ltr'><strong>et</strong></span> <span class='ocrx_word' id='word_1_193' title='bbox 1843 1517 1935 1571; x_wconf 83' lang='lat' dir='ltr'><strong>pa-</strong></span> <span class='ocrx_word' id='word_1_194' title='bbox 2038 1491 2324 1558; x_wconf 92' lang='lat' dir='ltr'><strong>nitatibus,</strong></span> <span class='ocrx_word' id='word_1_195' title='bbox 2357 1493 2412 1546; x_wconf 91' lang='lat' dir='ltr'><strong>in</strong></span> <span class='ocrx_word' id='word_1_196' title='bbox 2441 1492 2533 1546; x_wconf 83' lang='lat' dir='ltr'><strong>Dei</strong></span> <span class='ocrx_word' id='word_1_197' title='bbox 2568 1491 2792 1546; x_wconf 87' lang='lat' dir='ltr'><strong>servitio</strong></span> <span class='ocrx_word' id='word_1_198' title='bbox 2815 1492 2867 1545; x_wconf 86' lang='lat' dir='ltr'><strong>et</strong></span> <span class='ocrx_word' id='word_1_199' title='bbox 2897 1492 2951 1546; x_wconf 92' lang='lat' dir='ltr'><strong>in</strong></span> <span class='ocrx_word' id='word_1_200' title='bbox 2978 1493 3336 1562; x_wconf 66' lang='lat' dir='ltr'><strong>praedictione</strong></span> <span class='ocrx_word' id='word_1_201' title='bbox 3367 1496 3645 1553; x_wconf 87' lang='lat' dir='ltr'><strong>studiosus</strong></span> 
     </span>
    </p>
   </div>
   <div class='ocr_carea' id='block_1_16' title="bbox 311 1581 3644 1666">
    <p class='ocr_par' dir='ltr' id='par_1_16' title="bbox 311 1581 3644 1666">
     <span class='ocr_line' id='line_1_16' title="bbox 311 1581 3644 1666; baseline -0.003 -15"><span class='ocrx_word' id='word_1_202' title='bbox 311 1597 411 1652; x_wconf 74' lang='lat' dir='ltr'><strong>uis</strong></span> <span class='ocrx_word' id='word_1_203' title='bbox 442 1597 743 1666; x_wconf 87' lang='lat' dir='ltr'><strong>matrisque</strong></span> <span class='ocrx_word' id='word_1_204' title='bbox 798 1611 912 1649; x_wconf 74' lang='lat' dir='ltr'><strong>suae</strong></span> <span class='ocrx_word' id='word_1_205' title='bbox 942 1601 996 1649; x_wconf 88' lang='lat' dir='ltr'><strong>et</strong></span> <span class='ocrx_word' id='word_1_206' title='bbox 1050 1600 1360 1649; x_wconf 63' lang='lat' dir='ltr'><strong>matertera:</strong></span> <span class='ocrx_word' id='word_1_207' title='bbox 1405 1610 1518 1649; x_wconf 67' lang='lat' dir='ltr'><strong>suae</strong></span> <span class='ocrx_word' id='word_1_208' title='bbox 1572 1603 1931 1649; x_wconf 59' lang='lat' dir='ltr'><strong>cancrorum-</strong></span> <span class='ocrx_word' id='word_1_209' title='bbox 2041 1583 2158 1638; x_wconf 83' lang='lat' dir='ltr'><strong>fuit.</strong></span> <span class='ocrx_word' id='word_1_210' title='bbox 2192 1582 2595 1638; x_wconf 83' lang='lat' dir='ltr'><strong>Heriliservitio</strong></span> <span class='ocrx_word' id='word_1_211' title='bbox 2613 1581 2679 1636; x_wconf 93' lang='lat' dir='ltr'><strong>ad</strong></span> <span class='ocrx_word' id='word_1_212' title='bbox 2712 1598 2955 1636; x_wconf 90' lang='lat' dir='ltr'><strong>mensam</strong></span> <span class='ocrx_word' id='word_1_213' title='bbox 2983 1585 3422 1653; x_wconf 87' lang='lat' dir='ltr'><strong>suamutebatur,</strong></span> <span class='ocrx_word' id='word_1_214' title='bbox 3447 1597 3644 1644; x_wconf 90' lang='lat' dir='ltr'><strong>etcum</strong></span> 
     </span>
    </p>
   </div>
   <div class='ocr_carea' id='block_1_17' title="bbox 314 1672 3651 1756">
    <p class='ocr_par' dir='ltr' id='par_1_17' title="bbox 314 1672 3651 1756">
     <span class='ocr_line' id='line_1_17' title="bbox 314 1672 3651 1756; baseline -0.001 -23"><span class='ocrx_word' id='word_1_215' title='bbox 314 1701 421 1756; x_wconf 86' lang='lat' dir='ltr'><strong>que</strong></span> <span class='ocrx_word' id='word_1_216' title='bbox 475 1683 909 1754; x_wconf 81' lang='lat' dir='ltr'><strong>propinquorum</strong></span> <span class='ocrx_word' id='word_1_217' title='bbox 952 1690 1005 1737; x_wconf 81' lang='lat' dir='ltr'><strong>et</strong></span> <span class='ocrx_word' id='word_1_218' title='bbox 1061 1689 1346 1753; x_wconf 80' lang='lat' dir='ltr'><strong>parentum</strong></span> <span class='ocrx_word' id='word_1_219' title='bbox 1407 1699 1654 1747; x_wconf 71' lang='lat' dir='ltr'><strong>suorum,</strong></span> <span class='ocrx_word' id='word_1_220' title='bbox 1702 1683 1756 1736; x_wconf 82' lang='lat' dir='ltr'><strong>in</strong></span> <span class='ocrx_word' id='word_1_221' title='bbox 1810 1698 1930 1736; x_wconf 74' lang='lat' dir='ltr'><strong>eam</strong></span> <span class='ocrx_word' id='word_1_222' title='bbox 1963 1687 2100 1756; x_wconf 75' lang='lat' dir='ltr'><strong>Reo</strong></span> <span class='ocrx_word' id='word_1_223' title='bbox 2126 1673 2706 1743; x_wconf 89' lang='lat' dir='ltr'><strong>manentibuscopiam</strong></span> <span class='ocrx_word' id='word_1_224' title='bbox 2731 1672 3289 1744; x_wconf 89' lang='lat' dir='ltr'><strong>manducandiatque</strong></span> <span class='ocrx_word' id='word_1_225' title='bbox 3315 1675 3546 1730; x_wconf 89' lang='lat' dir='ltr'><strong>bibendi</strong></span> <span class='ocrx_word' id='word_1_226' title='bbox 3571 1679 3651 1732; x_wconf 81' lang='lat' dir='ltr'><strong>lii-</strong></span> 
     </span>
    </p>
   </div>
   <div class='ocr_carea' id='block_1_18' title="bbox 315 1763 3646 1844">
    <p class='ocr_par' dir='ltr' id='par_1_18' title="bbox 315 1763 3646 1844">
     <span class='ocr_line' id='line_1_18' title="bbox 315 1763 3646 1844; baseline -0.001 -18"><span class='ocrx_word' id='word_1_227' title='bbox 315 1772 744 1844; x_wconf 85' lang='lat' dir='ltr'><strong>placitationem,</strong></span> <span class='ocrx_word' id='word_1_228' title='bbox 798 1779 852 1825; x_wconf 90' lang='lat' dir='ltr'><strong>ut</strong></span> <span class='ocrx_word' id='word_1_229' title='bbox 888 1772 941 1824; x_wconf 90' lang='lat' dir='ltr'><strong>in</strong></span> <span class='ocrx_word' id='word_1_230' title='bbox 967 1772 1094 1840; x_wconf 87' lang='lat' dir='ltr'><strong>jure</strong></span> <span class='ocrx_word' id='word_1_231' title='bbox 1139 1778 1191 1825; x_wconf 89' lang='lat' dir='ltr'><strong>et</strong></span> <span class='ocrx_word' id='word_1_232' title='bbox 1232 1777 1503 1841; x_wconf 90' lang='lat' dir='ltr'><strong>potestate</strong></span> <span class='ocrx_word' id='word_1_233' title='bbox 1536 1771 1930 1826; x_wconf 85' lang='lat' dir='ltr'><strong>canonicorum</strong></span> <span class='ocrx_word' id='word_1_234' title='bbox 1961 1763 2010 1780; x_wconf 75' lang='grc' dir='ltr'>ν</span> <span class='ocrx_word' id='word_1_235' title='bbox 2037 1763 2134 1817; x_wconf 89' lang='lat' dir='ltr'><strong>lari</strong></span> <span class='ocrx_word' id='word_1_236' title='bbox 2164 1763 2315 1818; x_wconf 91' lang='lat' dir='ltr'><strong>vultu</strong></span> <span class='ocrx_word' id='word_1_237' title='bbox 2346 1771 2399 1818; x_wconf 92' lang='lat' dir='ltr'><strong>et</strong></span> <span class='ocrx_word' id='word_1_238' title='bbox 2429 1763 2646 1834; x_wconf 92' lang='lat' dir='ltr'><strong>placida</strong></span> <span class='ocrx_word' id='word_1_239' title='bbox 2675 1770 2859 1818; x_wconf 87' lang='lat' dir='ltr'><strong>mente</strong></span> <span class='ocrx_word' id='word_1_240' title='bbox 2899 1764 3157 1834; x_wconf 86' lang='lat' dir='ltr'><strong>porrexit.</strong></span> <span class='ocrx_word' id='word_1_241' title='bbox 3193 1765 3432 1821; x_wconf 63' lang='lat' dir='ltr'><strong>Familize</strong></span> <span class='ocrx_word' id='word_1_242' title='bbox 3465 1775 3646 1824; x_wconf 89' lang='lat' dir='ltr'><strong>autem</strong></span> 
     </span>
    </p>
   </div>
   <div class='ocr_carea' id='block_1_19' title="bbox 316 1859 3650 1933">
    <p class='ocr_par' dir='ltr' id='par_1_19' title="bbox 316 1859 3650 1933">
     <span class='ocr_line' id='line_1_19' title="bbox 316 1859 3650 1933; baseline 0 -17"><span class='ocrx_word' id='word_1_243' title='bbox 316 1861 710 1932; x_wconf 87' lang='lat' dir='ltr'><strong>perpetualiter</strong></span> <span class='ocrx_word' id='word_1_244' title='bbox 732 1861 786 1913; x_wconf 92' lang='lat' dir='ltr'><strong>in</strong></span> <span class='ocrx_word' id='word_1_245' title='bbox 818 1860 1100 1914; x_wconf 89' lang='lat' dir='ltr'><strong>oblatione</strong></span> <span class='ocrx_word' id='word_1_246' title='bbox 1131 1866 1468 1930; x_wconf 89' lang='lat' dir='ltr'><strong>permaneat,</strong></span> <span class='ocrx_word' id='word_1_247' title='bbox 1501 1860 1651 1915; x_wconf 89' lang='lat' dir='ltr'><strong>salvo</strong></span> <span class='ocrx_word' id='word_1_248' title='bbox 1675 1860 1730 1914; x_wconf 92' lang='lat' dir='ltr'><strong>in</strong></span> <span class='ocrx_word' id='word_1_249' title='bbox 1753 1859 1936 1915; x_wconf 90' lang='lat' dir='ltr'><strong>omni-</strong></span> <span class='ocrx_word' id='word_1_250' title='bbox 2035 1862 2159 1933; x_wconf 91' lang='lat' dir='ltr'><strong>plus</strong></span> <span class='ocrx_word' id='word_1_251' title='bbox 2183 1862 2334 1930; x_wconf 90' lang='lat' dir='ltr'><strong>justo</strong></span> <span class='ocrx_word' id='word_1_252' title='bbox 2379 1861 2576 1916; x_wconf 57' lang='lat' dir='ltr'><strong>saevior</strong></span> <span class='ocrx_word' id='word_1_253' title='bbox 2599 1860 2824 1927; x_wconf 85' lang='lat' dir='ltr'><strong>exstitit,</strong></span> <span class='ocrx_word' id='word_1_254' title='bbox 2856 1876 3044 1915; x_wconf 91' lang='lat' dir='ltr'><strong>eorum</strong></span> <span class='ocrx_word' id='word_1_255' title='bbox 3072 1862 3163 1930; x_wconf 91' lang='lat' dir='ltr'><strong>jus</strong></span> <span class='ocrx_word' id='word_1_256' title='bbox 3194 1863 3437 1918; x_wconf 90' lang='lat' dir='ltr'><strong>tollendo</strong></span> <span class='ocrx_word' id='word_1_257' title='bbox 3464 1905 3476 1930; x_wconf 93' lang='lat'><strong>,</strong></span> <span class='ocrx_word' id='word_1_258' title='bbox 3511 1871 3566 1918; x_wconf 91' lang='lat' dir='ltr'><strong>et</strong></span> <span class='ocrx_word' id='word_1_259' title='bbox 3594 1865 3650 1917; x_wconf 91' lang='lat' dir='ltr'><strong>in</strong></span> 
     </span>
    </p>
   </div>
   <div class='ocr_carea' id='block_1_20' title="bbox 316 1952 3654 2025">
    <p class='ocr_par' dir='ltr' id='par_1_20' title="bbox 316 1952 3654 2025">
     <span class='ocr_line' id='line_1_20' title="bbox 316 1952 3654 2025; baseline 0 -17"><span class='ocrx_word' id='word_1_260' title='bbox 316 1955 419 2009; x_wconf 90' lang='lat' dir='ltr'><strong>bus</strong></span> <span class='ocrx_word' id='word_1_261' title='bbox 453 1971 642 2009; x_wconf 90' lang='lat' dir='ltr'><strong>eorum</strong></span> <span class='ocrx_word' id='word_1_262' title='bbox 674 1954 1000 2025; x_wconf 89' lang='lat' dir='ltr'><strong>quotidiano</strong></span> <span class='ocrx_word' id='word_1_263' title='bbox 1029 1952 1310 2022; x_wconf 90' lang='lat' dir='ltr'><strong>stipendio</strong></span> <span class='ocrx_word' id='word_1_264' title='bbox 1337 1969 1349 2015; x_wconf 91' lang='lat'><strong>;</strong></span> <span class='ocrx_word' id='word_1_265' title='bbox 1385 1959 1437 2006; x_wconf 90' lang='lat' dir='ltr'><strong>et</strong></span> <span class='ocrx_word' id='word_1_266' title='bbox 1467 1961 1527 2008; x_wconf 91' lang='lat' dir='ltr'><strong>ut</strong></span> <span class='ocrx_word' id='word_1_267' title='bbox 1557 1952 1683 2022; x_wconf 90' lang='lat' dir='ltr'><strong>ipsi,</strong></span> <span class='ocrx_word' id='word_1_268' title='bbox 1716 1968 1815 2023; x_wconf 91' lang='lat' dir='ltr'><strong>pro</strong></span> <span class='ocrx_word' id='word_1_269' title='bbox 1843 1969 1935 2007; x_wconf 82' lang='lat' dir='ltr'><strong>re-</strong></span> <span class='ocrx_word' id='word_1_270' title='bbox 2035 1953 2370 2024; x_wconf 89' lang='lat' dir='ltr'><strong>quibusdam</strong></span> <span class='ocrx_word' id='word_1_271' title='bbox 2401 1952 2536 2008; x_wconf 88' lang='lat' dir='ltr'><strong>locis</strong></span> <span class='ocrx_word' id='word_1_272' title='bbox 2574 1968 2774 2007; x_wconf 90' lang='lat' dir='ltr'><strong>novum</strong></span> <span class='ocrx_word' id='word_1_273' title='bbox 2823 1967 3046 2007; x_wconf 89' lang='lat' dir='ltr'><strong>censum</strong></span> <span class='ocrx_word' id='word_1_274' title='bbox 3075 1953 3336 2007; x_wconf 81' lang='lat' dir='ltr'><strong>creando.</strong></span> <span class='ocrx_word' id='word_1_275' title='bbox 3370 1954 3520 2008; x_wconf 90' lang='lat' dir='ltr'><strong>Tnnc</strong></span> <span class='ocrx_word' id='word_1_276' title='bbox 3558 1954 3654 2009; x_wconf 88' lang='lat' dir='ltr'><strong>de-</strong></span> 
     </span>
    </p>
   </div>
   <div class='ocr_carea' id='block_1_21' title="bbox 315 2043 3656 2122">
    <p class='ocr_par' dir='ltr' id='par_1_21' title="bbox 315 2043 3656 2122">
     <span class='ocr_line' id='line_1_21' title="bbox 315 2043 3656 2122; baseline 0 -22"><span class='ocrx_word' id='word_1_277' title='bbox 315 2048 443 2118; x_wconf 89' lang='lat' dir='ltr'><strong>quie</strong></span> <span class='ocrx_word' id='word_1_278' title='bbox 475 2047 595 2114; x_wconf 92' lang='lat' dir='ltr'><strong>ejus</strong></span> <span class='ocrx_word' id='word_1_279' title='bbox 626 2047 847 2111; x_wconf 80' lang='lat' dir='ltr'><strong>animae,</strong></span> <span class='ocrx_word' id='word_1_280' title='bbox 880 2045 1040 2100; x_wconf 89' lang='lat' dir='ltr'><strong>annis</strong></span> <span class='ocrx_word' id='word_1_281' title='bbox 1071 2043 1303 2116; x_wconf 82' lang='lat' dir='ltr'><strong>singulis</strong></span> <span class='ocrx_word' id='word_1_282' title='bbox 1334 2051 1460 2098; x_wconf 89' lang='lat' dir='ltr'><strong>ante</strong></span> <span class='ocrx_word' id='word_1_283' title='bbox 1493 2044 1932 2099; x_wconf 87' lang='lat' dir='ltr'><strong>anniversarium</strong></span> <span class='ocrx_word' id='word_1_284' title='bbox 2043 2063 2188 2101; x_wconf 94' lang='lat' dir='ltr'><strong>mum</strong></span> <span class='ocrx_word' id='word_1_285' title='bbox 2222 2046 2594 2122; x_wconf 83' lang='lat' dir='ltr'><strong>cognoscebat</strong></span> <span class='ocrx_word' id='word_1_286' title='bbox 2622 2046 2769 2116; x_wconf 91' lang='lat' dir='ltr'><strong>quod</strong></span> <span class='ocrx_word' id='word_1_287' title='bbox 2813 2045 3096 2116; x_wconf 66' lang='lat' dir='ltr'><strong>praelibata</strong></span> <span class='ocrx_word' id='word_1_288' title='bbox 3127 2046 3371 2113; x_wconf 85' lang='lat' dir='ltr'><strong>adversa,</strong></span> <span class='ocrx_word' id='word_1_289' title='bbox 3408 2047 3514 2100; x_wconf 91' lang='lat' dir='ltr'><strong>nisi</strong></span> <span class='ocrx_word' id='word_1_290' title='bbox 3547 2048 3656 2102; x_wconf 92' lang='lat' dir='ltr'><strong>Deo</strong></span> 
     </span>
    </p>
   </div>
   <div class='ocr_carea' id='block_1_22' title="bbox 315 2134 3656 2208">
    <p class='ocr_par' dir='ltr' id='par_1_22' title="bbox 315 2134 3656 2208">
     <span class='ocr_line' id='line_1_22' title="bbox 315 2134 3656 2208; baseline -0.001 -14"><span class='ocrx_word' id='word_1_291' title='bbox 315 2139 460 2194; x_wconf 86' lang='lat' dir='ltr'><strong>diem</strong></span> <span class='ocrx_word' id='word_1_292' title='bbox 483 2139 550 2193; x_wconf 91' lang='lat' dir='ltr'><strong>ad</strong></span> <span class='ocrx_word' id='word_1_293' title='bbox 577 2139 764 2194; x_wconf 87' lang='lat' dir='ltr'><strong>horam</strong></span> <span class='ocrx_word' id='word_1_294' title='bbox 789 2137 1158 2208; x_wconf 84' lang='lat' dir='ltr'><strong>vespertinam</strong></span> <span class='ocrx_word' id='word_1_295' title='bbox 1187 2134 1435 2206; x_wconf 79' lang='lat' dir='ltr'><strong>vigiliam</strong></span> <span class='ocrx_word' id='word_1_296' title='bbox 1465 2137 1684 2206; x_wconf 89' lang='lat' dir='ltr'><strong>plenam</strong></span> <span class='ocrx_word' id='word_1_297' title='bbox 1705 2135 1772 2190; x_wconf 89' lang='lat' dir='ltr'><strong>de</strong></span> <span class='ocrx_word' id='word_1_298' title='bbox 1804 2151 1940 2190; x_wconf 84' lang='lat' dir='ltr'><strong>voce</strong></span> <span class='ocrx_word' id='word_1_299' title='bbox 2043 2135 2338 2204; x_wconf 89' lang='lat' dir='ltr'><strong>adjuvante</strong></span> <span class='ocrx_word' id='word_1_300' title='bbox 2387 2142 2439 2190; x_wconf 90' lang='lat' dir='ltr'><strong>et</strong></span> <span class='ocrx_word' id='word_1_301' title='bbox 2486 2134 2790 2205; x_wconf 86' lang='lat' dir='ltr'><strong>imperialis</strong></span> <span class='ocrx_word' id='word_1_302' title='bbox 2830 2134 3175 2188; x_wconf 87' lang='lat' dir='ltr'><strong>celsitudinis</strong></span> <span class='ocrx_word' id='word_1_303' title='bbox 3231 2135 3406 2207; x_wconf 89' lang='lat' dir='ltr'><strong>gratia</strong></span> <span class='ocrx_word' id='word_1_304' title='bbox 3450 2136 3656 2189; x_wconf 86' lang='lat' dir='ltr'><strong>machi-</strong></span> 
     </span>
    </p>
   </div>
   <div class='ocr_carea' id='block_1_23' title="bbox 313 2228 3662 2303">
    <p class='ocr_par' dir='ltr' id='par_1_23' title="bbox 313 2228 3662 2303">
     <span class='ocr_line' id='line_1_23' title="bbox 313 2228 3662 2303; baseline -0.001 -15"><span class='ocrx_word' id='word_1_305' title='bbox 313 2232 618 2296; x_wconf 85' lang='lat' dir='ltr'><strong>celebrent,</strong></span> <span class='ocrx_word' id='word_1_306' title='bbox 660 2237 714 2285; x_wconf 82' lang='lat' dir='ltr'><strong>et</strong></span> <span class='ocrx_word' id='word_1_307' title='bbox 771 2231 825 2283; x_wconf 90' lang='lat' dir='ltr'><strong>in</strong></span> <span class='ocrx_word' id='word_1_308' title='bbox 883 2229 1263 2285; x_wconf 81' lang='lat' dir='ltr'><strong>anniversario</strong></span> <span class='ocrx_word' id='word_1_309' title='bbox 1313 2229 1402 2284; x_wconf 86' lang='lat' dir='ltr'><strong>die</strong></span> <span class='ocrx_word' id='word_1_310' title='bbox 1458 2229 1652 2283; x_wconf 81' lang='lat' dir='ltr'><strong>iterum</strong></span> <span class='ocrx_word' id='word_1_311' title='bbox 1695 2228 1938 2300; x_wconf 77' lang='lat' dir='ltr'><strong>vigiliam</strong></span> <span class='ocrx_word' id='word_1_312' title='bbox 2043 2241 2232 2299; x_wconf 91' lang='lat' dir='ltr'><strong>nante,</strong></span> <span class='ocrx_word' id='word_1_313' title='bbox 2262 2248 2526 2303; x_wconf 89' lang='lat' dir='ltr'><strong>superare</strong></span> <span class='ocrx_word' id='word_1_314' title='bbox 2557 2248 2666 2286; x_wconf 93' lang='lat' dir='ltr'><strong>non</strong></span> <span class='ocrx_word' id='word_1_315' title='bbox 2692 2231 2891 2302; x_wconf 91' lang='lat' dir='ltr'><strong>potuit,</strong></span> <span class='ocrx_word' id='word_1_316' title='bbox 2925 2237 2980 2284; x_wconf 93' lang='lat' dir='ltr'><strong>et</strong></span> <span class='ocrx_word' id='word_1_317' title='bbox 3008 2238 3120 2285; x_wconf 92' lang='lat' dir='ltr'><strong>toto</strong></span> <span class='ocrx_word' id='word_1_318' title='bbox 3153 2231 3276 2284; x_wconf 89' lang='lat' dir='ltr'><strong>nisu</strong></span> <span class='ocrx_word' id='word_1_319' title='bbox 3306 2231 3530 2286; x_wconf 89' lang='lat' dir='ltr'><strong>servitio</strong></span> <span class='ocrx_word' id='word_1_320' title='bbox 3564 2231 3662 2284; x_wconf 91' lang='lat' dir='ltr'><strong>im-</strong></span> 
     </span>
    </p>
   </div>
   <div class='ocr_carea' id='block_1_24' title="bbox 313 2321 3762 2396">
    <p class='ocr_par' dir='ltr' id='par_1_24' title="bbox 313 2321 3762 2396">
     <span class='ocr_line' id='line_1_24' title="bbox 313 2321 3762 2396; baseline -0.001 -18"><span class='ocrx_word' id='word_1_321' title='bbox 313 2325 591 2394; x_wconf 88' lang='lat' dir='ltr'><strong>expleant,</strong></span> <span class='ocrx_word' id='word_1_322' title='bbox 626 2330 679 2377; x_wconf 90' lang='lat' dir='ltr'><strong>et</strong></span> <span class='ocrx_word' id='word_1_323' title='bbox 707 2323 980 2378; x_wconf 88' lang='lat' dir='ltr'><strong>celebrata</strong></span> <span class='ocrx_word' id='word_1_324' title='bbox 1022 2322 1190 2376; x_wconf 90' lang='lat' dir='ltr'><strong>missa</strong></span> <span class='ocrx_word' id='word_1_325' title='bbox 1222 2322 1427 2383; x_wconf 90' lang='lat' dir='ltr'><strong>altaris,</strong></span> <span class='ocrx_word' id='word_1_326' title='bbox 1478 2321 1671 2376; x_wconf 72' lang='lat' dir='ltr'><strong>hostiae</strong></span> <span class='ocrx_word' id='word_1_327' title='bbox 1709 2322 1940 2377; x_wconf 85' lang='lat' dir='ltr'><strong>oblatio-</strong></span> <span class='ocrx_word' id='word_1_328' title='bbox 2042 2323 2312 2394; x_wconf 88' lang='lat' dir='ltr'><strong>peratoris</strong></span> <span class='ocrx_word' id='word_1_329' title='bbox 2349 2339 2409 2378; x_wconf 92' lang='lat' dir='ltr'><strong>se</strong></span> <span class='ocrx_word' id='word_1_330' title='bbox 2450 2323 2733 2378; x_wconf 89' lang='lat' dir='ltr'><strong>innectere</strong></span> <span class='ocrx_word' id='word_1_331' title='bbox 2769 2321 2996 2387; x_wconf 90' lang='lat' dir='ltr'><strong>studuit,</strong></span> <span class='ocrx_word' id='word_1_332' title='bbox 3048 2329 3107 2376; x_wconf 91' lang='lat' dir='ltr'><strong>ut</strong></span> <span class='ocrx_word' id='word_1_333' title='bbox 3145 2322 3512 2394; x_wconf 90' lang='lat' dir='ltr'><strong>acquisitione</strong></span> <span class='ocrx_word' id='word_1_334' title='bbox 3541 2322 3663 2390; x_wconf 86' lang='lat' dir='ltr'><strong>ejus</strong></span> <span class='ocrx_word' id='word_1_335' title='bbox 3748 2381 3762 2396; x_wconf 47' lang='grc' dir='ltr'><strong><em>ο</em></strong></span> 
     </span>
    </p>
   </div>
   <div class='ocr_carea' id='block_1_25' title="bbox 316 2411 3659 2490">
    <p class='ocr_par' dir='ltr' id='par_1_25' title="bbox 316 2411 3659 2490">
     <span class='ocr_line' id='line_1_25' title="bbox 316 2411 3659 2490; baseline -0 -22"><span class='ocrx_word' id='word_1_336' title='bbox 316 2431 445 2469; x_wconf 89' lang='lat' dir='ltr'><strong>nem</strong></span> <span class='ocrx_word' id='word_1_337' title='bbox 496 2429 690 2469; x_wconf 91' lang='lat' dir='ltr'><strong>omnes</strong></span> <span class='ocrx_word' id='word_1_338' title='bbox 716 2414 772 2467; x_wconf 92' lang='lat' dir='ltr'><strong>in</strong></span> <span class='ocrx_word' id='word_1_339' title='bbox 814 2411 1108 2469; x_wconf 86' lang='lat' dir='ltr'><strong>commune</strong></span> <span class='ocrx_word' id='word_1_340' title='bbox 1167 2415 1276 2468; x_wconf 89' lang='lat' dir='ltr'><strong>Deo</strong></span> <span class='ocrx_word' id='word_1_341' title='bbox 1333 2411 1589 2476; x_wconf 67' lang='lat' dir='ltr'><strong>offerant,</strong></span> <span class='ocrx_word' id='word_1_342' title='bbox 1626 2419 1678 2466; x_wconf 91' lang='lat' dir='ltr'><strong>et</strong></span> <span class='ocrx_word' id='word_1_343' title='bbox 1712 2412 1944 2482; x_wconf 84' lang='lat' dir='ltr'><strong>insuper</strong></span> <span class='ocrx_word' id='word_1_344' title='bbox 2042 2416 2232 2490; x_wconf 70' lang='lat' dir='ltr'><strong>gratiae</strong></span> <span class='ocrx_word' id='word_1_345' title='bbox 2271 2430 2466 2470; x_wconf 91' lang='lat' dir='ltr'><strong>omnes</strong></span> <span class='ocrx_word' id='word_1_346' title='bbox 2511 2414 2930 2470; x_wconf 89' lang='lat' dir='ltr'><strong>contrarietates</strong></span> <span class='ocrx_word' id='word_1_347' title='bbox 2960 2413 3010 2468; x_wconf 90' lang='lat' dir='ltr'><strong>ei</strong></span> <span class='ocrx_word' id='word_1_348' title='bbox 3036 2414 3104 2468; x_wconf 89' lang='lat' dir='ltr'><strong>ab</strong></span> <span class='ocrx_word' id='word_1_349' title='bbox 3132 2413 3253 2467; x_wconf 88' lang='lat' dir='ltr'><strong>aliis</strong></span> <span class='ocrx_word' id='word_1_350' title='bbox 3282 2414 3659 2485; x_wconf 88' lang='lat' dir='ltr'><strong>undiqueim-</strong></span> 
     </span>
    </p>
   </div>
   <div class='ocr_carea' id='block_1_26' title="bbox 318 2503 3666 2577">
    <p class='ocr_par' dir='ltr' id='par_1_26' title="bbox 318 2503 3666 2577">
     <span class='ocr_line' id='line_1_26' title="bbox 318 2503 3666 2577; baseline 0 -17"><span class='ocrx_word' id='word_1_351' title='bbox 318 2515 538 2560; x_wconf 88' lang='lat' dir='ltr'><strong>centum</strong></span> <span class='ocrx_word' id='word_1_352' title='bbox 574 2521 844 2576; x_wconf 87' lang='lat' dir='ltr'><strong>pauperes</strong></span> <span class='ocrx_word' id='word_1_353' title='bbox 891 2503 1186 2560; x_wconf 78' lang='lat' dir='ltr'><strong>sufficienti</strong></span> <span class='ocrx_word' id='word_1_354' title='bbox 1228 2504 1504 2575; x_wconf 90' lang='lat' dir='ltr'><strong>stipendio</strong></span> <span class='ocrx_word' id='word_1_355' title='bbox 1537 2505 1737 2558; x_wconf 88' lang='lat' dir='ltr'><strong>edendi</strong></span> <span class='ocrx_word' id='word_1_356' title='bbox 1772 2510 1824 2558; x_wconf 87' lang='lat' dir='ltr'><strong>et</strong></span> <span class='ocrx_word' id='word_1_357' title='bbox 1858 2505 1945 2558; x_wconf 86' lang='lat' dir='ltr'><strong>bi-</strong></span> <span class='ocrx_word' id='word_1_358' title='bbox 2043 2509 2339 2574; x_wconf 89' lang='lat' dir='ltr'><strong>minentes,</strong></span> <span class='ocrx_word' id='word_1_359' title='bbox 2369 2525 2492 2562; x_wconf 93' lang='lat' dir='ltr'><strong>cum</strong></span> <span class='ocrx_word' id='word_1_360' title='bbox 2519 2509 2640 2576; x_wconf 88' lang='lat' dir='ltr'><strong>ejus</strong></span> <span class='ocrx_word' id='word_1_361' title='bbox 2670 2507 2967 2577; x_wconf 66' lang='lat' dir='ltr'><strong>praesentia</strong></span> <span class='ocrx_word' id='word_1_362' title='bbox 2999 2516 3190 2560; x_wconf 90' lang='lat' dir='ltr'><strong>etcum</strong></span> <span class='ocrx_word' id='word_1_363' title='bbox 3216 2508 3338 2575; x_wconf 88' lang='lat' dir='ltr'><strong>ejus</strong></span> <span class='ocrx_word' id='word_1_364' title='bbox 3371 2507 3666 2576; x_wconf 56' lang='lat' dir='ltr'><strong>prmceptis</strong></span> 
     </span>
    </p>
   </div>
   <div class='ocr_carea' id='block_1_27' title="bbox 323 2593 3666 2670">
    <p class='ocr_par' dir='ltr' id='par_1_27' title="bbox 323 2593 3666 2670">
     <span class='ocr_line' id='line_1_27' title="bbox 323 2593 3666 2670; baseline -0.001 -19"><span class='ocrx_word' id='word_1_365' title='bbox 323 2598 492 2652; x_wconf 89' lang='lat' dir='ltr'><strong>bendi</strong></span> <span class='ocrx_word' id='word_1_366' title='bbox 526 2605 840 2669; x_wconf 89' lang='lat' dir='ltr'><strong>procurent,</strong></span> <span class='ocrx_word' id='word_1_367' title='bbox 873 2607 927 2652; x_wconf 92' lang='lat' dir='ltr'><strong>et</strong></span> <span class='ocrx_word' id='word_1_368' title='bbox 950 2615 1012 2653; x_wconf 87' lang='lat' dir='ltr'><strong>ex</strong></span> <span class='ocrx_word' id='word_1_369' title='bbox 1041 2597 1123 2652; x_wconf 88' lang='lat' dir='ltr'><strong>eis</strong></span> <span class='ocrx_word' id='word_1_370' title='bbox 1155 2597 1442 2652; x_wconf 88' lang='lat' dir='ltr'><strong>duodecim</strong></span> <span class='ocrx_word' id='word_1_371' title='bbox 1469 2597 1722 2661; x_wconf 82' lang='lat' dir='ltr'><strong>vestiant,</strong></span> <span class='ocrx_word' id='word_1_372' title='bbox 1757 2597 1810 2650; x_wconf 91' lang='lat' dir='ltr'><strong>in</strong></span> <span class='ocrx_word' id='word_1_373' title='bbox 1834 2613 1943 2651; x_wconf 88' lang='lat' dir='ltr'><strong>uno</strong></span> <span class='ocrx_word' id='word_1_374' title='bbox 2047 2597 2448 2670; x_wconf 85' lang='lat' dir='ltr'><strong>mitigarentur.</strong></span> <span class='ocrx_word' id='word_1_375' title='bbox 2495 2596 2624 2650; x_wconf 88' lang='lat' dir='ltr'><strong>Ideo</strong></span> <span class='ocrx_word' id='word_1_376' title='bbox 2664 2594 2837 2667; x_wconf 80' lang='lat' dir='ltr'><strong>igitur</strong></span> <span class='ocrx_word' id='word_1_377' title='bbox 2864 2595 3065 2665; x_wconf 69' lang='lat' dir='ltr'><strong>saepius</strong></span> <span class='ocrx_word' id='word_1_378' title='bbox 3103 2610 3233 2650; x_wconf 86' lang='lat' dir='ltr'><strong>cum</strong></span> <span class='ocrx_word' id='word_1_379' title='bbox 3285 2593 3666 2665; x_wconf 88' lang='lat' dir='ltr'><strong>imperialibus</strong></span> 
     </span>
    </p>
   </div>
   <div class='ocr_carea' id='block_1_28' title="bbox 325 2685 3667 2759">
    <p class='ocr_par' dir='ltr' id='par_1_28' title="bbox 325 2685 3667 2759">
     <span class='ocr_line' id='line_1_28' title="bbox 325 2685 3667 2759; baseline -0.001 -17"><span class='ocrx_word' id='word_1_380' title='bbox 325 2703 471 2742; x_wconf 90' lang='lat' dir='ltr'><strong>anno</strong></span> <span class='ocrx_word' id='word_1_381' title='bbox 503 2687 678 2742; x_wconf 87' lang='lat' dir='ltr'><strong>laneis</strong></span> <span class='ocrx_word' id='word_1_382' title='bbox 706 2686 1071 2751; x_wconf 86' lang='lat' dir='ltr'><strong>vestimentis,</strong></span> <span class='ocrx_word' id='word_1_383' title='bbox 1104 2694 1158 2740; x_wconf 85' lang='lat' dir='ltr'><strong>et</strong></span> <span class='ocrx_word' id='word_1_384' title='bbox 1199 2687 1252 2739; x_wconf 92' lang='lat' dir='ltr'><strong>in</strong></span> <span class='ocrx_word' id='word_1_385' title='bbox 1283 2686 1455 2740; x_wconf 84' lang='lat' dir='ltr'><strong>altero</strong></span> <span class='ocrx_word' id='word_1_386' title='bbox 1481 2701 1626 2740; x_wconf 90' lang='lat' dir='ltr'><strong>anno</strong></span> <span class='ocrx_word' id='word_1_387' title='bbox 1655 2685 1831 2740; x_wconf 88' lang='lat' dir='ltr'><strong>laneis</strong></span> <span class='ocrx_word' id='word_1_388' title='bbox 1859 2686 1950 2738; x_wconf 82' lang='lat' dir='ltr'><strong>in—</strong></span> <span class='ocrx_word' id='word_1_389' title='bbox 2059 2690 2381 2746; x_wconf 89' lang='lat' dir='ltr'><strong>muneribus</strong></span> <span class='ocrx_word' id='word_1_390' title='bbox 2409 2705 2535 2744; x_wconf 93' lang='lat' dir='ltr'><strong>eum</strong></span> <span class='ocrx_word' id='word_1_391' title='bbox 2557 2687 2812 2753; x_wconf 89' lang='lat' dir='ltr'><strong>visitavit,</strong></span> <span class='ocrx_word' id='word_1_392' title='bbox 2845 2693 2900 2741; x_wconf 93' lang='lat' dir='ltr'><strong>et</strong></span> <span class='ocrx_word' id='word_1_393' title='bbox 2929 2687 3134 2741; x_wconf 88' lang='lat' dir='ltr'><strong>drudcs</strong></span> <span class='ocrx_word' id='word_1_394' title='bbox 3177 2687 3295 2757; x_wconf 88' lang='lat' dir='ltr'><strong>[al,,</strong></span> <span class='ocrx_word' id='word_1_395' title='bbox 3322 2693 3526 2759; x_wconf 83' lang='lat' dir='ltr'><strong>gratos,</strong></span> <span class='ocrx_word' id='word_1_396' title='bbox 3568 2687 3624 2740; x_wconf 89' lang='lat' dir='ltr'><strong>al</strong></span> <span class='ocrx_word' id='word_1_397' title='bbox 3654 2727 3667 2753; x_wconf 96' lang='lat'><strong>,</strong></span> 
     </span>
    </p>
   </div>
   <div class='ocr_carea' id='block_1_29' title="bbox 329 2773 3674 2850">
    <p class='ocr_par' dir='ltr' id='par_1_29' title="bbox 329 2773 3674 2850">
     <span class='ocr_line' id='line_1_29' title="bbox 329 2773 3674 2850; baseline -0.004 -8"><span class='ocrx_word' id='word_1_398' title='bbox 329 2777 518 2842; x_wconf 64' lang='lat' dir='ltr'><strong>duum:</strong></span> <span class='ocrx_word' id='word_1_399' title='bbox 554 2784 608 2831; x_wconf 75' lang='grc' dir='ltr'><strong>Θῐ</strong></span> <span class='ocrx_word' id='word_1_400' title='bbox 633 2776 838 2850; x_wconf 73' lang='lat' dir='ltr'><strong>caligas</strong></span> <span class='ocrx_word' id='word_1_401' title='bbox 859 2775 1346 2844; x_wconf 75' lang='lat' dir='ltr'><strong>calceamenlaque</strong></span> <span class='ocrx_word' id='word_1_402' title='bbox 1369 2773 1669 2843; x_wconf 67' lang='grc' dir='ltr'><strong>ρι’ίεὺθεηῐ.</strong></span> <span class='ocrx_word' id='word_1_403' title='bbox 1695 2774 1747 2827; x_wconf 78' lang='lat' dir='ltr'><strong>Si</strong></span> <span class='ocrx_word' id='word_1_404' title='bbox 1765 2783 1945 2828; x_wconf 79' lang='lat' dir='ltr'><strong>aulem</strong></span> <span class='ocrx_word' id='word_1_405' title='bbox 2056 2778 2417 2849; x_wconf 85' lang='lat' dir='ltr'><strong>consiliarios]</strong></span> <span class='ocrx_word' id='word_1_406' title='bbox 2437 2793 2568 2833; x_wconf 91' lang='lat' dir='ltr'><strong>suos</strong></span> <span class='ocrx_word' id='word_1_407' title='bbox 2589 2776 2752 2832; x_wconf 92' lang='lat' dir='ltr'><strong>donis</strong></span> <span class='ocrx_word' id='word_1_408' title='bbox 2781 2775 3041 2850; x_wconf 90' lang='lat' dir='ltr'><strong>congruis</strong></span> <span class='ocrx_word' id='word_1_409' title='bbox 3066 2775 3173 2829; x_wconf 89' lang='lat' dir='ltr'><strong>sibi</strong></span> <span class='ocrx_word' id='word_1_410' title='bbox 3200 2775 3544 2847; x_wconf 89' lang='lat' dir='ltr'><strong>complacare</strong></span> <span class='ocrx_word' id='word_1_411' title='bbox 3567 2782 3674 2829; x_wconf 87' lang='lat' dir='ltr'><strong>sat-</strong></span> 
     </span>
    </p>
   </div>
   <div class='ocr_carea' id='block_1_30' title="bbox 330 2863 3667 2943">
    <p class='ocr_par' dir='ltr' id='par_1_30' title="bbox 330 2863 3667 2943">
     <span class='ocr_line' id='line_1_30' title="bbox 330 2863 3667 2943; baseline -0.004 -10"><span class='ocrx_word' id='word_1_412' title='bbox 330 2867 531 2937; x_wconf 72' lang='grc' dir='ltr'><strong>διὶίιυὶε</strong></span> <span class='ocrx_word' id='word_1_413' title='bbox 559 2880 848 2920; x_wconf 63' lang='lat' dir='ltr'><strong>successor</strong></span> <span class='ocrx_word' id='word_1_414' title='bbox 881 2865 996 2935; x_wconf 69' lang='grc' dir='ltr'><strong>[αισι</strong></span> <span class='ocrx_word' id='word_1_415' title='bbox 1023 2879 1202 2930; x_wconf 58' lang='lat' dir='ltr'><strong>meus:</strong></span> <span class='ocrx_word' id='word_1_416' title='bbox 1235 2867 1285 2917; x_wconf 69' lang='lat' dir='ltr'><strong><em>et</em></strong></span> <span class='ocrx_word' id='word_1_417' title='bbox 1313 2865 1390 2917; x_wconf 66' lang='grc' dir='ltr'><strong>εἷο</strong></span> <span class='ocrx_word' id='word_1_418' title='bbox 1413 2863 1616 2934; x_wconf 49' lang='lat' dir='ltr'><strong>Postea}</strong></span> <span class='ocrx_word' id='word_1_419' title='bbox 1651 2863 1770 2931; x_wconf 73' lang='lat' dir='ltr'><strong>eius</strong></span> <span class='ocrx_word' id='word_1_420' title='bbox 1800 2864 1946 2917; x_wconf 73' lang='lat' dir='ltr'><strong>auti-</strong></span> <span class='ocrx_word' id='word_1_421' title='bbox 2047 2872 2262 2943; x_wconf 76' lang='lat' dir='ltr'><strong>agebat,</strong></span> <span class='ocrx_word' id='word_1_422' title='bbox 2297 2878 2350 2926; x_wconf 90' lang='lat' dir='ltr'><strong>et</strong></span> <span class='ocrx_word' id='word_1_423' title='bbox 2389 2870 2621 2941; x_wconf 90' lang='lat' dir='ltr'><strong>insuper</strong></span> <span class='ocrx_word' id='word_1_424' title='bbox 2651 2868 2869 2924; x_wconf 89' lang='lat' dir='ltr'><strong>hostilia</strong></span> <span class='ocrx_word' id='word_1_425' title='bbox 2900 2868 3097 2922; x_wconf 87' lang='lat' dir='ltr'><strong>itinera</strong></span> <span class='ocrx_word' id='word_1_426' title='bbox 3128 2883 3250 2922; x_wconf 92' lang='lat' dir='ltr'><strong>cum</strong></span> <span class='ocrx_word' id='word_1_427' title='bbox 3283 2883 3352 2923; x_wconf 93' lang='lat' dir='ltr'><strong>eo</strong></span> <span class='ocrx_word' id='word_1_428' title='bbox 3377 2867 3667 2940; x_wconf 84' lang='lat' dir='ltr'><strong>pergebat,</strong></span> 
     </span>
    </p>
   </div>
   <div class='ocr_carea' id='block_1_31' title="bbox 327 2952 1975 3032">
    <p class='ocr_par' dir='ltr' id='par_1_31' title="bbox 327 2952 1946 3024">
     <span class='ocr_line' id='line_1_31' title="bbox 327 2952 1946 3024; baseline -0.001 -16"><span class='ocrx_word' id='word_1_429' title='bbox 327 2961 442 3008; x_wconf 86' lang='lat' dir='ltr'><strong>stes</strong></span> <span class='ocrx_word' id='word_1_430' title='bbox 471 2956 614 3009; x_wconf 90' lang='lat' dir='ltr'><strong>hanc</strong></span> <span class='ocrx_word' id='word_1_431' title='bbox 638 2953 1046 3024; x_wconf 88' lang='lat' dir='ltr'><strong>placitationem</strong></span> <span class='ocrx_word' id='word_1_432' title='bbox 1065 2952 1372 3022; x_wconf 91' lang='lat' dir='ltr'><strong>irrumpere</strong></span> <span class='ocrx_word' id='word_1_433' title='bbox 1393 2952 1709 3010; x_wconf 88' lang='lat' dir='ltr'><strong>tentaverit.</strong></span> <span class='ocrx_word' id='word_1_434' title='bbox 1729 2964 1782 3006; x_wconf 86' lang='lat' dir='ltr'><strong>et</strong></span> <span class='ocrx_word' id='word_1_435' title='bbox 1802 2969 1946 3023; x_wconf 70' lang='lat' dir='ltr'><strong>pne-</strong></span> 
     </span>
    </p>
   </div>
   <div class='ocr_carea' id='block_1_32' title="bbox 2076 2952 3668 3032">
    <p class='ocr_par' dir='ltr' id='par_1_32' title="bbox 2076 2959 3668 3032">
     <span class='ocr_line' id='line_1_32' title="bbox 2076 2959 3668 3032; baseline -0.003 -14"><span class='ocrx_word' id='word_1_436' title='bbox 2076 2964 2230 3018; x_wconf 86' lang='lat' dir='ltr'><strong>aliter</strong></span> <span class='ocrx_word' id='word_1_437' title='bbox 2256 2963 2398 3018; x_wconf 91' lang='lat' dir='ltr'><strong>sicut</strong></span> <span class='ocrx_word' id='word_1_438' title='bbox 2438 2962 2488 3016; x_wconf 91' lang='lat' dir='ltr'><strong>ei</strong></span> <span class='ocrx_word' id='word_1_439' title='bbox 2516 2962 2725 3032; x_wconf 89' lang='lat' dir='ltr'><strong>optime</strong></span> <span class='ocrx_word' id='word_1_440' title='bbox 2755 2960 3063 3015; x_wconf 65' lang='lat' dir='ltr'><strong>aestimabat</strong></span> <span class='ocrx_word' id='word_1_441' title='bbox 3090 2959 3329 3030; x_wconf 89' lang='lat' dir='ltr'><strong>placere.</strong></span> <span class='ocrx_word' id='word_1_442' title='bbox 3375 2961 3528 3014; x_wconf 91' lang='lat' dir='ltr'><strong>Anno</strong></span> <span class='ocrx_word' id='word_1_443' title='bbox 3570 2959 3668 3013; x_wconf 88' lang='lat' dir='ltr'><strong>ita-</strong></span> 
     </span>
    </p>
   </div>
   <div class='ocr_carea' id='block_1_33' title="bbox 327 3043 3665 3124">
    <p class='ocr_par' dir='ltr' id='par_1_33' title="bbox 327 3043 3665 3124">
     <span class='ocr_line' id='line_1_33' title="bbox 327 3043 3665 3124; baseline -0.002 -24"><span class='ocrx_word' id='word_1_444' title='bbox 327 3047 526 3101; x_wconf 90' lang='lat' dir='ltr'><strong>dictam</strong></span> <span class='ocrx_word' id='word_1_445' title='bbox 595 3046 982 3117; x_wconf 89' lang='lat' dir='ltr'><strong>proprietatem</strong></span> <span class='ocrx_word' id='word_1_446' title='bbox 1044 3044 1327 3100; x_wconf 90' lang='lat' dir='ltr'><strong>canonicis</strong></span> <span class='ocrx_word' id='word_1_447' title='bbox 1354 3044 1656 3099; x_wconf 85' lang='lat' dir='ltr'><strong>auferendo</strong></span> <span class='ocrx_word' id='word_1_448' title='bbox 1703 3043 1757 3098; x_wconf 92' lang='lat' dir='ltr'><strong>in</strong></span> <span class='ocrx_word' id='word_1_449' title='bbox 1789 3061 1943 3099; x_wconf 90' lang='lat' dir='ltr'><strong>suam</strong></span> <span class='ocrx_word' id='word_1_450' title='bbox 1980 3116 2014 3124; x_wconf 41' lang='grc' dir='ltr'><strong>Α</strong></span> <span class='ocrx_word' id='word_1_451' title='bbox 2047 3069 2154 3124; x_wconf 77' lang='lat' dir='ltr'><strong>que</strong></span> <span class='ocrx_word' id='word_1_452' title='bbox 2195 3052 2412 3108; x_wconf 81' lang='lat' dir='ltr'><strong>Domini</strong></span> <span class='ocrx_word' id='word_1_453' title='bbox 2443 3051 2614 3105; x_wconf 70' lang='lat' dir='ltr'><strong>nostri</strong></span> <span class='ocrx_word' id='word_1_454' title='bbox 2643 3050 2772 3105; x_wconf 78' lang='lat' dir='ltr'><strong>Jesu</strong></span> <span class='ocrx_word' id='word_1_455' title='bbox 2816 3047 3010 3104; x_wconf 70' lang='lat' dir='ltr'><strong>Christi</strong></span> <span class='ocrx_word' id='word_1_456' title='bbox 3050 3049 3175 3113; x_wconf 82' lang='lat'><strong>983,</strong></span> <span class='ocrx_word' id='word_1_457' title='bbox 3209 3049 3512 3118; x_wconf 66' lang='lat' dir='ltr'><strong>imperator</strong></span> <span class='ocrx_word' id='word_1_458' title='bbox 3541 3062 3665 3101; x_wconf 80' lang='lat' dir='ltr'><strong>cum</strong></span> 
     </span>
    </p>
   </div>
   <div class='ocr_carea' id='block_1_34' title="bbox 327 3116 3677 3212">
    <p class='ocr_par' dir='ltr' id='par_1_34' title="bbox 327 3116 3677 3212">
     <span class='ocr_line' id='line_1_34' title="bbox 327 3116 3677 3212; baseline -0 -19"><span class='ocrx_word' id='word_1_459' title='bbox 327 3116 620 3195; x_wconf 88' lang='lat' dir='ltr'><strong>utilitatem</strong></span> <span class='ocrx_word' id='word_1_460' title='bbox 648 3139 834 3210; x_wconf 89' lang='lat' dir='ltr'><strong>aliquo</strong></span> <span class='ocrx_word' id='word_1_461' title='bbox 878 3138 1042 3193; x_wconf 92' lang='lat' dir='ltr'><strong>modo</strong></span> <span class='ocrx_word' id='word_1_462' title='bbox 1088 3138 1340 3210; x_wconf 83' lang='lat' dir='ltr'><strong>redigere</strong></span> <span class='ocrx_word' id='word_1_463' title='bbox 1389 3145 1619 3192; x_wconf 89' lang='lat' dir='ltr'><strong>conatus</strong></span> <span class='ocrx_word' id='word_1_464' title='bbox 1673 3137 1858 3204; x_wconf 88' lang='lat' dir='ltr'><strong>fuerit,</strong></span> <span class='ocrx_word' id='word_1_465' title='bbox 1890 3145 1945 3192; x_wconf 89' lang='lat' dir='ltr'><strong>ct</strong></span> <span class='ocrx_word' id='word_1_466' title='bbox 1969 3116 2018 3184; x_wconf 68' lang='grc' dir='ltr'>Ο</span> <span class='ocrx_word' id='word_1_467' title='bbox 2045 3116 2294 3200; x_wconf 75' lang='lat' dir='ltr'><strong>exercitu</strong></span> <span class='ocrx_word' id='word_1_468' title='bbox 2326 3140 2991 3212; x_wconf 87' lang='lat' dir='ltr'><strong>Calabriamprovinciam</strong></span> <span class='ocrx_word' id='word_1_469' title='bbox 3011 3139 3146 3195; x_wconf 90' lang='lat' dir='ltr'><strong>adiit</strong></span> <span class='ocrx_word' id='word_1_470' title='bbox 3170 3157 3184 3205; x_wconf 89' lang='lat'><strong>;</strong></span> <span class='ocrx_word' id='word_1_471' title='bbox 3212 3116 3342 3194; x_wconf 87' lang='lat' dir='ltr'><strong>illuc</strong></span> <span class='ocrx_word' id='word_1_472' title='bbox 3371 3140 3539 3194; x_wconf 88' lang='lat' dir='ltr'><strong>etiam</strong></span> <span class='ocrx_word' id='word_1_473' title='bbox 3561 3139 3677 3208; x_wconf 91' lang='lat' dir='ltr'><strong>epi-</strong></span> 
     </span>
    </p>
   </div>
   <div class='ocr_carea' id='block_1_35' title="bbox 330 3228 3681 3305">
    <p class='ocr_par' dir='ltr' id='par_1_35' title="bbox 330 3228 3681 3305">
     <span class='ocr_line' id='line_1_35' title="bbox 330 3228 3681 3305; baseline -0.001 -19"><span class='ocrx_word' id='word_1_474' title='bbox 330 3232 404 3286; x_wconf 89' lang='lat' dir='ltr'><strong>ita</strong></span> <span class='ocrx_word' id='word_1_475' title='bbox 426 3231 638 3286; x_wconf 89' lang='lat' dir='ltr'><strong>ratione</strong></span> <span class='ocrx_word' id='word_1_476' title='bbox 664 3231 716 3285; x_wconf 91' lang='lat' dir='ltr'><strong>ei</strong></span> <span class='ocrx_word' id='word_1_477' title='bbox 743 3235 1027 3301; x_wconf 88' lang='lat' dir='ltr'><strong>comperta</strong></span> <span class='ocrx_word' id='word_1_478' title='bbox 1056 3229 1238 3283; x_wconf 86' lang='lat' dir='ltr'><strong>statim</strong></span> <span class='ocrx_word' id='word_1_479' title='bbox 1273 3244 1382 3283; x_wconf 92' lang='lat' dir='ltr'><strong>non</strong></span> <span class='ocrx_word' id='word_1_480' title='bbox 1413 3228 1734 3289; x_wconf 80' lang='lat' dir='ltr'><strong>restituerit.</strong></span> <span class='ocrx_word' id='word_1_481' title='bbox 1767 3229 1945 3283; x_wconf 70' lang='lat' dir='ltr'><strong>haere-</strong></span> <span class='ocrx_word' id='word_1_482' title='bbox 2047 3251 2249 3305; x_wconf 85' lang='lat' dir='ltr'><strong>seopus</strong></span> <span class='ocrx_word' id='word_1_483' title='bbox 2279 3234 2564 3288; x_wconf 86' lang='lat' dir='ltr'><strong>Heinricus</strong></span> <span class='ocrx_word' id='word_1_484' title='bbox 2593 3248 2716 3287; x_wconf 91' lang='lat' dir='ltr'><strong>cum</strong></span> <span class='ocrx_word' id='word_1_485' title='bbox 2750 3247 2816 3286; x_wconf 87' lang='lat' dir='ltr'><strong>eo</strong></span> <span class='ocrx_word' id='word_1_486' title='bbox 2863 3230 3144 3301; x_wconf 87' lang='lat' dir='ltr'><strong>pervenit:</strong></span> <span class='ocrx_word' id='word_1_487' title='bbox 3203 3246 3444 3302; x_wconf 91' lang='lat' dir='ltr'><strong>cumque</strong></span> <span class='ocrx_word' id='word_1_488' title='bbox 3474 3230 3551 3284; x_wconf 91' lang='lat' dir='ltr'><strong>ibi</strong></span> <span class='ocrx_word' id='word_1_489' title='bbox 3576 3245 3681 3300; x_wconf 88' lang='lat' dir='ltr'><strong>pu-</strong></span> 
     </span>
    </p>
   </div>
   <div class='ocr_carea' id='block_1_36' title="bbox 332 3317 3674 3396">
    <p class='ocr_par' dir='ltr' id='par_1_36' title="bbox 332 3317 3674 3396">
     <span class='ocr_line' id='line_1_36' title="bbox 332 3317 3674 3396; baseline -0.001 -20"><span class='ocrx_word' id='word_1_490' title='bbox 332 3323 431 3377; x_wconf 90' lang='lat' dir='ltr'><strong>des</strong></span> <span class='ocrx_word' id='word_1_491' title='bbox 484 3323 603 3390; x_wconf 90' lang='lat' dir='ltr'><strong>ejus</strong></span> <span class='ocrx_word' id='word_1_492' title='bbox 639 3321 869 3395; x_wconf 87' lang='lat' dir='ltr'><strong>legitimi</strong></span> <span class='ocrx_word' id='word_1_493' title='bbox 917 3319 1149 3373; x_wconf 90' lang='lat' dir='ltr'><strong>liberam</strong></span> <span class='ocrx_word' id='word_1_494' title='bbox 1190 3319 1430 3372; x_wconf 88' lang='lat' dir='ltr'><strong>habeant</strong></span> <span class='ocrx_word' id='word_1_495' title='bbox 1479 3325 1803 3388; x_wconf 87' lang='lat' dir='ltr'><strong>potestatem</strong></span> <span class='ocrx_word' id='word_1_496' title='bbox 1839 3326 1950 3373; x_wconf 90' lang='lat' dir='ltr'><strong>tres</strong></span> <span class='ocrx_word' id='word_1_497' title='bbox 2050 3340 2157 3396; x_wconf 85' lang='lat' dir='ltr'><strong>gna</strong></span> <span class='ocrx_word' id='word_1_498' title='bbox 2197 3339 2320 3377; x_wconf 92' lang='lat' dir='ltr'><strong>cum</strong></span> <span class='ocrx_word' id='word_1_499' title='bbox 2371 3321 2691 3376; x_wconf 89' lang='lat' dir='ltr'><strong>Sarracenis</strong></span> <span class='ocrx_word' id='word_1_500' title='bbox 2724 3326 3000 3394; x_wconf 88' lang='lat' dir='ltr'><strong>ageretur,</strong></span> <span class='ocrx_word' id='word_1_501' title='bbox 3037 3319 3292 3390; x_wconf 90' lang='lat' dir='ltr'><strong>plurimis</strong></span> <span class='ocrx_word' id='word_1_502' title='bbox 3323 3318 3398 3373; x_wconf 91' lang='lat' dir='ltr'><strong>ibi</strong></span> <span class='ocrx_word' id='word_1_503' title='bbox 3431 3317 3674 3372; x_wconf 64' lang='lat' dir='ltr'><strong>ex&#39;utra-</strong></span> 
     </span>
    </p>
   </div>
   <div class='ocr_carea' id='block_1_37' title="bbox 333 3413 3675 3496">
    <p class='ocr_par' dir='ltr' id='par_1_37' title="bbox 333 3413 3675 3496">
     <span class='ocr_line' id='line_1_37' title="bbox 333 3413 3675 3496; baseline -0.003 -20"><span class='ocrx_word' id='word_1_504' title='bbox 333 3433 542 3496; x_wconf 83' lang='lat' dir='ltr'><strong>ponere</strong></span> <span class='ocrx_word' id='word_1_505' title='bbox 570 3431 740 3486; x_wconf 90' lang='lat' dir='ltr'><strong>super</strong></span> <span class='ocrx_word' id='word_1_506' title='bbox 769 3415 938 3470; x_wconf 88' lang='lat' dir='ltr'><strong>altare</strong></span> <span class='ocrx_word' id='word_1_507' title='bbox 971 3414 1246 3476; x_wconf 87' lang='lat' dir='ltr'><strong>denarios,</strong></span> <span class='ocrx_word' id='word_1_508' title='bbox 1272 3420 1325 3468; x_wconf 91' lang='lat' dir='ltr'><strong>et</strong></span> <span class='ocrx_word' id='word_1_509' title='bbox 1348 3413 1605 3467; x_wconf 91' lang='lat' dir='ltr'><strong>eamdem</strong></span> <span class='ocrx_word' id='word_1_510' title='bbox 1640 3414 1948 3484; x_wconf 87' lang='lat' dir='ltr'><strong>proprieta-</strong></span> <span class='ocrx_word' id='word_1_511' title='bbox 2052 3435 2161 3489; x_wconf 91' lang='lat' dir='ltr'><strong>que</strong></span> <span class='ocrx_word' id='word_1_512' title='bbox 2185 3424 2336 3488; x_wconf 89' lang='lat' dir='ltr'><strong>parte</strong></span> <span class='ocrx_word' id='word_1_513' title='bbox 2369 3416 2586 3482; x_wconf 89' lang='lat' dir='ltr'><strong>occisis,</strong></span> <span class='ocrx_word' id='word_1_514' title='bbox 2613 3417 2724 3468; x_wconf 92' lang='lat' dir='ltr'><strong>heu</strong></span> <span class='ocrx_word' id='word_1_515' title='bbox 2749 3413 2936 3469; x_wconf 84' lang='lat' dir='ltr'><strong>dolor!</strong></span> <span class='ocrx_word' id='word_1_516' title='bbox 2971 3414 3087 3468; x_wconf 91' lang='lat' dir='ltr'><strong>sive</strong></span> <span class='ocrx_word' id='word_1_517' title='bbox 3126 3421 3337 3484; x_wconf 91' lang='lat' dir='ltr'><strong>captus,</strong></span> <span class='ocrx_word' id='word_1_518' title='bbox 3371 3413 3484 3467; x_wconf 92' lang='lat' dir='ltr'><strong>sive</strong></span> <span class='ocrx_word' id='word_1_519' title='bbox 3517 3413 3675 3468; x_wconf 85' lang='lat' dir='ltr'><strong>occi-</strong></span> 
     </span>
    </p>
   </div>
   <div class='ocr_carea' id='block_1_38' title="bbox 333 3501 3693 3577">
    <p class='ocr_par' dir='ltr' id='par_1_38' title="bbox 333 3501 3693 3577">
     <span class='ocr_line' id='line_1_38' title="bbox 333 3501 3693 3577; baseline -0.004 -8"><span class='ocrx_word' id='word_1_520' title='bbox 333 3522 443 3570; x_wconf 89' lang='lat' dir='ltr'><strong>tem</strong></span> <span class='ocrx_word' id='word_1_521' title='bbox 475 3512 607 3566; x_wconf 90' lang='lat' dir='ltr'><strong>inde</strong></span> <span class='ocrx_word' id='word_1_522' title='bbox 631 3510 905 3565; x_wconf 89' lang='lat' dir='ltr'><strong>redimere</strong></span> <span class='ocrx_word' id='word_1_523' title='bbox 933 3515 986 3561; x_wconf 90' lang='lat' dir='ltr'><strong>et</strong></span> <span class='ocrx_word' id='word_1_524' title='bbox 1009 3507 1063 3560; x_wconf 91' lang='lat' dir='ltr'><strong>in</strong></span> <span class='ocrx_word' id='word_1_525' title='bbox 1090 3507 1179 3577; x_wconf 89' lang='lat' dir='ltr'><strong>jus</strong></span> <span class='ocrx_word' id='word_1_526' title='bbox 1211 3505 1492 3576; x_wconf 88' lang='lat' dir='ltr'><strong>proprium</strong></span> <span class='ocrx_word' id='word_1_527' title='bbox 1515 3505 1805 3576; x_wconf 87' lang='lat' dir='ltr'><strong>possidere</strong></span> <span class='ocrx_word' id='word_1_528' title='bbox 1824 3521 1950 3561; x_wconf 89' lang='lat' dir='ltr'><strong>om-</strong></span> <span class='ocrx_word' id='word_1_529' title='bbox 2065 3522 2177 3572; x_wconf 88' lang='lat' dir='ltr'><strong>sus,</strong></span> <span class='ocrx_word' id='word_1_530' title='bbox 2226 3505 2392 3560; x_wconf 90' lang='lat' dir='ltr'><strong>etiam</strong></span> <span class='ocrx_word' id='word_1_531' title='bbox 2424 3503 2498 3557; x_wconf 93' lang='lat' dir='ltr'><strong>ibi</strong></span> <span class='ocrx_word' id='word_1_532' title='bbox 2533 3502 2834 3557; x_wconf 87' lang='lat' dir='ltr'><strong>remansiit.</strong></span> <span class='ocrx_word' id='word_1_533' title='bbox 2880 3501 3056 3572; x_wconf 88' lang='lat' dir='ltr'><strong>Supra</strong></span> <span class='ocrx_word' id='word_1_534' title='bbox 3100 3501 3324 3555; x_wconf 89' lang='lat' dir='ltr'><strong>modum</strong></span> <span class='ocrx_word' id='word_1_535' title='bbox 3369 3509 3455 3556; x_wconf 90' lang='lat' dir='ltr'><strong>est</strong></span> <span class='ocrx_word' id='word_1_536' title='bbox 3482 3501 3693 3556; x_wconf 88' lang='lat' dir='ltr'><strong>lamen-</strong></span> 
     </span>
    </p>
   </div>
   <div class='ocr_carea' id='block_1_39' title="bbox 338 3591 3686 3671">
    <p class='ocr_par' dir='ltr' id='par_1_39' title="bbox 338 3591 3686 3671">
     <span class='ocr_line' id='line_1_39' title="bbox 338 3591 3686 3671; baseline -0.004 -13"><span class='ocrx_word' id='word_1_537' title='bbox 338 3604 506 3658; x_wconf 92' lang='lat' dir='ltr'><strong>nibus</strong></span> <span class='ocrx_word' id='word_1_538' title='bbox 534 3602 585 3656; x_wconf 90' lang='lat' dir='ltr'><strong>in</strong></span> <span class='ocrx_word' id='word_1_539' title='bbox 618 3601 859 3655; x_wconf 79' lang='lat' dir='ltr'><strong>futurum</strong></span> <span class='ocrx_word' id='word_1_540' title='bbox 889 3595 1363 3671; x_wconf 76' lang='lat' dir='ltr'><strong>generationibus.</strong></span> <span class='ocrx_word' id='word_1_541' title='bbox 2067 3596 2293 3652; x_wconf 90' lang='lat' dir='ltr'><strong>tandum</strong></span> <span class='ocrx_word' id='word_1_542' title='bbox 2329 3594 2568 3666; x_wconf 89' lang='lat' dir='ltr'><strong>perditio</strong></span> <span class='ocrx_word' id='word_1_543' title='bbox 2599 3593 2739 3664; x_wconf 90' lang='lat' dir='ltr'><strong>ejus,</strong></span> <span class='ocrx_word' id='word_1_544' title='bbox 2768 3591 2898 3664; x_wconf 89' lang='lat' dir='ltr'><strong>quia</strong></span> <span class='ocrx_word' id='word_1_545' title='bbox 2925 3591 3077 3646; x_wconf 90' lang='lat' dir='ltr'><strong>locus</strong></span> <span class='ocrx_word' id='word_1_546' title='bbox 3103 3591 3225 3660; x_wconf 90' lang='lat' dir='ltr'><strong>ejus</strong></span> <span class='ocrx_word' id='word_1_547' title='bbox 3246 3608 3277 3644; x_wconf 90' lang='lat' dir='ltr'><strong>a</strong></span> <span class='ocrx_word' id='word_1_548' title='bbox 3304 3591 3523 3646; x_wconf 88' lang='lat' dir='ltr'><strong>clericis</strong></span> <span class='ocrx_word' id='word_1_549' title='bbox 3549 3592 3686 3658; x_wconf 84' lang='lat' dir='ltr'><strong>suis,</strong></span> 
     </span>
    </p>
   </div>
   <div class='ocr_carea' id='block_1_40' title="bbox 410 3683 1964 3763">
    <p class='ocr_par' dir='ltr' id='par_1_40' title="bbox 410 3683 1964 3763">
     <span class='ocr_line' id='line_1_40' title="bbox 410 3683 1964 3763; baseline -0.006 -16"><span class='ocrx_word' id='word_1_550' title='bbox 410 3695 598 3748; x_wconf 88' lang='lat' dir='ltr'><strong>Actum</strong></span> <span class='ocrx_word' id='word_1_551' title='bbox 632 3692 892 3763; x_wconf 84' lang='lat' dir='ltr'><strong>Augusta,</strong></span> <span class='ocrx_word' id='word_1_552' title='bbox 938 3687 992 3740; x_wconf 91' lang='lat' dir='ltr'><strong>in</strong></span> <span class='ocrx_word' id='word_1_553' title='bbox 1023 3685 1256 3740; x_wconf 89' lang='lat' dir='ltr'><strong>ecclesia</strong></span> <span class='ocrx_word' id='word_1_554' title='bbox 1293 3689 1497 3738; x_wconf 61' lang='lat' dir='ltr'><strong>sanetae</strong></span> <span class='ocrx_word' id='word_1_555' title='bbox 1534 3683 1629 3738; x_wconf 91' lang='lat' dir='ltr'><strong>Dei</strong></span> <span class='ocrx_word' id='word_1_556' title='bbox 1671 3683 1964 3739; x_wconf 88' lang='lat' dir='ltr'><strong>Genitricis</strong></span> 
     </span>
    </p>
   </div>
   <div class='ocr_carea' id='block_1_41' title="bbox 345 3772 1959 3846">
    <p class='ocr_par' dir='ltr' id='par_1_41' title="bbox 345 3772 1959 3846">
     <span class='ocr_line' id='line_1_41' title="bbox 345 3772 1959 3846; baseline -0.007 -8"><span class='ocrx_word' id='word_1_557' title='bbox 345 3781 526 3838; x_wconf 64' lang='lat' dir='ltr'><strong>Mariae</strong></span> <span class='ocrx_word' id='word_1_558' title='bbox 553 3788 681 3834; x_wconf 90' lang='lat' dir='ltr'><strong>ante</strong></span> <span class='ocrx_word' id='word_1_559' title='bbox 697 3779 888 3842; x_wconf 89' lang='lat' dir='ltr'><strong>altare,</strong></span> <span class='ocrx_word' id='word_1_560' title='bbox 921 3776 1182 3846; x_wconf 84' lang='lat' dir='ltr'><strong>episcOpo</strong></span> <span class='ocrx_word' id='word_1_561' title='bbox 1216 3772 1468 3828; x_wconf 86' lang='lat' dir='ltr'><strong>Heinrico</strong></span> <span class='ocrx_word' id='word_1_562' title='bbox 1500 3779 1874 3843; x_wconf 88' lang='lat' dir='ltr'><strong>perpetrante,</strong></span> <span class='ocrx_word' id='word_1_563' title='bbox 1906 3774 1959 3827; x_wconf 93' lang='lat' dir='ltr'><strong>in</strong></span> 
     </span>
    </p>
   </div>
   <div class='ocr_carea' id='block_1_42' title="bbox 343 3860 1957 3944">
    <p class='ocr_par' dir='ltr' id='par_1_42' title="bbox 343 3860 1957 3944">
     <span class='ocr_line' id='line_1_42' title="bbox 343 3860 1957 3944; baseline -0.007 -17"><span class='ocrx_word' id='word_1_564' title='bbox 343 3871 636 3944; x_wconf 70' lang='lat' dir='ltr'><strong>praesentia</strong></span> <span class='ocrx_word' id='word_1_565' title='bbox 689 3866 1104 3930; x_wconf 89' lang='lat' dir='ltr'><strong>canonicorum,</strong></span> <span class='ocrx_word' id='word_1_566' title='bbox 1161 3878 1342 3917; x_wconf 93' lang='lat' dir='ltr'><strong>coram</strong></span> <span class='ocrx_word' id='word_1_567' title='bbox 1402 3860 1710 3934; x_wconf 83' lang='lat' dir='ltr'><strong>frequentia</strong></span> <span class='ocrx_word' id='word_1_568' title='bbox 1768 3863 1957 3934; x_wconf 85' lang='lat' dir='ltr'><strong>pOpuli</strong></span> 
     </span>
    </p>
   </div>
   <div class='ocr_carea' id='block_1_43' title="bbox 344 3953 1236 4017">
    <p class='ocr_par' dir='ltr' id='par_1_43' title="bbox 344 3953 1236 4017">
     <span class='ocr_line' id='line_1_43' title="bbox 344 3953 1236 4017; baseline -0.013 0"><span class='ocrx_word' id='word_1_569' title='bbox 344 3969 399 4016; x_wconf 91' lang='lat' dir='ltr'><strong>et</strong></span> <span class='ocrx_word' id='word_1_570' title='bbox 429 3977 613 4017; x_wconf 89' lang='lat' dir='ltr'><strong>coram</strong></span> <span class='ocrx_word' id='word_1_571' title='bbox 643 3957 877 4014; x_wconf 88' lang='lat' dir='ltr'><strong>testibus</strong></span> <span class='ocrx_word' id='word_1_572' title='bbox 905 3953 1236 4009; x_wconf 88' lang='lat' dir='ltr'><strong>subnotatis.</strong></span> 
     </span>
    </p>
   </div>
   <div class='ocr_carea' id='block_1_44' title="bbox 422 4041 1967 4127">
    <p class='ocr_par' dir='ltr' id='par_1_44' title="bbox 422 4041 1967 4127">
     <span class='ocr_line' id='line_1_44' title="bbox 422 4041 1967 4127; baseline -0.006 -19"><span class='ocrx_word' id='word_1_573' title='bbox 422 4055 652 4127; x_wconf 88' lang='lat' dir='ltr'><strong>Signum</strong></span> <span class='ocrx_word' id='word_1_574' title='bbox 700 4049 816 4104; x_wconf 89' lang='lat' dir='ltr'><strong>Etih</strong></span> <span class='ocrx_word' id='word_1_575' title='bbox 847 4048 937 4119; x_wconf 91' lang='lat' dir='ltr'><strong>qui</strong></span> <span class='ocrx_word' id='word_1_576' title='bbox 983 4048 1122 4100; x_wconf 87' lang='lat' dir='ltr'><strong>hanc</strong></span> <span class='ocrx_word' id='word_1_577' title='bbox 1163 4042 1511 4114; x_wconf 87' lang='lat' dir='ltr'><strong>traditionem</strong></span> <span class='ocrx_word' id='word_1_578' title='bbox 1548 4041 1694 4096; x_wconf 83' lang='lat' dir='ltr'><strong>fecit.</strong></span> <span class='ocrx_word' id='word_1_579' title='bbox 1738 4041 1967 4118; x_wconf 86' lang='lat' dir='ltr'><strong>Signum</strong></span> 
     </span>
    </p>
   </div>
   <div class='ocr_carea' id='block_1_45' title="bbox 353 4133 1966 4212">
    <p class='ocr_par' dir='ltr' id='par_1_45' title="bbox 353 4133 1966 4212">
     <span class='ocr_line' id='line_1_45' title="bbox 353 4133 1966 4212; baseline -0.009 -10"><span class='ocrx_word' id='word_1_580' title='bbox 353 4146 645 4203; x_wconf 89' lang='lat' dir='ltr'><strong>Adalbero.</strong></span> <span class='ocrx_word' id='word_1_581' title='bbox 681 4142 908 4212; x_wconf 84' lang='lat' dir='ltr'><strong>Signum</strong></span> <span class='ocrx_word' id='word_1_582' title='bbox 939 4135 1128 4192; x_wconf 83' lang='lat' dir='ltr'><strong>Jacob.</strong></span> <span class='ocrx_word' id='word_1_583' title='bbox 1175 4135 1228 4188; x_wconf 98' lang='grc'><strong>8.</strong></span> <span class='ocrx_word' id='word_1_584' title='bbox 1264 4134 1627 4188; x_wconf 77' lang='lat' dir='ltr'><strong>Marahuurat.</strong></span> <span class='ocrx_word' id='word_1_585' title='bbox 1663 4133 1720 4189; x_wconf 91' lang='lat' dir='ltr'><strong>S.</strong></span> <span class='ocrx_word' id='word_1_586' title='bbox 1772 4134 1966 4190; x_wconf 87' lang='lat' dir='ltr'><strong>Wille-</strong></span> 
     </span>
    </p>
   </div>
   <div class='ocr_carea' id='block_1_46' title="bbox 354 4224 1970 4301">
    <p class='ocr_par' dir='ltr' id='par_1_46' title="bbox 354 4224 1970 4301">
     <span class='ocr_line' id='line_1_46' title="bbox 354 4224 1970 4301; baseline -0.007 -11"><span class='ocrx_word' id='word_1_587' title='bbox 354 4235 523 4290; x_wconf 91' lang='lat' dir='ltr'><strong>halm.</strong></span> <span class='ocrx_word' id='word_1_588' title='bbox 575 4235 628 4288; x_wconf 91' lang='lat' dir='ltr'><strong>S.</strong></span> <span class='ocrx_word' id='word_1_589' title='bbox 679 4231 944 4286; x_wconf 87' lang='lat' dir='ltr'><strong>Hunurid.</strong></span> <span class='ocrx_word' id='word_1_590' title='bbox 975 4229 1009 4283; x_wconf 91' lang='lat' dir='ltr'><strong>S</strong></span> <span class='ocrx_word' id='word_1_591' title='bbox 1075 4227 1366 4301; x_wconf 83' lang='lat' dir='ltr'><strong>Engilmar.</strong></span> <span class='ocrx_word' id='word_1_592' title='bbox 1402 4224 1455 4280; x_wconf 92' lang='lat' dir='ltr'><strong>S.</strong></span> <span class='ocrx_word' id='word_1_593' title='bbox 1488 4224 1690 4278; x_wconf 85' lang='lat' dir='ltr'><strong>Wezzi.</strong></span> <span class='ocrx_word' id='word_1_594' title='bbox 1723 4225 1777 4279; x_wconf 91' lang='lat' dir='ltr'><strong>S.</strong></span> <span class='ocrx_word' id='word_1_595' title='bbox 1805 4225 1970 4300; x_wconf 84' lang='lat' dir='ltr'><strong>Pilgi-</strong></span> 
     </span>
    </p>
   </div>
   <div class='ocr_carea' id='block_1_47' title="bbox 358 4315 1974 4385">
    <p class='ocr_par' dir='ltr' id='par_1_47' title="bbox 358 4315 1974 4385">
     <span class='ocr_line' id='line_1_47' title="bbox 358 4315 1974 4385; baseline -0.007 -4"><span class='ocrx_word' id='word_1_596' title='bbox 358 4327 482 4381; x_wconf 92' lang='lat' dir='ltr'><strong>rim.</strong></span> <span class='ocrx_word' id='word_1_597' title='bbox 513 4326 566 4379; x_wconf 93' lang='lat' dir='ltr'><strong>S.</strong></span> <span class='ocrx_word' id='word_1_598' title='bbox 598 4322 943 4377; x_wconf 86' lang='lat' dir='ltr'><strong>Gundachar.</strong></span> <span class='ocrx_word' id='word_1_599' title='bbox 977 4319 1031 4374; x_wconf 92' lang='lat' dir='ltr'><strong>S.</strong></span> <span class='ocrx_word' id='word_1_600' title='bbox 1055 4318 1266 4373; x_wconf 88' lang='lat' dir='ltr'><strong>Cadolt.</strong></span> <span class='ocrx_word' id='word_1_601' title='bbox 1302 4316 1395 4370; x_wconf 90' lang='lat' dir='ltr'><strong>lsti</strong></span> <span class='ocrx_word' id='word_1_602' title='bbox 1417 4316 1487 4370; x_wconf 87' lang='lat' dir='ltr'><strong>de</strong></span> <span class='ocrx_word' id='word_1_603' title='bbox 1519 4315 1803 4385; x_wconf 86' lang='lat' dir='ltr'><strong>provincia</strong></span> <span class='ocrx_word' id='word_1_604' title='bbox 1826 4315 1974 4371; x_wconf 82' lang='lat' dir='ltr'><strong>Nori-</strong></span> 
     </span>
    </p>
   </div>
   <div class='ocr_carea' id='block_1_48' title="bbox 360 4415 704 4483">
    <p class='ocr_par' dir='ltr' id='par_1_48' title="bbox 360 4415 704 4483">
     <span class='ocr_line' id='line_1_48' title="bbox 360 4415 704 4483; baseline -0.015 -10"><span class='ocrx_word' id='word_1_605' title='bbox 360 4432 552 4473; x_wconf 90' lang='lat' dir='ltr'><strong>corum</strong></span> <span class='ocrx_word' id='word_1_606' title='bbox 576 4415 704 4483; x_wconf 78' lang='lat'><strong>(62).</strong></span> 
     </span>
    </p>
   </div>
   <div class='ocr_carea' id='block_1_49' title="bbox 2065 3682 3685 3758">
    <p class='ocr_par' dir='ltr' id='par_1_49' title="bbox 2065 3682 3685 3758">
     <span class='ocr_line' id='line_1_49' title="bbox 2065 3682 3685 3758; baseline -0.004 -16"><span class='ocrx_word' id='word_1_607' title='bbox 2065 3694 2120 3742; x_wconf 88' lang='lat' dir='ltr'><strong>et</strong></span> <span class='ocrx_word' id='word_1_608' title='bbox 2141 3684 2470 3758; x_wconf 86' lang='lat' dir='ltr'><strong>prOpinquis</strong></span> <span class='ocrx_word' id='word_1_609' title='bbox 2492 3684 2812 3758; x_wconf 88' lang='lat' dir='ltr'><strong>etcognatis</strong></span> <span class='ocrx_word' id='word_1_610' title='bbox 2827 3693 2880 3737; x_wconf 88' lang='lat' dir='ltr'><strong>et</strong></span> <span class='ocrx_word' id='word_1_611' title='bbox 2902 3683 3098 3738; x_wconf 92' lang='lat' dir='ltr'><strong>amicis</strong></span> <span class='ocrx_word' id='word_1_612' title='bbox 3131 3682 3364 3738; x_wconf 90' lang='lat' dir='ltr'><strong>inveniri</strong></span> <span class='ocrx_word' id='word_1_613' title='bbox 3391 3690 3446 3736; x_wconf 91' lang='lat' dir='ltr'><strong>et</strong></span> <span class='ocrx_word' id='word_1_614' title='bbox 3476 3683 3685 3738; x_wconf 90' lang='lat' dir='ltr'><strong>visitari</strong></span> 
     </span>
    </p>
   </div>
   <div class='ocr_carea' id='block_1_50' title="bbox 2063 3779 3686 3854">
    <p class='ocr_par' dir='ltr' id='par_1_50' title="bbox 2063 3779 3686 3854">
     <span class='ocr_line' id='line_1_50' title="bbox 2063 3779 3686 3854; baseline -0.002 -18"><span class='ocrx_word' id='word_1_615' title='bbox 2063 3799 2174 3837; x_wconf 92' lang='lat' dir='ltr'><strong>non</strong></span> <span class='ocrx_word' id='word_1_616' title='bbox 2205 3789 2402 3854; x_wconf 90' lang='lat' dir='ltr'><strong>potest.</strong></span> <span class='ocrx_word' id='word_1_617' title='bbox 2438 3781 2810 3836; x_wconf 87' lang='lat' dir='ltr'><strong>Periculosum</strong></span> <span class='ocrx_word' id='word_1_618' title='bbox 2833 3789 2919 3834; x_wconf 91' lang='lat' dir='ltr'><strong>est</strong></span> <span class='ocrx_word' id='word_1_619' title='bbox 2948 3779 3104 3835; x_wconf 90' lang='lat' dir='ltr'><strong>valde</strong></span> <span class='ocrx_word' id='word_1_620' title='bbox 3144 3780 3428 3834; x_wconf 88' lang='lat' dir='ltr'><strong>decretum</strong></span> <span class='ocrx_word' id='word_1_621' title='bbox 3459 3779 3554 3833; x_wconf 91' lang='lat' dir='ltr'><strong>Dei</strong></span> <span class='ocrx_word' id='word_1_622' title='bbox 3584 3794 3686 3849; x_wconf 92' lang='lat' dir='ltr'><strong>per</strong></span> 
     </span>
    </p>
   </div>
   <div class='ocr_carea' id='block_1_51' title="bbox 2061 3871 3685 3942">
    <p class='ocr_par' dir='ltr' id='par_1_51' title="bbox 2061 3871 3685 3942">
     <span class='ocr_line' id='line_1_51' title="bbox 2061 3871 3685 3942; baseline -0.003 -12"><span class='ocrx_word' id='word_1_623' title='bbox 2061 3891 2191 3930; x_wconf 90' lang='lat' dir='ltr'><strong>suos</strong></span> <span class='ocrx_word' id='word_1_624' title='bbox 2233 3881 2452 3929; x_wconf 90' lang='lat' dir='ltr'><strong>sanctos</strong></span> <span class='ocrx_word' id='word_1_625' title='bbox 2510 3872 2809 3927; x_wconf 88' lang='lat' dir='ltr'><strong>revelatum</strong></span> <span class='ocrx_word' id='word_1_626' title='bbox 2866 3872 3195 3942; x_wconf 82' lang='lat' dir='ltr'><strong>supergredi</strong></span> <span class='ocrx_word' id='word_1_627' title='bbox 3251 3881 3306 3926; x_wconf 90' lang='lat' dir='ltr'><strong>et</strong></span> <span class='ocrx_word' id='word_1_628' title='bbox 3356 3871 3685 3942; x_wconf 86' lang='lat' dir='ltr'><strong>prophetias</strong></span> 
     </span>
    </p>
   </div>
   <div class='ocr_carea' id='block_1_52' title="bbox 2061 3964 3690 4038">
    <p class='ocr_par' dir='ltr' id='par_1_52' title="bbox 2061 3964 3690 4038">
     <span class='ocr_line' id='line_1_52' title="bbox 2061 3964 3690 4038; baseline -0.002 -17"><span class='ocrx_word' id='word_1_629' title='bbox 2061 3983 2352 4038; x_wconf 88' lang='lat' dir='ltr'><strong>spernere,</strong></span> <span class='ocrx_word' id='word_1_630' title='bbox 2379 3965 2602 4019; x_wconf 91' lang='lat' dir='ltr'><strong>dicente</strong></span> <span class='ocrx_word' id='word_1_631' title='bbox 2633 3965 2904 4035; x_wconf 91' lang='lat' dir='ltr'><strong>scriptura</strong></span> <span class='ocrx_word' id='word_1_632' title='bbox 2930 3981 2943 4017; x_wconf 91' lang='lat'>:</span> <span class='ocrx_word' id='word_1_633' title='bbox 2983 3964 3254 4033; x_wconf 74' lang='lat' dir='ltr'><strong>Spiritum</strong></span> <span class='ocrx_word' id='word_1_634' title='bbox 3281 3965 3448 4018; x_wconf 77' lang='lat' dir='ltr'><strong>nolite</strong></span> <span class='ocrx_word' id='word_1_635' title='bbox 3475 3966 3690 4018; x_wconf 71' lang='lat' dir='ltr'><strong>exstin-</strong></span> 
     </span>
    </p>
   </div>
   <div class='ocr_carea' id='block_1_53' title="bbox 2072 4059 3694 4133">
    <p class='ocr_par' dir='ltr' id='par_1_53' title="bbox 2072 4059 3694 4133">
     <span class='ocr_line' id='line_1_53' title="bbox 2072 4059 3694 4133; baseline -0.004 -16"><span class='ocrx_word' id='word_1_636' title='bbox 2072 4079 2250 4131; x_wconf 82' lang='lat' dir='ltr'><strong>guere,</strong></span> <span class='ocrx_word' id='word_1_637' title='bbox 2269 4063 2585 4133; x_wconf 81' lang='lat' dir='ltr'><strong>prophetias</strong></span> <span class='ocrx_word' id='word_1_638' title='bbox 2611 4063 2772 4116; x_wconf 82' lang='lat' dir='ltr'><strong>nolite</strong></span> <span class='ocrx_word' id='word_1_639' title='bbox 2791 4077 3042 4132; x_wconf 81' lang='lat' dir='ltr'><strong>spernere</strong></span> <span class='ocrx_word' id='word_1_640' title='bbox 3069 4063 3109 4130; x_wconf 88' lang='lat' dir='ltr'><strong>(l</strong></span> <span class='ocrx_word' id='word_1_641' title='bbox 3136 4061 3316 4115; x_wconf 87' lang='lat' dir='ltr'><strong>Thess.</strong></span> <span class='ocrx_word' id='word_1_642' title='bbox 3341 4060 3436 4129; x_wconf 91' lang='lat' dir='ltr'><strong>v.).</strong></span> <span class='ocrx_word' id='word_1_643' title='bbox 3457 4059 3694 4114; x_wconf 86' lang='lat' dir='ltr'><strong>Weren-</strong></span> 
     </span>
    </p>
   </div>
   <div class='ocr_carea' id='block_1_54' title="bbox 2073 4151 3689 4225">
    <p class='ocr_par' dir='ltr' id='par_1_54' title="bbox 2073 4151 3689 4225">
     <span class='ocr_line' id='line_1_54' title="bbox 2073 4151 3689 4225; baseline -0.002 -17"><span class='ocrx_word' id='word_1_644' title='bbox 2073 4155 2255 4210; x_wconf 90' lang='lat' dir='ltr'><strong>harius</strong></span> <span class='ocrx_word' id='word_1_645' title='bbox 2285 4161 2464 4209; x_wconf 89' lang='lat' dir='ltr'><strong>autem</strong></span> <span class='ocrx_word' id='word_1_646' title='bbox 2498 4163 2690 4225; x_wconf 90' lang='lat' dir='ltr'><strong>postea</strong></span> <span class='ocrx_word' id='word_1_647' title='bbox 2721 4153 2790 4207; x_wconf 91' lang='lat' dir='ltr'><strong>ab</strong></span> <span class='ocrx_word' id='word_1_648' title='bbox 2835 4153 3168 4224; x_wconf 90' lang='lat' dir='ltr'><strong>imperatore</strong></span> <span class='ocrx_word' id='word_1_649' title='bbox 3225 4153 3601 4224; x_wconf 83' lang='lat' dir='ltr'><strong>interrogatus</strong></span> <span class='ocrx_word' id='word_1_650' title='bbox 3642 4151 3689 4204; x_wconf 90' lang='lat' dir='ltr'><strong>si</strong></span> 
     </span>
    </p>
   </div>
   <div class='ocr_carea' id='block_1_55' title="bbox 2070 4243 3692 4317">
    <p class='ocr_par' dir='ltr' id='par_1_55' title="bbox 2070 4243 3692 4317">
     <span class='ocr_line' id='line_1_55' title="bbox 2070 4243 3692 4317; baseline -0.004 -16"><span class='ocrx_word' id='word_1_651' title='bbox 2070 4247 2448 4317; x_wconf 79' lang='lat' dir='ltr'><strong>episCOpatum</strong></span> <span class='ocrx_word' id='word_1_652' title='bbox 2481 4246 2732 4316; x_wconf 86' lang='lat' dir='ltr'><strong>accipere</strong></span> <span class='ocrx_word' id='word_1_653' title='bbox 2765 4244 2949 4308; x_wconf 83' lang='lat' dir='ltr'><strong>vellet,</strong></span> <span class='ocrx_word' id='word_1_654' title='bbox 2979 4245 3119 4299; x_wconf 93' lang='lat' dir='ltr'><strong>sicut</strong></span> <span class='ocrx_word' id='word_1_655' title='bbox 3151 4254 3373 4298; x_wconf 90' lang='lat' dir='ltr'><strong>sanctus</strong></span> <span class='ocrx_word' id='word_1_656' title='bbox 3407 4243 3692 4298; x_wconf 89' lang='lat' dir='ltr'><strong>Udalricus</strong></span> 
     </span>
    </p>
   </div>
   <div class='ocr_carea' id='block_1_56' title="bbox 2071 4331 3694 4405">
    <p class='ocr_par' dir='ltr' id='par_1_56' title="bbox 2071 4331 3694 4405">
     <span class='ocr_line' id='line_1_56' title="bbox 2071 4331 3694 4405; baseline -0.002 -16"><span class='ocrx_word' id='word_1_657' title='bbox 2071 4343 2233 4389; x_wconf 89' lang='lat' dir='ltr'><strong>antea</strong></span> <span class='ocrx_word' id='word_1_658' title='bbox 2255 4335 2516 4400; x_wconf 89' lang='lat' dir='ltr'><strong>decrevit,</strong></span> <span class='ocrx_word' id='word_1_659' title='bbox 2553 4335 2646 4405; x_wconf 88' lang='lat' dir='ltr'><strong>qui</strong></span> <span class='ocrx_word' id='word_1_660' title='bbox 2680 4350 2805 4389; x_wconf 92' lang='lat' dir='ltr'><strong>cum</strong></span> <span class='ocrx_word' id='word_1_661' title='bbox 2835 4333 3014 4388; x_wconf 90' lang='lat' dir='ltr'><strong>adhuc</strong></span> <span class='ocrx_word' id='word_1_662' title='bbox 3046 4342 3379 4388; x_wconf 89' lang='lat' dir='ltr'><strong>essetsanus</strong></span> <span class='ocrx_word' id='word_1_663' title='bbox 3397 4340 3452 4386; x_wconf 92' lang='lat' dir='ltr'><strong>et</strong></span> <span class='ocrx_word' id='word_1_664' title='bbox 3483 4331 3694 4387; x_wconf 88' lang='lat' dir='ltr'><strong>incolu-</strong></span> 
     </span>
    </p>
   </div>
   <div class='ocr_carea' id='block_1_57' title="bbox 2077 4425 3700 4498">
    <p class='ocr_par' dir='ltr' id='par_1_57' title="bbox 2077 4425 3700 4498">
     <span class='ocr_line' id='line_1_57' title="bbox 2077 4425 3700 4498; baseline -0.001 -16"><span class='ocrx_word' id='word_1_665' title='bbox 2077 4429 2201 4492; x_wconf 91' lang='lat' dir='ltr'><strong>mis,</strong></span> <span class='ocrx_word' id='word_1_666' title='bbox 2227 4427 2516 4498; x_wconf 88' lang='lat' dir='ltr'><strong>respondit</strong></span> <span class='ocrx_word' id='word_1_667' title='bbox 2544 4443 2602 4482; x_wconf 91' lang='lat' dir='ltr'><strong>se</strong></span> <span class='ocrx_word' id='word_1_668' title='bbox 2629 4427 2771 4481; x_wconf 89' lang='lat' dir='ltr'><strong>ultra</strong></span> <span class='ocrx_word' id='word_1_669' title='bbox 2801 4428 2948 4482; x_wconf 92' lang='lat' dir='ltr'><strong>hunc</strong></span> <span class='ocrx_word' id='word_1_670' title='bbox 2987 4426 3364 4497; x_wconf 82' lang='lat' dir='ltr'><strong>episcOpatum</strong></span> <span class='ocrx_word' id='word_1_671' title='bbox 3407 4441 3518 4481; x_wconf 92' lang='lat' dir='ltr'><strong>non</strong></span> <span class='ocrx_word' id='word_1_672' title='bbox 3558 4425 3700 4481; x_wconf 87' lang='lat' dir='ltr'><strong>velle</strong></span> 
     </span>
    </p>
   </div>
   <div class='ocr_carea' id='block_1_58' title="bbox 431 4497 3694 4591">
    <p class='ocr_par' dir='ltr' id='par_1_58' title="bbox 431 4497 3694 4591">
     <span class='ocr_line' id='line_1_58' title="bbox 431 4497 3694 4591; baseline -0.002 -13"><span class='ocrx_word' id='word_1_673' title='bbox 431 4511 523 4566; x_wconf 74' lang='grc' dir='ltr'><strong>Ιδῐί</strong></span> <span class='ocrx_word' id='word_1_674' title='bbox 566 4516 744 4564; x_wconf 67' lang='lat' dir='ltr'><strong>autem</strong></span> <span class='ocrx_word' id='word_1_675' title='bbox 784 4506 852 4561; x_wconf 72' lang='lat' dir='ltr'><strong>de</strong></span> <span class='ocrx_word' id='word_1_676' title='bbox 901 4502 1184 4576; x_wconf 67' lang='grc' dir='ltr'><strong>Ρτονίηείδ</strong></span> <span class='ocrx_word' id='word_1_677' title='bbox 1239 4501 1682 4553; x_wconf 55' lang='lat' dir='ltr'><strong>Alamannorum</strong></span> <span class='ocrx_word' id='word_1_678' title='bbox 1740 4497 2044 4583; x_wconf 68' lang='lat' dir='ltr'><strong>SignumD</strong></span> <span class='ocrx_word' id='word_1_679' title='bbox 2071 4497 2340 4591; x_wconf 82' lang='lat' dir='ltr'><strong>accipere.</strong></span> <span class='ocrx_word' id='word_1_680' title='bbox 2377 4520 2502 4573; x_wconf 86' lang='lat' dir='ltr'><strong>Post</strong></span> <span class='ocrx_word' id='word_1_681' title='bbox 2548 4517 3043 4573; x_wconf 89' lang='lat' dir='ltr'><strong>contradictionem</strong></span> <span class='ocrx_word' id='word_1_682' title='bbox 3078 4524 3260 4572; x_wconf 89' lang='lat' dir='ltr'><strong>autem</strong></span> <span class='ocrx_word' id='word_1_683' title='bbox 3319 4517 3694 4589; x_wconf 88' lang='lat' dir='ltr'><strong>episc0patus,</strong></span> 
     </span>
    </p>
   </div>
   <div class='ocr_carea' id='block_1_59' title="bbox 358 4595 1970 4670">
    <p class='ocr_par' dir='ltr' id='par_1_59' title="bbox 358 4595 1970 4670">
     <span class='ocr_line' id='line_1_59' title="bbox 358 4595 1970 4670; baseline -0.01 -6"><span class='ocrx_word' id='word_1_684' title='bbox 358 4607 700 4664; x_wconf 86' lang='lat' dir='ltr'><strong>Werenhere</strong></span> <span class='ocrx_word' id='word_1_685' title='bbox 749 4603 1047 4657; x_wconf 83' lang='lat' dir='ltr'><strong>advocatus</strong></span> <span class='ocrx_word' id='word_1_686' title='bbox 1096 4598 1190 4670; x_wconf 93' lang='lat' dir='ltr'><strong>qui</strong></span> <span class='ocrx_word' id='word_1_687' title='bbox 1250 4597 1393 4650; x_wconf 77' lang='lat' dir='ltr'><strong>hanc</strong></span> <span class='ocrx_word' id='word_1_688' title='bbox 1447 4595 1796 4650; x_wconf 88' lang='lat' dir='ltr'><strong>traditionem</strong></span> <span class='ocrx_word' id='word_1_689' title='bbox 1848 4611 1970 4648; x_wconf 91' lang='lat' dir='ltr'><strong>cum</strong></span> 
     </span>
    </p>
   </div>
   <div class='ocr_carea' id='block_1_60' title="bbox 361 4683 1971 4761">
    <p class='ocr_par' dir='ltr' id='par_1_60' title="bbox 361 4683 1971 4761">
     <span class='ocr_line' id='line_1_60' title="bbox 361 4683 1971 4761; baseline -0.012 -5"><span class='ocrx_word' id='word_1_690' title='bbox 361 4716 530 4756; x_wconf 91' lang='lat' dir='ltr'><strong>manu</strong></span> <span class='ocrx_word' id='word_1_691' title='bbox 563 4694 824 4752; x_wconf 88' lang='lat' dir='ltr'><strong>Gerhardi</strong></span> <span class='ocrx_word' id='word_1_692' title='bbox 879 4688 1157 4761; x_wconf 68' lang='lat' dir='ltr'><strong>praepositi</strong></span> <span class='ocrx_word' id='word_1_693' title='bbox 1201 4685 1430 4756; x_wconf 89' lang='lat' dir='ltr'><strong>accepit.</strong></span> <span class='ocrx_word' id='word_1_694' title='bbox 1466 4684 1521 4738; x_wconf 93' lang='lat' dir='ltr'><strong>S.</strong></span> <span class='ocrx_word' id='word_1_695' title='bbox 1578 4683 1864 4754; x_wconf 85' lang='lat' dir='ltr'><strong>Histipold.</strong></span> <span class='ocrx_word' id='word_1_696' title='bbox 1918 4684 1971 4736; x_wconf 92' lang='lat' dir='ltr'><strong>S.</strong></span> 
     </span>
    </p>
   </div>
   <div class='ocr_carea' id='block_1_61' title="bbox 364 4774 1973 4855">
    <p class='ocr_par' dir='ltr' id='par_1_61' title="bbox 364 4774 1973 4855">
     <span class='ocr_line' id='line_1_61' title="bbox 364 4774 1973 4855; baseline -0.012 -6"><span class='ocrx_word' id='word_1_697' title='bbox 364 4790 653 4848; x_wconf 87' lang='lat' dir='ltr'><strong>Gotebold.</strong></span> <span class='ocrx_word' id='word_1_698' title='bbox 719 4788 773 4841; x_wconf 88' lang='grc'><strong>8.</strong></span> <span class='ocrx_word' id='word_1_699' title='bbox 826 4774 1118 4855; x_wconf 61' lang='grc' dir='ltr'><strong>Βρςίηῒιεήε.</strong></span> <span class='ocrx_word' id='word_1_700' title='bbox 1180 4779 1234 4833; x_wconf 91' lang='grc'>8.</span> <span class='ocrx_word' id='word_1_701' title='bbox 1293 4776 1546 4848; x_wconf 86' lang='lat' dir='ltr'><strong>Suidger.</strong></span> <span class='ocrx_word' id='word_1_702' title='bbox 1604 4775 1658 4828; x_wconf 93' lang='lat' dir='ltr'><strong>S.</strong></span> <span class='ocrx_word' id='word_1_703' title='bbox 1707 4775 1868 4829; x_wconf 89' lang='lat' dir='ltr'><strong>Aribo</strong></span> <span class='ocrx_word' id='word_1_704' title='bbox 1917 4775 1973 4830; x_wconf 92' lang='lat' dir='ltr'><strong>S.</strong></span> 
     </span>
    </p>
   </div>
   <div class='ocr_carea' id='block_1_62' title="bbox 363 4864 1982 4936">
    <p class='ocr_par' dir='ltr' id='par_1_62' title="bbox 363 4864 1982 4936">
     <span class='ocr_line' id='line_1_62' title="bbox 363 4864 1982 4936; baseline -0.012 1"><span class='ocrx_word' id='word_1_705' title='bbox 363 4879 531 4936; x_wconf 88' lang='lat' dir='ltr'><strong>Vrolf.</strong></span> <span class='ocrx_word' id='word_1_706' title='bbox 568 4879 721 4931; x_wconf 87' lang='lat' dir='ltr'><strong>Anno</strong></span> <span class='ocrx_word' id='word_1_707' title='bbox 744 4869 1141 4928; x_wconf 85' lang='lat' dir='ltr'><strong>incarnationis</strong></span> <span class='ocrx_word' id='word_1_708' title='bbox 1173 4866 1388 4922; x_wconf 91' lang='lat' dir='ltr'><strong>Domini</strong></span> <span class='ocrx_word' id='word_1_709' title='bbox 1442 4865 1611 4920; x_wconf 90' lang='lat' dir='ltr'><strong>nostri</strong></span> <span class='ocrx_word' id='word_1_710' title='bbox 1643 4865 1774 4920; x_wconf 87' lang='lat' dir='ltr'><strong>Jesu</strong></span> <span class='ocrx_word' id='word_1_711' title='bbox 1835 4864 1982 4918; x_wconf 82' lang='lat' dir='ltr'><strong>Chri-</strong></span> 
     </span>
    </p>
   </div>
   <div class='ocr_carea' id='block_1_63' title="bbox 364 4957 1980 5045">
    <p class='ocr_par' dir='ltr' id='par_1_63' title="bbox 364 4957 1980 5045">
     <span class='ocr_line' id='line_1_63' title="bbox 364 4957 1980 5045; baseline -0.013 -14"><span class='ocrx_word' id='word_1_712' title='bbox 364 4976 435 5030; x_wconf 88' lang='lat' dir='ltr'><strong>sti</strong></span> <span class='ocrx_word' id='word_1_713' title='bbox 465 4967 888 5045; x_wconf 87' lang='lat' dir='ltr'><strong>nongentesimo</strong></span> <span class='ocrx_word' id='word_1_714' title='bbox 915 4961 1274 5036; x_wconf 90' lang='lat' dir='ltr'><strong>octogesimo,</strong></span> <span class='ocrx_word' id='word_1_715' title='bbox 1307 4958 1614 5015; x_wconf 88' lang='lat' dir='ltr'><strong>Indictione</strong></span> <span class='ocrx_word' id='word_1_716' title='bbox 1641 4974 1757 5024; x_wconf 83' lang='lat' dir='ltr'><strong>vm,</strong></span> <span class='ocrx_word' id='word_1_717' title='bbox 1791 4975 1839 5011; x_wconf 82' lang='lat' dir='ltr'><strong>1v</strong></span> <span class='ocrx_word' id='word_1_718' title='bbox 1867 4957 1980 5011; x_wconf 83' lang='lat' dir='ltr'><strong>No-</strong></span> 
     </span>
    </p>
   </div>
   <div class='ocr_carea' id='block_1_64' title="bbox 367 5050 1987 5130">
    <p class='ocr_par' dir='ltr' id='par_1_64' title="bbox 367 5050 1987 5130">
     <span class='ocr_line' id='line_1_64' title="bbox 367 5050 1987 5130; baseline -0.012 -7"><span class='ocrx_word' id='word_1_719' title='bbox 367 5084 470 5124; x_wconf 87' lang='lat' dir='ltr'><strong>nas</strong></span> <span class='ocrx_word' id='word_1_720' title='bbox 501 5064 715 5130; x_wconf 89' lang='lat' dir='ltr'><strong>Octob.,</strong></span> <span class='ocrx_word' id='word_1_721' title='bbox 747 5069 800 5116; x_wconf 90' lang='lat' dir='ltr'><strong>et</strong></span> <span class='ocrx_word' id='word_1_722' title='bbox 828 5077 894 5115; x_wconf 89' lang='lat' dir='ltr'><strong>xx</strong></span> <span class='ocrx_word' id='word_1_723' title='bbox 933 5058 1038 5128; x_wconf 77' lang='lat'><strong>(63)</strong></span> <span class='ocrx_word' id='word_1_724' title='bbox 1073 5056 1161 5110; x_wconf 91' lang='lat' dir='ltr'><strong>die</strong></span> <span class='ocrx_word' id='word_1_725' title='bbox 1193 5054 1362 5110; x_wconf 84' lang='lat' dir='ltr'><strong>Jovis.</strong></span> <span class='ocrx_word' id='word_1_726' title='bbox 1415 5052 1524 5127; x_wconf 87' lang='lat' dir='ltr'><strong>Ego</strong></span> <span class='ocrx_word' id='word_1_727' title='bbox 1556 5050 1726 5126; x_wconf 91' lang='lat' dir='ltr'><strong>igitur</strong></span> <span class='ocrx_word' id='word_1_728' title='bbox 1755 5051 1987 5105; x_wconf 88' lang='lat' dir='ltr'><strong>Gerhar—</strong></span> 
     </span>
    </p>
   </div>
   <div class='ocr_carea' id='block_1_65' title="bbox 371 5139 1987 5228">
    <p class='ocr_par' dir='ltr' id='par_1_65' title="bbox 371 5139 1987 5228">
     <span class='ocr_line' id='line_1_65' title="bbox 371 5139 1987 5228; baseline -0.012 -17"><span class='ocrx_word' id='word_1_729' title='bbox 371 5159 477 5212; x_wconf 89' lang='lat' dir='ltr'><strong>dus</strong></span> <span class='ocrx_word' id='word_1_730' title='bbox 507 5154 768 5228; x_wconf 88' lang='lat' dir='ltr'><strong>indignus</strong></span> <span class='ocrx_word' id='word_1_731' title='bbox 795 5149 1082 5222; x_wconf 85' lang='lat' dir='ltr'><strong>presbyter</strong></span> <span class='ocrx_word' id='word_1_732' title='bbox 1128 5143 1313 5201; x_wconf 91' lang='lat' dir='ltr'><strong>notavi</strong></span> <span class='ocrx_word' id='word_1_733' title='bbox 1345 5143 1491 5197; x_wconf 91' lang='lat' dir='ltr'><strong>diem</strong></span> <span class='ocrx_word' id='word_1_734' title='bbox 1534 5147 1588 5195; x_wconf 90' lang='lat' dir='ltr'><strong>et</strong></span> <span class='ocrx_word' id='word_1_735' title='bbox 1633 5156 1837 5194; x_wconf 91' lang='lat' dir='ltr'><strong>annum</strong></span> <span class='ocrx_word' id='word_1_736' title='bbox 1894 5139 1987 5193; x_wconf 81' lang='lat' dir='ltr'><strong>llis</strong></span> 
     </span>
    </p>
   </div>
   <div class='ocr_carea' id='block_1_66' title="bbox 451 5337 1986 5417">
    <p class='ocr_par' dir='ltr' id='par_1_66' title="bbox 451 5337 1986 5417">
     <span class='ocr_line' id='line_1_66' title="bbox 451 5337 1986 5417; baseline -0.01 -13"><span class='ocrx_word' id='word_1_737' title='bbox 451 5352 557 5417; x_wconf 77' lang='grc'>(62)</span> <span class='ocrx_word' id='word_1_738' title='bbox 604 5347 761 5402; x_wconf 85' lang='lat' dir='ltr'><strong>Aliud</strong></span> <span class='ocrx_word' id='word_1_739' title='bbox 806 5345 1094 5417; x_wconf 81' lang='lat' dir='ltr'><strong>exemplar</strong></span> <span class='ocrx_word' id='word_1_740' title='bbox 1125 5343 1243 5396; x_wconf 71' lang='lat' dir='ltr'><strong>ham</strong></span> <span class='ocrx_word' id='word_1_741' title='bbox 1283 5339 1522 5417; x_wconf 66' lang='lat' dir='ltr'><strong>nomina</strong></span> <span class='ocrx_word' id='word_1_742' title='bbox 1553 5337 1765 5417; x_wconf 83' lang='lat' dir='ltr'><strong>h_ahet_:_</strong></span> <span class='ocrx_word' id='word_1_743' title='bbox 1808 5338 1986 5417; x_wconf 57' lang='lat' dir='ltr'><strong>Elicit,</strong></span> 
     </span>
    </p>
   </div>
   <div class='ocr_carea' id='block_1_67' title="bbox 376 5409 1987 5486">
    <p class='ocr_par' dir='ltr' id='par_1_67' title="bbox 376 5409 1987 5486">
     <span class='ocr_line' id='line_1_67' title="bbox 376 5409 1987 5486; baseline -0.011 -8"><span class='ocrx_word' id='word_1_744' title='bbox 376 5409 668 5486; x_wconf 69' lang='lat' dir='ltr'><strong>Adalbe-ro,</strong></span> <span class='ocrx_word' id='word_1_745' title='bbox 700 5419 881 5479; x_wconf 80' lang='lat' dir='ltr'><strong>Jacob,</strong></span> <span class='ocrx_word' id='word_1_746' title='bbox 914 5409 1298 5476; x_wconf 68' lang='lat' dir='ltr'><strong>Murahunarl,</strong></span> <span class='ocrx_word' id='word_1_747' title='bbox 1336 5411 1668 5486; x_wconf 65' lang='lat' dir='ltr'><strong>Wilicltalm,</strong></span> <span class='ocrx_word' id='word_1_748' title='bbox 1719 5409 1987 5486; x_wconf 65' lang='lat' dir='ltr'><strong>Eanfrid,</strong></span> 
     </span>
    </p>
   </div>
   <div class='ocr_carea' id='block_1_68' title="bbox 373 5481 1987 5560">
    <p class='ocr_par' dir='ltr' id='par_1_68' title="bbox 373 5481 1987 5560">
     <span class='ocr_line' id='line_1_68' title="bbox 373 5481 1987 5560; baseline -0.009 -12"><span class='ocrx_word' id='word_1_749' title='bbox 373 5481 683 5560; x_wconf 77' lang='lat' dir='ltr'><strong>Engilmar,</strong></span> <span class='ocrx_word' id='word_1_750' title='bbox 735 5491 938 5552; x_wconf 82' lang='lat' dir='ltr'><strong>Wezzi,</strong></span> <span class='ocrx_word' id='word_1_751' title='bbox 1012 5482 1729 5560; x_wconf 39' lang='lat' dir='ltr'><strong>Pilegrt&#39;gnLGundeclturL</strong></span> <span class='ocrx_word' id='word_1_752' title='bbox 1775 5481 1987 5560; x_wconf 55' lang='grc' dir='ltr'><strong>εςιίζοιι,</strong></span> 
     </span>
    </p>
   </div>
   <div class='ocr_carea' id='block_1_69' title="bbox 383 5553 1987 5631">
    <p class='ocr_par' dir='ltr' id='par_1_69' title="bbox 383 5553 1987 5631">
     <span class='ocr_line' id='line_1_69' title="bbox 383 5553 1987 5631; baseline -0.011 -10"><span class='ocrx_word' id='word_1_753' title='bbox 383 5553 684 5631; x_wconf 59' lang='lat' dir='ltr'><strong>WEinhere,</strong></span> <span class='ocrx_word' id='word_1_754' title='bbox 715 5560 1006 5620; x_wconf 74' lang='lat' dir='ltr'><strong>Gerhardi,</strong></span> <span class='ocrx_word' id='word_1_755' title='bbox 1054 5556 1348 5623; x_wconf 77' lang='lat' dir='ltr'><strong>Hittebold,</strong></span> <span class='ocrx_word' id='word_1_756' title='bbox 1390 5553 1659 5618; x_wconf 84' lang='lat' dir='ltr'><strong>Gotebold,</strong></span> <span class='ocrx_word' id='word_1_757' title='bbox 1691 5553 1987 5619; x_wconf 81' lang='lat' dir='ltr'><strong>Reginhar,</strong></span> 
     </span>
    </p>
   </div>
   <div class='ocr_carea' id='block_1_70' title="bbox 2078 4605 3696 4678">
    <p class='ocr_par' dir='ltr' id='par_1_70' title="bbox 2078 4605 3696 4678">
     <span class='ocr_line' id='line_1_70' title="bbox 2078 4605 3696 4678; baseline -0.001 -15"><span class='ocrx_word' id='word_1_758' title='bbox 2078 4617 2184 4663; x_wconf 90' lang='lat' dir='ltr'><strong>uta</strong></span> <span class='ocrx_word' id='word_1_759' title='bbox 2215 4607 2484 4660; x_wconf 90' lang='lat' dir='ltr'><strong>ministris</strong></span> <span class='ocrx_word' id='word_1_760' title='bbox 2509 4606 2630 4673; x_wconf 90' lang='lat' dir='ltr'><strong>ejus</strong></span> <span class='ocrx_word' id='word_1_761' title='bbox 2652 4607 2917 4676; x_wconf 85' lang='lat' dir='ltr'><strong>comperi.</strong></span> <span class='ocrx_word' id='word_1_762' title='bbox 2949 4605 3138 4675; x_wconf 90' lang='lat' dir='ltr'><strong>paucis</strong></span> <span class='ocrx_word' id='word_1_763' title='bbox 3156 4605 3307 4660; x_wconf 92' lang='lat' dir='ltr'><strong>horis</strong></span> <span class='ocrx_word' id='word_1_764' title='bbox 3333 4606 3696 4678; x_wconf 86' lang='lat' dir='ltr'><strong>interpositis,</strong></span> 
     </span>
    </p>
   </div>
   <div class='ocr_carea' id='block_1_71' title="bbox 2078 4697 3704 4772">
    <p class='ocr_par' dir='ltr' id='par_1_71' title="bbox 2078 4697 3704 4772">
     <span class='ocr_line' id='line_1_71' title="bbox 2078 4697 3704 4772; baseline -0.002 -16"><span class='ocrx_word' id='word_1_765' title='bbox 2078 4700 2343 4756; x_wconf 89' lang='lat' dir='ltr'><strong>infirmari</strong></span> <span class='ocrx_word' id='word_1_766' title='bbox 2373 4699 2540 4768; x_wconf 71' lang='lat' dir='ltr'><strong>erepit</strong></span> <span class='ocrx_word' id='word_1_767' title='bbox 2567 4706 2622 4752; x_wconf 91' lang='lat' dir='ltr'><strong>et</strong></span> <span class='ocrx_word' id='word_1_768' title='bbox 2649 4699 2716 4752; x_wconf 90' lang='lat' dir='ltr'><strong>ad</strong></span> <span class='ocrx_word' id='word_1_769' title='bbox 2745 4699 2984 4772; x_wconf 88' lang='lat' dir='ltr'><strong>Luggam</strong></span> <span class='ocrx_word' id='word_1_770' title='bbox 3009 4697 3174 4752; x_wconf 89' lang='lat' dir='ltr'><strong>vitam</strong></span> <span class='ocrx_word' id='word_1_771' title='bbox 3197 4697 3398 4767; x_wconf 84' lang='lat' dir='ltr'><strong>ﬁnivit,</strong></span> <span class='ocrx_word' id='word_1_772' title='bbox 3431 4706 3704 4769; x_wconf 89' lang='lat' dir='ltr'><strong>etcorpus</strong></span> 
     </span>
    </p>
   </div>
   <div class='ocr_carea' id='block_1_72' title="bbox 2080 4791 3706 4866">
    <p class='ocr_par' dir='ltr' id='par_1_72' title="bbox 2080 4791 3706 4866">
     <span class='ocr_line' id='line_1_72' title="bbox 2080 4791 3706 4866; baseline -0.003 -14"><span class='ocrx_word' id='word_1_773' title='bbox 2080 4798 2201 4865; x_wconf 90' lang='lat' dir='ltr'><strong>ejus</strong></span> <span class='ocrx_word' id='word_1_774' title='bbox 2222 4801 2494 4866; x_wconf 88' lang='lat' dir='ltr'><strong>portatum</strong></span> <span class='ocrx_word' id='word_1_775' title='bbox 2508 4801 2591 4847; x_wconf 91' lang='lat' dir='ltr'><strong>est</strong></span> <span class='ocrx_word' id='word_1_776' title='bbox 2604 4809 2777 4864; x_wconf 91' lang='lat' dir='ltr'><strong>usque</strong></span> <span class='ocrx_word' id='word_1_777' title='bbox 2792 4791 2859 4846; x_wconf 90' lang='lat' dir='ltr'><strong>ad</strong></span> <span class='ocrx_word' id='word_1_778' title='bbox 2875 4799 3123 4847; x_wconf 90' lang='lat' dir='ltr'><strong>sanctum</strong></span> <span class='ocrx_word' id='word_1_779' title='bbox 3139 4792 3453 4859; x_wconf 91' lang='lat' dir='ltr'><strong>Dominum,</strong></span> <span class='ocrx_word' id='word_1_780' title='bbox 3469 4793 3706 4847; x_wconf 91' lang='lat' dir='ltr'><strong>ethono-</strong></span> 
     </span>
    </p>
   </div>
   <div class='ocr_carea' id='block_1_73' title="bbox 2085 4880 3703 4954">
    <p class='ocr_par' dir='ltr' id='par_1_73' title="bbox 2085 4880 3703 4954">
     <span class='ocr_line' id='line_1_73' title="bbox 2085 4880 3703 4954; baseline -0.004 -15"><span class='ocrx_word' id='word_1_781' title='bbox 2085 4885 2235 4939; x_wconf 84' lang='lat' dir='ltr'><strong>riticc</strong></span> <span class='ocrx_word' id='word_1_782' title='bbox 2264 4890 2345 4938; x_wconf 90' lang='lat' dir='ltr'><strong>est</strong></span> <span class='ocrx_word' id='word_1_783' title='bbox 2365 4883 2661 4954; x_wconf 87' lang='lat' dir='ltr'><strong>sepultum.</strong></span> <span class='ocrx_word' id='word_1_784' title='bbox 2697 4881 2818 4936; x_wconf 88' lang='lat' dir='ltr'><strong>Otto</strong></span> <span class='ocrx_word' id='word_1_785' title='bbox 2836 4891 3021 4936; x_wconf 86' lang='lat' dir='ltr'><strong>autem</strong></span> <span class='ocrx_word' id='word_1_786' title='bbox 3046 4883 3154 4936; x_wconf 90' lang='lat' dir='ltr'><strong>dux</strong></span> <span class='ocrx_word' id='word_1_787' title='bbox 3179 4882 3342 4937; x_wconf 87' lang='lat' dir='ltr'><strong>etiam</strong></span> <span class='ocrx_word' id='word_1_788' title='bbox 3363 4881 3429 4934; x_wconf 89' lang='lat' dir='ltr'><strong>ad</strong></span> <span class='ocrx_word' id='word_1_789' title='bbox 3462 4880 3703 4952; x_wconf 83' lang='lat' dir='ltr'><strong>Luggam</strong></span> 
     </span>
    </p>
   </div>
   <div class='ocr_carea' id='block_1_74' title="bbox 2085 4973 3703 5044">
    <p class='ocr_par' dir='ltr' id='par_1_74' title="bbox 2085 4973 3703 5044">
     <span class='ocr_line' id='line_1_74' title="bbox 2085 4973 3703 5044; baseline -0.005 -12"><span class='ocrx_word' id='word_1_790' title='bbox 2085 4977 2378 5032; x_wconf 84' lang='lat' dir='ltr'><strong>defunctus</strong></span> <span class='ocrx_word' id='word_1_791' title='bbox 2407 4983 2512 5039; x_wconf 92' lang='lat' dir='ltr'><strong>est,</strong></span> <span class='ocrx_word' id='word_1_792' title='bbox 2545 4981 2600 5028; x_wconf 91' lang='lat' dir='ltr'><strong>et</strong></span> <span class='ocrx_word' id='word_1_793' title='bbox 2627 4990 2658 5027; x_wconf 91' lang='lat' dir='ltr'><strong>a</strong></span> <span class='ocrx_word' id='word_1_794' title='bbox 2699 4973 2814 5027; x_wconf 89' lang='lat' dir='ltr'><strong>suis</strong></span> <span class='ocrx_word' id='word_1_795' title='bbox 2846 4990 3016 5044; x_wconf 90' lang='lat' dir='ltr'><strong>super</strong></span> <span class='ocrx_word' id='word_1_796' title='bbox 3049 4982 3310 5028; x_wconf 86' lang='lat' dir='ltr'><strong>montana</strong></span> <span class='ocrx_word' id='word_1_797' title='bbox 3342 4977 3610 5042; x_wconf 90' lang='lat' dir='ltr'><strong>portatus,</strong></span> <span class='ocrx_word' id='word_1_798' title='bbox 3643 4976 3703 5024; x_wconf 91' lang='lat' dir='ltr'><strong>ut</strong></span> 
     </span>
    </p>
   </div>
   <div class='ocr_carea' id='block_1_75' title="bbox 2085 5060 3702 5137">
    <p class='ocr_par' dir='ltr' id='par_1_75' title="bbox 2085 5060 3702 5137">
     <span class='ocr_line' id='line_1_75' title="bbox 2085 5060 3702 5137; baseline -0.006 -16"><span class='ocrx_word' id='word_1_799' title='bbox 2085 5082 2260 5137; x_wconf 90' lang='lat' dir='ltr'><strong>usque</strong></span> <span class='ocrx_word' id='word_1_800' title='bbox 2274 5065 2343 5118; x_wconf 87' lang='lat' dir='ltr'><strong>ad</strong></span> <span class='ocrx_word' id='word_1_801' title='bbox 2355 5061 2718 5119; x_wconf 75' lang='lat' dir='ltr'><strong>Asehatfenbu</strong></span> <span class='ocrx_word' id='word_1_802' title='bbox 2728 5079 2788 5136; x_wconf 78' lang='lat' dir='ltr'><strong>rg</strong></span> <span class='ocrx_word' id='word_1_803' title='bbox 2801 5063 3114 5134; x_wconf 89' lang='lat' dir='ltr'><strong>perductus,</strong></span> <span class='ocrx_word' id='word_1_804' title='bbox 3129 5078 3251 5116; x_wconf 91' lang='lat' dir='ltr'><strong>cum</strong></span> <span class='ocrx_word' id='word_1_805' title='bbox 3272 5075 3470 5131; x_wconf 86' lang='lat' dir='ltr'><strong>magno</strong></span> <span class='ocrx_word' id='word_1_806' title='bbox 3492 5060 3702 5114; x_wconf 88' lang='lat' dir='ltr'><strong>honore</strong></span> 
     </span>
    </p>
   </div>
   <div class='ocr_carea' id='block_1_76' title="bbox 2087 5150 3593 5214">
    <p class='ocr_par' dir='ltr' id='par_1_76' title="bbox 2087 5150 3593 5214">
     <span class='ocr_line' id='line_1_76' title="bbox 2087 5150 3593 5214; baseline -0.007 0"><span class='ocrx_word' id='word_1_807' title='bbox 2087 5167 2141 5214; x_wconf 92' lang='lat' dir='ltr'><strong>et</strong></span> <span class='ocrx_word' id='word_1_808' title='bbox 2168 5157 2336 5212; x_wconf 88' lang='lat' dir='ltr'><strong>nimia</strong></span> <span class='ocrx_word' id='word_1_809' title='bbox 2351 5154 2744 5210; x_wconf 90' lang='lat' dir='ltr'><strong>lamentatione</strong></span> <span class='ocrx_word' id='word_1_810' title='bbox 2777 5153 2854 5210; x_wconf 90' lang='lat' dir='ltr'><strong>ibi</strong></span> <span class='ocrx_word' id='word_1_811' title='bbox 2882 5162 3037 5209; x_wconf 83' lang='lat' dir='ltr'><strong>terrae</strong></span> <span class='ocrx_word' id='word_1_812' title='bbox 3058 5150 3475 5208; x_wconf 88' lang='lat' dir='ltr'><strong>commendatus</strong></span> <span class='ocrx_word' id='word_1_813' title='bbox 3491 5158 3593 5204; x_wconf 89' lang='lat' dir='ltr'><strong>est.</strong></span> 
     </span>
    </p>
   </div>
   <div class='ocr_carea' id='block_1_77' title="bbox 2092 5330 3708 5404">
    <p class='ocr_par' dir='ltr' id='par_1_77' title="bbox 2092 5330 3708 5404">
     <span class='ocr_line' id='line_1_77' title="bbox 2092 5330 3708 5404; baseline -0.005 -12"><span class='ocrx_word' id='word_1_814' title='bbox 2092 5337 2342 5404; x_wconf 81' lang='lat' dir='ltr'><strong>Suidger.</strong></span> <span class='ocrx_word' id='word_1_815' title='bbox 2373 5335 2576 5400; x_wconf 83' lang='lat' dir='ltr'><strong>Arebo,</strong></span> <span class='ocrx_word' id='word_1_816' title='bbox 2614 5336 2788 5402; x_wconf 82' lang='lat' dir='ltr'><strong>Vrolf.</strong></span> <span class='ocrx_word' id='word_1_817' title='bbox 2829 5333 2955 5387; x_wconf 88' lang='lat' dir='ltr'><strong>Dies</strong></span> <span class='ocrx_word' id='word_1_818' title='bbox 2993 5339 3045 5386; x_wconf 91' lang='lat' dir='ltr'><strong>et</strong></span> <span class='ocrx_word' id='word_1_819' title='bbox 3075 5347 3254 5404; x_wconf 85' lang='lat' dir='ltr'><strong>annus</strong></span> <span class='ocrx_word' id='word_1_820' title='bbox 3292 5345 3402 5386; x_wconf 92' lang='lat' dir='ltr'><strong>non</strong></span> <span class='ocrx_word' id='word_1_821' title='bbox 3432 5336 3527 5404; x_wconf 82' lang='lat' dir='ltr'><strong>est</strong></span> <span class='ocrx_word' id='word_1_822' title='bbox 3546 5330 3708 5404; x_wconf 76' lang='lat' dir='ltr'><strong>ascri-</strong></span> 
     </span>
    </p>
   </div>
   <div class='ocr_carea' id='block_1_78' title="bbox 2092 5401 3706 5477">
    <p class='ocr_par' dir='ltr' id='par_1_78' title="bbox 2092 5401 3706 5477">
     <span class='ocr_line' id='line_1_78' title="bbox 2092 5401 3706 5477; baseline -0.003 -18"><span class='ocrx_word' id='word_1_823' title='bbox 2092 5401 2250 5477; x_wconf 51' lang='lat' dir='ltr'><strong>ptusf</strong></span> <span class='ocrx_word' id='word_1_824' title='bbox 2289 5407 2396 5460; x_wconf 89' lang='lat' dir='ltr'><strong>Sed</strong></span> <span class='ocrx_word' id='word_1_825' title='bbox 2430 5413 2484 5460; x_wconf 89' lang='lat' dir='ltr'><strong>et</strong></span> <span class='ocrx_word' id='word_1_826' title='bbox 2512 5407 2594 5461; x_wconf 66' lang='lat' dir='ltr'><strong>hae</strong></span> <span class='ocrx_word' id='word_1_827' title='bbox 2643 5405 3042 5477; x_wconf 77' lang='lat' dir='ltr'><strong>appellationes</strong></span> <span class='ocrx_word' id='word_1_828' title='bbox 3081 5403 3488 5477; x_wconf 60' lang='lat' dir='ltr'><strong>inverszesunt,</strong></span> <span class='ocrx_word' id='word_1_829' title='bbox 3517 5402 3606 5456; x_wconf 88' lang='lat' dir='ltr'><strong>isti</strong></span> <span class='ocrx_word' id='word_1_830' title='bbox 3637 5401 3706 5455; x_wconf 91' lang='lat' dir='ltr'><strong>de</strong></span> 
     </span>
    </p>
   </div>
   <div class='ocr_carea' id='block_1_79' title="bbox 2092 5474 3634 5548">
    <p class='ocr_par' dir='ltr' id='par_1_79' title="bbox 2092 5474 3634 5548">
     <span class='ocr_line' id='line_1_79' title="bbox 2092 5474 3634 5548; baseline -0.003 -18"><span class='ocrx_word' id='word_1_831' title='bbox 2092 5474 2373 5548; x_wconf 82' lang='lat' dir='ltr'><strong>provincia</strong></span> <span class='ocrx_word' id='word_1_832' title='bbox 2398 5474 2844 5548; x_wconf 78' lang='lat' dir='ltr'><strong>Alamannorum,</strong></span> <span class='ocrx_word' id='word_1_833' title='bbox 2879 5475 2964 5548; x_wconf 77' lang='lat' dir='ltr'><strong>isti</strong></span> <span class='ocrx_word' id='word_1_834' title='bbox 2987 5483 3168 5529; x_wconf 91' lang='lat' dir='ltr'><strong>autem</strong></span> <span class='ocrx_word' id='word_1_835' title='bbox 3193 5475 3261 5528; x_wconf 90' lang='lat' dir='ltr'><strong>de</strong></span> <span class='ocrx_word' id='word_1_836' title='bbox 3293 5474 3634 5528; x_wconf 87' lang='lat' dir='ltr'><strong>Noricorum.</strong></span> 
     </span>
    </p>
   </div>
   <div class='ocr_carea' id='block_1_80' title="bbox 2165 5545 3037 5621">
    <p class='ocr_par' dir='ltr' id='par_1_80' title="bbox 2165 5545 3037 5621">
     <span class='ocr_line' id='line_1_80' title="bbox 2165 5545 3037 5621; baseline -0.007 -18"><span class='ocrx_word' id='word_1_837' title='bbox 2165 5549 2270 5621; x_wconf 78' lang='lat'><strong>(63)</strong></span> <span class='ocrx_word' id='word_1_838' title='bbox 2297 5552 2368 5604; x_wconf 85' lang='lat' dir='ltr'><strong>Et</strong></span> <span class='ocrx_word' id='word_1_839' title='bbox 2397 5565 2467 5604; x_wconf 86' lang='lat' dir='ltr'><strong>xx</strong></span> <span class='ocrx_word' id='word_1_840' title='bbox 2496 5549 2712 5604; x_wconf 90' lang='lat' dir='ltr'><strong>videtur</strong></span> <span class='ocrx_word' id='word_1_841' title='bbox 2741 5545 3037 5600; x_wconf 89' lang='lat' dir='ltr'><strong>delendum</strong></span> 
     </span>
    </p>
   </div>
  </div>
