4038 6178
494 293 633 349 1059

1566 285 1620 342 S.
1663 278 1970 338 UDALRICI
2010 278 2378 339 AUGUSTANI
2421 284 2732 345 EPISCOPI.

3682 306 3797 365 1060

1206 494 1990 598 MIRACULA
2099 494 2199 592 S.
2297 499 3051 609 UDALRICI.

555 742 592 796 1.
637 741 764 796 Post
793 741 1335 796 commendationem
1394 740 1621 811 pretiosi
1677 739 1923 795 thesauri
1954 739 2092 793 sacri
2122 736 2173 804 Α
2198 740 2395 796 collem
2429 744 2523 813 qui
2549 744 2754 801 dicitur
2777 747 3049 805 Perileich
3105 753 3339 820 veniret,
3370 771 3400 810 a
3446 756 3604 813 febre
3626 761 3804 816 acriter

481 831 729 900 corporis
748 830 1007 897 Udalrici,
1043 831 1304 902 tapetium
1338 831 1591 901 sepulcro
1621 830 2097 900 superponebatur

483 926 537 973 et
567 920 850 974 assiduum
881 920 1069 973 lumen
1096 920 1408 990 appositum
1438 919 1558 973 sine
1580 919 1985 974 intermissione
2013 934 2103 972 ar-

488 1007 673 1061 debat.
731 1007 962 1072 Quidam
994 1016 1175 1062 autem
1223 1008 1513 1063 custodum
1547 1008 1832 1063 ardentem
1880 1023 2101 1062 cereum

484 1101 707 1156 incaute
718 1102 904 1173 posuit
909 1101 1061 1170 juxta
1073 1102 1416 1173 sepulcrum;
1443 1118 1552 1174 quo
1572 1104 1889 1169 recedente,
1912 1119 2103 1159 cereus

482 1199 685 1254 cecidit
720 1198 776 1253 in
816 1208 1185 1255 transversum
1235 1216 1402 1270 super
1448 1200 1714 1270 tapetium
1746 1200 2007 1271 sepulcri,
2051 1208 2105 1256 et

481 1294 684 1348 ardens
707 1295 1207 1365 permansitdonec
1239 1295 1328 1349 illa
1359 1312 1484 1366 pars
1512 1297 1656 1350 cerei
1678 1312 1802 1367 quae
1833 1312 2003 1366 super
2023 1304 2105 1350 ta-

482 1387 931 1456 petiumjacehat
972 1389 1040 1443 ab
1074 1390 1203 1463 igne
1245 1391 1712 1455 consumebatur;
1751 1397 1806 1445 et
1846 1407 1971 1445 cum
2005 1407 2103 1445 an—

482 1476 673 1532 teriori
707 1486 863 1547 parte
897 1479 1085 1549 tapetii
1120 1496 1240 1550 qua:
1272 1480 1525 1551 sepulcro
1559 1481 1842 1536 eminebat
1871 1481 2106 1549 conjun-

482 1575 601 1622 ctus
621 1569 860 1631 arderet,
893 1578 948 1624 et
970 1570 1244 1626 flammam
1273 1588 1486 1627 sursum
1517 1588 1616 1643 per
1643 1573 1909 1642 tapetium
1942 1573 2103 1628 emit-

481 1667 644 1727 teret,
699 1670 885 1717 custos
941 1663 1185 1728 advenit,
1243 1672 1297 1718 et
1353 1665 1460 1719 hoc
1511 1665 1708 1719 videns
1753 1665 2106 1721 tremefactus

480 1750 784 1821 obstupuit,
818 1760 873 1806 et
900 1753 1049 1823 quod
1072 1753 1251 1808 adhuc
1273 1755 1595 1809 remanebat
1626 1756 1694 1810 de
1720 1748 1880 1811 cereo
1906 1757 2107 1811 timens

481 1839 724 1903 abstulit,
785 1841 1168 1912 tapetiumque
1223 1842 1458 1898 sollicite
1511 1843 1750 1914 inspexit
1792 1844 1839 1898 si
1871 1845 1938 1899 ab
1979 1844 2105 1918 igne

485 1932 698 2004 aliquid
729 1933 1045 2000 laederetur,
1070 1935 1362 2009 vestigium
1391 1937 1537 2007 ignis
1569 1937 1636 1991 de
1665 1938 1910 1994 minimis
1943 1939 2105 1994 micis

488 2022 665 2076 cereis
696 2021 927 2089 invenit,
960 2040 1127 2078 unum
1166 2040 1297 2079 vero
1354 2025 1526 2095 pilum
1558 2026 1612 2080 in
1645 2026 1936 2097 superﬁcie
1967 2035 2020 2083 et
2049 2028 2104 2082 in

484 2115 655 2169 latere
684 2114 921 2184 sepulcri
963 2115 1016 2168 in
1046 2116 1252 2185 tapetio
1282 2123 1535 2171 exustum
1578 2118 1825 2174 invenire
1856 2134 1966 2173 non
2001 2136 2106 2189 po-

485 2208 605 2263 tuit.
655 2210 766 2265 Hoc
796 2209 1117 2265 miraculum
1149 2227 1271 2266 cum
1315 2211 1579 2283 magistro
1618 2228 1719 2268 suo
1748 2220 1801 2267 et
1842 2213 2106 2268 fratribus

486 2296 784 2362 nuntiaret,
832 2304 886 2352 et
911 2297 1201 2369 vestigium
1246 2299 1393 2354 cerei
1439 2307 1788 2366 monstraret,
1837 2308 1890 2356 et
1920 2310 2103 2356 tamen

483 2385 749 2456 tapetium
779 2386 1012 2441 illaesum
1038 2387 1379 2455 ostenderet,
1421 2389 1790 2445 admiratione
1821 2396 1874 2445 et
1898 2392 2103 2466 gaudio

482 2474 680 2545 re'pleti
710 2476 880 2529 Deum
905 2491 1100 2531 omnes
1113 2475 1561 2549 gloriﬁcaverunt
1588 2486 1642 2533 et
1669 2486 1916 2535 sanctum
1946 2479 2109 2535 Udal-

484 2567 681 2622 ricum.

558 2656 622 2709 ll.
655 2656 910 2722 Quamvis
940 2656 1120 2712 adhuc
1152 2657 1360 2713 nullum
1393 2657 1530 2713 inibi
1566 2669 1756 2731 aperte
1788 2660 1907 2717 ﬁeri
1937 2662 2108 2719 mira-

484 2745 666 2802 culum
698 2746 1116 2817 comperiretur,
1146 2748 1437 2821 utriusque
1468 2767 1631 2807 sexus
1667 2752 1890 2808 familiae
1922 2754 2111 2809 multi-

480 2835 616 2891 tudo
661 2835 871 2909 jugiter
930 2836 1245 2906 pavimento
1287 2846 1576 2908 prostrata,
1631 2840 1891 2911 positioni
1931 2842 2108 2897 sancti

479 2928 728 2999 corporis
766 2929 1047 3003 adjuncta,
1081 2931 1432 2988 necessitatis
1461 2950 1574 2989 sua}
1620 2934 1878 3008 suffragia
1909 2953 2100 3008 preca-

479 3015 659 3080 batur,
684 3017 1223 3089 deprcliendensque
1239 3019 1289 3073 ei
1315 3021 1487 3077 multa
1518 3023 1832 3096 omnigenae
1854 3040 2105 3080 commo-

479 3104 667 3160 ditatis
713 3104 921 3159 auxilia
953 3106 1082 3160 inde
1135 3108 1384 3175 evenire,
1440 3109 1788 3181 frequentius
1844 3114 2102 3169 eumdem

479 3193 647 3263 erepit
672 3192 896 3248 visitare
917 3193 1116 3249 locum.
1151 3194 1339 3266 Itaque
1369 3212 1491 3250 cum
1523 3197 1591 3250 ab
1624 3200 1944 3255 assiduitate
1971 3202 2104 3256 visi-

476 3284 733 3350 tautium,
762 3284 991 3338 Domino
1029 3285 1392 3353 concedente,
1426 3286 1679 3358 plurimis
1708 3289 1799 3345 ille
1830 3307 2105 3348 commen-

478 3376 699 3432 daretur
721 3376 900 3443 locus,
920 3375 1074 3431 venit
1103 3376 1327 3449 quidam
1370 3379 1536 3436 homo
1575 3382 1646 3436 de
1678 3383 1961 3453 provincia
1991 3385 2099 3442 No-

2204 826 2417 901 fatigari
2449 833 2635 902 coepit.
2662 833 2816 891 Tune
2850 839 3200 907 persenticns
3229 858 3329 912 pro
3353 860 3464 915 quo
3490 853 3646 902 reatu
3677 848 3804 904 inﬁr-

2205 916 2379 973 mitati
2413 923 2834 993 concederetur,
2866 944 3153 1001 regressus
3182 931 3249 986 ad
3282 934 3621 1004 sepulcrum,
3653 938 3803 992 bacu-

2206 1004 2318 1058 lum
2354 1008 2593 1064 restituit
2621 1012 2674 1065 in
2700 1012 2880 1069 locum
2913 1016 3009 1071 ubi
3038 1034 3164 1072 eum
3193 1019 3339 1083 tulit,
3365 1029 3670 1095 votumque
3700 1025 3805 1082 fecit

2206 1105 2265 1150 ut
2321 1096 2460 1152 ultra
2494 1100 2700 1155 nullum
2744 1102 2874 1158 inde
2921 1106 3139 1163 auferre
3169 1120 3556 1180 praesumeret,
3589 1124 3806 1188 votoque

2207 1198 2431 1258 peracto
2463 1209 2493 1246 a
2523 1192 2677 1249 febre
2705 1196 2968 1253 dimissus
3002 1208 3106 1257 est.

2278 1279 2361 1333 IV.
2397 1280 2470 1333 De
2503 1287 2931 1357 congregatione
2953 1290 3166 1346 Sanctae
3192 1292 3330 1349 Afrae
3348 1296 3641 1368 presbyter
3662 1315 3806 1368 unus,

2206 1370 2442 1445 Adelger
2472 1375 2805 1443 nominatus,
2842 1381 2961 1435 tulit
2999 1382 3066 1437 de
3097 1385 3358 1455 sepulcro
3397 1388 3539 1444 duos
3587 1390 3808 1448 bacellos

2206 1468 2488 1535 speciosos
2504 1471 2571 1524 ad
2588 1472 2908 1542 videndum,
2926 1482 2977 1531 et
2991 1481 3220 1549 aptosin
3244 1483 3505 1539 manibus
3521 1486 3590 1540 ad
3614 1494 3809 1557 portau-

2208 1558 2359 1626 dum,
2394 1562 2894 1621 etsuiobliviscens
2921 1572 3159 1638 portavit
3184 1587 3280 1628 eos
3308 1574 3363 1627 in
3394 1576 3620 1630 domum
3650 1594 3805 1632 suam.

2210 1645 2397 1718 ibique
2430 1666 2551 1704 cum
2584 1653 2841 1721 sedisset,
2875 1656 3073 1712 invasit
3103 1675 3229 1714 eum
3257 1662 3513 1718 oscitatio
3543 1665 3730 1720 crebra
3764 1674 3808 1721 et

2207 1734 2524 1806 obripilatio
2564 1742 2706 1796 cutis
2767 1744 3025 1813 maxima,
3057 1754 3112 1803 et
3151 1750 3337 1804 omnia
3391 1754 3639 1809 membra
3666 1756 3806 1810 taedio

2208 1840 2472 1902 occupata
2504 1845 2652 1902 sunt,
2688 1837 2761 1893 ita
2791 1846 2850 1895 ut
2881 1841 3138 1899 virtutem
3190 1846 3446 1914 sedendi,
3491 1866 3671 1922 neque
3705 1868 3807 1906 am-

2209 1922 2456 1992 bulandi,
2489 1942 2591 1983 nec
2621 1930 2814 1986 saltem
2840 1933 3063 2001 jacendi
3103 1943 3228 2006 apte
3282 1954 3393 1994 non
3428 1942 3695 2009 potuisset
3718 1944 3808 1998 ha-

2137 2063 2188 2131 Β
2412 2017 2688 2131 QuiLinter
2714 2025 3078 2131 semetipsum
3108 2029 3384 2131 aestimare
3404 2034 3574 2104 coepit
3595 2051 3687 2105 pro
3713 2052 3806 2107 qua

2217 2118 2275 2156 re
2305 2113 2414 2159 tam
2447 2106 2628 2162 subita
2657 2110 2935 2168 solutione
2963 2107 3361 2173 membrorum
3400 2106 3741 2195 gravaretur,
3758 2134 3806 2179 et

2206 2206 2439 2265 surgens
2468 2197 2619 2252 venit
2646 2199 2713 2253 ad
2746 2199 3083 2259 Wicfredum
3112 2208 3490 2276 praepositum,
3518 2218 3574 2265 et
3606 2212 3806 2267 nuntia-

2206 2284 2281 2340 vit
2312 2285 2390 2339 illi
2418 2296 2675 2344 eventum
2707 2293 2804 2347 rei.
2835 2294 2931 2350 Cui
2963 2296 3055 2351 ille
3086 2299 3258 2355 dixit:
3293 2321 3319 2353 α
3352 2301 3429 2356 Tu
3457 2319 3529 2357 ne
3565 2304 3696 2359 istos
3719 2304 3807 2358 ba-

2206 2375 2375 2431 cellos
2388 2376 2658 2436 desancto
2675 2383 2930 2452 sepulcro
2946 2388 3156 2443 tulisti?
3176 2412 3197 2441 ι
3224 2390 3501 2455 Quidixit:
3533 2416 3550 2440 -
3584 2392 3763 2449 ltafeci
3787 2416 3806 2445 υ

2217 2491 2240 2514 σι
2277 2467 2515 2535 Festina,
2539 2472 2717 2544 inquit
2742 2475 2858 2543 ille,
2892 2494 3162 2548 reponere
3181 2497 3278 2537 eos
3306 2482 3360 2536 in
3396 2483 3577 2538 locum
3597 2501 3804 2540 suum.»

2214 2559 2323 2615 Hoc
2342 2577 2467 2617 cum
2494 2564 2692 2620 factum
2728 2567 2941 2638 fuisset,
2973 2572 3127 2626 omni
3154 2573 3603 2631 incommoditate
3631 2594 3813 2649 corpo-

2210 2653 2286 2708 ris
2314 2655 2519 2730 fugata,
2555 2662 2841 2734 presbyter
2870 2664 3180 2743 confestim,
3209 2669 3431 2726 sanitati
3460 2672 3697 2740 pristina:
3736 2690 3809 2729 re-

2211 2746 2431 2803 stitutus
2461 2758 2565 2806 est.
3088 2800 3103 2809 ς

2281 2839 2342 2893 ν.
2377 2840 2703 2915 Quicunque
2733 2847 2895 2902 etiam
2928 2848 2999 2904 de
3033 2851 3393 2908 multitudine
3423 2853 3572 2930 vulgi
3620 2854 3685 2910 de
3719 2872 3829 2926 αρε»

2210 2935 2444 3001 portatis
2473 2936 2688 2994 baculis
2716 2941 2773 2994 in
2812 2959 3011 2999 manus
3041 2962 3170 3001 suas
3201 2956 3551 3019 acceperunt,
3592 2958 3647 3005 ut
3676 2951 3806 3006 inter

2205 3040 2358 3081 sacra
2391 3031 2650 3086 mvsteria
2688 3048 2748 3088 se
2787 3050 2957 3105 super
2994 3053 3091 3093 eos
3134 3039 3487 3108 inclinarent,
3520 3049 3574 3098 et
3611 3043 3802 3098 facilius

2207 3113 2375 3170 ﬁnem
2400 3120 2648 3189 mysterii
2675 3132 3080 3195 exspectarent,
3118 3131 3409 3200 repentina
3438 3132 3710 3188 iuvasione
3728 3132 3798 3187 fe-

2206 3203 2319 3258 bris
2358 3209 2599 3277 quassati
2625 3220 2774 3278 sunt,
2807 3225 3202 3289 compertaque
3241 3235 3407 3275 causa
3452 3229 3690 3289 eventus,
3718 3238 3795 3276 re-

2200 3291 2362 3362 jectis
2387 3295 2600 3353 baculis
2631 3301 2826 3356 eadem
2858 3305 2994 3359 hora
3014 3306 3231 3364 liberati
3260 3315 3409 3365 sunt.

2276 3381 2362 3439 Vl.
2399 3384 2489 3440 His
2538 3388 2760 3444 casibus
2812 3392 3107 3468 divulgatis
3142 3436 3157 3458 ,
3213 3404 3267 3452 et
3318 3399 3373 3452 in
3425 3400 3667 3454 notitiam
3707 3415 3796 3454 un-

884 3433 898 3443 ,
1121 3433 1137 3449 ,
1419 3433 1432 3436 -
1582 3433 1640 3436 __
1680 3433 1961 3453 r_-._----_
1991 3433 2067 3442 -.ν
2400 3433 2488 3440 ---ν
2541 3433 2760 3444 um---
2813 3433 2960 3447 νη...
3004 3433 3107 3449 um
3142 3436 3157 3458 ,
3213 3433 3267 3452 ν.
3318 3433 3373 3452 ..ι
3426 3433 3667 3454 umma...
3709 3433 3791 3454 αυ-

481 3468 739 3535 ricorum,
783 3470 1007 3525 nomine
1061 3470 1469 3546 Regiuwalech,
1515 3474 1608 3546 qni
1676 3475 1893 3552 integro
1952 3433 2371 3541 annocdique
2426 3476 2673 3530 omnium
2732 3433 3005 3548 deducti;
3062 3484 3244 3539 minus
3311 3489 3672 3556 Pl“?sumebat
3719 3488 3791 3543 νει

480 3557 633 3616 febre
672 3559 941 3634 fatigatus,
959 3562 1025 3615 ad
1051 3561 1277 3616 nimiam
1307 3561 1685 3620 inﬁrmitatem
1709 3566 1999 3637 deductus,
2028 3572 2097 3626 ad

477 3652 813 3707 Wicfredum
849 3652 1206 3724 praepositum
1239 3654 1488 3724 ejusdem
1520 3655 1627 3712 loci
1658 3659 1828 3725 venit,
1860 3659 2099 3718 interro-

478 3758 615 3817 gans
639 3758 763 3796 eum
787 3742 831 3796 si
863 3730 1085 3814 aliquod
1117 3743 1461 3800 liberationis
1491 3763 1604 3802 suae
1627 3748 2095 3807 medicamentum

477 3830 529 3885 ei
568 3830 813 3885 indicare
835 3830 1120 3901 potuisset.
1153 3831 1254 3896 Qui
1287 3834 1653 3904 respondens,
1682 3836 1853 3892 dixit:
1887 3863 1912 3886 ‹‹
1948 3839 2095 3894 Vade

479 3931 534 3978 et
558 3922 783 3994 acquire
812 3923 911 3978 tibi
953 3923 1231 3991 baculum,
1261 3932 1314 3980 et
1338 3928 1502 3996 'porta
1534 3945 1660 3984 eum
1687 3931 1755 3984 ad
1780 3932 2097 4003 sepulcrum

477 4016 689 4070 domini
717 4017 827 4071 mei
857 4018 1029 4071 sancti
1064 4017 1304 4074 Udalrici
1334 4036 1433 4090 pro
1473 4021 1738 4092 sospitate
1768 4029 1878 4079 tua.
1926 4048 1947 4076 ι
1995 4026 2096 4091 Qui

475 4107 764 4161 ambulans
803 4106 932 4161 inde
961 4106 1202 4163 concidit
1257 4107 1362 4163 sibi
1411 4109 1669 4165 baculum
1715 4112 1784 4166 de
1817 4113 1965 4186 ligno
2006 4114 2096 4169 bi-

475 4195 754 4261 dullaneo,
785 4202 840 4250 et
858 4195 1091 4265 portavit
1117 4211 1244 4251 eum
1277 4197 1346 4251 ad
1378 4197 1668 4268 praefatum
1705 4204 2090 4272 prmpositum.

474 4291 572 4355 Qui
599 4291 887 4345 ambulans
917 4307 1039 4344 cum
1079 4306 1145 4346 eo
1176 4290 1332 4345 duxit
1362 4306 1489 4346 eum
1522 4294 1590 4347 ad
1622 4304 1871 4350 sanctum
1901 4299 2094 4369 sepul-.

474 4397 648 4450 crum,
672 4389 725 4437 et
754 4382 1080 4437 monstravit
1116 4382 1165 4436 ei
1206 4382 1461 4437 baculum
1495 4400 1706 4454 ponere
1739 4404 1906 4459 super
1932 4389 2091 4444 illud.

474 4470 733 4526 Oratione
765 4472 929 4525 etiam
961 4470 1284 4526 clericorum
1316 4470 1511 4539 fretus,
1542 4480 1595 4529 et
1624 4475 1873 4532 doctrina
1899 4494 2090 4535 eorum

472 4560 529 4615 in
570 4559 679 4615 ﬁde
728 4560 1086 4628 confortatus,
1141 4563 1334 4618 eadem
1394 4565 1527 4620 hora
1558 4582 1589 4620 a
1627 4566 1779 4623 febre
1822 4568 2091 4628 liberatus

472 4654 695 4709 sanitati
725 4652 1017 4710 manifeste
1041 4654 1290 4711 redditus
1321 4665 1423 4712 est.

544 4744 748 4800 Eodem
776 4760 908 4800 vero
958 4753 1207 4816 tempore
1255 4748 1313 4802 in
1367 4747 1485 4803 istis
1516 4751 1839 4823 regionibus
1897 4754 2087 4811 incre-

472 4835 657 4893 dibilis
712 4836 1009 4893 multitudo
1042 4800 2086 4921 plopulorum“febribus—fatigabatur.
2104 4800 2162 4869 D

471 4930 727 4996 Quicum
782 4930 1035 4986 audirent
1065 4931 1350 5001 praefatum
1395 4935 1677 4991 hominem
1719 4939 1786 4993 ad
1839 4949 2089 4998 sanctum

467 5024 799 5094 sepulcrum,
849 5025 992 5081 sicut
1018 5026 1266 5097 prmdixi,
1309 5026 1477 5082 fuisse
1519 5029 1835 5100 liberatum,
1866 5034 2089 5105 quidam

469 5128 593 5168 cum
625 5114 855 5183 baculis,
886 5116 1114 5189 quidam
1145 5116 1308 5171 etiam
1335 5117 1536 5173 additis
1564 5120 1687 5175 aliis
1717 5123 2091 5180 oblationibus

467 5200 867 5260 festinaverunt
910 5221 1008 5276 pro
1040 5205 1273 5261 sanitate
1320 5222 1418 5261 sua
1465 5217 1713 5264 sanctum
1748 5211 1969 5267 visitare
1999 5231 2093 5268 se-

466 5292 742 5361 pulcrum.
769 5295 870 5358 Qui
892 5311 1106 5363 omnes,
1136 5295 1508 5367 undecunque
1540 5298 1813 5367 venirent,
1842 5301 2095 5358 celeriter

464 5380 686 5438 sanitati
717 5385 1171 5441 restituebantur.

535 5479 626 5535 Ill.
663 5480 894 5545 Quidam
925 5482 993 5537 de
1050 5482 1259 5537 familia
1308 5489 1512 5539 sancta:
1542 5484 1741 5549 Mariae,
1794 5486 2085 5542 Hisenhart

465 5575 587 5648 [al.,
620 5577 892 5649 lsenhart]
925 5578 1171 5648 nomine,
1211 5596 1383 5635 unum
1414 5581 1482 5637 de
1526 5581 1736 5636 baculis
1767 5584 1860 5654 qui
1892 5585 1960 5638 ad
1990 5601 2082 5640 se-

2203 3564 2492 3621 minimum
2543 3568 2818 3626 bacellum
2862 3573 2981 3629 sine
3019 3575 3242 3632 licentia
3288 3578 3419 3633 inde
3452 3580 3697 3645 auferre;
3742 3586 3789 3635 et

2202 3653 2330 3712 ideo
2378 3664 2529 3713 tanta
2579 3662 2871 3720 multitudo
2921 3665 3240 3723 baculorum
3302 3672 3560 3739 excrevit,
3613 3680 3666 3726 ut
3722 3670 3791 3724 fa-

2200 3747 2306 3803 cile
2359 3750 2696 3807 dinumerari
2752 3771 2863 3810 non
2922 3759 3209 3828 potuisset.
3257 3778 3361 3817 nec
3410 3763 3530 3818 sine
3577 3762 3791 3833 impedi-

2201 3844 2387 3893 mento
2422 3839 2478 3893 in
2535 3843 2751 3913 angulis
2794 3846 3043 3901 ecclesia;
3076 3848 3353 3906 collocari.
3411 3852 3563 3906 Unde
3611 3851 3789 3906 factum

2199 3937 2281 3982 est
2313 3935 2372 3984 ut
2429 3947 2595 4002 super
2637 3934 2823 3991 trabes
2853 3937 3103 4008 ejusdem
3160 3941 3432 4011 ecclesiae,
3482 3944 3578 3998 ubi
3626 3942 3793 4014 sepul-

2197 4036 2350 4076 crum
2407 4023 2575 4079 situm
2621 4036 2725 4094 est,
2782 4041 3139 4099 ponerentur.
3203 4033 3556 4091 Mansionarii
3609 4037 3792 4106 itaque,

2198 4113 2558 4184 praecipiente
2592 4133 2783 4175 eorum
2816 4122 3100 4196 magistro,
3148 4124 3468 4197 frequenter
3500 4143 3595 4182 eos
3630 4127 3705 4182 ad.
3721 4125 3795 4181 fo-

2196 4215 2321 4255 cum
2379 4212 2618 4274 portant,
2680 4217 2735 4264 et
2790 4210 3250 4268 eis_ardentibus
3301 4231 3486 4270 ceram
3544 4216 3611 4270 ad
3664 4214 3790 4270 mol-

2194 4292 2368 4352 litiem
2449 4298 2707 4370 redigunt
2760 4301 2828 4356 ad
2915 4304 3174 4360 candelas
3230 4307 3672 4377 multiplicandas
3729 4306 3789 4360 ad

2194 4390 2477 4446 servitium
2534 4392 2648 4448 Dei.
2706 4394 2884 4465 Super
2929 4396 3113 4453 trabes
3161 4404 3347 4454 tamen
3398 4401 3618 4471 plurimi
3669 4415 3793 4455 sem-

2194 4499 2295 4553 per
2346 4487 2730 4554 remanebunt,
2788 4495 2844 4545 et
2901 4490 2956 4544 lii
3008 4491 3103 4562 qui
3136 4508 3232 4547 eos
3285 4494 3652 4564 conspiciunt,
3693 4507 3789 4547 non

2193 4582 2390 4644 putant
2437 4592 2729 4632 numerum
2769 4594 2959 4634 eorum
3002 4580 3059 4634 in
3120 4581 3305 4653 aliquo
3338 4583 3623 4639 minorari.
3668 4583 3792 4636 Sus-

2203 4667 2476 4722 tentacula
2528 4683 2720 4724 eorum
2775 4671 2892 4742 qui,
2946 4672 3122 4746 gratia
3169 4673 3265 4729 Dei
3304 4676 3664 4742 concedente,
3710 4688 3798 4745 per

2192 4755 2389 4810 merita
2423 4757 2598 4811 sancti
2647 4758 2883 4814 Udalrici
2942 4775 2974 4814 a
3016 4761 3248 4817 diversis
3294 4762 3700 4820 inﬁrmitatibus
3726 4763 3797 4817 ibi

2193 4857 2322 4904 sunt
2350 4850 2588 4918 liberati,
2623 4851 2859 4921 plurima
2891 4854 3158 4924 pendent,
3192 4862 3247 4910 et
3284 4856 3520 4912 aliorum
3548 4856 3797 4928 analogia:

2191 4939 2495 4994 secundum
2549 4941 2797 4996 membra
2851 4941 3069 4997 diversa
3121 4941 3518 5000 inﬁrmantium
3567 4944 3797 5021 ﬁgurata:

2193 5031 2354 5085 etiam
2406 5031 2657 5101 plurima;
2713 5033 2786 5086 ibi
2824 5033 2996 5088 videri
3036 5041 3286 5104 possunt.
3330 5036 3591 5091 Vehicula
3644 5036 3795 5090 etiam

2191 5135 2382 5177 eorum
2435 5122 2529 5193 qui
2586 5123 2754 5177 carris
2781 5123 3118 5194 superpositi
3160 5124 3486 5181 multimoda
3528 5125 3798 5180 debilitate

2196 5216 2574 5272 membrorum
2622 5217 2802 5272 manci
2843 5218 2973 5273 illuc
3001 5219 3317 5285 veniebant,
3358 5228 3414 5275 et
3462 5221 3517 5274 in
3555 5218 3798 5275 omnibus

2196 5309 2463 5365 membris
2493 5309 2736 5382 perfecta
2783 5311 3015 5366 sanitate
3072 5310 3443 5378 donabantur,
3500 5311 3698 5368 relictis
3728 5309 3797 5363 ibi

2193 5399 2364 5454 carris
2393 5416 2517 5454 cum
2564 5400 2816 5475 tuguriis,
2852 5400 3097 5470 pedestri
3134 5400 3333 5455 itinere
3368 5401 3476 5456 leti
3505 5401 3796 5464 redierunt,

2191 5492 2319 5541 ante
2348 5486 2493 5541 fores
2526 5487 2772 5542 ecclesiae
2803 5486 3050 5557 conspici
3092 5496 3342 5558 possunt.

2254 5577 2361 5632 VII.
2400 5576 2690 5647 Cujusdam
2722 5591 2853 5633 vero
2879 5577 3129 5632 mulieris
3154 5576 3271 5632 ﬁlia
3293 5578 3348 5632 in
3381 5577 3609 5648 brachio
3634 5578 3687 5632 in
3718 5585 3797 5631 to-

462 5666 712 5736 pulcrum
757 5667 826 5723 de
856 5667 1092 5724 inﬁrmis
1133 5671 1515 5741 portabantur,
1565 5671 1713 5741 tulit,
1754 5679 1807 5727 et
1860 5690 1987 5728 eum
2026 5673 2082 5728 in
2183 5677 2297 5725 tum
2340 5668 2545 5724 debilis
2572 5668 2711 5723 facta
2742 5668 2798 5722 in
2850 5683 2990 5741 pago
3035 5668 3399 5737 Gcltenstein,
3431 5671 3520 5726 cui
3571 5669 3793 5741 quadam

469 5770 634 5811 manu
667 5758 963 5827 portando,
1016 5759 1143 5813 inde
1176 5758 1458 5818 ambulare
1487 5761 1687 5833 coepit:
1732 5777 1971 5834 eamque
2014 5764 2081 5818 ad
2184 5770 2347 5819 nocte
2373 5761 2427 5838 in
2456 5760 2665 5817 somnis
2701 5759 2909 5820 dictum
2940 5765 3061 5816 est:
3097 5760 3275 5826 Quare
3305 5760 3476 5817 filiam
3508 5771 3649 5818 tuam
3677 5773 3791 5816 cum
