4038 6178
300 362 425 417 1061

1782 351 2138 408 MIRACULA.

3482 363 3621 420 1062

300 500 521 544 tucerna
541 500 653 541 non
675 482 935 555 producis
972 482 1041 536 ad
1091 481 1405 553 sepulcrum
1444 479 1621 535 sancti
1661 478 1899 535 Udalrici
1925 478 2338 552 Avulneratam
2390 478 2680 535 lamentari
2728 481 2918 553 caepit,
2976 482 3153 553 pistor
3209 493 3393 542 autem
3425 487 3482 542 in
3510 486 3620 545 ﬁde

300 599 390 654 pro
419 582 655 637 sanitate
680 595 779 634 sua
808 578 837 632 ‘P
863 597 894 629 ι)
912 578 1038 643 Quae
1063 575 1445 649 expergefacta
1464 574 1740 631 somnium
1766 589 1905 628 nun-

302 674 446 730 tiavit
475 671 599 726 ﬁliae
629 686 765 737 suae,
799 676 853 725 et
890 677 951 724 ut
1007 667 1242 724 celerius
1271 666 1451 738 potuit
1480 682 1599 721 eam
1630 666 1763 720 illuc
1783 680 1907 720 cum

304 769 526 824 candela
560 765 840 838 perduxit,
890 773 943 819 et
990 763 1230 834 perfecta
1260 762 1493 817 sanitate
1524 768 1765 831 recepta,
1787 776 1907 815 eam

304 858 435 913 inde
460 852 649 912 laetam
670 855 739 910 ad
772 854 1053 926 pr0priam
1082 853 1486 925 possessionem
1506 851 1730 907 revexit.

370 951 505 1006 Vlll.
536 951 611 1005 De
666 950 864 1005 eodem
913 964 1042 1004 vero
1087 964 1229 1021 pago
1289 947 1357 1002 de
1406 946 1672 1018 Oppidulo
1700 945 1911 1001 Tonin-

304 1059 454 1117 gewe
482 1050 698 1109 vocato,
736 1041 959 1113 quidam
1002 1041 1166 1095 homo
1221 1039 1308 1095 cui
1357 1054 1518 1093 aures
1556 1038 1756 1094 clausae
1787 1046 1916 1093 sunt

307 1145 364 1192 ut
392 1136 530 1191 nihil
557 1135 749 1191 audire
776 1134 1066 1205 potuisset,
1092 1142 1146 1188 et
1167 1134 1356 1208 lingua
1385 1133 1571 1207 ligata,
1593 1132 1669 1187 ita
1699 1140 1759 1188 ut
1781 1148 1917 1187 nun-

312 1246 471 1302 quam
502 1228 673 1283 ullum
706 1226 936 1282 verbum
986 1226 1235 1298 proferre
1280 1224 1571 1297 potuisset,
1623 1224 1692 1279 ad
1732 1224 1920 1294 sepul-

304 1337 450 1378 crum
481 1320 653 1375 sancti
680 1319 914 1374 Udalrici
938 1336 968 1373 a
999 1319 1260 1374 fratribus
1284 1319 1399 1374 suis
1429 1318 1701 1374 deductus
1720 1324 1823 1384 est,
1866 1325 1921 1373 et

305 1410 378 1464 ibi
411 1415 717 1480 prostratus
740 1407 836 1462 diu
870 1406 1333 1478 jacuitlacrymas
1379 1406 1664 1461 fundendo
1696 1424 1711 1473 ;
1745 1407 1924 1462 eleva-

2008 570 2347 627 confortatus
2384 587 2551 627 sanus
2582 576 2829 630 recessit.

2078 665 2166 721 Xl.
2198 665 2349 721 Alius
2377 673 2557 722 autem
2590 684 2656 722 ex
2728 669 2955 738 familia,
3003 673 3230 729 nomine
3282 674 3627 732 Adelhardus

2015 757 2130 828 [al..
2163 757 2547 830 Adalhardus],
2569 776 2692 815 cum
2718 761 2788 817 de
2818 765 3060 835 Augusta
3089 766 3308 821 civitate
3371 768 3439 822 ad
3466 784 3621 823 suam

2013 846 2358 915 mansionem
2386 864 2509 919 quia
2526 854 2609 903 est
2624 849 3012 923 sitainoppido
3047 854 3298 929 Eitingen
3320 856 3625 924 nominato,

2016 955 2247 1014 pergere
2268 940 2554 1008 voluisset,
2569 950 2697 997 ante
2728 951 2939 1014 portam
2954 946 3192 1002 civitatis
3206 948 3430 1019 quidam
3462 950 3628 1005 homo

2018 1042 2144 1081 eum
2174 1043 2297 1082 cum
2331 1028 2452 1083 aliis
2477 1029 2670 1085 bibere
2704 1033 2932 1107 rogavit.
2956 1032 3199 1106 Cumque
3219 1035 3411 1091 bibere
3431 1038 3632 1109 cmpis-

2017 1128 2162 1187 sent,
2194 1120 2417 1192 quidam
2458 1122 2535 1176 ibi
2576 1126 2913 1180 manentium
2983 1143 3082 1197 pro
3136 1129 3403 1185 charitate
3455 1132 3631 1187 sancti

2020 1209 2259 1264 Udalrici
2278 1211 2576 1282 postulavit
2605 1228 2702 1268 eos
2733 1222 2921 1285 potum
2954 1216 3226 1286 accipere.
3254 1217 3514 1275 Praefatus
3533 1237 3635 1275 au-

2024 1311 2133 1356 tem
2163 1302 2509 1359 Adelhardus
2532 1305 2814 1361 sordidum
2831 1307 3061 1362 verbum
3088 1324 3154 1364 ex
3180 1324 3276 1365 ore
3305 1326 3406 1365 suo
3430 1312 3638 1377 emisit,

2025 1400 2080 1448 et
2100 1394 2357 1464 poculum
2378 1402 2583 1471 rogatae
2601 1397 2886 1453 charitatis
2901 1400 3152 1470 accipere
3184 1401 3639 1474 renuit.Cumque

308 1510 393 1556 tus
417 1506 598 1555 autem
632 1516 662 1553 a
693 1498 954 1553 fratribus
974 1514 1073 1569 per
1103 1498 1295 1552 altaria
1326 1498 1599 1553 deductus
1626 1504 1728 1553 est.
1762 1498 1926 1553 Cum-

2042 1486 2310 1541 iaululum
2342 1487 2473 1543 inde
2491 1489 2801 1560 recederet,
2835 1490 2892 1544 in
2908 1491 3247 1562 planitievia:
3273 1510 3417 1565 equo
3436 1510 3536 1550 suo
3555 1511 3641 1550 ca—

311 1606 414 1660 que
445 1588 728 1642 ambulare
784 1586 1067 1657 σωρίεεει,
1123 1593 1178 1641 ει
1233 1585 1546 1657 perveniret
1598 1594 1727 1641 ante
1755 1585 1924 1640 auare
2026 1575 2194 1631 dente
2218 1592 2344 1633 crus
2376 1579 2498 1648 ejus
2535 1580 2767 1636 fractum
2802 1589 2903 1645 est,
2936 1590 2992 1638 et
3018 1584 3091 1639 ita
3129 1585 3197 1639 ad
3230 1602 3384 1641 suam
3413 1587 3636 1643 domum

307 1680 479 1734 sancti
508 1679 721 1741 Donati,
756 1678 904 1750 quod
934 1684 1016 1732 est
1046 1678 1209 1731 situm
1259 1677 1331 1731 ad
1363 1677 1764 1732 occidentalem
1796 1660 1922 1747 par-
2024 1685 2147 1724 cum
2168 1671 2358 1729 labore
2372 1673 2825 1752 deductuslongo
2842 1684 3091 1750 tempore
3108 1679 3638 1752 debilispermansit.

307 1783 415 1829 tem
448 1773 713 1839 ecclesiae,
745 1772 953 1826 audivit
1006 1771 1249 1827 sonitum
1308 1772 1624 1826 canentium
1664 1771 1722 1825 in
1754 1772 1922 1827 choro

2042 1761 2217 1817 ’ostea
2245 1779 2379 1819 vero
2394 1773 2582 1821 votum
2603 1766 2671 1821 ad
2683 1768 3000 1839 sepulcrum
3026 1772 3200 1827 sancti
3218 1772 3452 1828 Udalrici
3471 1774 3639 1841 vovit,

309 1860 659 1928 clericorum,
712 1869 766 1914 et
810 1859 1025 1914 inﬁrma
1066 1860 1246 1915 adhuc
1297 1876 1433 1917 voce
1487 1859 1625 1915 dixit
1661 1859 1923 1915 fratribus
1947 1856 1993 1892 υ
2024 1864 2098 1922 et,
2123 1856 2234 1912 Deo
2256 1858 2521 1927 donante,
2545 1860 2772 1930 sanitati
2790 1868 2871 1916 est
2888 1863 3254 1932 restitutus,et
3283 1865 3487 1921 deinde
3511 1868 3643 1922 cha-

309 1953 423 2007 suis
457 1970 469 2006 ε
506 1953 681 2007 «Ecce
697 1951 861 2007 audio
885 1951 1100 2023 euoqui
1129 1967 1374 2023 possum,
1398 1973 1419 2004 ι
1444 1952 1543 2017 Qui
1562 1968 1684 2007 cum
1700 1958 1922 2023 peracto
2023 1943 2238 1999 ritatem
2260 1962 2424 2016 quam
2456 1954 2620 2003 antea
2667 1949 2875 2020 sprevit
2930 1950 3069 2007 alios
3097 1950 3422 2024 frequenter
3451 1953 3653 2010 bibere

307 2043 401 2099 Dei
432 2043 739 2099 ministerio
763 2044 877 2099 haec
898 2042 1114 2098 clericis
1144 2044 1562 2109 annuntiarent,
1596 2051 1651 2099 et
1681 2044 1786 2115 ipsi
1826 2061 1925 2099 ve-
2024 2038 2342 2108 postulavit.

310 2135 505 2191 raciter
529 2136 648 2190 haec
684 2136 760 2190 ita
789 2151 909 2190 esse
950 2142 1371 2209 cognoscerent,
1398 2152 1695 2207 campanas
1725 2152 1924 2192 sonare
2096 2130 2209 2185 ΧΠ.
2266 2132 2326 2185 1n
2380 2131 2607 2203 praefata
2645 2134 2775 2189 villa
2832 2134 3048 2210 Eitinga
3104 2136 3344 2209 quadam
3402 2138 3492 2193 die
3521 2155 3644 2195 cum

306 2223 575 2288 fecerunt,
606 2230 659 2278 et
687 2224 791 2294 ipsi
825 2223 880 2278 in
911 2226 1206 2278 cemmune
1246 2224 1415 2278 Deum
1473 2223 1699 2278 laudare
1729 2240 1922 2295 coepe-
2024 2219 2183 2274 multi
2210 2235 2275 2274 ex
2302 2218 2510 2275 familia
2549 2221 2714 2276 simul
2745 2222 2813 2277 ad
2844 2222 3152 2278 bibendum
3202 2224 3260 2279 in
3294 2242 3465 2281 unum
3497 2243 3637 2283 ϐοη-

312 2325 458 2383 runt,
490 2317 922 2389 laudationeque
982 2317 1133 2372 ﬁnita
1165 2334 1289 2372 cum
1330 2316 1576 2388 perfecta
1633 2318 1852 2391 loquela
1873 2326 1927 2374 et
2024 2308 2237 2380 gregali
2269 2307 2518 2374 fuissent,
2549 2309 2650 2364 fuit
2681 2310 2825 2365 inter
2851 2327 2948 2367 eos
2969 2328 3133 2377 unus,
3169 2313 3397 2369 nomine
3433 2314 3644 2370 Walte-

314 2411 528 2485 integro
558 2410 748 2466 auditu
774 2410 1010 2466 donatus
1036 2409 1297 2481 praefatus
1328 2408 1579 2465 inﬁrmus
1607 2410 1761 2466 abire
1791 2426 1924 2483 pro-

2042 2396 2166 2463 rich,
2197 2398 2505 2468 discipulus
2534 2399 2817 2467 Wicfredi,
2861 2402 3141 2473 praepositi
3173 2403 3242 2458 de
3275 2404 3473 2459 Sancta
3521 2404 3646 2459 Afra
3680 2395 3695 2407 ’

311 2499 530 2555 meruit.
2028 2488 2144 2560 qui,
2175 2505 2299 2544 cum
2329 2490 2546 2546 audiret
2568 2490 2645 2545 ibi
2677 2492 2957 2562 postulare
2991 2494 3166 2548 sancti
3197 2494 3448 2566 episcopi
3485 2496 3650 2551 Udal-

387 2588 472 2641 1X.
502 2587 573 2641 Ex
599 2586 810 2641 familia
827 2586 1079 2658 episcopi
1102 2586 1654 2643 Heinricisimilarius
1680 2588 1926 2660 quidam,
2028 2582 2485 2653 ricicharitatem,
2528 2584 2759 2656 profano
2824 2602 2921 2642 ore
2970 2588 3128 2659 quasi
3160 2587 3493 2644 insaniendo
3512 2590 3651 2645 stul-

313 2679 601 2734 Luitnotus
639 2679 977 2744 nominatus,
1010 2686 1163 2734 reatu
1205 2679 1429 2750 pr0prio
1457 2680 1691 2754 gratiam
1719 2680 1929 2735 domini
2028 2673 2241 2729 tissime
2271 2675 2485 2731 locutus
2523 2685 2607 2733 est
2640 2695 2653 2732 :
2689 2702 2715 2726 κ
2748 2679 2887 2744 011ίά
2945 2679 3083 2733 mihi
3137 2680 3365 2750 pI‘OdeSt
3411 2682 3649 2738 charitas

309 2772 394 2826 sui
423 2771 801 2843 perdidit,pro
832 2786 898 2827 eo
920 2771 1069 2841 quod
1112 2770 1251 2825 farra
1268 2787 1366 2842 per
1390 2772 1509 2827 loca
1539 2772 1786 2843 episcopi
1820 2772 1927 2826 sibi
2030 2761 2179 2816 illius
2204 2763 2473 2834 θρίεοορίν
2533 2764 2663 2836 (lilia
2728 2765 2821 2821 me
2858 2766 3017 2839 signa
3079 2766 3260 2823 facere
3321 2784 3431 2824 ηοῐι
3465 2776 3645 2840 Potest

312 2862 698 2918 commendata
730 2879 929 2935 magna
987 2863 1261 2918 incautela
1301 2862 1606 2933 dissipavit.
1660 2863 1761 2928 Qui
1805 2879 1926 2918 cum
2031 2854 2326 2926 plusquam
2356 2872 2501 2911 unus
2524 2857 2677 2912 callis
2710 2856 2739 2901 9
2775 2881 2797 2903 ³
2829 2858 2927 2914 lll0
2956 2859 3125 2915 verbo
3149 2860 3377 2928 emisso,
3425 2862 3650 2918 dial3010

313 2969 344 3007 a
374 2951 641 3006 ministris
670 2951 918 3025 episcOpi
964 2952 1321 3007 vehementer
1379 2952 1597 3007 territus
1633 2953 1932 3007 maximum
2034 2960 2332 3002 concessus
2369 2948 2644 3020 loquelam
2704 2949 2946 3005 hominis
2977 2951 3180 3016 amis“.
3230 2959 3285 3006 εἰ
3316 2967 3469 3007 more
3498 2955 3653 3009 canis

315 3040 567 3095 timorem
618 3038 910 3105 incideret,
968 3039 1038 3093 ad
1087 3038 1401 3109 sepulcrum
1462 3039 1636 3093 sancti
1696 3039 1933 3094 Udalrici
2036 3039 2272 3098 furendo
2302 3058 2501 3099 sonare
2531 3044 2719 3115 caepit,
2753 3052 2807 3100 et
2825 3046 3145 3120 ganniendo
3184 3056 3350 3118 atque
3383 3049 3652 3113 latrando,

319 3150 419 3205 pro
447 3134 777 3189 liberatione
808 3134 1153 3188 imminentis
1180 3133 1447 3208 angustiae
1497 3133 1666 3188 nudis
1697 3134 1937 3204 pedibus
1962 3185 2007 3208 η
2038 3148 2205 3202 parvo
2258 3140 2511 3205 tempore
2568 3136 2810 3201 evoluto,
2863 3138 2972 3192 heu
3007 3136 3019 3191 l
3062 3136 3455 3194 miserabiliter
3486 3139 3651 3196 vitam

318 3185 571 3293 accessit,
620 3232 675 3281 et
719 3225 796 3279 ibi
846 3225 940 3280 diu
998 3241 1123 3280 cum
1172 3185 1427 3296 laczymis
1453 3185 1784 3294 adjutoriiim
1815 3185 2009 3295 ejusC
2038 3226 2234 3284 ﬁnivit.

322 3318 638 3390 postulavit.
673 3317 804 3372 [nde
834 3324 1017 3372 autem
1038 3333 1159 3372 cum
1186 3322 1569 3385 reverteretur,
1604 3318 1795 3387 paucis
1824 3318 1938 3373 die-
2106 3318 2242 3373 Xlll.
2289 3321 2346 3374 In
2378 3320 2594 3376 civitate
2648 3322 2891 3395 Augusta
2944 3322 3169 3394 quidam
3224 3324 3379 3379 faber
3410 3325 3657 3381 Hrevuns

322 3406 806 3477 businterpositis,
877 3404 1093 3460 facilius
1147 3421 1310 3476 quam
1370 3405 1599 3459 credere
1640 3405 1933 3476 potuisset,
2036 3416 2285 3473 vocatus,
2344 3410 2509 3484 longo
2556 3419 2804 3483 tempore
2860 3430 3059 3488 magna
3102 3415 3437 3472 inﬁrmitate
3488 3418 3658 3474 totius

322 3502 555 3575 gratiam
588 3500 672 3556 sui
704 3499 914 3555 domini
947 3500 1174 3570 recepit.
1208 3498 1415 3554 Deinde
1446 3498 1502 3551 in
1529 3498 1792 3552 auxilium
1815 3498 1936 3567 ejus
2036 3502 2283 3572 corporis
2306 3501 2583 3567 detentus,
2618 3504 2694 3559 ita
2748 3511 2808 3559 ut
2859 3505 3143 3561 ambulare
3173 3522 3283 3562 non
3318 3518 3507 3578 posset
3536 3510 3643 3565 nisi

323 3594 558 3649 ﬁrmiter
604 3593 812 3664 ubique
868 3589 1177 3657 conﬁdens,
1238 3590 1294 3644 in
1348 3590 1686 3645 recreatione
1708 3606 1807 3645 sua
1837 3606 1935 3661 pro
2036 3589 2158 3644 aliis
2178 3591 2588 3660 adjuvantibus,
2611 3600 2666 3647 et
2686 3593 2962 3648 interdum
2985 3610 3107 3649 cum
3138 3595 3358 3651 duobus
3379 3604 3653 3653 sustenta-

323 3699 509 3738 amore
532 3684 653 3754 ejus
665 3682 987 3754 frequenter
1001 3679 1252 3746 bibebat,
1278 3688 1333 3734 et
1360 3678 1500 3734 alios
1526 3679 1723 3734 bibere
1753 3686 1938 3750 postu-

325 3773 440 3828 lare
470 3771 776 3827 consuevit.

394 3864 455 3919 Χ.
502 3864 651 3918 Idem
683 3862 971 3917 Lnitnotus
1009 3859 1251 3932 quadam
1292 3858 1383 3912 die
1414 3857 1482 3911 ad
1508 3858 1731 3912 domum
1765 3857 1940 3911 Razo-

318 3956 406 4010 nis
439 3956 557 4027 {al.,
598 3953 870 4023 Rasonis],
907 3952 998 4024 qui
1033 3959 1163 4007 tunc
1190 3958 1388 4021 potens
1410 3948 1667 4003 minister
1690 3946 1939 4019 episc0pi

318 4052 440 4123 fuit,
476 4052 532 4105 in
573 4049 780 4121 oppido
810 4047 1095 4123 Pobingga
1137 4046 1311 4113 venit,
1343 4054 1396 4100 et
1428 4044 1644 4099 ibicum
1668 4059 1734 4099 eo
1775 4060 1942 4114 pran-

326 4121 478 4199 dium
519 4143 777 4214 sumpsit.
820 4142 917 4205 Qui
951 4121 1074 4195 cum
1131 4144 1405 4194 saturatus
1435 4137 1591 4192 abire
1652 4137 1941 4204 voluisset,

327 4233 590 4305 praefatus
622 4232 765 4285 Razo
786 4230 1154 4304 cogebateum
1188 4227 1311 4298 plus
1340 4227 1409 4281 ad
1439 4225 1945 4294 bibendum.Cujus

326 4324 585 4398 petitioni
614 4324 706 4378 ille
727 4321 1105 4378 contradicere
1128 4334 1239 4373 non
1256 4318 1513 4385 audebat,
1550 4317 1646 4371 sed
1681 4333 1777 4372 vas
1795 4318 1942 4388 quod

320 4418 403 4472 illi
447 4415 835 4489 porrigebatur
863 4410 1099 4482 accepit,
1132 4410 1371 4465 dicendo
1403 4427 1415 4462 :
1454 4430 1479 4461 «
1514 4410 1675 4463 [stam
1708 4408 1941 4463 siceram

323 4512 522 4566 bibere
543 4524 643 4581 pro
683 4506 947 4563 charitate
976 4503 1148 4558 sancti
1181 4501 1439 4565 Udalrici,
1469 4517 1567 4572 per
1597 4499 1756 4570 cujus
1787 4499 1945 4568 adju-

324 4609 534 4663 torium
566 4605 637 4661 de
688 4602 939 4658 maximis
969 4599 1237 4674 angustiis
1266 4599 1526 4653 liberatus
1559 4611 1701 4661 sum,
1733 4595 1859 4649 volo
1916 4617 1942 4643 η

325 4698 583 4770 Cumque
611 4696 868 4768 poculum
899 4692 1194 4754 hausisset,
1224 4698 1278 4745 et
1307 4705 1402 4744 vas
1432 4705 1556 4744 cum
1590 4703 1755 4741 manu
1788 4686 1946 4741 deor-

321 4808 453 4847 sum
482 4796 746 4854 verteret,
796 4786 934 4840 dixit
960 4801 974 4841 :
1002 4806 1031 4836 α
1074 4783 1204 4838 Cum
1235 4782 1338 4837 ista
1368 4780 1635 4836 charitate
1674 4778 1944 4853 signatus,

319 4889 517 4936 certus
556 4894 678 4933 sum
710 4875 839 4948 quia
897 4874 1104 4928 nullius
1154 4869 1499 4927 adversitatis
1542 4868 1780 4940 pravitas
1812 4867 1947 4921 mihi

319 4974 501 5030 hodie
568 4972 768 5044 poterit
824 4984 1049 5035 nocere,
1115 4966 1213 5022 sed
1262 4981 1446 5037 neque
1484 4963 1703 5037 gladius
1741 4976 1948 5032 corpus

320 5082 520 5121 meum
545 5063 851 5119 vulnerare.
884 5058 1025 5113 »Οιιί
1049 5055 1368 5112 Razodixit:
1402 5078 1427 5101 ιι
1464 5054 1535 5107 Da
1568 5051 1948 5125 mihidigitum

311 5170 513 5226 tuum,
542 5167 603 5214 ut
632 5158 849 5215 videam
872 5155 919 5211 si
950 5153 1207 5209 cultellus
1233 5166 1390 5206 meus
1428 5155 1583 5204 tuum
1610 5145 1800 5218 'possit
1826 5146 1951 5201 vul-

315 5266 534 5306 nerare
557 5248 882 5304 membrum.
913 5269 939 5292 η
982 5242 1079 5308 Qui
1104 5241 1284 5296 statim
1312 5254 1513 5313 magna
1561 5234 1669 5289 ﬁde
1718 5233 1951 5306 digitum

307 5357 498 5397 suum
534 5339 583 5394 ei
604 5335 939 5410 porrigebat.
975 5334 1097 5402 Ipse
1119 5337 1300 5385 autem
1332 5327 1679 5398 apprehenso
1710 5322 1831 5391 ejus
1862 5322 1952 5376 di-

307 5430 476 5505 gito,
507 5429 613 5483 alia
646 5442 811 5481 manu
833 5422 1112 5480 cultellum
1147 5420 1217 5474 de
1247 5417 1444 5492 vagina
1473 5416 1757 5471 extrahere
1790 5430 1957 5471 cona-

305 5522 523 5586 batur,
550 5518 619 5573 ad
642 5513 1040 5571 vulnerandum
1085 5510 1315 5584 digitum
1351 5505 1739 5578 pramominati
1782 5505 1958 5576 pistoo

302 5611 437 5676 ris,
468 5607 817 5680 propriaque
873 5618 985 5658 suae
1039 5598 1225 5654 manui
1285 5612 1411 5651 cum
1479 5593 1675 5649 eodem
1730 5593 1955 5648 cultello

297 5703 550 5777 grande
603 5700 803 5754 vulnus
860 5695 1070 5761 infecit,
1147 5692 1493 5765 digitumque
1544 5685 1953 5756 apprehensum

296 5794 505 5852 simul
527 5800 579 5849 et
617 5791 895 5848 cultellum
926 5787 1124 5844 festine
1147 5781 1462 5853 dereliquit,
1477 5786 1532 5836 et
1554 5795 1707 5835 suam
1728 5793 1953 5833 manum

2037 3682 2175 3736 culis
2204 3690 2562 3747 sustentatus,
2602 3700 2773 3755 prope
2830 3691 3141 3741 terratenus
3174 3686 3439 3742 inclinato
3471 3689 3658 3759 capite

2042 3773 2107 3827 ad
2141 3775 2451 3829 necessaria
2468 3775 2719 3846 corporis
2745 3776 2832 3830 vix
2852 3776 3127 3846 pervenit.
3149 3777 3249 3842 Qui
3271 3795 3395 3834 cum
3412 3779 3661 3835 audisset

2041 3866 2245 3921 multos
2271 3866 2520 3923 inﬁrmos
2558 3868 2627 3922 ad
2658 3868 2974 3939 sepulcrum
3000 3876 3245 3924 sanctum
3277 3886 3425 3941 saepe
3453 3872 3657 3935 sanari,

2042 3958 2209 4029 carpit
2238 3957 2367 4014 illuc
2405 3958 2545 4013 ultra
2585 3959 2731 4013 vires
2782 3975 2998 4030 repere,
3040 3967 3095 4015 et
3124 3976 3289 4016 mane
3315 3961 3556 4017 diluculo
3588 3962 3659 4018 de

2043 4047 2334 4103 mansione
2357 4063 2459 4102 sua
2488 4047 2658 4114 exire,
2692 4056 2748 4102 et
2770 4048 2902 4103 illuc
2929 4055 3058 4103 ante
3102 4048 3292 4105 horam
3311 4050 3420 4104 diei
3442 4051 3657 4105 tertiam

2044 4138 2131 4194 vix
2164 4139 2471 4209 pervenire.
2504 4140 2747 4211 Cumque
2777 4140 2881 4195 hoc
2910 4139 3228 4211 frequenter
3266 4140 3661 4213 fecisset,quo-

2046 4229 2170 4284 dam
2198 4235 2447 4300 tempore
2496 4228 2549 4283 in
2590 4229 3037 4302 Quadragesima,
3095 4231 3185 4285 die
3240 4231 3487 4296 Veneris,
3530 4247 3653 4286 cum

2048 4317 2115 4372 ad
2148 4324 2380 4389 portam,
2413 4317 2499 4372 cui
2531 4317 2744 4388 capella
2771 4317 2945 4373 sancti
2967 4317 3251 4374 Michaelis
3279 4327 3362 4375 est
3389 4334 3661 4389 superpo-

2046 4409 2170 4476 sita,
2195 4409 2425 4471 veniret,
2453 4410 2595 4464 ultra
2634 4410 2854 4464 modum
2887 4411 3059 4465 lassus
3088 4410 3433 4475 etuniversis
3451 4410 3661 4466 viribus

2047 4500 2338 4557 destitutus
2367 4501 2640 4567 subsistit,
2701 4502 2895 4557 dicens
2928 4520 2941 4556 ε
2975 4527 3000 4549 α
3037 4502 3267 4557 Domine
3308 4503 3668 4567 Deus,‘Pater

2049 4593 2425 4665 omnipotens,
2457 4609 2798 4667 cognoscere
2843 4593 3073 4668 dignare
3112 4603 3319 4666 quanta
3347 4595 3668 4651 inﬁrmitate

2050 4701 2198 4740 nunc
2223 4684 2387 4739 istum
2418 4684 2527 4739 adii
2569 4685 2773 4749 locum,
2805 4692 2859 4739 et
2887 4701 2986 4755 per
3011 4685 3212 4741 merita
3241 4686 3415 4741 sancti
3448 4685 3668 4741 confes-

2048 4774 2189 4829 soris
2204 4774 2282 4829 tui
2298 4773 2536 4829 Udalrici
2565 4772 2829 4828 miserere
2850 4773 2981 4837 mei,
3000 4798 3024 4820 ι»
3041 4780 3095 4828 et
3112 4773 3514 4845 aliquantulum
3532 4789 3669 4845 pau-

2049 4870 2201 4918 satus
2221 4862 2394 4934 repsit
2418 4878 2591 4934 usque
2619 4861 2687 4916 ad
2724 4861 3058 4932 sepulcrum.
3091 4861 3267 4917 Finita
3298 4862 3371 4917 ibi
3394 4862 3665 4926 oratione,

2052 4954 2183 5008 dum
2210 4952 2451 5023 acceptis
2478 4951 2872 5007 sustentaculis
2887 4950 3184 5020 adjuvante
3217 4951 3420 5007 comite
3434 4964 3534 5004 suo
3554 4965 3669 5003 sur-

2051 5061 2184 5118 gere
2221 5041 2509 5109 voluisset,
2542 5058 2711 5095 unum
2725 5041 3233 5096 sustentaculumin
3265 5035 3669 5110 pavimentola-

2053 5154 2211 5209 psum
2240 5144 2342 5202 est,
2371 5141 2425 5189 et
2452 5134 2571 5205 ipse
2601 5134 2669 5188 ad
2693 5133 3104 5188 terramiterum
3133 5132 3381 5199 dejectus
3398 5135 3504 5196 est,
3523 5135 3577 5182 et
3601 5126 3656 5181 in

2052 5226 2361 5297 dejectione
2393 5238 2575 5298 genua
2605 5223 2726 5291 ejus
2757 5230 2903 5278 retro
2964 5223 3016 5276 in
3049 5218 3421 5276 contractione
3454 5231 3661 5273 nervo-

2052 5337 2173 5376 rum
2194 5334 2350 5374 more
2401 5316 2695 5372 fractorum
2751 5315 3072 5369 malleorum
3118 5311 3357 5366 sonitum
3389 5309 3662 5379 fecerunt,

2060 5421 2114 5469 et
2141 5428 2297 5467 crura
2317 5426 2417 5481 per
2446 5408 2814 5480 pavimentum
2829 5412 3053 5460 extensa
3083 5410 3230 5458 sunt.
3268 5401 3460 5458 Comes
3480 5412 3667 5458 autem

2058 5504 2206 5559 illius
2233 5516 2357 5556 cum
2398 5500 2563 5555 solito
2601 5515 2754 5554 more
2816 5511 2940 5551 eum
2995 5493 3175 5547 levare
3215 5493 3499 5560 voluisset,
3530 5493 3667 5547 dixit

2057 5593 2135 5648 illi
2166 5612 2183 5658 ;
2215 5617 2239 5640 ‹‹
2275 5589 2833 5661 Exspectapaulisper
2866 5582 3427 5648 ;utmihividetur,ex
3443 5582 3670 5652 meipso

2056 5697 2284 5757 surgere
2301 5696 2525 5751 possum
2557 5684 2612 5733 et
2640 5674 2994 5730 ambulare.»
3028 5672 3121 5727 His
3135 5672 3320 5742 dictis,
3354 5670 3671 5728 dimissisin

2056 5775 2373 5847 pavimento
2411 5767 2820 5835 sustentaculis,
2859 5764 3071 5822 surexit
3109 5772 3165 5823 et
3201 5763 3524 5822 ambulavit.
3569 5761 3672 5827 Qui
