4038 6178
448 280 587 339 1063

1521 271 1572 323 S.
1620 266 1926 324 UDALRICI
1967 265 2336 322 AUGUSTANI
2378 266 2689 323 EPISCOPI.

3635 277 3661 332 1
3671 277 3791 332 064

442 413 623 468 statim
653 409 727 464 ibi
758 413 983 477 accepta
1013 419 1196 471 cruce,
1225 401 1465 470 clericis}
1491 399 1814 472 czeterisque
1846 398 2055 454 civibus
2082 396 2134 464 Α
2158 396 2342 452 studio
2401 396 2649 453 discendi
2698 413 2846 469 saepe
2905 397 3052 452 inter
3111 399 3394 455 scholares
3438 401 3790 467 morabatur,

444 521 566 559 cum
595 519 661 557 eo
694 498 1111 564 comitantibus,
1140 496 1262 551 sine
1293 494 1491 549 bacqu
1529 499 1782 564 patenter
1818 490 1887 545 ad
1919 490 2054 545 San-

440 603 578 652 ctam
628 593 849 649 Mariam
901 592 955 645 in
986 592 1280 664 Angustam
1316 586 1589 642 civitatem
1632 583 2053 656 perambulavit,

441 683 630 754 ibique
675 680 769 735 Dei
819 679 1075 733 laudibus
1128 678 1183 730 in
1217 692 1511 731 commune
1561 674 1817 745 peractis,
1863 671 2056 726 eadem

442 774 579 826 hora
608 771 677 825 ad
708 770 961 824 Sanctam
993 767 1174 822 Afram
1213 782 1430 821 crucem
1472 764 1743 836 portando
1767 778 2055 837 regressus

445 872 546 919 est.

514 955 624 1010 XIV
662 951 1118 1024 Nativusquidam
1136 949 1425 1021 pauperde
1443 947 1649 1018 oppido
1685 946 1831 1018 quod
1857 946 2055 1000 dicitur

438 1046 731 1117 Messlinga
764 1044 883 1115 [al.,
914 1038 1566 1114 Messinga],liiltibaldus
1594 1036 1859 1104 nomine,
1894 1035 2054 1090 caeci-

441 1143 552 1191 tate
586 1132 870 1204 perculsus
916 1138 1020 1193 est,
1068 1137 1122 1183 et
1171 1129 1227 1183 in
1283 1128 1375 1182 illa
1424 1127 1664 1182 eazeitate
1710 1126 1850 1180 duos
1880 1140 2056 1179 annos

442 1222 791 1296 perduravit:
838 1219 999 1274 tertio
1026 1227 1210 1273 autem
1252 1232 1422 1283 anno,
1456 1216 1676 1287 quidam
1712 1216 1965 1271 homines
1988 1215 2056 1269 de

442 1316 639 1371 eodem
672 1327 811 1387 pago
842 1326 1075 1383 pergere
1104 1308 1468 1362 decreverunt
1496 1306 1563 1360 ad
1595 1308 1888 1381 Augustam
1922 1305 2058 1359 civi-

443 1417 609 1466 tatem
643 1423 807 1463 causa
832 1405 1127 1462 orationis:
1153 1403 1244 1476 qui
1264 1404 1594 1457 invenerunt
1625 1418 1747 1456 eum
1775 1401 1832 1454 in
1861 1400 2055 1455 eodem

445 1499 645 1554 itinere
659 1513 781 1552 cum
806 1496 945 1550 duce
976 1510 1076 1549 suo
1106 1501 1310 1549 victum
1333 1508 1429 1565 per
1458 1491 1664 1563 oppida
1692 1496 2053 1562 quaerentem,

443 1597 496 1643 et
526 1588 785 1642 dixerunt
807 1585 858 1639 ei
894 1603 906 1639 :
940 1584 1140 1659 oPerge
1181 1584 1468 1638 nobiscum
1491 1582 1557 1636 ad
1592 1582 1887 1655 Augustam
1919 1579 2056 1633 civi-

442 1688 608 1736 tatem
640 1686 695 1733 et
720 1677 787 1733 ad
819 1676 1133 1747 sepulcrum
1164 1676 1339 1730 sancti
1409 1675 1668 1737 Udalrici,
1721 1672 1950 1729 forsitan
1981 1671 2055 1727 ibi

2157 505 2281 544 cum
2310 488 2377 543 ad
2428 488 2772 559 pr0pinquos
2826 504 2956 544 suos
2994 498 3379 558 reverteretur,
3423 501 3610 548 mutus
3641 492 3793 548 effe-

2159 591 2276 639 ctus
2298 592 2380 639 est
2409 600 2421 638 :
2455 600 2689 656 cumque
2721 584 2788 637 ab
2821 583 2901 637 eis
2950 585 3018 638 ad
3050 586 3364 656 sepulcrum
3395 597 3647 641 sanctum
3681 587 3792 642 de-

2159 675 2358 731 ductus
2414 676 2626 742 fuisset,
2674 674 2894 731 emissis
2965 677 3035 731 de
3091 692 3188 732 ore
3239 693 3339 733 suo
3402 679 3620 733 duobus
3678 678 3786 732 de-

2156 765 2327 821 nariis
2354 783 2521 837 super
2549 767 2885 837 sepulcrum,
2913 767 3186 839 loquelam
3238 784 3402 839 quam
3435 769 3644 836 amisit,
3685 785 3783 824 re-

2158 858 2323 928 cepit.

2226 951 2381 1005 XVII.
2436 950 2620 1005 Caecus
2640 951 2864 1022 quidam
2919 967 3043 1006 cum
3096 952 3258 1007 valde
3300 952 3524 1023 parvulo
3549 954 3787 1008 ductore

2155 1038 2221 1093 ad
2253 1048 2503 1094 sanctum
2535 1040 2717 1095 locum
2754 1040 2973 1093 hiemali
3001 1046 3249 1111 tempore
3277 1041 3488 1096 studuit
3506 1057 3744 1114 pergere
3771 1060 3786 1095 :

2159 1132 2253 1202 qui
2286 1147 2408 1185 cum
2451 1130 2784 1185 Smutturam
2827 1131 3046 1186 ﬂuviam
3091 1133 3589 1209 transgrederetur,
3623 1143 3685 1188 et
3715 1133 3791 1187 ad

2159 1223 2379 1297 longum
2403 1224 2633 1278 rivulum
2653 1224 2721 1278 de
2736 1222 3014 1279 fonticulis
3041 1232 3435 1299 congregatum
3447 1242 3615 1296 super
3634 1226 3785 1282 viam

2160 1317 2541 1373 decurrentem
2571 1318 2805 1383 veniret,
2858 1320 3054 1375 ductor
3099 1320 3216 1388 ejus
3246 1321 3296 1375 ei
3336 1320 3601 1393 auxilium
3630 1336 3789 1389 prae-

2160 1406 2294 1461 bere
2317 1422 2427 1462 non
2483 1407 2678 1478 potuit,
2734 1408 2832 1464 sed
2872 1408 2942 1463 de
2999 1408 3201 1484 frigore
3233 1416 3289 1464 et
3320 1409 3644 1464 lassitudine
3686 1408 3789 1462 de-

2159 1498 2318 1554 fectis
2346 1499 2553 1553 viribus
2601 1500 2821 1556 cecidit.
2880 1500 3068 1556 Caecus
3131 1508 3337 1569 autem,
3397 1502 3629 1556 ductore
3690 1517 3787 1554 ca-

2158 1587 2344 1653 dente,
2389 1603 2587 1661 magna
2610 1603 2741 1643 cura
2786 1594 2841 1643 et
2897 1589 3116 1644 tristitia
3155 1606 3255 1660 per
3284 1590 3576 1645 decursum
3618 1588 3785 1642 rivuli

2159 1692 2281 1730 cum
2314 1676 2511 1732 baculo
2540 1677 2786 1749 undique
2813 1678 3089 1749 palpando
3119 1680 3437 1747 ambulavit,
3474 1687 3531 1733 et
3552 1684 3785 1750 magna

441 1768 875 1827 misericordiam
911 1767 1176 1839 consequi
1198 1767 1698 1837 poterianuibus
1722 1746 2290 1835 illercspon-Bvoce
2329 1769 2617 1825 clamando
2697 1770 2761 1824 ad
2821 1780 3067 1826 sanctam
3138 1771 3362 1825 Mariam
3416 1776 3472 1824 et
3529 1776 3784 1825 sanctam

441 1860 522 1916 dit
555 1879 568 1914 :
603 1887 623 1908 ι
661 1857 946 1930 Stipendia
961 1856 1100 1910 mihi
1130 1865 1183 1910 et
1202 1855 1415 1911 ductori
1433 1854 1968 1921 meo,etoblationes
1989 1853 2056 1908 ad

442 1951 534 2004 illa
573 1956 764 2005 sancta
793 1949 915 2003 loca
947 1946 1308 2001 deferendum
1365 1962 1473 2002 non
1528 1946 1726 2000 habeo.
1764 1965 1792 1994 »
1827 1945 1926 2010 Qui
1966 1961 2057 1999 re-

443 2039 804 2110 spondentes,
828 2037 1084 2091 dixerunt
1117 2054 1130 2089 :
1164 2057 1187 2087 α
1217 2036 1271 2090 Si
1300 2034 1588 2089 nobiscum
1612 2034 1761 2101 ieris,
1792 2039 2056 2105 quantum

443 2144 737 2200 possumus
752 2126 1102 2182 auxiliatores
1132 2125 1211 2180 tui
1251 2141 1460 2180 sumus.
1488 2145 1514 2176 υ
1550 2124 1788 2188 Quorum
1820 2139 2059 2179 consen-

440 2219 585 2273 tiens
615 2216 972 2273 suasionibus
993 2232 1118 2271 cum
1149 2216 1229 2271 eis
1259 2215 1501 2287 perrexit
1557 2216 1625 2270 ad
1652 2218 1971 2291 Augustam,
2005 2220 2060 2268 et

440 2310 635 2363 eadem
657 2314 816 2362 nocte
831 2307 987 2375 juxta
1004 2315 1253 2361 sanctum
1277 2306 1591 2377 sepulcrum
1612 2304 1747 2359 foris
1768 2303 2058 2359 ecclesiam

441 2400 588 2454 diem
624 2398 956 2469 exspectavit
980 2398 1244 2453 futurum.
1297 2397 1455 2452 Mane
1511 2404 1695 2451 autem
1724 2395 1886 2463 facto,
1920 2392 2060 2449 infra

438 2493 728 2549 ecclesiam
759 2493 827 2547 ad
858 2493 1171 2563 sepulcrum
1225 2493 1497 2548 deductus
1545 2494 1742 2549 devote
1773 2492 1970 2558 oravit,
2005 2498 2060 2547 et

443 2593 604 2641 antea
627 2585 889 2640 amissum
913 2586 1098 2656 lumen
1129 2587 1437 2652 oculorum,
1461 2586 1636 2656 gratia
1656 2585 1751 2639 Dei
1789 2585 2054 2651 donante,

444 2673 680 2744 recepit,
710 2674 996 2744 levataun
1019 2654 1206 2740 cruce,
1246 2673 1546 2729 comitante
1605 2690 1727 2728 cum
1757 2689 1823 2728 eo
1858 2689 2055 2748 magna

441 2764 797 2820 multitudine
846 2764 1062 2835 populi,
1112 2765 1180 2819 ad
1235 2765 1488 2822 Sanctam
1522 2765 1745 2820 Mariam
1776 2765 2055 2837 pervenit,

440 2863 495 2910 et
525 2854 761 2926 qualiter
786 2854 855 2909 sit
917 2853 1275 2923 illuminatus,
1307 2855 1520 2910 civibus
1559 2855 1676 2911 suis
1726 2855 1775 2910 ei
1805 2856 2054 2911 testimo-

442 2946 594 3002 nium
627 2946 889 3000 dantibus
917 2945 1185 3000 recitavit.

514 3037 618 3092 XV.
646 3037 891 3101 Quodam
924 3038 1035 3104 (64)
1061 3043 1314 3108 tempore
1353 3053 1476 3093 cum
1509 3049 1733 3094 sanctus
1760 3039 2057 3110 episcopus

442 3127 510 3182 ad
538 3127 811 3198 synodum
838 3126 1048 3181 Ottonis
1076 3127 1426 3197 imperatoris
1455 3129 1512 3181 in
1541 3129 1889 3203 Inglunheim
1921 3145 2059 3184 con-

392 3238 399 3245 '
441 3230 719 3295 gregatam
742 3227 1014 3292 pergeret,
1052 3220 1278 3291 quidam
1311 3237 1524 3293 pauper
1551 3223 1619 3277 de
1659 3223 1867 3294 Oppido
1893 3222 2058 3278 Affel-

443 3311 692 3377 terbach,
728 3310 972 3382 Rudpret
998 3310 1115 3382 [al.,
1147 3311 1459 3384 Rutpertus]
1493 3314 1893 3382 vocatus,juxta
1914 3314 2055 3370 viam

444 3399 496 3453 ei
526 3399 856 3469 conjunctus
887 3406 989 3465 est,
1018 3399 1225 3454 iliasua
1245 3400 1314 3455 de
1341 3410 1534 3457 ventre
1566 3402 1821 3474 prolapsa
1851 3403 1906 3458 in
1934 3404 2056 3461 loco

445 3486 693 3542 umbilici
742 3493 966 3558 portans
1014 3488 1070 3542 in
1122 3489 1247 3544 sinu
1291 3506 1426 3546 suo:
1460 3507 1697 3563 cumque
1750 3509 1815 3547 ea
1869 3502 2060 3564 aperto

441 3576 565 3631 sinu
620 3576 883 3647 episcopo
937 3577 1276 3646 ostenderet,
1338 3580 1601 3651 praecepit
1668 3580 1718 3635 ei
1767 3581 2057 3637 denarium

442 3664 558 3719 dari
587 3674 643 3720 et
672 3664 810 3719 dixit
835 3664 912 3718 illi
944 3682 956 3719 :
993 3685 1015 3716 ι
1039 3666 1100 3719 In
1131 3681 1266 3736 pace
1284 3667 1377 3721 Dei
1396 3683 1584 3742 perge.
1604 3668 1731 3732 ιριιί
1752 3685 1862 3724 non
1886 3671 2057 3727 multo

440 3762 563 3823 post
593 3759 863 3824 tempore,
922 3753 1200 3808 meliorari
1246 3754 1317 3809 de
1365 3754 1456 3810 die
1506 3756 1562 3809 in
1594 3752 1742 3810 diem
1782 3755 1971 3827 cuspit,
2005 3763 2058 3811 et

443 3853 635 3903 sanato
663 3856 852 3903 ventre
883 3847 952 3901 de
984 3848 1245 3918 praedicta
1285 3848 1604 3905 inﬁrmitate
1657 3851 1920 3906 liberatus
1951 3860 2056 3906 est.

443 3938 640 3994 Postea
660 3948 844 3994 autem
880 3939 1027 3994 idem
1088 3940 1207 4012 ipse
1273 3942 1503 3997 claudus
1554 3941 1729 3998 factus
1767 3950 1869 4011 est,
1903 3943 1977 3998 ita
2000 3955 2059 4000 ut

438 4032 545 4087 nisi
572 4032 850 4088 scamellis
892 4040 1229 4090 sustentatus
1284 4035 1568 4091 ambulare
1599 4035 2059 4106 potuisset,uti|i-

437 4128 545 4176 tate
576 4122 740 4176 etiam
770 4122 977 4177 dextrae
1019 4140 1216 4187 manus
1274 4125 1331 4178 in
1387 4125 1738 4181 lineamentis
1769 4133 1915 4181 totus
1941 4126 2054 4197 pri-

433 4221 590 4267 vatus
616 4217 722 4267 est.
777 4211 884 4267 Hac
936 4212 1255 4269 inﬁrmitate
1314 4230 1439 4270 cum
1497 4222 1733 4286 quatuor
1764 4215 1926 4269 annis
1954 4216 2051 4272 de-

434 4309 617 4356 tentus
637 4302 952 4369 mansisset,
1010 4302 1343 4357 desideravit
1386 4304 1579 4359 venire
1608 4305 1675 4359 ad
1740 4307 2052 4377 sepulcrum

432 4398 605 4451 sancti
628 4396 886 4463 Udalrici,
946 4404 1001 4452 et
1050 4398 1392 4468 comparavit
1447 4415 1628 4454 ceram
1671 4417 1832 4471 quam
1866 4418 2052 4457 secum

433 4486 502 4540 ad
533 4484 848 4555 sepulcrum
879 4485 1119 4540 deferret
1144 4495 1493 4558 ;comparata
1522 4497 1706 4544 autem
1734 4506 1858 4545 cera
1882 4492 2053 4547 virtus

433 4574 485 4628 ei
524 4574 581 4628 in
640 4575 1033 4631 sustentaculis
1087 4576 1435 4645 baculorum,
1491 4577 1733 4634 dimissis
1773 4581 2051 4635 scamellis

435 4668 759 4723 ambulandi
811 4685 1076 4725 concessa
1123 4676 1225 4727 est.
1286 4670 1420 4726 Illuc
1468 4679 1651 4727 autem
1706 4673 1884 4728 taliter
1925 4691 2048 4729 cum

432 4761 772 4831 perveniret,
822 4777 1017 4817 manus
1072 4762 1193 4831 ejus
1233 4769 1286 4817 et
1335 4779 1518 4836 genua
1554 4763 1773 4819 sanitati
1798 4766 2045 4821 restituta

432 4855 622 4911 munia
643 4872 741 4911 sua
773 4864 1124 4928 receperunt,
1179 4858 1252 4913 ita
1305 4865 1364 4913 ut
1410 4859 1558 4913 idem
1590 4859 1755 4915 homo
1784 4861 1903 4916 sine
1934 4877 2051 4916 sus-

430 4948 727 5005 tentaculis
753 4956 971 5004 erectus
998 4950 1261 5023 gradiens
1291 4951 1650 5022 tripudiando
1678 4952 1906 5009 rediret.

500 5042 632 5098 XVI.
666 5042 741 5097 De
771 5058 942 5117 regno
989 5044 1153 5099 etiam
1208 5044 1446 5100 Lotharii
1507 5044 1731 5116 quidam
1766 5045 2049 5101 Lutericus

432 5133 547 5208 [al.,
575 5137 905 5209 Luitbarius]
940 5139 1034 5211 qui
1066 5139 1240 5194 multo
1288 5148 1535 5210 tempore
1594 5140 1717 5195 Iuce
1758 5140 2044 5197 oculorum

427 5226 625 5294 caruit,
657 5227 724 5281 ad
764 5234 1012 5283 sanctum
1060 5227 1373 5299 sepulcrum
1421 5228 1592 5297 venit,
1617 5237 1672 5285 et
1701 5231 2049 5286 orationibus

428 5315 666 5385 peractis
695 5315 873 5371 visum
906 5316 1112 5372 clarum
1138 5317 1364 5387 recepit.

498 5405 655 5462 XVII.
715 5407 952 5464 Clericus
990 5408 1241 5481 quidam,
1302 5408 1395 5481 qui
1453 5409 1510 5462 in
1559 5410 1799 5483 Augusta
1829 5412 2047 5469 civitate

498 5560 612 5633 (64)
638 5562 749 5619 Hoc
796 5562 1123 5619 miraculum
1185 5563 1240 5618 in
1274 5578 1386 5620 uno
1421 5563 1721 5634 exemplari
1742 5566 1905 5620 etiam
1947 5566 2049 5621 sub

424 5630 601 5706 ﬁnem
623 5634 824 5706 capitis
854 5636 944 5706 _‘23
991 5634 1122 5690 Vitae
1182 5636 1239 5692 S.
1301 5634 1536 5690 Udalrici
1584 5630 1842 5691 "relatum.
1881 5637 2050 5694 Porro

426 5704 716 5762 minimum
743 5704 960 5762 duabus
986 5706 1412 5780 Ingelheimens.
1436 5706 1730 5779 synodisS.
1766 5707 1800 5759 I’
1820 5708 2050 5765 .lalricus

2158 1858 2360 1926 Afram,
2396 1867 2450 1914 et
2502 1861 2570 1914 ad
2629 1867 2875 1916 sanctum
2930 1878 3146 1916 servum
3190 1862 3286 1917 Dci
3317 1861 3654 1927 Udalricum,
3686 1861 3788 1914 ad-

2152 1948 2421 2017 jutorium
2453 1958 2507 2006 et
2560 1951 2991 2008 misericordiam
3022 1953 3129 2008 sibi
3179 1953 3298 2009 dari
3340 1954 3551 2007 intenta
3593 1958 3788 2005 mente

2162 2040 2446 2116 ﬂagitavit.
2480 2044 2725 2116 Cumque
2771 2044 2850 2100 sic
2915 2046 3193 2116 palpando
3220 2054 3276 2100 et
3317 2043 3607 2101 clamando
3634 2058 3787 2113 pene

2158 2153 2335 2207 usque
2359 2136 2425 2191 ad
2458 2134 2622 2192 ﬁnem
2674 2138 2833 2192 rivuli
2890 2138 3223 2208 perveniret,
3282 2137 3378 2191 Dei
3409 2136 3657 2191 donante
3678 2133 3790 2189 cle-

2159 2225 2385 2290 mentia,
2408 2225 2590 2280 subito
2632 2226 2839 2297 apertis
2892 2227 3070 2282 oculis
3125 2226 3313 2281 lumen
3343 2224 3574 2295 aspexit,
3608 2230 3667 2278 et
3693 2237 3788 2276 re-

2159 2317 2419 2391 grediens
2471 2318 2754 2373 ductorem
2797 2335 2957 2374 suum
3015 2319 3233 2383 levavit,
3267 2326 3322 2373 et
3361 2333 3539 2389 usque
3561 2315 3791 2382 adjsan-

2159 2416 2305 2464 ctum
2317 2410 2657 2479 sepulcrum,
2679 2410 3119 2481 omnipotentem
3134 2410 3304 2465 Deum
3319 2419 3374 2464 et
3402 2414 3622 2463 sanctos
3647 2420 3785 2459 suos

2161 2495 2458 2566 laudando,
2490 2497 2939 2569 portavit,ibique
2965 2497 3259 2553 manifeste
3277 2496 3497 2553 clericis
3528 2502 3582 2549 et
3604 2491 3792 2549 omni-

2158 2587 2260 2642 bus
2292 2588 2659 2657 praesentibus
2697 2590 2917 2660 quae-ei
2952 2590 3009 2644 in
3047 2590 3135 2644 via
3165 2590 3481 2646 acciderant
3512 2588 3785 2643 recitavit.

2228 2675 2359 2730 XIX.
2420 2676 2815 2749 Fuitquaedam
2847 2686 3099 2735 matrona
3157 2680 3212 2734 in
3268 2681 3598 2735 Francorum
3655 2694 3790 2749 pro-

2159 2767 2341 2823 vincia
2373 2769 2647 2839 praedives
2686 2777 2740 2825 et
2798 2772 3024 2840 nobilis,
3075 2788 3201 2844 quae
3234 2779 3453 2842 arrepta
3490 2787 3520 2825 a
3558 2770 3788 2825 diabolo

2158 2855 2330 2910 nimie
2360 2854 2647 2912 laborabat
2672 2877 2685 2924 ;
2714 2858 2783 2912 ad
2812 2860 2967 2928 cujus
2999 2860 3339 2931 ereptionem
3375 2860 3623 2931 quinque
3664 2858 3789 2928 epi-

2156 2944 2309 3014 sc0pi
2338 2961 2463 3000 cum
2493 2945 2616 2999 aliis
2646 2946 2900 3017 plurimis
2931 2956 3329 3003 convenerunt.
3364 2948 3465 3013 Qui
3496 2962 3621 3002 cum
3656 2947 3786 3001 dia—

2157 3036 2343 3091 bolum
2383 3037 2727 3094 orationibus
2791 3046 2844 3094 et
2896 3040 3374 3111 conjurationibus
3411 3047 3692 3096 arctarent
3722 3047 3782 3093 ut

2158 3130 2443 3187 obsessum
2488 3148 2691 3204 corpus
2739 3134 3062 3200 dimitteret,
3122 3135 3367 3191 clamans
3424 3144 3479 3190 et
3533 3134 3777 3203 eiulans,

2159 3223 2293 3277 dixit
2327 3241 2339 3277 :
2374 3250 2387 3269 ι
2436 3224 2546 3278 Nisi
2588 3225 2799 3296 aliquid
2831 3227 2900 3280 de
2932 3226 3095 3281 rebus
3126 3226 3373 3298 episcopi
3407 3225 3777 3280 Udalricihuc

2157 3315 2610 3387 veneritprOpter
2629 3324 2871 3374 vestrum
2929 3325 3269 3390 praeceptum
3324 3334 3643 3389 possessum
3683 3334 3780 3373 vas

2158 3422 2268 3461 non
2296 3407 2532 3463 dimitto.
2568 3428 2593 3459 »
2630 3407 2873 3481 Cumque
2930 3409 3130 3464 iterum
3162 3420 3326 3482 atque
3358 3410 3557 3465 iterum
3586 3410 3782 3464 eadem

2162 3513 2426 3568 responsa
2448 3499 2693 3566 iteraret,
2724 3500 2995 3556 aestimare
3045 3510 3335 3573 coeperunt
3381 3509 3440 3557 ut
3471 3502 3686 3577 legatos
3714 3502 3784 3556 ad

2160 3589 2455 3664 Augustam
2498 3591 2803 3659 mitterent,
2868 3600 2928 3648 ut
2966 3593 3174 3666 aliquid
3204 3595 3559 3666 acquirerent
3586 3594 3657 3649 de
3696 3611 3786 3649 re-

2160 3677 2263 3733 bus
2286 3681 2555 3751 episcopi.
2589 3682 2811 3737 Interim
2875 3699 3004 3737 vero
3034 3699 3156 3738 cum
3198 3685 3317 3739 haec
3364 3685 3509 3739 inter
3536 3700 3596 3739 se
3622 3684 3781 3738 arbi~

2159 3776 2453 3835 trarentur,
2486 3774 2743 3830 clamavit
2775 3774 3031 3830 diabolus
3061 3792 3160 3847 per
3198 3791 3259 3832 os
3290 3783 3554 3832 matronae
3589 3794 3602 3830 :
3636 3798 3664 3826 υ
3691 3776 3784 3830 Vae

2161 3860 2333 3915 mihi!
2367 3879 2444 3918 vae
2475 3864 2612 3918 mihi
2641 3864 2652 3918 l
2686 3864 2776 3920 hic
2804 3865 2859 3919 in
2893 3866 3178 3923 vicinitate
3198 3876 3283 3923 est
3314 3868 3603 3940 presbyter
3631 3885 3781 3923 unus

2159 3956 2255 4028 qui
2285 3957 2455 4013 habet
2500 3960 2784 4015 humerale
2838 3959 2986 4033 quod
3028 3961 3132 4017 fuit
3175 3962 3386 4033 praefati
3416 3963 3666 4034 episcopi
3705 3981 3772 4028 ςο

2159 4046 2408 4116 quamvis
2466 4063 2576 4103 non
2631 4056 2849 4120 sponte,
2906 4050 3004 4105 sed
3037 4051 3147 4106 Deo
3182 4051 3439 4121 jubente,
3470 4051 3782 4106 nominavit

2158 4134 2538 4205 presbyterum
2573 4145 2627 4191 et
2662 4138 2846 4193 locum
2901 4139 2994 4194 ubi
3044 4139 3328 4196 habitavit.
3389 4141 3634 4212 Cumque
3692 4156 3781 4195 ac-

2156 4223 2387 4278 cersitus
2417 4226 2706 4297 presbyter
2731 4243 2853 4281 cum
2895 4228 3163 4283 humerali
3190 4229 3426 4296 veniret,
3476 4237 3778 4301 antequam

2156 4313 2381 4369 domum
2404 4315 3224 4385 intraret,dzemondixit:«Vze
3260 4320 3272 4374 I
3302 4338 3382 4377 va:
3416 4321 3430 4375 I
3463 4322 3780 4377 nuncvenit

2156 4409 2438 4466 humerale
2469 4412 2739 4484 episc0pi.
2775 4440 2795 4459 -
2825 4415 2918 4469 His
2947 4415 3112 4471 dictis
3140 4417 3431 4473 clamando
3448 4425 3504 4473 et
3532 4418 3778 4473 dolendo

2154 4515 2352 4570 corpus
2400 4508 2667 4558 matronae
2700 4504 2858 4559 valde
2914 4504 3199 4578 fatigatum
3253 4507 3500 4579 reliquit.
3535 4508 3776 4562 Interro-

2152 4599 2309 4664 gatus
2340 4601 2523 4649 autem
2574 4595 2864 4667 presbyter
2912 4598 3056 4653 unde
3089 4599 3139 4653 ei
3199 4600 3481 4655 humerale
3535 4600 3779 4667 veniret,

2153 4686 2499 4754 respondens
2520 4686 2695 4740 dixnt:
2739 4711 2751 4733 ι
2792 4687 3095 4759 EpiSCOpus
3148 4688 3446 4761 aliquando
3489 4691 3556 4745 ad
3590 4690 3782 4766 regale

2152 4772 2491 4844 colloquium
2524 4772 2828 4846 pergendo,
2880 4774 2947 4829 ad
3008 4782 3248 4831 nostram
3278 4779 3570 4834 ecclesiam
3599 4781 3783 4847 venit,

2152 4875 2206 4922 et
2233 4883 2334 4923 nos
2382 4868 2487 4922 sibi
2546 4868 2768 4923 missam
2827 4877 3045 4925 cantare
3101 4872 3332 4945 rogavit,
3366 4886 3603 4946 cumque
3647 4874 3780 4929 alba

2151 4974 2254 5014 nos
2286 4959 2439 5014 indui
2461 4960 2581 5014 sine
2614 4960 2881 5016 humerali
2924 4962 3066 5017 velle
3098 4963 3333 5028 videret,
3366 4963 3505 5017 dixit
3553 4981 3566 5017 :
3619 4987 3645 5010 ιι
3672 4961 3783 5017 L'bi

2157 5071 2177 5100 α
2212 5059 2295 5106 est
2314 5062 2557 5106 vestrum
2600 5053 2880 5107 humerale
2902 5053 2929 5106 ‘2
2968 5078 2984 5103 ι
3018 5053 3110 5109 Cui
3139 5071 3242 5129 ego
3274 5056 3535 5127 reSpondi
3562 5073 3576 5110 :
3606 5082 3623 5100 -
3656 5055 3785 5111 Non

2147 5137 2328 5194 habeo
2370 5140 2671 5195 humerale.
2732 5139 2880 5196 Tunc
2948 5141 3041 5197 ille
3093 5142 3240 5197 istud
3283 5144 3569 5199 humeraie
3608 5145 3784 5213 jussit

2150 5230 2283 5285 mihi
2314 5231 2530 5288 donari.
2566 5255 2591 5280 »ι
2626 5231 2871 5288 Matrona
2919 5240 3102 5289 autem
3153 5252 3184 5290 a
3214 5235 3488 5291 daemonio
3521 5237 3781 5302 liberata,

2148 5327 2204 5376 et
2233 5323 2419 5377 sensui
2453 5323 2787 5395 sanitatique
2841 5325 3111 5393 restituta,
3153 5333 3267 5383 tota
3295 5328 3624 5383 vestimenta
3654 5345 3780 5396 sua,

2110 5492 2113 5495 ἱ
2150 5414 2355 5486 quibus
2398 5431 2464 5471 eo
2508 5415 2601 5470 die
2660 5415 3015 5486 induebatur,
3075 5433 3198 5474 cum
3245 5421 3438 5495 caligis
3467 5428 3524 5477 et
3552 5420 3781 5476 calcea-

2154 5566 2401 5644 interfuit
2430 5586 2444 5635 ;
2480 5569 2829 5644 posterioris,
2867 5586 2989 5644 quae
3029 5578 3148 5628 acta
3201 5572 3694 5641 an.{972,'mentio
3718 5562 3784 5628 fit

2152 5638 2212 5713 i_n
2240 5640 2360 5713 Vita
2390 5638 2633 5713 cap.23.
2663 5641 2865 5698 Prioris
2885 5638 3159 5701 "meminit
3180 5661 3269 5701 an.
3299 5638 3525 5713 948,“:
3558 5646 3615 5700 Id
3643 5646 3777 5700 Jun-

2151 5710 2489 5769 Flodoardus
2518 5712 2574 5767 in
2606 5712 2808 5769 Chron.
