  <div class='ocr_page' id='page_1' title='image "/cluster/home/n/w/nwhite01/storage/ocr_20150623/135/hvd.32044054759956/538.png"; bbox 0 0 4062 6164; ppageno 0'>
   <div class='ocr_carea' id='block_1_1' title="bbox 256 299 398 356">
    <p class='ocr_par' dir='ltr' id='par_1_1' title="bbox 256 299 398 356">
     <span class='ocr_line' id='line_1_1' title="bbox 256 299 398 356; baseline 0.021 -2"><span class='ocrx_word' id='word_1_1' title='bbox 256 299 398 356; x_wconf 70' lang='grc'><strong>1065</strong></span> 
     </span>
    </p>
   </div>
   <div class='ocr_carea' id='block_1_2' title="bbox 252 427 1868 509">
    <p class='ocr_par' dir='ltr' id='par_1_2' title="bbox 252 427 1868 509">
     <span class='ocr_line' id='line_1_2' title="bbox 252 427 1868 509; baseline 0.009 -27"><span class='ocrx_word' id='word_1_2' title='bbox 252 427 459 482; x_wconf 89' lang='lat' dir='ltr'><strong>mentis</strong></span> <span class='ocrx_word' id='word_1_3' title='bbox 511 428 580 482; x_wconf 86' lang='lat' dir='ltr'><strong>ad</strong></span> <span class='ocrx_word' id='word_1_4' title='bbox 608 429 921 499; x_wconf 87' lang='lat' dir='ltr'><strong>sepulcrum</strong></span> <span class='ocrx_word' id='word_1_5' title='bbox 976 433 1149 488; x_wconf 91' lang='lat' dir='ltr'><strong>sancti</strong></span> <span class='ocrx_word' id='word_1_6' title='bbox 1205 434 1438 492; x_wconf 88' lang='lat' dir='ltr'><strong>Udalrici</strong></span> <span class='ocrx_word' id='word_1_7' title='bbox 1492 455 1589 509; x_wconf 85' lang='lat' dir='ltr'><strong>per</strong></span> <span class='ocrx_word' id='word_1_8' title='bbox 1645 443 1868 498; x_wconf 87' lang='lat' dir='ltr'><strong>nuntios</strong></span> 
     </span>
    </p>
   </div>
   <div class='ocr_carea' id='block_1_3' title="bbox 251 516 1868 602">
    <p class='ocr_par' dir='ltr' id='par_1_3' title="bbox 251 516 1868 602">
     <span class='ocr_line' id='line_1_3' title="bbox 251 516 1868 602; baseline 0.011 -33"><span class='ocrx_word' id='word_1_9' title='bbox 251 516 439 583; x_wconf 82' lang='lat' dir='ltr'><strong>misit;</strong></span> <span class='ocrx_word' id='word_1_10' title='bbox 472 516 677 588; x_wconf 80' lang='lat' dir='ltr'><strong>quibus</strong></span> <span class='ocrx_word' id='word_1_11' title='bbox 701 516 863 573; x_wconf 89' lang='lat' dir='ltr'><strong>etiam</strong></span> <span class='ocrx_word' id='word_1_12' title='bbox 896 523 1158 593; x_wconf 64' lang='lat' dir='ltr'><strong>prmcepit</strong></span> <span class='ocrx_word' id='word_1_13' title='bbox 1187 531 1247 578; x_wconf 91' lang='lat' dir='ltr'><strong>ut</strong></span> <span class='ocrx_word' id='word_1_14' title='bbox 1274 524 1347 578; x_wconf 90' lang='lat' dir='ltr'><strong>ibi</strong></span> <span class='ocrx_word' id='word_1_15' title='bbox 1380 528 1698 584; x_wconf 76' lang='lat' dir='ltr'><strong>nuntiarent</strong></span> <span class='ocrx_word' id='word_1_16' title='bbox 1726 547 1868 602; x_wconf 82' lang='lat' dir='ltr'><strong>qua—</strong></span> 
     </span>
    </p>
   </div>
   <div class='ocr_carea' id='block_1_4' title="bbox 251 608 1866 687">
    <p class='ocr_par' dir='ltr' id='par_1_4' title="bbox 251 608 1866 687">
     <span class='ocr_line' id='line_1_4' title="bbox 251 608 1866 687; baseline 0.011 -26"><span class='ocrx_word' id='word_1_17' title='bbox 251 608 397 676; x_wconf 83' lang='lat' dir='ltr'><strong>liter,</strong></span> <span class='ocrx_word' id='word_1_18' title='bbox 444 610 675 666; x_wconf 90' lang='lat' dir='ltr'><strong>Domino</strong></span> <span class='ocrx_word' id='word_1_19' title='bbox 704 613 1068 682; x_wconf 86' lang='lat' dir='ltr'><strong>concedente,</strong></span> <span class='ocrx_word' id='word_1_20' title='bbox 1098 608 1197 687; x_wconf 80' lang='lat' dir='ltr'><strong>per</strong></span> <span class='ocrx_word' id='word_1_21' title='bbox 1224 618 1345 687; x_wconf 82' lang='lat' dir='ltr'><strong>ejus</strong></span> <span class='ocrx_word' id='word_1_22' title='bbox 1383 620 1580 676; x_wconf 90' lang='lat' dir='ltr'><strong>merita</strong></span> <span class='ocrx_word' id='word_1_23' title='bbox 1607 630 1690 677; x_wconf 87' lang='lat' dir='ltr'><strong>est</strong></span> <span class='ocrx_word' id='word_1_24' title='bbox 1722 624 1866 679; x_wconf 82' lang='lat' dir='ltr'><strong>libe-</strong></span> 
     </span>
    </p>
   </div>
   <div class='ocr_carea' id='block_1_5' title="bbox 250 699 1861 784">
    <p class='ocr_par' dir='ltr' id='par_1_5' title="bbox 250 699 1861 784">
     <span class='ocr_line' id='line_1_5' title="bbox 250 699 1861 784; baseline 0.011 -32"><span class='ocrx_word' id='word_1_25' title='bbox 250 705 391 755; x_wconf 90' lang='lat' dir='ltr'><strong>rata.</strong></span> <span class='ocrx_word' id='word_1_26' title='bbox 420 699 731 756; x_wconf 82' lang='lat' dir='ltr'><strong>Wicfredus</strong></span> <span class='ocrx_word' id='word_1_27' title='bbox 757 702 1005 773; x_wconf 88' lang='lat' dir='ltr'><strong>ejusdem</strong></span> <span class='ocrx_word' id='word_1_28' title='bbox 1030 706 1137 762; x_wconf 93' lang='lat' dir='ltr'><strong>loci</strong></span> <span class='ocrx_word' id='word_1_29' title='bbox 1178 711 1526 780; x_wconf 65' lang='lat' dir='ltr'><strong>praepositus,</strong></span> <span class='ocrx_word' id='word_1_30' title='bbox 1559 713 1653 784; x_wconf 90' lang='lat' dir='ltr'><strong>qui</strong></span> <span class='ocrx_word' id='word_1_31' title='bbox 1699 715 1861 770; x_wconf 81' lang='lat' dir='ltr'><strong>etiam</strong></span> 
     </span>
    </p>
   </div>
   <div class='ocr_carea' id='block_1_6' title="bbox 249 793 1875 876">
    <p class='ocr_par' dir='ltr' id='par_1_6' title="bbox 249 793 1875 876">
     <span class='ocr_line' id='line_1_6' title="bbox 249 793 1875 876; baseline 0.01 -31"><span class='ocrx_word' id='word_1_32' title='bbox 249 798 307 846; x_wconf 88' lang='lat' dir='ltr'><strong>et</strong></span> <span class='ocrx_word' id='word_1_33' title='bbox 332 799 516 847; x_wconf 88' lang='lat' dir='ltr'><strong>custos</strong></span> <span class='ocrx_word' id='word_1_34' title='bbox 540 793 792 850; x_wconf 65' lang='lat' dir='ltr'><strong>ecclesia;</strong></span> <span class='ocrx_word' id='word_1_35' title='bbox 818 810 884 851; x_wconf 91' lang='lat' dir='ltr'><strong>eo</strong></span> <span class='ocrx_word' id='word_1_36' title='bbox 914 804 1163 869; x_wconf 91' lang='lat' dir='ltr'><strong>tempore</strong></span> <span class='ocrx_word' id='word_1_37' title='bbox 1195 801 1416 867; x_wconf 84' lang='lat' dir='ltr'><strong>mansit,</strong></span> <span class='ocrx_word' id='word_1_38' title='bbox 1450 802 1519 857; x_wconf 91' lang='lat' dir='ltr'><strong>de</strong></span> <span class='ocrx_word' id='word_1_39' title='bbox 1552 802 1704 860; x_wconf 88' lang='lat' dir='ltr'><strong>froco</strong></span> <span class='ocrx_word' id='word_1_40' title='bbox 1731 806 1875 876; x_wconf 90' lang='lat' dir='ltr'><strong>ejus-</strong></span> 
     </span>
    </p>
   </div>
   <div class='ocr_carea' id='block_1_7' title="bbox 245 883 1873 967">
    <p class='ocr_par' dir='ltr' id='par_1_7' title="bbox 245 883 1873 967">
     <span class='ocr_line' id='line_1_7' title="bbox 245 883 1873 967; baseline 0.009 -29"><span class='ocrx_word' id='word_1_41' title='bbox 245 883 376 938; x_wconf 86' lang='lat' dir='ltr'><strong>dem</strong></span> <span class='ocrx_word' id='word_1_42' title='bbox 435 893 702 941; x_wconf 82' lang='lat' dir='ltr'><strong>matronae</strong></span> <span class='ocrx_word' id='word_1_43' title='bbox 743 886 1090 944; x_wconf 90' lang='lat' dir='ltr'><strong>dalmaticam</strong></span> <span class='ocrx_word' id='word_1_44' title='bbox 1148 890 1265 947; x_wconf 80' lang='lat' dir='ltr'><strong>fieri</strong></span> <span class='ocrx_word' id='word_1_45' title='bbox 1308 893 1455 963; x_wconf 84' lang='lat' dir='ltr'><strong>fecit,</strong></span> <span class='ocrx_word' id='word_1_46' title='bbox 1506 903 1560 951; x_wconf 92' lang='lat' dir='ltr'><strong>et</strong></span> <span class='ocrx_word' id='word_1_47' title='bbox 1598 896 1704 952; x_wconf 91' lang='lat' dir='ltr'><strong>alia</strong></span> <span class='ocrx_word' id='word_1_48' title='bbox 1753 898 1873 967; x_wconf 86' lang='lat' dir='ltr'><strong>ejus</strong></span> 
     </span>
    </p>
   </div>
   <div class='ocr_carea' id='block_1_8' title="bbox 247 963 1868 1052">
    <p class='ocr_par' dir='ltr' id='par_1_8' title="bbox 247 963 1868 1052">
     <span class='ocr_line' id='line_1_8' title="bbox 247 963 1868 1052; baseline 0.011 -26"><span class='ocrx_word' id='word_1_49' title='bbox 247 963 604 1041; x_wconf 84' lang='lat' dir='ltr'><strong>vestimenta,</strong></span> <span class='ocrx_word' id='word_1_50' title='bbox 662 976 804 1032; x_wconf 89' lang='lat' dir='ltr'><strong>sicut</strong></span> <span class='ocrx_word' id='word_1_51' title='bbox 844 994 1147 1052; x_wconf 87' lang='lat' dir='ltr'><strong>congruum</strong></span> <span class='ocrx_word' id='word_1_52' title='bbox 1179 981 1298 1048; x_wconf 87' lang='lat' dir='ltr'><strong>fuit,</strong></span> <span class='ocrx_word' id='word_1_53' title='bbox 1350 986 1418 1040; x_wconf 92' lang='lat' dir='ltr'><strong>ad</strong></span> <span class='ocrx_word' id='word_1_54' title='bbox 1455 986 1551 1041; x_wconf 87' lang='lat' dir='ltr'><strong>Dei</strong></span> <span class='ocrx_word' id='word_1_55' title='bbox 1586 988 1868 1043; x_wconf 85' lang='lat' dir='ltr'><strong>servitium</strong></span> 
     </span>
    </p>
   </div>
   <div class='ocr_carea' id='block_1_9' title="bbox 246 1065 1868 1142">
    <p class='ocr_par' dir='ltr' id='par_1_9' title="bbox 246 1065 1868 1142">
     <span class='ocr_line' id='line_1_9' title="bbox 246 1065 1868 1142; baseline 0.012 -26"><span class='ocrx_word' id='word_1_56' title='bbox 246 1065 583 1135; x_wconf 88' lang='lat' dir='ltr'><strong>composuit,</strong></span> <span class='ocrx_word' id='word_1_57' title='bbox 635 1076 695 1121; x_wconf 91' lang='lat' dir='ltr'><strong>ut</strong></span> <span class='ocrx_word' id='word_1_58' title='bbox 741 1067 849 1123; x_wconf 89' lang='lat' dir='ltr'><strong>hoc</strong></span> <span class='ocrx_word' id='word_1_59' title='bbox 901 1068 1120 1142; x_wconf 88' lang='lat' dir='ltr'><strong>signum</strong></span> <span class='ocrx_word' id='word_1_60' title='bbox 1169 1073 1560 1132; x_wconf 75' lang='lat' dir='ltr'><strong>misericordiae</strong></span> <span class='ocrx_word' id='word_1_61' title='bbox 1619 1077 1712 1132; x_wconf 90' lang='lat' dir='ltr'><strong>Dei</strong></span> <span class='ocrx_word' id='word_1_62' title='bbox 1758 1078 1868 1135; x_wconf 83' lang='lat' dir='ltr'><strong>fre-</strong></span> 
     </span>
    </p>
   </div>
   <div class='ocr_carea' id='block_1_10' title="bbox 245 1153 1571 1224">
    <p class='ocr_par' dir='ltr' id='par_1_10' title="bbox 245 1153 1571 1224">
     <span class='ocr_line' id='line_1_10' title="bbox 245 1153 1571 1224; baseline 0.011 -18"><span class='ocrx_word' id='word_1_63' title='bbox 245 1153 508 1223; x_wconf 90' lang='lat' dir='ltr'><strong>quentius</strong></span> <span class='ocrx_word' id='word_1_64' title='bbox 538 1156 773 1224; x_wconf 87' lang='lat' dir='ltr'><strong>posteris</strong></span> <span class='ocrx_word' id='word_1_65' title='bbox 802 1156 858 1211; x_wconf 90' lang='lat' dir='ltr'><strong>in</strong></span> <span class='ocrx_word' id='word_1_66' title='bbox 889 1160 1273 1218; x_wconf 87' lang='lat' dir='ltr'><strong>recordatione</strong></span> <span class='ocrx_word' id='word_1_67' title='bbox 1304 1174 1571 1220; x_wconf 86' lang='lat' dir='ltr'><strong>maneret.</strong></span> 
     </span>
    </p>
   </div>
   <div class='ocr_carea' id='block_1_11' title="bbox 319 1242 1860 1329">
    <p class='ocr_par' dir='ltr' id='par_1_11' title="bbox 319 1242 1860 1329">
     <span class='ocr_line' id='line_1_11' title="bbox 319 1242 1860 1329; baseline 0.012 -34"><span class='ocrx_word' id='word_1_68' title='bbox 319 1242 428 1295; x_wconf 81' lang='lat' dir='ltr'><strong>XX.</strong></span> <span class='ocrx_word' id='word_1_69' title='bbox 476 1243 534 1296; x_wconf 89' lang='lat' dir='ltr'><strong>In</strong></span> <span class='ocrx_word' id='word_1_70' title='bbox 567 1243 794 1316; x_wconf 81' lang='lat' dir='ltr'><strong>regione</strong></span> <span class='ocrx_word' id='word_1_71' title='bbox 824 1245 1164 1317; x_wconf 76' lang='lat' dir='ltr'><strong>Sclavorum,</strong></span> <span class='ocrx_word' id='word_1_72' title='bbox 1214 1249 1361 1306; x_wconf 83' lang='lat' dir='ltr'><strong>filius</strong></span> <span class='ocrx_word' id='word_1_73' title='bbox 1388 1252 1697 1311; x_wconf 81' lang='lat' dir='ltr'><strong>Wolezlawi</strong></span> <span class='ocrx_word' id='word_1_74' title='bbox 1744 1257 1820 1329; x_wconf 76' lang='lat' dir='ltr'><strong>[at</strong></span> <span class='ocrx_word' id='word_1_75' title='bbox 1846 1300 1860 1326; x_wconf 89' lang='lat'><strong>,</strong></span> 
     </span>
    </p>
   </div>
   <div class='ocr_carea' id='block_1_12' title="bbox 247 1328 1866 1408">
    <p class='ocr_par' dir='ltr' id='par_1_12' title="bbox 247 1328 1866 1408">
     <span class='ocr_line' id='line_1_12' title="bbox 247 1328 1866 1408; baseline 0.012 -25"><span class='ocrx_word' id='word_1_76' title='bbox 247 1328 519 1401; x_wconf 87' lang='lat' dir='ltr'><strong>Woleslai]</strong></span> <span class='ocrx_word' id='word_1_77' title='bbox 559 1332 717 1387; x_wconf 90' lang='lat' dir='ltr'><strong>ducis</strong></span> <span class='ocrx_word' id='word_1_78' title='bbox 761 1333 816 1388; x_wconf 94' lang='lat' dir='ltr'><strong>in</strong></span> <span class='ocrx_word' id='word_1_79' title='bbox 858 1337 1231 1393; x_wconf 89' lang='lat' dir='ltr'><strong>valetudinem</strong></span> <span class='ocrx_word' id='word_1_80' title='bbox 1279 1340 1509 1408; x_wconf 86' lang='lat' dir='ltr'><strong>incedit,</strong></span> <span class='ocrx_word' id='word_1_81' title='bbox 1544 1351 1599 1399; x_wconf 89' lang='lat' dir='ltr'><strong>et</strong></span> <span class='ocrx_word' id='word_1_82' title='bbox 1652 1345 1710 1400; x_wconf 89' lang='lat' dir='ltr'><strong>in</strong></span> <span class='ocrx_word' id='word_1_83' title='bbox 1742 1328 1866 1401; x_wconf 80' lang='lat' dir='ltr'><strong>tan-</strong></span> 
     </span>
    </p>
   </div>
   <div class='ocr_carea' id='block_1_13' title="bbox 246 1419 1865 1506">
    <p class='ocr_par' dir='ltr' id='par_1_13' title="bbox 246 1419 1865 1506">
     <span class='ocr_line' id='line_1_13' title="bbox 246 1419 1865 1506; baseline 0.012 -32"><span class='ocrx_word' id='word_1_84' title='bbox 246 1427 355 1475; x_wconf 86' lang='lat' dir='ltr'><strong>tam</strong></span> <span class='ocrx_word' id='word_1_85' title='bbox 383 1419 756 1479; x_wconf 85' lang='lat' dir='ltr'><strong>inﬁrmitatem</strong></span> <span class='ocrx_word' id='word_1_86' title='bbox 784 1426 1055 1483; x_wconf 90' lang='lat' dir='ltr'><strong>deductus</strong></span> <span class='ocrx_word' id='word_1_87' title='bbox 1069 1438 1174 1498; x_wconf 91' lang='lat' dir='ltr'><strong>est,</strong></span> <span class='ocrx_word' id='word_1_88' title='bbox 1205 1436 1263 1486; x_wconf 86' lang='lat' dir='ltr'><strong>ut</strong></span> <span class='ocrx_word' id='word_1_89' title='bbox 1294 1439 1450 1502; x_wconf 87' lang='lat' dir='ltr'><strong>pater</strong></span> <span class='ocrx_word' id='word_1_90' title='bbox 1467 1435 1588 1506; x_wconf 91' lang='lat' dir='ltr'><strong>ejus</strong></span> <span class='ocrx_word' id='word_1_91' title='bbox 1613 1445 1667 1491; x_wconf 91' lang='lat' dir='ltr'><strong>et</strong></span> <span class='ocrx_word' id='word_1_92' title='bbox 1689 1445 1865 1493; x_wconf 87' lang='lat' dir='ltr'><strong>mater</strong></span> 
     </span>
    </p>
   </div>
   <div class='ocr_carea' id='block_1_14' title="bbox 243 1509 1863 1590">
    <p class='ocr_par' dir='ltr' id='par_1_14' title="bbox 243 1509 1863 1590">
     <span class='ocr_line' id='line_1_14' title="bbox 243 1509 1863 1590; baseline 0.011 -25"><span class='ocrx_word' id='word_1_93' title='bbox 243 1509 541 1581; x_wconf 60' lang='lat' dir='ltr'><strong>ceterique</strong></span> <span class='ocrx_word' id='word_1_94' title='bbox 583 1521 887 1582; x_wconf 68' lang='lat' dir='ltr'><strong>praesentes</strong></span> <span class='ocrx_word' id='word_1_95' title='bbox 927 1518 1088 1573; x_wconf 87' lang='lat' dir='ltr'><strong>amici</strong></span> <span class='ocrx_word' id='word_1_96' title='bbox 1141 1528 1467 1590; x_wconf 72' lang='lat' dir='ltr'><strong>praesentem</strong></span> <span class='ocrx_word' id='word_1_97' title='bbox 1511 1525 1677 1581; x_wconf 88' lang='lat' dir='ltr'><strong>vitam</strong></span> <span class='ocrx_word' id='word_1_98' title='bbox 1736 1543 1863 1582; x_wconf 92' lang='lat' dir='ltr'><strong>eum</strong></span> 
     </span>
    </p>
   </div>
   <div class='ocr_carea' id='block_1_15' title="bbox 242 1599 1868 1689">
    <p class='ocr_par' dir='ltr' id='par_1_15' title="bbox 242 1599 1868 1689">
     <span class='ocr_line' id='line_1_15' title="bbox 242 1599 1868 1689; baseline 0.013 -36"><span class='ocrx_word' id='word_1_99' title='bbox 242 1599 478 1655; x_wconf 85' lang='lat' dir='ltr'><strong>ulterius</strong></span> <span class='ocrx_word' id='word_1_100' title='bbox 526 1601 731 1658; x_wconf 89' lang='lat' dir='ltr'><strong>habere</strong></span> <span class='ocrx_word' id='word_1_101' title='bbox 788 1619 952 1675; x_wconf 89' lang='lat' dir='ltr'><strong>posse</strong></span> <span class='ocrx_word' id='word_1_102' title='bbox 984 1607 1362 1679; x_wconf 86' lang='lat' dir='ltr'><strong>desperarent.</strong></span> <span class='ocrx_word' id='word_1_103' title='bbox 1422 1613 1665 1687; x_wconf 82' lang='lat' dir='ltr'><strong>Cumque</strong></span> <span class='ocrx_word' id='word_1_104' title='bbox 1713 1628 1868 1689; x_wconf 90' lang='lat' dir='ltr'><strong>pater</strong></span> 
     </span>
    </p>
   </div>
   <div class='ocr_carea' id='block_1_16' title="bbox 246 1690 1867 1767">
    <p class='ocr_par' dir='ltr' id='par_1_16' title="bbox 246 1690 1867 1767">
     <span class='ocr_line' id='line_1_16' title="bbox 246 1690 1867 1767; baseline 0.014 -24"><span class='ocrx_word' id='word_1_105' title='bbox 246 1690 305 1744; x_wconf 91' lang='lat' dir='ltr'><strong>in</strong></span> <span class='ocrx_word' id='word_1_106' title='bbox 336 1691 421 1747; x_wconf 90' lang='lat' dir='ltr'><strong>his</strong></span> <span class='ocrx_word' id='word_1_107' title='bbox 457 1694 729 1766; x_wconf 88' lang='lat' dir='ltr'><strong>angustiis</strong></span> <span class='ocrx_word' id='word_1_108' title='bbox 756 1706 1084 1767; x_wconf 84' lang='lat' dir='ltr'><strong>versaretur,</strong></span> <span class='ocrx_word' id='word_1_109' title='bbox 1126 1702 1443 1760; x_wconf 88' lang='lat' dir='ltr'><strong>admonitus</strong></span> <span class='ocrx_word' id='word_1_110' title='bbox 1481 1714 1564 1761; x_wconf 89' lang='lat' dir='ltr'><strong>est</strong></span> <span class='ocrx_word' id='word_1_111' title='bbox 1593 1708 1661 1763; x_wconf 90' lang='lat' dir='ltr'><strong>de</strong></span> <span class='ocrx_word' id='word_1_112' title='bbox 1694 1717 1867 1766; x_wconf 89' lang='lat' dir='ltr'><strong>matre</strong></span> 
     </span>
    </p>
   </div>
   <div class='ocr_carea' id='block_1_17' title="bbox 246 1783 1861 1871">
    <p class='ocr_par' dir='ltr' id='par_1_17' title="bbox 246 1783 1861 1871">
     <span class='ocr_line' id='line_1_17' title="bbox 246 1783 1861 1871; baseline 0.014 -36"><span class='ocrx_word' id='word_1_113' title='bbox 246 1783 404 1853; x_wconf 90' lang='lat' dir='ltr'><strong>pueri</strong></span> <span class='ocrx_word' id='word_1_114' title='bbox 430 1790 484 1838; x_wconf 91' lang='lat' dir='ltr'><strong>et</strong></span> <span class='ocrx_word' id='word_1_115' title='bbox 509 1784 579 1840; x_wconf 90' lang='lat' dir='ltr'><strong>de</strong></span> <span class='ocrx_word' id='word_1_116' title='bbox 604 1785 727 1842; x_wconf 89' lang='lat' dir='ltr'><strong>aliis</strong></span> <span class='ocrx_word' id='word_1_117' title='bbox 743 1789 944 1859; x_wconf 89' lang='lat' dir='ltr'><strong>quibus</strong></span> <span class='ocrx_word' id='word_1_118' title='bbox 974 1801 1165 1848; x_wconf 91' lang='lat' dir='ltr'><strong>notum</strong></span> <span class='ocrx_word' id='word_1_119' title='bbox 1195 1794 1298 1850; x_wconf 88' lang='lat' dir='ltr'><strong>fuit</strong></span> <span class='ocrx_word' id='word_1_120' title='bbox 1328 1813 1491 1868; x_wconf 89' lang='lat' dir='ltr'><strong>quam</strong></span> <span class='ocrx_word' id='word_1_121' title='bbox 1532 1799 1861 1871; x_wconf 90' lang='lat' dir='ltr'><strong>multiplici-</strong></span> 
     </span>
    </p>
   </div>
   <div class='ocr_carea' id='block_1_18' title="bbox 246 1875 1863 1984">
    <p class='ocr_par' dir='ltr' id='par_1_18' title="bbox 246 1875 1863 1984">
     <span class='ocr_line' id='line_1_18' title="bbox 246 1875 1863 1984; baseline 0.014 -58"><span class='ocrx_word' id='word_1_122' title='bbox 246 1879 335 1927; x_wconf 89' lang='lat' dir='ltr'><strong>ter</strong></span> <span class='ocrx_word' id='word_1_123' title='bbox 388 1875 546 1929; x_wconf 80' lang='lat' dir='ltr'><strong>multi</strong></span> <span class='ocrx_word' id='word_1_124' title='bbox 582 1891 681 1946; x_wconf 89' lang='lat' dir='ltr'><strong>per</strong></span> <span class='ocrx_word' id='word_1_125' title='bbox 734 1880 931 1935; x_wconf 91' lang='lat' dir='ltr'><strong>merita</strong></span> <span class='ocrx_word' id='word_1_126' title='bbox 983 1885 1159 1939; x_wconf 81' lang='lat' dir='ltr'><strong>sancti</strong></span> <span class='ocrx_word' id='word_1_127' title='bbox 1219 1886 1458 1944; x_wconf 91' lang='lat' dir='ltr'><strong>Udalrici</strong></span> <span class='ocrx_word' id='word_1_128' title='bbox 1515 1890 1585 1945; x_wconf 92' lang='lat' dir='ltr'><strong>de</strong></span> <span class='ocrx_word' id='word_1_129' title='bbox 1630 1892 1863 1984; x_wconf 74' lang='lat' dir='ltr'><strong>diversis</strong></span> 
     </span>
    </p>
   </div>
   <div class='ocr_carea' id='block_1_19' title="bbox 246 1962 1857 2048">
    <p class='ocr_par' dir='ltr' id='par_1_19' title="bbox 246 1962 1857 2048">
     <span class='ocr_line' id='line_1_19' title="bbox 246 1962 1857 2048; baseline 0.014 -35"><span class='ocrx_word' id='word_1_130' title='bbox 246 1962 519 2036; x_wconf 89' lang='lat' dir='ltr'><strong>angustiis</strong></span> <span class='ocrx_word' id='word_1_131' title='bbox 547 1964 763 2021; x_wconf 89' lang='lat' dir='ltr'><strong>liberati</strong></span> <span class='ocrx_word' id='word_1_132' title='bbox 821 1977 1036 2038; x_wconf 90' lang='lat' dir='ltr'><strong>essent;</strong></span> <span class='ocrx_word' id='word_1_133' title='bbox 1074 1974 1340 2032; x_wconf 90' lang='lat' dir='ltr'><strong>continuo</strong></span> <span class='ocrx_word' id='word_1_134' title='bbox 1380 1985 1566 2033; x_wconf 91' lang='lat' dir='ltr'><strong>votum</strong></span> <span class='ocrx_word' id='word_1_135' title='bbox 1598 1981 1766 2048; x_wconf 87' lang='lat' dir='ltr'><strong>vovit,</strong></span> <span class='ocrx_word' id='word_1_136' title='bbox 1814 1978 1857 2036; x_wconf 70' lang='lat' dir='ltr'><strong>Si</strong></span> 
     </span>
    </p>
   </div>
   <div class='ocr_carea' id='block_1_20' title="bbox 247 2050 1859 2144">
    <p class='ocr_par' dir='ltr' id='par_1_20' title="bbox 247 2050 1859 2144">
     <span class='ocr_line' id='line_1_20' title="bbox 247 2050 1859 2144; baseline 0.014 -38"><span class='ocrx_word' id='word_1_137' title='bbox 247 2050 395 2108; x_wconf 85' lang='lat' dir='ltr'><strong>ﬁlius</strong></span> <span class='ocrx_word' id='word_1_138' title='bbox 422 2054 545 2124; x_wconf 88' lang='lat' dir='ltr'><strong>ejus</strong></span> <span class='ocrx_word' id='word_1_139' title='bbox 580 2057 649 2111; x_wconf 92' lang='lat' dir='ltr'><strong>ad</strong></span> <span class='ocrx_word' id='word_1_140' title='bbox 676 2058 841 2114; x_wconf 88' lang='lat' dir='ltr'><strong>vitam</strong></span> <span class='ocrx_word' id='word_1_141' title='bbox 886 2062 1111 2133; x_wconf 89' lang='lat' dir='ltr'><strong>rediret,</strong></span> <span class='ocrx_word' id='word_1_142' title='bbox 1156 2073 1214 2121; x_wconf 88' lang='lat' dir='ltr'><strong>ut</strong></span> <span class='ocrx_word' id='word_1_143' title='bbox 1247 2067 1427 2123; x_wconf 89' lang='lat' dir='ltr'><strong>missis</strong></span> <span class='ocrx_word' id='word_1_144' title='bbox 1453 2070 1647 2144; x_wconf 78' lang='lat' dir='ltr'><strong>legatis</strong></span> <span class='ocrx_word' id='word_1_145' title='bbox 1678 2073 1859 2143; x_wconf 89' lang='lat' dir='ltr'><strong>sepul-</strong></span> 
     </span>
    </p>
   </div>
   <div class='ocr_carea' id='block_1_21' title="bbox 244 2151 1854 2222">
    <p class='ocr_par' dir='ltr' id='par_1_21' title="bbox 244 2151 1854 2222">
     <span class='ocr_line' id='line_1_21' title="bbox 244 2151 1854 2222; baseline 0.014 -22"><span class='ocrx_word' id='word_1_146' title='bbox 244 2162 398 2201; x_wconf 92' lang='lat' dir='ltr'><strong>crum</strong></span> <span class='ocrx_word' id='word_1_147' title='bbox 447 2151 622 2205; x_wconf 90' lang='lat' dir='ltr'><strong>sancti</strong></span> <span class='ocrx_word' id='word_1_148' title='bbox 673 2151 909 2210; x_wconf 90' lang='lat' dir='ltr'><strong>Udalrici</strong></span> <span class='ocrx_word' id='word_1_149' title='bbox 953 2171 1077 2212; x_wconf 93' lang='lat' dir='ltr'><strong>cum</strong></span> <span class='ocrx_word' id='word_1_150' title='bbox 1134 2160 1508 2218; x_wconf 88' lang='lat' dir='ltr'><strong>oblationibus</strong></span> <span class='ocrx_word' id='word_1_151' title='bbox 1553 2166 1854 2222; x_wconf 90' lang='lat' dir='ltr'><strong>visitarent.</strong></span> 
     </span>
    </p>
   </div>
   <div class='ocr_carea' id='block_1_22' title="bbox 248 2238 1857 2324">
    <p class='ocr_par' dir='ltr' id='par_1_22' title="bbox 248 2238 1857 2324">
     <span class='ocr_line' id='line_1_22' title="bbox 248 2238 1857 2324; baseline 0.014 -33"><span class='ocrx_word' id='word_1_152' title='bbox 248 2238 454 2294; x_wconf 83' lang='lat' dir='ltr'><strong>Eodem</strong></span> <span class='ocrx_word' id='word_1_153' title='bbox 495 2256 628 2297; x_wconf 87' lang='lat' dir='ltr'><strong>vero</strong></span> <span class='ocrx_word' id='word_1_154' title='bbox 676 2243 767 2298; x_wconf 92' lang='lat' dir='ltr'><strong>die</strong></span> <span class='ocrx_word' id='word_1_155' title='bbox 817 2244 962 2301; x_wconf 86' lang='lat' dir='ltr'><strong>ﬁlius</strong></span> <span class='ocrx_word' id='word_1_156' title='bbox 1001 2248 1161 2304; x_wconf 90' lang='lat' dir='ltr'><strong>ducis</strong></span> <span class='ocrx_word' id='word_1_157' title='bbox 1200 2267 1498 2309; x_wconf 90' lang='lat' dir='ltr'><strong>conversus</strong></span> <span class='ocrx_word' id='word_1_158' title='bbox 1548 2257 1616 2310; x_wconf 91' lang='lat' dir='ltr'><strong>ad</strong></span> <span class='ocrx_word' id='word_1_159' title='bbox 1668 2258 1857 2324; x_wconf 88' lang='lat' dir='ltr'><strong>vitam,</strong></span> 
     </span>
    </p>
   </div>
   <div class='ocr_carea' id='block_1_23' title="bbox 244 2332 1858 2416">
    <p class='ocr_par' dir='ltr' id='par_1_23' title="bbox 244 2332 1858 2416">
     <span class='ocr_line' id='line_1_23' title="bbox 244 2332 1858 2416; baseline 0.013 -32"><span class='ocrx_word' id='word_1_160' title='bbox 244 2332 683 2389; x_wconf 87' lang='lat' dir='ltr'><strong>consolationem</strong></span> <span class='ocrx_word' id='word_1_161' title='bbox 737 2338 878 2407; x_wconf 90' lang='lat' dir='ltr'><strong>patri</strong></span> <span class='ocrx_word' id='word_1_162' title='bbox 946 2356 1057 2395; x_wconf 93' lang='lat' dir='ltr'><strong>non</strong></span> <span class='ocrx_word' id='word_1_163' title='bbox 1116 2344 1400 2400; x_wconf 87' lang='lat' dir='ltr'><strong>minimam</strong></span> <span class='ocrx_word' id='word_1_164' title='bbox 1470 2347 1688 2403; x_wconf 91' lang='lat' dir='ltr'><strong>obtulit.</strong></span> <span class='ocrx_word' id='word_1_165' title='bbox 1758 2349 1858 2416; x_wconf 85' lang='lat' dir='ltr'><strong>Qui</strong></span> 
     </span>
    </p>
   </div>
   <div class='ocr_carea' id='block_1_24' title="bbox 241 2426 1862 2505">
    <p class='ocr_par' dir='ltr' id='par_1_24' title="bbox 241 2426 1862 2505">
     <span class='ocr_line' id='line_1_24' title="bbox 241 2426 1862 2505; baseline 0.014 -29"><span class='ocrx_word' id='word_1_166' title='bbox 241 2435 585 2494; x_wconf 86' lang='lat' dir='ltr'><strong>cognoscens</strong></span> <span class='ocrx_word' id='word_1_167' title='bbox 609 2426 1042 2486; x_wconf 90' lang='lat' dir='ltr'><strong>misericordiam</strong></span> <span class='ocrx_word' id='word_1_168' title='bbox 1084 2434 1177 2488; x_wconf 91' lang='lat' dir='ltr'><strong>Dei</strong></span> <span class='ocrx_word' id='word_1_169' title='bbox 1220 2436 1274 2490; x_wconf 93' lang='lat' dir='ltr'><strong>in</strong></span> <span class='ocrx_word' id='word_1_170' title='bbox 1317 2435 1451 2505; x_wconf 87' lang='lat' dir='ltr'><strong>filio,</strong></span> <span class='ocrx_word' id='word_1_171' title='bbox 1490 2442 1720 2496; x_wconf 89' lang='lat' dir='ltr'><strong>nuntios</strong></span> <span class='ocrx_word' id='word_1_172' title='bbox 1746 2451 1862 2498; x_wconf 88' lang='lat' dir='ltr'><strong>sta-</strong></span> 
     </span>
    </p>
   </div>
   <div class='ocr_carea' id='block_1_25' title="bbox 242 2512 1857 2597">
    <p class='ocr_par' dir='ltr' id='par_1_25' title="bbox 242 2512 1857 2597">
     <span class='ocr_line' id='line_1_25' title="bbox 242 2512 1857 2597; baseline 0.015 -30"><span class='ocrx_word' id='word_1_173' title='bbox 242 2512 337 2567; x_wconf 88' lang='lat' dir='ltr'><strong>tim</strong></span> <span class='ocrx_word' id='word_1_174' title='bbox 368 2516 586 2572; x_wconf 88' lang='lat' dir='ltr'><strong>mittere</strong></span> <span class='ocrx_word' id='word_1_175' title='bbox 614 2524 667 2572; x_wconf 86' lang='lat' dir='ltr'><strong>et</strong></span> <span class='ocrx_word' id='word_1_176' title='bbox 709 2529 895 2575; x_wconf 89' lang='lat' dir='ltr'><strong>votum</strong></span> <span class='ocrx_word' id='word_1_177' title='bbox 937 2523 1058 2591; x_wconf 89' lang='lat' dir='ltr'><strong>ejus</strong></span> <span class='ocrx_word' id='word_1_178' title='bbox 1093 2523 1327 2596; x_wconf 87' lang='lat' dir='ltr'><strong>implere</strong></span> <span class='ocrx_word' id='word_1_179' title='bbox 1357 2530 1586 2586; x_wconf 90' lang='lat' dir='ltr'><strong>studuit.</strong></span> <span class='ocrx_word' id='word_1_180' title='bbox 1623 2532 1723 2597; x_wconf 85' lang='lat' dir='ltr'><strong>Qui</strong></span> <span class='ocrx_word' id='word_1_181' title='bbox 1756 2553 1857 2592; x_wconf 84' lang='lat' dir='ltr'><strong>ve-</strong></span> 
     </span>
    </p>
   </div>
   <div class='ocr_carea' id='block_1_26' title="bbox 162 2578 1861 2698">
    <p class='ocr_par' dir='ltr' id='par_1_26' title="bbox 162 2578 1861 2698">
     <span class='ocr_line' id='line_1_26' title="bbox 162 2578 1861 2698; baseline 0.017 -42"><span class='ocrx_word' id='word_1_182' title='bbox 162 2578 171 2584; x_wconf 27' lang='lat'><strong><em>.</em></strong></span> <span class='ocrx_word' id='word_1_183' title='bbox 240 2604 460 2660; x_wconf 90' lang='lat' dir='ltr'><strong>nientes</strong></span> <span class='ocrx_word' id='word_1_184' title='bbox 493 2607 561 2662; x_wconf 89' lang='lat' dir='ltr'><strong>ad</strong></span> <span class='ocrx_word' id='word_1_185' title='bbox 591 2610 905 2679; x_wconf 86' lang='lat' dir='ltr'><strong>sepulcrum</strong></span> <span class='ocrx_word' id='word_1_186' title='bbox 937 2578 1259 2674; x_wconf 73' lang='lat' dir='ltr'><strong>obtulerunt</strong></span> <span class='ocrx_word' id='word_1_187' title='bbox 1289 2637 1319 2673; x_wconf 87' lang='lat' dir='ltr'><strong>v</strong></span> <span class='ocrx_word' id='word_1_188' title='bbox 1360 2620 1530 2678; x_wconf 90' lang='lat' dir='ltr'><strong>libras</strong></span> <span class='ocrx_word' id='word_1_189' title='bbox 1567 2629 1778 2698; x_wconf 77' lang='lat' dir='ltr'><strong>argenti</strong></span> <span class='ocrx_word' id='word_1_190' title='bbox 1803 2637 1861 2685; x_wconf 90' lang='lat' dir='ltr'><strong>et</strong></span> 
     </span>
    </p>
   </div>
   <div class='ocr_carea' id='block_1_27' title="bbox 247 2700 1860 2785">
    <p class='ocr_par' dir='ltr' id='par_1_27' title="bbox 247 2700 1860 2785">
     <span class='ocr_line' id='line_1_27' title="bbox 247 2700 1860 2785; baseline 0.017 -37"><span class='ocrx_word' id='word_1_191' title='bbox 247 2711 449 2753; x_wconf 89' lang='lat' dir='ltr'><strong>aureos</strong></span> <span class='ocrx_word' id='word_1_192' title='bbox 495 2714 657 2769; x_wconf 88' lang='lat' dir='ltr'><strong>quam</strong></span> <span class='ocrx_word' id='word_1_193' title='bbox 686 2700 975 2771; x_wconf 89' lang='lat' dir='ltr'><strong>plurimos,</strong></span> <span class='ocrx_word' id='word_1_194' title='bbox 1031 2714 1087 2762; x_wconf 86' lang='lat' dir='ltr'><strong>et</strong></span> <span class='ocrx_word' id='word_1_195' title='bbox 1141 2709 1210 2765; x_wconf 77' lang='lat' dir='ltr'><strong>de</strong></span> <span class='ocrx_word' id='word_1_196' title='bbox 1248 2727 1373 2766; x_wconf 86' lang='lat' dir='ltr'><strong>cera</strong></span> <span class='ocrx_word' id='word_1_197' title='bbox 1401 2723 1664 2785; x_wconf 90' lang='lat' dir='ltr'><strong>quantum</strong></span> <span class='ocrx_word' id='word_1_198' title='bbox 1717 2735 1860 2775; x_wconf 92' lang='lat' dir='ltr'><strong>unus</strong></span> 
     </span>
    </p>
   </div>
   <div class='ocr_carea' id='block_1_28' title="bbox 244 2786 1855 2880">
    <p class='ocr_par' dir='ltr' id='par_1_28' title="bbox 244 2786 1855 2880">
     <span class='ocr_line' id='line_1_28' title="bbox 244 2786 1855 2880; baseline 0.015 -40"><span class='ocrx_word' id='word_1_199' title='bbox 244 2786 401 2842; x_wconf 85' lang='lat' dir='ltr'><strong>fortis</strong></span> <span class='ocrx_word' id='word_1_200' title='bbox 428 2790 735 2846; x_wconf 90' lang='lat' dir='ltr'><strong>saumarius</strong></span> <span class='ocrx_word' id='word_1_201' title='bbox 773 2803 990 2863; x_wconf 84' lang='lat' dir='ltr'><strong>portare</strong></span> <span class='ocrx_word' id='word_1_202' title='bbox 1041 2801 1246 2868; x_wconf 86' lang='lat' dir='ltr'><strong>potuit;</strong></span> <span class='ocrx_word' id='word_1_203' title='bbox 1280 2810 1455 2859; x_wconf 89' lang='lat' dir='ltr'><strong>mater</strong></span> <span class='ocrx_word' id='word_1_204' title='bbox 1485 2807 1647 2861; x_wconf 90' lang='lat' dir='ltr'><strong>etiam</strong></span> <span class='ocrx_word' id='word_1_205' title='bbox 1699 2810 1855 2880; x_wconf 91' lang='lat' dir='ltr'><strong>pueri</strong></span> 
     </span>
    </p>
   </div>
   <div class='ocr_carea' id='block_1_29' title="bbox 242 2883 1859 2970">
    <p class='ocr_par' dir='ltr' id='par_1_29' title="bbox 242 2883 1859 2970">
     <span class='ocr_line' id='line_1_29' title="bbox 242 2883 1859 2970; baseline 0.016 -41"><span class='ocrx_word' id='word_1_206' title='bbox 242 2890 491 2931; x_wconf 86' lang='lat' dir='ltr'><strong>seorsum</strong></span> <span class='ocrx_word' id='word_1_207' title='bbox 522 2893 817 2936; x_wconf 90' lang='lat' dir='ltr'><strong>aureorum</strong></span> <span class='ocrx_word' id='word_1_208' title='bbox 862 2883 1212 2943; x_wconf 90' lang='lat' dir='ltr'><strong>denariorum</strong></span> <span class='ocrx_word' id='word_1_209' title='bbox 1255 2890 1455 2948; x_wconf 84' lang='lat' dir='ltr'><strong>bonam</strong></span> <span class='ocrx_word' id='word_1_210' title='bbox 1500 2903 1709 2965; x_wconf 88' lang='lat' dir='ltr'><strong>partem</strong></span> <span class='ocrx_word' id='word_1_211' title='bbox 1759 2915 1859 2970; x_wconf 89' lang='lat' dir='ltr'><strong>pro</strong></span> 
     </span>
    </p>
   </div>
   <div class='ocr_carea' id='block_1_30' title="bbox 248 2965 1861 3048">
    <p class='ocr_par' dir='ltr' id='par_1_30' title="bbox 248 2965 1861 3048">
     <span class='ocr_line' id='line_1_30' title="bbox 248 2965 1861 3048; baseline 0.016 -27"><span class='ocrx_word' id='word_1_212' title='bbox 248 2965 361 3023; x_wconf 82' lang='lat' dir='ltr'><strong>tilio</strong></span> <span class='ocrx_word' id='word_1_213' title='bbox 394 2968 556 3025; x_wconf 88' lang='lat' dir='ltr'><strong>misit.</strong></span> <span class='ocrx_word' id='word_1_214' title='bbox 612 2971 795 3044; x_wconf 80' lang='lat' dir='ltr'><strong>Legati</strong></span> <span class='ocrx_word' id='word_1_215' title='bbox 846 2975 1013 3032; x_wconf 92' lang='lat' dir='ltr'><strong>etiam</strong></span> <span class='ocrx_word' id='word_1_216' title='bbox 1055 2979 1225 3038; x_wconf 89' lang='lat' dir='ltr'><strong>altare</strong></span> <span class='ocrx_word' id='word_1_217' title='bbox 1256 2984 1469 3042; x_wconf 70' lang='lat' dir='ltr'><strong>Sanctae</strong></span> <span class='ocrx_word' id='word_1_218' title='bbox 1520 2986 1698 3044; x_wconf 66' lang='lat' dir='ltr'><strong>Mariae</strong></span> <span class='ocrx_word' id='word_1_219' title='bbox 1738 2965 1861 3048; x_wconf 82' lang='lat' dir='ltr'><strong>cum</strong></span> 
     </span>
    </p>
   </div>
   <div class='ocr_carea' id='block_1_31' title="bbox 246 3060 1861 3149">
    <p class='ocr_par' dir='ltr' id='par_1_31' title="bbox 246 3060 1861 3149">
     <span class='ocr_line' id='line_1_31' title="bbox 246 3060 1861 3149; baseline 0.016 -38"><span class='ocrx_word' id='word_1_220' title='bbox 246 3073 380 3113; x_wconf 88' lang='lat' dir='ltr'><strong>auro</strong></span> <span class='ocrx_word' id='word_1_221' title='bbox 410 3066 465 3114; x_wconf 89' lang='lat' dir='ltr'><strong>et</strong></span> <span class='ocrx_word' id='word_1_222' title='bbox 493 3060 617 3115; x_wconf 89' lang='lat' dir='ltr'><strong>aliis</strong></span> <span class='ocrx_word' id='word_1_223' title='bbox 643 3062 1037 3136; x_wconf 87' lang='lat' dir='ltr'><strong>oblationibus,</strong></span> <span class='ocrx_word' id='word_1_224' title='bbox 1080 3070 1221 3127; x_wconf 89' lang='lat' dir='ltr'><strong>sicut</strong></span> <span class='ocrx_word' id='word_1_225' title='bbox 1250 3074 1333 3130; x_wconf 93' lang='lat' dir='ltr'><strong>eis</strong></span> <span class='ocrx_word' id='word_1_226' title='bbox 1370 3088 1707 3149; x_wconf 75' lang='lat' dir='ltr'><strong>praeceptum</strong></span> <span class='ocrx_word' id='word_1_227' title='bbox 1757 3088 1861 3149; x_wconf 85' lang='lat' dir='ltr'><strong>est,</strong></span> 
     </span>
    </p>
   </div>
   <div class='ocr_carea' id='block_1_32' title="bbox 245 3242 1857 3321">
    <p class='ocr_par' dir='ltr' id='par_1_32' title="bbox 245 3242 1857 3321">
     <span class='ocr_line' id='line_1_32' title="bbox 245 3242 1857 3321; baseline 0.018 -33"><span class='ocrx_word' id='word_1_228' title='bbox 245 3242 304 3289; x_wconf 91' lang='lat' dir='ltr'><strong>et</strong></span> <span class='ocrx_word' id='word_1_229' title='bbox 352 3247 709 3295; x_wconf 89' lang='lat' dir='ltr'><strong>narraverunt</strong></span> <span class='ocrx_word' id='word_1_230' title='bbox 740 3258 839 3311; x_wconf 93' lang='lat' dir='ltr'><strong>pro</strong></span> <span class='ocrx_word' id='word_1_231' title='bbox 880 3260 990 3315; x_wconf 85' lang='lat' dir='ltr'><strong>qua</strong></span> <span class='ocrx_word' id='word_1_232' title='bbox 1020 3263 1076 3302; x_wconf 91' lang='lat' dir='ltr'><strong>re</strong></span> <span class='ocrx_word' id='word_1_233' title='bbox 1104 3250 1254 3306; x_wconf 89' lang='lat' dir='ltr'><strong>missi</strong></span> <span class='ocrx_word' id='word_1_234' title='bbox 1286 3262 1433 3321; x_wconf 91' lang='lat' dir='ltr'><strong>sunt,</strong></span> <span class='ocrx_word' id='word_1_235' title='bbox 1476 3257 1725 3314; x_wconf 85' lang='lat' dir='ltr'><strong>dicentes</strong></span> <span class='ocrx_word' id='word_1_236' title='bbox 1756 3276 1857 3315; x_wconf 89' lang='lat' dir='ltr'><strong>an-</strong></span> 
     </span>
    </p>
   </div>
   <div class='ocr_carea' id='block_1_33' title="bbox 245 3327 1856 3408">
    <p class='ocr_par' dir='ltr' id='par_1_33' title="bbox 245 3327 1856 3408">
     <span class='ocr_line' id='line_1_33' title="bbox 245 3327 1856 3408; baseline 0.017 -31"><span class='ocrx_word' id='word_1_237' title='bbox 245 3332 469 3395; x_wconf 88' lang='lat' dir='ltr'><strong>tequam</strong></span> <span class='ocrx_word' id='word_1_238' title='bbox 496 3327 604 3398; x_wconf 90' lang='lat' dir='ltr'><strong>ipsi</strong></span> <span class='ocrx_word' id='word_1_239' title='bbox 633 3329 848 3387; x_wconf 86' lang='lat' dir='ltr'><strong>exirent</strong></span> <span class='ocrx_word' id='word_1_240' title='bbox 873 3334 942 3388; x_wconf 93' lang='lat' dir='ltr'><strong>de</strong></span> <span class='ocrx_word' id='word_1_241' title='bbox 983 3351 1082 3391; x_wconf 90' lang='lat' dir='ltr'><strong>sua</strong></span> <span class='ocrx_word' id='word_1_242' title='bbox 1114 3341 1414 3408; x_wconf 85' lang='lat' dir='ltr'><strong>provincia,</strong></span> <span class='ocrx_word' id='word_1_243' title='bbox 1459 3353 1516 3400; x_wconf 92' lang='lat' dir='ltr'><strong>ut</strong></span> <span class='ocrx_word' id='word_1_244' title='bbox 1546 3346 1718 3402; x_wconf 87' lang='lat' dir='ltr'><strong>ﬁlium</strong></span> <span class='ocrx_word' id='word_1_245' title='bbox 1752 3351 1856 3405; x_wconf 88' lang='lat' dir='ltr'><strong>do-</strong></span> 
     </span>
    </p>
   </div>
   <div class='ocr_carea' id='block_1_34' title="bbox 245 3415 1569 3491">
    <p class='ocr_par' dir='ltr' id='par_1_34' title="bbox 245 3415 1569 3491">
     <span class='ocr_line' id='line_1_34' title="bbox 245 3415 1569 3491; baseline 0.017 -24"><span class='ocrx_word' id='word_1_246' title='bbox 245 3415 379 3469; x_wconf 90' lang='lat' dir='ltr'><strong>mini</strong></span> <span class='ocrx_word' id='word_1_247' title='bbox 412 3418 885 3478; x_wconf 85' lang='lat' dir='ltr'><strong>suiambulantem</strong></span> <span class='ocrx_word' id='word_1_248' title='bbox 914 3433 969 3481; x_wconf 93' lang='lat' dir='ltr'><strong>et</strong></span> <span class='ocrx_word' id='word_1_249' title='bbox 984 3443 1176 3484; x_wconf 91' lang='lat' dir='ltr'><strong>sanum</strong></span> <span class='ocrx_word' id='word_1_250' title='bbox 1210 3432 1569 3491; x_wconf 88' lang='lat' dir='ltr'><strong>dimitterent.</strong></span> 
     </span>
    </p>
   </div>
   <div class='ocr_carea' id='block_1_35' title="bbox 317 3507 1853 3595">
    <p class='ocr_par' dir='ltr' id='par_1_35' title="bbox 317 3507 1853 3595">
     <span class='ocr_line' id='line_1_35' title="bbox 317 3507 1853 3595; baseline 0.018 -35"><span class='ocrx_word' id='word_1_251' title='bbox 317 3507 451 3563; x_wconf 85' lang='lat' dir='ltr'><strong>XXI.</strong></span> <span class='ocrx_word' id='word_1_252' title='bbox 510 3510 627 3566; x_wconf 81' lang='lat' dir='ltr'><strong>Alio</strong></span> <span class='ocrx_word' id='word_1_253' title='bbox 672 3529 890 3586; x_wconf 89' lang='lat' dir='ltr'><strong>quoque</strong></span> <span class='ocrx_word' id='word_1_254' title='bbox 946 3524 1195 3590; x_wconf 89' lang='lat' dir='ltr'><strong>tempore</strong></span> <span class='ocrx_word' id='word_1_255' title='bbox 1251 3525 1473 3595; x_wconf 89' lang='lat' dir='ltr'><strong>quidam</strong></span> <span class='ocrx_word' id='word_1_256' title='bbox 1530 3528 1638 3584; x_wconf 86' lang='lat' dir='ltr'><strong>dux</strong></span> <span class='ocrx_word' id='word_1_257' title='bbox 1704 3532 1853 3587; x_wconf 87' lang='lat' dir='ltr'><strong>Van-</strong></span> 
     </span>
    </p>
   </div>
   <div class='ocr_carea' id='block_1_36' title="bbox 240 3597 1855 3688">
    <p class='ocr_par' dir='ltr' id='par_1_36' title="bbox 240 3597 1855 3688">
     <span class='ocr_line' id='line_1_36' title="bbox 240 3597 1855 3688; baseline 0.017 -37"><span class='ocrx_word' id='word_1_258' title='bbox 240 3597 494 3653; x_wconf 87' lang='lat' dir='ltr'><strong>dalorum</strong></span> <span class='ocrx_word' id='word_1_259' title='bbox 536 3600 554 3670; x_wconf 87' lang='lat'>(</span> <span class='ocrx_word' id='word_1_260' title='bbox 573 3600 682 3673; x_wconf 76' lang='lat'><strong>65)</strong></span> <span class='ocrx_word' id='word_1_261' title='bbox 726 3604 949 3662; x_wconf 81' lang='lat' dir='ltr'><strong>Misicho</strong></span> <span class='ocrx_word' id='word_1_262' title='bbox 984 3625 1108 3665; x_wconf 91' lang='lat' dir='ltr'><strong>cum</strong></span> <span class='ocrx_word' id='word_1_263' title='bbox 1140 3615 1337 3688; x_wconf 83' lang='lat' dir='ltr'><strong>sagitta</strong></span> <span class='ocrx_word' id='word_1_264' title='bbox 1367 3617 1603 3675; x_wconf 89' lang='lat' dir='ltr'><strong>toxicata</strong></span> <span class='ocrx_word' id='word_1_265' title='bbox 1632 3620 1689 3675; x_wconf 92' lang='lat' dir='ltr'><strong>in</strong></span> <span class='ocrx_word' id='word_1_266' title='bbox 1731 3622 1855 3678; x_wconf 88' lang='lat' dir='ltr'><strong>bra-</strong></span> 
     </span>
    </p>
   </div>
   <div class='ocr_carea' id='block_1_37' title="bbox 241 3685 1857 3769">
    <p class='ocr_par' dir='ltr' id='par_1_37' title="bbox 241 3685 1857 3769">
     <span class='ocr_line' id='line_1_37' title="bbox 241 3685 1857 3769; baseline 0.019 -32"><span class='ocrx_word' id='word_1_267' title='bbox 241 3685 371 3741; x_wconf 90' lang='lat' dir='ltr'><strong>chio</strong></span> <span class='ocrx_word' id='word_1_268' title='bbox 398 3686 715 3745; x_wconf 86' lang='lat' dir='ltr'><strong>vulneratus</strong></span> <span class='ocrx_word' id='word_1_269' title='bbox 771 3699 869 3750; x_wconf 90' lang='lat' dir='ltr'><strong>est.</strong></span> <span class='ocrx_word' id='word_1_270' title='bbox 900 3696 999 3760; x_wconf 85' lang='lat' dir='ltr'><strong>Qui</strong></span> <span class='ocrx_word' id='word_1_271' title='bbox 1044 3714 1167 3755; x_wconf 89' lang='lat' dir='ltr'><strong>cum</strong></span> <span class='ocrx_word' id='word_1_272' title='bbox 1200 3685 1430 3760; x_wconf 75' lang='lat' dir='ltr'><strong>sentiret</strong></span> <span class='ocrx_word' id='word_1_273' title='bbox 1477 3723 1601 3763; x_wconf 85' lang='lat' dir='ltr'><strong>sese</strong></span> <span class='ocrx_word' id='word_1_274' title='bbox 1643 3725 1857 3769; x_wconf 90' lang='lat' dir='ltr'><strong>veneno</strong></span> 
     </span>
    </p>
   </div>
   <div class='ocr_carea' id='block_1_38' title="bbox 245 3776 1860 3859">
    <p class='ocr_par' dir='ltr' id='par_1_38' title="bbox 245 3776 1860 3859">
     <span class='ocr_line' id='line_1_38' title="bbox 245 3776 1860 3859; baseline 0.019 -30"><span class='ocrx_word' id='word_1_275' title='bbox 245 3776 441 3832; x_wconf 89' lang='lat' dir='ltr'><strong>nocivo</strong></span> <span class='ocrx_word' id='word_1_276' title='bbox 497 3794 620 3835; x_wconf 91' lang='lat' dir='ltr'><strong>esse</strong></span> <span class='ocrx_word' id='word_1_277' title='bbox 673 3798 1018 3857; x_wconf 87' lang='lat' dir='ltr'><strong>percussum,</strong></span> <span class='ocrx_word' id='word_1_278' title='bbox 1052 3799 1106 3845; x_wconf 89' lang='lat' dir='ltr'><strong>et</strong></span> <span class='ocrx_word' id='word_1_279' title='bbox 1159 3793 1263 3849; x_wconf 88' lang='lat' dir='ltr'><strong>sibi</strong></span> <span class='ocrx_word' id='word_1_280' title='bbox 1320 3796 1610 3854; x_wconf 89' lang='lat' dir='ltr'><strong>imminere</strong></span> <span class='ocrx_word' id='word_1_281' title='bbox 1667 3804 1860 3859; x_wconf 91' lang='lat' dir='ltr'><strong>mortis</strong></span> 
     </span>
    </p>
   </div>
   <div class='ocr_carea' id='block_1_39' title="bbox 242 3863 1859 3962">
    <p class='ocr_par' dir='ltr' id='par_1_39' title="bbox 242 3863 1859 3962">
     <span class='ocr_line' id='line_1_39' title="bbox 242 3863 1859 3962; baseline 0.02 -46"><span class='ocrx_word' id='word_1_282' title='bbox 242 3863 528 3921; x_wconf 88' lang='lat' dir='ltr'><strong>interitum</strong></span> <span class='ocrx_word' id='word_1_283' title='bbox 573 3870 765 3926; x_wconf 86' lang='lat' dir='ltr'><strong>eadem</strong></span> <span class='ocrx_word' id='word_1_284' title='bbox 816 3874 951 3931; x_wconf 78' lang='lat' dir='ltr'><strong>liora</strong></span> <span class='ocrx_word' id='word_1_285' title='bbox 992 3887 1230 3952; x_wconf 87' lang='lat' dir='ltr'><strong>putaret,</strong></span> <span class='ocrx_word' id='word_1_286' title='bbox 1263 3899 1384 3939; x_wconf 90' lang='lat' dir='ltr'><strong>cum</strong></span> <span class='ocrx_word' id='word_1_287' title='bbox 1420 3903 1616 3962; x_wconf 87' lang='lat' dir='ltr'><strong>magna</strong></span> <span class='ocrx_word' id='word_1_288' title='bbox 1658 3890 1766 3947; x_wconf 78' lang='lat' dir='ltr'><strong>fide</strong></span> <span class='ocrx_word' id='word_1_289' title='bbox 1805 3900 1859 3948; x_wconf 91' lang='lat' dir='ltr'><strong>et</strong></span> 
     </span>
    </p>
   </div>
   <div class='ocr_carea' id='block_1_40' title="bbox 240 3961 1855 4060">
    <p class='ocr_par' dir='ltr' id='par_1_40' title="bbox 240 3961 1855 4060">
     <span class='ocr_line' id='line_1_40' title="bbox 240 3961 1855 4060; baseline 0.021 -50"><span class='ocrx_word' id='word_1_290' title='bbox 240 3961 549 4016; x_wconf 86' lang='lat' dir='ltr'><strong>constantia</strong></span> <span class='ocrx_word' id='word_1_291' title='bbox 612 3971 796 4020; x_wconf 91' lang='lat' dir='ltr'><strong>votum</strong></span> <span class='ocrx_word' id='word_1_292' title='bbox 856 3971 1027 4039; x_wconf 88' lang='lat' dir='ltr'><strong>vovit,</strong></span> <span class='ocrx_word' id='word_1_293' title='bbox 1080 3982 1139 4029; x_wconf 92' lang='lat' dir='ltr'><strong>ut</strong></span> <span class='ocrx_word' id='word_1_294' title='bbox 1189 3975 1484 4036; x_wconf 84' lang='lat' dir='ltr'><strong>brachium</strong></span> <span class='ocrx_word' id='word_1_295' title='bbox 1534 3996 1855 4060; x_wconf 88' lang='lat' dir='ltr'><strong>argenteum</strong></span> 
     </span>
    </p>
   </div>
   <div class='ocr_carea' id='block_1_41' title="bbox 239 4060 1853 4137">
    <p class='ocr_par' dir='ltr' id='par_1_41' title="bbox 239 4060 1853 4137">
     <span class='ocr_line' id='line_1_41' title="bbox 239 4060 1853 4137; baseline 0.022 -35"><span class='ocrx_word' id='word_1_296' title='bbox 239 4063 366 4104; x_wconf 90' lang='lat' dir='ltr'><strong>cum</strong></span> <span class='ocrx_word' id='word_1_297' title='bbox 386 4067 573 4120; x_wconf 86' lang='lat' dir='ltr'><strong>manu,</strong></span> <span class='ocrx_word' id='word_1_298' title='bbox 596 4060 926 4127; x_wconf 89' lang='lat' dir='ltr'><strong>quantocius</strong></span> <span class='ocrx_word' id='word_1_299' title='bbox 946 4065 1239 4137; x_wconf 91' lang='lat' dir='ltr'><strong>potuisset,</strong></span> <span class='ocrx_word' id='word_1_300' title='bbox 1270 4071 1341 4125; x_wconf 92' lang='lat' dir='ltr'><strong>ad</strong></span> <span class='ocrx_word' id='word_1_301' title='bbox 1362 4081 1613 4132; x_wconf 90' lang='lat' dir='ltr'><strong>sanctum</strong></span> <span class='ocrx_word' id='word_1_302' title='bbox 1640 4079 1853 4135; x_wconf 90' lang='lat' dir='ltr'><strong>Udalri-</strong></span> 
     </span>
    </p>
   </div>
   <div class='ocr_carea' id='block_1_42' title="bbox 239 4141 1848 4236">
    <p class='ocr_par' dir='ltr' id='par_1_42' title="bbox 239 4141 1848 4236">
     <span class='ocr_line' id='line_1_42' title="bbox 239 4141 1848 4236; baseline 0.022 -46"><span class='ocrx_word' id='word_1_303' title='bbox 239 4152 366 4192; x_wconf 89' lang='lat' dir='ltr'><strong>cum</strong></span> <span class='ocrx_word' id='word_1_304' title='bbox 416 4141 633 4198; x_wconf 91' lang='lat' dir='ltr'><strong>mittere</strong></span> <span class='ocrx_word' id='word_1_305' title='bbox 676 4161 787 4202; x_wconf 90' lang='lat' dir='ltr'><strong>non</strong></span> <span class='ocrx_word' id='word_1_306' title='bbox 829 4148 1093 4209; x_wconf 81' lang='lat' dir='ltr'><strong>differret.</strong></span> <span class='ocrx_word' id='word_1_307' title='bbox 1148 4156 1247 4222; x_wconf 86' lang='lat' dir='ltr'><strong>Qui</strong></span> <span class='ocrx_word' id='word_1_308' title='bbox 1287 4162 1469 4217; x_wconf 79' lang='lat' dir='ltr'><strong>statim</strong></span> <span class='ocrx_word' id='word_1_309' title='bbox 1508 4174 1631 4236; x_wconf 89' lang='lat' dir='ltr'><strong>post</strong></span> <span class='ocrx_word' id='word_1_310' title='bbox 1666 4174 1848 4224; x_wconf 90' lang='lat' dir='ltr'><strong>votum</strong></span> 
     </span>
    </p>
   </div>
   <div class='ocr_carea' id='block_1_43' title="bbox 241 4225 1855 4324">
    <p class='ocr_par' dir='ltr' id='par_1_43' title="bbox 241 4225 1855 4324">
     <span class='ocr_line' id='line_1_43' title="bbox 241 4225 1855 4324; baseline 0.024 -45"><span class='ocrx_word' id='word_1_311' title='bbox 241 4225 565 4285; x_wconf 86' lang='lat' dir='ltr'><strong>relevatusa</strong></span> <span class='ocrx_word' id='word_1_312' title='bbox 594 4234 842 4303; x_wconf 89' lang='lat' dir='ltr'><strong>periculo</strong></span> <span class='ocrx_word' id='word_1_313' title='bbox 880 4240 948 4294; x_wconf 90' lang='lat' dir='ltr'><strong>ad</strong></span> <span class='ocrx_word' id='word_1_314' title='bbox 981 4242 1205 4300; x_wconf 92' lang='lat' dir='ltr'><strong>domum</strong></span> <span class='ocrx_word' id='word_1_315' title='bbox 1234 4264 1392 4305; x_wconf 90' lang='lat' dir='ltr'><strong>suam</strong></span> <span class='ocrx_word' id='word_1_316' title='bbox 1424 4225 1606 4324; x_wconf 80' lang='lat' dir='ltr'><strong>rediit,</strong></span> <span class='ocrx_word' id='word_1_317' title='bbox 1638 4266 1692 4314; x_wconf 92' lang='lat' dir='ltr'><strong>et</strong></span> <span class='ocrx_word' id='word_1_318' title='bbox 1729 4260 1855 4316; x_wconf 82' lang='lat' dir='ltr'><strong>bra-</strong></span> 
     </span>
    </p>
   </div>
   <div class='ocr_carea' id='block_1_44' title="bbox 238 4315 1852 4422">
    <p class='ocr_par' dir='ltr' id='par_1_44' title="bbox 238 4315 1852 4422">
     <span class='ocr_line' id='line_1_44' title="bbox 238 4315 1852 4422; baseline 0.023 -52"><span class='ocrx_word' id='word_1_319' title='bbox 238 4315 426 4373; x_wconf 87' lang='lat' dir='ltr'><strong>chium</strong></span> <span class='ocrx_word' id='word_1_320' title='bbox 460 4325 766 4380; x_wconf 90' lang='lat' dir='ltr'><strong>secundum</strong></span> <span class='ocrx_word' id='word_1_321' title='bbox 808 4344 966 4385; x_wconf 91' lang='lat' dir='ltr'><strong>suum</strong></span> <span class='ocrx_word' id='word_1_322' title='bbox 994 4344 1181 4391; x_wconf 92' lang='lat' dir='ltr'><strong>votum</strong></span> <span class='ocrx_word' id='word_1_323' title='bbox 1212 4354 1545 4413; x_wconf 89' lang='lat' dir='ltr'><strong>componere</strong></span> <span class='ocrx_word' id='word_1_324' title='bbox 1576 4352 1852 4422; x_wconf 55' lang='lat' dir='ltr'><strong>praecpit.</strong></span> 
     </span>
     <span class='ocr_line' id='line_1_45' title="bbox 242 4402 936 4422; baseline 0.02 -8"><span class='ocrx_word' id='word_1_325' title='bbox 242 4402 311 4422; x_wconf 39' lang='grc' dir='ltr'><strong>ομ</strong></span> <span class='ocrx_word' id='word_1_326' title='bbox 545 4409 565 4422; x_wconf 78' lang='lat'><strong>.</strong></span> <span class='ocrx_word' id='word_1_327' title='bbox 597 4410 610 4422; x_wconf 89' lang='lat'><strong>.</strong></span> <span class='ocrx_word' id='word_1_328' title='bbox 665 4413 676 4422; x_wconf 94' lang='lat'><strong>.</strong></span> <span class='ocrx_word' id='word_1_329' title='bbox 753 4416 767 4422; x_wconf 90' lang='lat'><strong>-</strong></span> <span class='ocrx_word' id='word_1_330' title='bbox 885 4420 895 4422; x_wconf 41' lang='grc' dir='ltr'><strong><em>μ</em></strong></span> <span class='ocrx_word' id='word_1_331' title='bbox 928 4419 936 4422; x_wconf 84' lang='grc'><strong>-</strong></span> 
     </span>
    </p>
   </div>
   <div class='ocr_carea' id='block_1_45' title="bbox 239 4402 1853 4506">
    <p class='ocr_par' dir='ltr' id='par_1_45' title="bbox 239 4402 1853 4506">
     <span class='ocr_line' id='line_1_46' title="bbox 239 4402 1853 4506; baseline 0.025 -49"><span class='ocrx_word' id='word_1_332' title='bbox 239 4402 488 4478; x_wconf 86' lang='lat' dir='ltr'><strong>Cumque</strong></span> <span class='ocrx_word' id='word_1_333' title='bbox 539 4409 679 4467; x_wconf 87' lang='lat' dir='ltr'><strong>fabri</strong></span> <span class='ocrx_word' id='word_1_334' title='bbox 753 4416 1037 4476; x_wconf 90' lang='lat' dir='ltr'><strong>brachium</strong></span> <span class='ocrx_word' id='word_1_335' title='bbox 1087 4402 1353 4485; x_wconf 78' lang='lat' dir='ltr'><strong>fabricare</strong></span> <span class='ocrx_word' id='word_1_336' title='bbox 1427 4402 1853 4506; x_wconf 61' lang='lat' dir='ltr'><strong>cmpissent,ret</strong></span> 
     </span>
    </p>
   </div>
   <div class='ocr_carea' id='block_1_46' title="bbox 240 4498 1848 4585">
    <p class='ocr_par' dir='ltr' id='par_1_46' title="bbox 240 4498 1848 4585">
     <span class='ocr_line' id='line_1_47' title="bbox 240 4498 1848 4585; baseline 0.024 -38"><span class='ocrx_word' id='word_1_337' title='bbox 240 4508 464 4552; x_wconf 83' lang='lat' dir='ltr'><strong>manum</strong></span> <span class='ocrx_word' id='word_1_338' title='bbox 495 4498 552 4554; x_wconf 91' lang='lat' dir='ltr'><strong>in</strong></span> <span class='ocrx_word' id='word_1_339' title='bbox 578 4517 646 4557; x_wconf 91' lang='lat' dir='ltr'><strong>eo</strong></span> <span class='ocrx_word' id='word_1_340' title='bbox 671 4500 965 4579; x_wconf 81' lang='lat' dir='ltr'><strong>fingerent,</strong></span> <span class='ocrx_word' id='word_1_341' title='bbox 998 4512 1104 4567; x_wconf 86' lang='lat' dir='ltr'><strong>dux</strong></span> <span class='ocrx_word' id='word_1_342' title='bbox 1144 4519 1409 4576; x_wconf 91' lang='lat' dir='ltr'><strong>continuo</strong></span> <span class='ocrx_word' id='word_1_343' title='bbox 1439 4522 1509 4578; x_wconf 90' lang='lat' dir='ltr'><strong>de</strong></span> <span class='ocrx_word' id='word_1_344' title='bbox 1541 4525 1848 4585; x_wconf 89' lang='lat' dir='ltr'><strong>imminenti</strong></span> 
     </span>
    </p>
   </div>
   <div class='ocr_carea' id='block_1_47' title="bbox 237 4586 1848 4690">
    <p class='ocr_par' dir='ltr' id='par_1_47' title="bbox 237 4586 1848 4690">
     <span class='ocr_line' id='line_1_48' title="bbox 237 4586 1848 4690; baseline 0.024 -51"><span class='ocrx_word' id='word_1_345' title='bbox 237 4586 485 4655; x_wconf 88' lang='lat' dir='ltr'><strong>pericqu</strong></span> <span class='ocrx_word' id='word_1_346' title='bbox 516 4591 778 4651; x_wconf 87' lang='lat' dir='ltr'><strong>liberatus</strong></span> <span class='ocrx_word' id='word_1_347' title='bbox 807 4604 1063 4672; x_wconf 88' lang='lat' dir='ltr'><strong>surrexit,</strong></span> <span class='ocrx_word' id='word_1_348' title='bbox 1119 4608 1290 4665; x_wconf 91' lang='lat' dir='ltr'><strong>Deum</strong></span> <span class='ocrx_word' id='word_1_349' title='bbox 1324 4614 1553 4671; x_wconf 89' lang='lat' dir='ltr'><strong>laudans</strong></span> <span class='ocrx_word' id='word_1_350' title='bbox 1582 4622 1678 4690; x_wconf 90' lang='lat' dir='ltr'><strong>qui</strong></span> <span class='ocrx_word' id='word_1_351' title='bbox 1723 4638 1848 4678; x_wconf 90' lang='lat' dir='ltr'><strong>eum</strong></span> 
     </span>
    </p>
   </div>
   <div class='ocr_carea' id='block_1_48' title="bbox 239 4679 1850 4778">
    <p class='ocr_par' dir='ltr' id='par_1_48' title="bbox 239 4679 1850 4778">
     <span class='ocr_line' id='line_1_49' title="bbox 239 4679 1850 4778; baseline 0.025 -51"><span class='ocrx_word' id='word_1_352' title='bbox 239 4688 342 4742; x_wconf 88' lang='lat' dir='ltr'><strong>per</strong></span> <span class='ocrx_word' id='word_1_353' title='bbox 369 4679 564 4735; x_wconf 86' lang='lat' dir='ltr'><strong>merita</strong></span> <span class='ocrx_word' id='word_1_354' title='bbox 615 4684 703 4737; x_wconf 91' lang='lat' dir='ltr'><strong>sui</strong></span> <span class='ocrx_word' id='word_1_355' title='bbox 740 4689 913 4744; x_wconf 84' lang='lat' dir='ltr'><strong>sancti</strong></span> <span class='ocrx_word' id='word_1_356' title='bbox 968 4692 1213 4767; x_wconf 90' lang='lat' dir='ltr'><strong>episcopi</strong></span> <span class='ocrx_word' id='word_1_357' title='bbox 1259 4699 1329 4755; x_wconf 92' lang='lat' dir='ltr'><strong>de</strong></span> <span class='ocrx_word' id='word_1_358' title='bbox 1383 4705 1575 4760; x_wconf 91' lang='lat' dir='ltr'><strong>mortis</strong></span> <span class='ocrx_word' id='word_1_359' title='bbox 1604 4710 1850 4778; x_wconf 87' lang='lat' dir='ltr'><strong>periculo</strong></span> 
     </span>
    </p>
   </div>
   <div class='ocr_carea' id='block_1_49' title="bbox 237 4764 1854 4859">
    <p class='ocr_par' dir='ltr' id='par_1_49' title="bbox 237 4764 1854 4859">
     <span class='ocr_line' id='line_1_50' title="bbox 237 4764 1854 4859; baseline 0.026 -41"><span class='ocrx_word' id='word_1_360' title='bbox 237 4764 514 4840; x_wconf 87' lang='lat' dir='ltr'><strong>liberavit,</strong></span> <span class='ocrx_word' id='word_1_361' title='bbox 573 4780 760 4829; x_wconf 90' lang='lat' dir='ltr'><strong>votum</strong></span> <span class='ocrx_word' id='word_1_362' title='bbox 830 4795 990 4837; x_wconf 91' lang='lat' dir='ltr'><strong>suum</strong></span> <span class='ocrx_word' id='word_1_363' title='bbox 1034 4764 1347 4859; x_wconf 81' lang='lat' dir='ltr'><strong>perliciens,</strong></span> <span class='ocrx_word' id='word_1_364' title='bbox 1404 4764 1672 4856; x_wconf 76' lang='lat' dir='ltr'><strong>mittendo</strong></span> <span class='ocrx_word' id='word_1_365' title='bbox 1726 4801 1854 4858; x_wconf 87' lang='lat' dir='ltr'><strong>bra-</strong></span> 
     </span>
    </p>
   </div>
   <div class='ocr_carea' id='block_1_50' title="bbox 236 4856 1564 4954">
    <p class='ocr_par' dir='ltr' id='par_1_50' title="bbox 236 4856 1564 4954">
     <span class='ocr_line' id='line_1_51' title="bbox 236 4856 1564 4954; baseline 0.027 -45"><span class='ocrx_word' id='word_1_366' title='bbox 236 4856 423 4913; x_wconf 87' lang='lat' dir='ltr'><strong>chium</strong></span> <span class='ocrx_word' id='word_1_367' title='bbox 450 4877 572 4917; x_wconf 90' lang='lat' dir='ltr'><strong>cum</strong></span> <span class='ocrx_word' id='word_1_368' title='bbox 600 4882 767 4922; x_wconf 90' lang='lat' dir='ltr'><strong>manu</strong></span> <span class='ocrx_word' id='word_1_369' title='bbox 798 4871 867 4925; x_wconf 90' lang='lat' dir='ltr'><strong>ad</strong></span> <span class='ocrx_word' id='word_1_370' title='bbox 898 4874 999 4929; x_wconf 91' lang='lat' dir='ltr'><strong>viri</strong></span> <span class='ocrx_word' id='word_1_371' title='bbox 1026 4881 1199 4935; x_wconf 88' lang='lat' dir='ltr'><strong>sancti</strong></span> <span class='ocrx_word' id='word_1_372' title='bbox 1231 4886 1564 4954; x_wconf 89' lang='lat' dir='ltr'><strong>sepulcrum.</strong></span> 
     </span>
    </p>
   </div>
   <div class='ocr_carea' id='block_1_51' title="bbox 307 4947 1853 5048">
    <p class='ocr_par' dir='ltr' id='par_1_51' title="bbox 307 4947 1853 5048">
     <span class='ocr_line' id='line_1_52' title="bbox 307 4947 1853 5048; baseline 0.027 -48"><span class='ocrx_word' id='word_1_373' title='bbox 307 4947 465 5004; x_wconf 84' lang='lat' dir='ltr'><strong>xxu.</strong></span> <span class='ocrx_word' id='word_1_374' title='bbox 504 4954 761 5016; x_wconf 75' lang='lat' dir='ltr'><strong>Quaedam</strong></span> <span class='ocrx_word' id='word_1_375' title='bbox 802 4962 1002 5019; x_wconf 90' lang='lat' dir='ltr'><strong>mulier</strong></span> <span class='ocrx_word' id='word_1_376' title='bbox 1042 4968 1111 5023; x_wconf 93' lang='lat' dir='ltr'><strong>de</strong></span> <span class='ocrx_word' id='word_1_377' title='bbox 1142 4947 1389 5029; x_wconf 48' lang='lat' dir='ltr'><strong>Curie-nsi</strong></span> <span class='ocrx_word' id='word_1_378' title='bbox 1439 4976 1613 5048; x_wconf 83' lang='lat' dir='ltr'><strong>Retia,</strong></span> <span class='ocrx_word' id='word_1_379' title='bbox 1661 4984 1853 5042; x_wconf 90' lang='lat' dir='ltr'><strong>relicto</strong></span> 
     </span>
    </p>
   </div>
   <div class='ocr_carea' id='block_1_52' title="bbox 237 5041 1854 5146">
    <p class='ocr_par' dir='ltr' id='par_1_52' title="bbox 237 5041 1854 5146">
     <span class='ocr_line' id='line_1_53' title="bbox 237 5041 1854 5146; baseline 0.027 -55"><span class='ocrx_word' id='word_1_380' title='bbox 237 5041 464 5110; x_wconf 89' lang='lat' dir='ltr'><strong>proprio</strong></span> <span class='ocrx_word' id='word_1_381' title='bbox 490 5046 706 5111; x_wconf 89' lang='lat' dir='ltr'><strong>marito,</strong></span> <span class='ocrx_word' id='word_1_382' title='bbox 739 5051 957 5109; x_wconf 86' lang='lat' dir='ltr'><strong>cuidam</strong></span> <span class='ocrx_word' id='word_1_383' title='bbox 988 5059 1107 5116; x_wconf 88' lang='lat' dir='ltr'><strong>viro</strong></span> <span class='ocrx_word' id='word_1_384' title='bbox 1135 5062 1205 5117; x_wconf 91' lang='lat' dir='ltr'><strong>de</strong></span> <span class='ocrx_word' id='word_1_385' title='bbox 1236 5081 1377 5140; x_wconf 88' lang='lat' dir='ltr'><strong>pago</strong></span> <span class='ocrx_word' id='word_1_386' title='bbox 1401 5041 1718 5146; x_wconf 79' lang='lat' dir='ltr'><strong>Albegevve,</strong></span> <span class='ocrx_word' id='word_1_387' title='bbox 1750 5078 1854 5133; x_wconf 89' lang='lat' dir='ltr'><strong>Du-</strong></span> 
     </span>
    </p>
   </div>
   <div class='ocr_carea' id='block_1_53' title="bbox 237 5129 1851 5241">
    <p class='ocr_par' dir='ltr' id='par_1_53' title="bbox 237 5129 1851 5241">
     <span class='ocr_line' id='line_1_54' title="bbox 237 5129 1851 5241; baseline 0.028 -59"><span class='ocrx_word' id='word_1_388' title='bbox 237 5129 358 5185; x_wconf 90' lang='lat' dir='ltr'><strong>rinc</strong></span> <span class='ocrx_word' id='word_1_389' title='bbox 387 5143 601 5203; x_wconf 90' lang='lat' dir='ltr'><strong>vocato,</strong></span> <span class='ocrx_word' id='word_1_390' title='bbox 646 5139 701 5193; x_wconf 91' lang='lat' dir='ltr'><strong>in</strong></span> <span class='ocrx_word' id='word_1_391' title='bbox 760 5147 1171 5207; x_wconf 89' lang='lat' dir='ltr'><strong>matrimonium</strong></span> <span class='ocrx_word' id='word_1_392' title='bbox 1224 5155 1411 5226; x_wconf 87' lang='lat' dir='ltr'><strong>juncta</strong></span> <span class='ocrx_word' id='word_1_393' title='bbox 1457 5170 1558 5219; x_wconf 92' lang='lat' dir='ltr'><strong>est.</strong></span> <span class='ocrx_word' id='word_1_394' title='bbox 1609 5165 1851 5241; x_wconf 87' lang='lat' dir='ltr'><strong>Cumque</strong></span> 
     </span>
    </p>
   </div>
   <div class='ocr_carea' id='block_1_54' title="bbox 234 5224 1854 5324">
    <p class='ocr_par' dir='ltr' id='par_1_54' title="bbox 234 5224 1854 5324">
     <span class='ocr_line' id='line_1_55' title="bbox 234 5224 1854 5324; baseline 0.029 -50"><span class='ocrx_word' id='word_1_395' title='bbox 234 5236 361 5277; x_wconf 90' lang='lat' dir='ltr'><strong>cum</strong></span> <span class='ocrx_word' id='word_1_396' title='bbox 405 5224 497 5282; x_wconf 91' lang='lat' dir='ltr'><strong>illo</strong></span> <span class='ocrx_word' id='word_1_397' title='bbox 527 5230 930 5303; x_wconf 86' lang='lat' dir='ltr'><strong>aliquantulum</strong></span> <span class='ocrx_word' id='word_1_398' title='bbox 962 5224 1238 5315; x_wconf 15' lang='lat' dir='ltr'><strong>temporis:</strong></span> <span class='ocrx_word' id='word_1_399' title='bbox 1259 5263 1528 5324; x_wconf 89' lang='lat' dir='ltr'><strong>maneret,</strong></span> <span class='ocrx_word' id='word_1_400' title='bbox 1570 5274 1601 5312; x_wconf 85' lang='lat' dir='ltr'><strong>a</strong></span> <span class='ocrx_word' id='word_1_401' title='bbox 1652 5224 1854 5321; x_wconf 69' lang='lat' dir='ltr'><strong>deamo-</strong></span> 
     </span>
    </p>
   </div>
   <div class='ocr_carea' id='block_1_55' title="bbox 236 5313 1849 5416">
    <p class='ocr_par' dir='ltr' id='par_1_55' title="bbox 236 5313 1849 5416">
     <span class='ocr_line' id='line_1_56' title="bbox 236 5313 1849 5416; baseline 0.03 -50"><span class='ocrx_word' id='word_1_402' title='bbox 236 5313 331 5369; x_wconf 93' lang='lat' dir='ltr'><strong>nio</strong></span> <span class='ocrx_word' id='word_1_403' title='bbox 360 5317 589 5377; x_wconf 88' lang='lat' dir='ltr'><strong>obsessa</strong></span> <span class='ocrx_word' id='word_1_404' title='bbox 608 5333 712 5395; x_wconf 89' lang='lat' dir='ltr'><strong>est,</strong></span> <span class='ocrx_word' id='word_1_405' title='bbox 746 5336 800 5384; x_wconf 91' lang='lat' dir='ltr'><strong>et</strong></span> <span class='ocrx_word' id='word_1_406' title='bbox 830 5329 899 5385; x_wconf 90' lang='lat' dir='ltr'><strong>ab</strong></span> <span class='ocrx_word' id='word_1_407' title='bbox 926 5349 993 5389; x_wconf 92' lang='lat' dir='ltr'><strong>eo</strong></span> <span class='ocrx_word' id='word_1_408' title='bbox 1024 5336 1193 5394; x_wconf 90' lang='lat' dir='ltr'><strong>nimie</strong></span> <span class='ocrx_word' id='word_1_409' title='bbox 1224 5344 1541 5402; x_wconf 83' lang='lat' dir='ltr'><strong>vexabatur.</strong></span> <span class='ocrx_word' id='word_1_410' title='bbox 1568 5352 1697 5416; x_wconf 65' lang='lat' dir='ltr'><strong>Quae</strong></span> <span class='ocrx_word' id='word_1_411' title='bbox 1726 5371 1849 5415; x_wconf 87' lang='lat' dir='ltr'><strong>cum</strong></span> 
     </span>
    </p>
   </div>
   <div class='ocr_carea' id='block_1_56' title="bbox 236 5401 1846 5510">
    <p class='ocr_par' dir='ltr' id='par_1_56' title="bbox 236 5401 1846 5510">
     <span class='ocr_line' id='line_1_57' title="bbox 236 5401 1846 5510; baseline 0.029 -55"><span class='ocrx_word' id='word_1_412' title='bbox 236 5401 295 5457; x_wconf 92' lang='lat' dir='ltr'><strong>in</strong></span> <span class='ocrx_word' id='word_1_413' title='bbox 327 5408 515 5464; x_wconf 90' lang='lat' dir='ltr'><strong>multis</strong></span> <span class='ocrx_word' id='word_1_414' title='bbox 543 5416 748 5471; x_wconf 88' lang='lat' dir='ltr'><strong>sanctis</strong></span> <span class='ocrx_word' id='word_1_415' title='bbox 792 5418 928 5477; x_wconf 90' lang='lat' dir='ltr'><strong>locis</strong></span> <span class='ocrx_word' id='word_1_416' title='bbox 976 5424 1321 5486; x_wconf 88' lang='lat' dir='ltr'><strong>liberationis</strong></span> <span class='ocrx_word' id='word_1_417' title='bbox 1365 5451 1480 5490; x_wconf 64' lang='lat' dir='ltr'><strong>suae</strong></span> <span class='ocrx_word' id='word_1_418' title='bbox 1513 5439 1846 5510; x_wconf 90' lang='lat' dir='ltr'><strong>adjutorium</strong></span> 
     </span>
    </p>
   </div>
   <div class='ocr_carea' id='block_1_57' title="bbox 235 5510 1851 5603">
    <p class='ocr_par' dir='ltr' id='par_1_57' title="bbox 235 5510 1851 5603">
     <span class='ocr_line' id='line_1_58' title="bbox 235 5510 1851 5603; baseline 0.028 -54"><span class='ocrx_word' id='word_1_419' title='bbox 235 5510 511 5565; x_wconf 61' lang='lat' dir='ltr'><strong>quaereret</strong></span> <span class='ocrx_word' id='word_1_420' title='bbox 539 5514 593 5561; x_wconf 89' lang='lat' dir='ltr'><strong>et</strong></span> <span class='ocrx_word' id='word_1_421' title='bbox 624 5523 736 5564; x_wconf 91' lang='lat' dir='ltr'><strong>non</strong></span> <span class='ocrx_word' id='word_1_422' title='bbox 776 5511 1071 5587; x_wconf 85' lang='lat' dir='ltr'><strong>inveniret,</strong></span> <span class='ocrx_word' id='word_1_423' title='bbox 1103 5523 1393 5580; x_wconf 88' lang='lat' dir='ltr'><strong>consilium</strong></span> <span class='ocrx_word' id='word_1_424' title='bbox 1448 5534 1663 5603; x_wconf 89' lang='lat' dir='ltr'><strong>accepit</strong></span> <span class='ocrx_word' id='word_1_425' title='bbox 1703 5544 1760 5592; x_wconf 92' lang='lat' dir='ltr'><strong>ut</strong></span> <span class='ocrx_word' id='word_1_426' title='bbox 1784 5540 1851 5593; x_wconf 92' lang='lat' dir='ltr'><strong>ad</strong></span> 
     </span>
    </p>
   </div>
   <div class='ocr_carea' id='block_1_58' title="bbox 231 5585 1850 5697">
    <p class='ocr_par' dir='ltr' id='par_1_58' title="bbox 231 5585 1850 5697">
     <span class='ocr_line' id='line_1_59' title="bbox 231 5585 1850 5697; baseline 0.03 -63"><span class='ocrx_word' id='word_1_427' title='bbox 231 5585 553 5653; x_wconf 85' lang='lat' dir='ltr'><strong>sepulcrum</strong></span> <span class='ocrx_word' id='word_1_428' title='bbox 602 5597 775 5652; x_wconf 89' lang='lat' dir='ltr'><strong>sancti</strong></span> <span class='ocrx_word' id='word_1_429' title='bbox 843 5585 1094 5677; x_wconf 90' lang='lat' dir='ltr'><strong>episcopi</strong></span> <span class='ocrx_word' id='word_1_430' title='bbox 1144 5607 1381 5669; x_wconf 88' lang='lat' dir='ltr'><strong>Udalrici</strong></span> <span class='ocrx_word' id='word_1_431' title='bbox 1428 5585 1674 5690; x_wconf 70' lang='lat' dir='ltr'><strong>veniret;</strong></span> <span class='ocrx_word' id='word_1_432' title='bbox 1703 5627 1850 5697; x_wconf 91' lang='lat' dir='ltr'><strong>quod</strong></span> 
     </span>
    </p>
   </div>
   <div class='ocr_carea' id='block_1_59' title="bbox 301 5682 1441 5775">
    <p class='ocr_par' dir='ltr' id='par_1_59' title="bbox 301 5682 1441 5775">
     <span class='ocr_line' id='line_1_60' title="bbox 301 5682 1441 5775; baseline 0.033 -38"><span class='ocrx_word' id='word_1_433' title='bbox 301 5683 415 5756; x_wconf 88' lang='grc'><strong>(65)</strong></span> <span class='ocrx_word' id='word_1_434' title='bbox 453 5682 701 5751; x_wconf 74' lang='lat' dir='ltr'><strong>Polonos</strong></span> <span class='ocrx_word' id='word_1_435' title='bbox 724 5698 998 5775; x_wconf 86' lang='lat' dir='ltr'><strong>signiﬁcat</strong></span> <span class='ocrx_word' id='word_1_436' title='bbox 1433 5703 1441 5711; x_wconf 72' lang='grc'><em>’</em></span> 
     </span>
    </p>
   </div>
   <div class='ocr_carea' id='block_1_60' title="bbox 533 5820 1236 5901">
    <p class='ocr_par' dir='ltr' id='par_1_60' title="bbox 533 5820 1236 5901">
     <span class='ocr_line' id='line_1_61' title="bbox 533 5820 1236 5901; baseline 0.03 -20"><span class='ocrx_word' id='word_1_437' title='bbox 533 5820 768 5888; x_wconf 76' lang='lat' dir='ltr'><strong>PATRO</strong></span> <span class='ocrx_word' id='word_1_438' title='bbox 783 5844 844 5889; x_wconf 91' lang='lat' dir='ltr'><strong>L.</strong></span> <span class='ocrx_word' id='word_1_439' title='bbox 902 5830 1236 5901; x_wconf 86' lang='lat' dir='ltr'><strong>CXXXV.</strong></span> 
     </span>
    </p>
   </div>
   <div class='ocr_carea' id='block_1_61' title="bbox 1746 313 2100 378">
    <p class='ocr_par' dir='ltr' id='par_1_61' title="bbox 1746 313 2100 378">
     <span class='ocr_line' id='line_1_62' title="bbox 1746 313 2100 378; baseline 0.025 -10"><span class='ocrx_word' id='word_1_440' title='bbox 1746 313 2100 378; x_wconf 82' lang='lat' dir='ltr'><strong>MIRACULA.</strong></span> 
     </span>
    </p>
   </div>
   <div class='ocr_carea' id='block_1_62' title="bbox 3455 362 3667 441">
    <p class='ocr_par' dir='ltr' id='par_1_62' title="bbox 3455 362 3667 441">
     <span class='ocr_line' id='line_1_63' title="bbox 3455 362 3667 441; baseline 0.024 0"><span class='ocrx_word' id='word_1_441' title='bbox 3455 362 3667 441; x_wconf 63' lang='lat'><strong>4066~</strong></span> 
     </span>
    </p>
   </div>
   <div class='ocr_carea' id='block_1_63' title="bbox 1891 447 3592 556">
    <p class='ocr_par' dir='ltr' id='par_1_63' title="bbox 1891 447 3592 556">
     <span class='ocr_line' id='line_1_64' title="bbox 1891 447 3592 556; baseline 0.028 -58"><span class='ocrx_word' id='word_1_442' title='bbox 1891 452 1945 518; x_wconf 84' lang='grc' dir='ltr'><strong>Α</strong></span> <span class='ocrx_word' id='word_1_443' title='bbox 1972 453 2025 502; x_wconf 91' lang='lat' dir='ltr'><strong>et</strong></span> <span class='ocrx_word' id='word_1_444' title='bbox 2054 447 2202 507; x_wconf 83' lang='lat' dir='ltr'><strong>fecit.</strong></span> <span class='ocrx_word' id='word_1_445' title='bbox 2237 451 2481 528; x_wconf 87' lang='lat' dir='ltr'><strong>Cumque</strong></span> <span class='ocrx_word' id='word_1_446' title='bbox 2534 467 3003 540; x_wconf 85' lang='lat' dir='ltr'><strong>apprOpinquaret</strong></span> <span class='ocrx_word' id='word_1_447' title='bbox 3061 478 3319 555; x_wconf 65' lang='lat' dir='ltr'><strong>Augustae</strong></span> <span class='ocrx_word' id='word_1_448' title='bbox 3360 486 3592 556; x_wconf 86' lang='lat' dir='ltr'><strong>civitati,</strong></span> 
     </span>
    </p>
   </div>
   <div class='ocr_carea' id='block_1_64' title="bbox 1967 541 3593 651">
    <p class='ocr_par' dir='ltr' id='par_1_64' title="bbox 1967 541 3593 651">
     <span class='ocr_line' id='line_1_65' title="bbox 1967 541 3593 651; baseline 0.028 -62"><span class='ocrx_word' id='word_1_449' title='bbox 1967 542 2022 590; x_wconf 88' lang='lat' dir='ltr'><strong>et</strong></span> <span class='ocrx_word' id='word_1_450' title='bbox 2064 541 2353 598; x_wconf 91' lang='lat' dir='ltr'><strong>ecclesiam</strong></span> <span class='ocrx_word' id='word_1_451' title='bbox 2411 559 2613 607; x_wconf 63' lang='lat' dir='ltr'><strong>sanctis</strong></span> <span class='ocrx_word' id='word_1_452' title='bbox 2644 553 2782 610; x_wconf 61' lang='lat' dir='ltr'><strong>Afrae</strong></span> <span class='ocrx_word' id='word_1_453' title='bbox 2816 557 2959 616; x_wconf 91' lang='lat' dir='ltr'><strong>bene</strong></span> <span class='ocrx_word' id='word_1_454' title='bbox 3011 541 3260 638; x_wconf 67' lang='lat' dir='ltr'><strong>aspicere</strong></span> <span class='ocrx_word' id='word_1_455' title='bbox 3304 575 3593 651; x_wconf 84' lang='lat' dir='ltr'><strong>potuisset,</strong></span> 
     </span>
     <span class='ocr_line' id='line_1_66' title="bbox 1984 630 2378 651; baseline 0.025 -10"><span class='ocrx_word' id='word_1_456' title='bbox 1984 630 2089 651; x_wconf 45' lang='grc' dir='ltr'><strong>,ιη</strong></span> <span class='ocrx_word' id='word_1_457' title='bbox 2292 645 2302 651; x_wconf 78' lang='grc'><strong><em>,</em></strong></span> <span class='ocrx_word' id='word_1_458' title='bbox 2357 639 2378 651; x_wconf 82' lang='lat'><strong>.</strong></span> 
     </span>
    </p>
   </div>
   <div class='ocr_carea' id='block_1_65' title="bbox 1977 630 3595 732">
    <p class='ocr_par' dir='ltr' id='par_1_65' title="bbox 1977 630 3595 732">
     <span class='ocr_line' id='line_1_67' title="bbox 3075 630 3593 651; baseline 0.025 -13"><span class='ocrx_word' id='word_1_459' title='bbox 3075 630 3089 638; x_wconf 94' lang='lat'><strong>.</strong></span> <span class='ocrx_word' id='word_1_460' title='bbox 3304 630 3320 644; x_wconf 90' lang='lat'><strong>.</strong></span> <span class='ocrx_word' id='word_1_461' title='bbox 3474 630 3593 651; x_wconf 54' lang='grc' dir='ltr'><strong>ηνι</strong></span> 
     </span>
     <span class='ocr_line' id='line_1_68' title="bbox 1977 630 3595 732; baseline 0.028 -49"><span class='ocrx_word' id='word_1_462' title='bbox 1977 630 2222 690; x_wconf 90' lang='lat' dir='ltr'><strong>clamans</strong></span> <span class='ocrx_word' id='word_1_463' title='bbox 2253 645 2308 694; x_wconf 93' lang='lat' dir='ltr'><strong>et</strong></span> <span class='ocrx_word' id='word_1_464' title='bbox 2352 639 2593 700; x_wconf 83' lang='lat' dir='ltr'><strong>fremens</strong></span> <span class='ocrx_word' id='word_1_465' title='bbox 2639 650 2838 707; x_wconf 86' lang='lat' dir='ltr'><strong>cecidit</strong></span> <span class='ocrx_word' id='word_1_466' title='bbox 2866 655 2921 709; x_wconf 93' lang='lat' dir='ltr'><strong>in</strong></span> <span class='ocrx_word' id='word_1_467' title='bbox 2967 667 3188 732; x_wconf 88' lang='lat' dir='ltr'><strong>terram,</strong></span> <span class='ocrx_word' id='word_1_468' title='bbox 3241 676 3295 723; x_wconf 84' lang='lat' dir='ltr'><strong>et</strong></span> <span class='ocrx_word' id='word_1_469' title='bbox 3344 668 3480 726; x_wconf 84' lang='lat' dir='ltr'><strong>facta</strong></span> <span class='ocrx_word' id='word_1_470' title='bbox 3511 680 3595 728; x_wconf 80' lang='lat' dir='ltr'><strong>est</strong></span> 
     </span>
    </p>
   </div>
   <div class='ocr_carea' id='block_1_66' title="bbox 1966 722 3594 815">
    <p class='ocr_par' dir='ltr' id='par_1_66' title="bbox 1966 722 3594 815">
     <span class='ocr_line' id='line_1_69' title="bbox 1966 722 3594 815; baseline 0.029 -44"><span class='ocrx_word' id='word_1_471' title='bbox 1966 722 2122 790; x_wconf 90' lang='lat' dir='ltr'><strong>quasi</strong></span> <span class='ocrx_word' id='word_1_472' title='bbox 2168 736 2400 784; x_wconf 89' lang='lat' dir='ltr'><strong>mortua.</strong></span> <span class='ocrx_word' id='word_1_473' title='bbox 2455 732 2718 793; x_wconf 64' lang='lat' dir='ltr'><strong>Prrefatus</strong></span> <span class='ocrx_word' id='word_1_474' title='bbox 2759 749 2941 799; x_wconf 89' lang='lat' dir='ltr'><strong>autem</strong></span> <span class='ocrx_word' id='word_1_475' title='bbox 2999 747 3199 808; x_wconf 87' lang='lat' dir='ltr'><strong>Duriuc</strong></span> <span class='ocrx_word' id='word_1_476' title='bbox 3230 771 3353 811; x_wconf 91' lang='lat' dir='ltr'><strong>cum</strong></span> <span class='ocrx_word' id='word_1_477' title='bbox 3414 760 3594 815; x_wconf 89' lang='lat' dir='ltr'><strong>comi-</strong></span> 
     </span>
    </p>
   </div>
   <div class='ocr_carea' id='block_1_67' title="bbox 1974 812 3590 917">
    <p class='ocr_par' dir='ltr' id='par_1_67' title="bbox 1974 812 3590 917">
     <span class='ocr_line' id='line_1_70' title="bbox 1974 812 3590 917; baseline 0.027 -54"><span class='ocrx_word' id='word_1_478' title='bbox 1974 812 2219 870; x_wconf 88' lang='lat' dir='ltr'><strong>tantibus</strong></span> <span class='ocrx_word' id='word_1_479' title='bbox 2247 818 2352 873; x_wconf 89' lang='lat' dir='ltr'><strong>sibi</strong></span> <span class='ocrx_word' id='word_1_480' title='bbox 2384 823 2597 881; x_wconf 85' lang='lat' dir='ltr'><strong>studuit</strong></span> <span class='ocrx_word' id='word_1_481' title='bbox 2627 827 2807 886; x_wconf 82' lang='lat' dir='ltr'><strong>levare</strong></span> <span class='ocrx_word' id='word_1_482' title='bbox 2834 849 2984 902; x_wconf 85' lang='lat' dir='ltr'><strong>eam;</strong></span> <span class='ocrx_word' id='word_1_483' title='bbox 3018 838 3196 898; x_wconf 89' lang='lat' dir='ltr'><strong>levata</strong></span> <span class='ocrx_word' id='word_1_484' title='bbox 3226 856 3432 917; x_wconf 88' lang='lat' dir='ltr'><strong>autem,</strong></span> <span class='ocrx_word' id='word_1_485' title='bbox 3465 853 3590 907; x_wconf 92' lang='lat' dir='ltr'><strong>red-</strong></span> 
     </span>
    </p>
   </div>
   <div class='ocr_carea' id='block_1_68' title="bbox 1973 905 3062 989">
    <p class='ocr_par' dir='ltr' id='par_1_68' title="bbox 1973 905 3062 989">
     <span class='ocr_line' id='line_1_71' title="bbox 1973 905 3062 989; baseline 0.028 -31"><span class='ocrx_word' id='word_1_486' title='bbox 1973 905 2088 961; x_wconf 90' lang='lat' dir='ltr'><strong>dito</strong></span> <span class='ocrx_word' id='word_1_487' title='bbox 2114 925 2300 979; x_wconf 86' lang='lat' dir='ltr'><strong>sensu,</strong></span> <span class='ocrx_word' id='word_1_488' title='bbox 2329 931 2360 969; x_wconf 90' lang='lat' dir='ltr'><strong>a</strong></span> <span class='ocrx_word' id='word_1_489' title='bbox 2390 916 2665 978; x_wconf 80' lang='lat' dir='ltr'><strong>daemonio</strong></span> <span class='ocrx_word' id='word_1_490' title='bbox 2696 937 2782 981; x_wconf 85' lang='lat' dir='ltr'><strong>cst</strong></span> <span class='ocrx_word' id='word_1_491' title='bbox 2812 929 3062 989; x_wconf 86' lang='lat' dir='ltr'><strong>liberata.</strong></span> 
     </span>
    </p>
   </div>
   <div class='ocr_carea' id='block_1_69' title="bbox 2042 998 3588 1094">
    <p class='ocr_par' dir='ltr' id='par_1_69' title="bbox 2042 998 3588 1094">
     <span class='ocr_line' id='line_1_72' title="bbox 2042 998 3588 1094; baseline 0.028 -42"><span class='ocrx_word' id='word_1_492' title='bbox 2042 998 2225 1057; x_wconf 81' lang='lat' dir='ltr'><strong>XXIII.</strong></span> <span class='ocrx_word' id='word_1_493' title='bbox 2281 1004 2723 1083; x_wconf 78' lang='lat' dir='ltr'><strong>Eleemosynaria</strong></span> <span class='ocrx_word' id='word_1_494' title='bbox 2797 1023 3047 1091; x_wconf 71' lang='lat' dir='ltr'><strong>quaedam</strong></span> <span class='ocrx_word' id='word_1_495' title='bbox 3094 1029 3387 1090; x_wconf 81' lang='lat' dir='ltr'><strong>Abrahami</strong></span> <span class='ocrx_word' id='word_1_496' title='bbox 3466 1039 3588 1094; x_wconf 85' lang='lat' dir='ltr'><strong>Fri-</strong></span> 
     </span>
    </p>
   </div>
   <div class='ocr_carea' id='block_1_70' title="bbox 1970 1089 3592 1195">
    <p class='ocr_par' dir='ltr' id='par_1_70' title="bbox 1970 1089 3592 1195">
     <span class='ocr_line' id='line_1_73' title="bbox 1970 1089 3592 1195; baseline 0.028 -52"><span class='ocrx_word' id='word_1_497' title='bbox 1970 1089 2251 1164; x_wconf 86' lang='lat' dir='ltr'><strong>singensis</strong></span> <span class='ocrx_word' id='word_1_498' title='bbox 2308 1100 2556 1174; x_wconf 90' lang='lat' dir='ltr'><strong>episcopi</strong></span> <span class='ocrx_word' id='word_1_499' title='bbox 2608 1107 2862 1173; x_wconf 85' lang='lat' dir='ltr'><strong>civitatis,</strong></span> <span class='ocrx_word' id='word_1_500' title='bbox 2920 1116 2989 1171; x_wconf 92' lang='lat' dir='ltr'><strong>de</strong></span> <span class='ocrx_word' id='word_1_501' title='bbox 3036 1119 3164 1176; x_wconf 87' lang='lat' dir='ltr'><strong>villa</strong></span> <span class='ocrx_word' id='word_1_502' title='bbox 3219 1141 3343 1195; x_wconf 59' lang='lat' dir='ltr'><strong>quas</strong></span> <span class='ocrx_word' id='word_1_503' title='bbox 3390 1129 3592 1187; x_wconf 91' lang='lat' dir='ltr'><strong>dicitur</strong></span> 
     </span>
    </p>
   </div>
   <div class='ocr_carea' id='block_1_71' title="bbox 1884 1183 3591 1295">
    <p class='ocr_par' dir='ltr' id='par_1_71' title="bbox 1884 1183 3591 1295">
     <span class='ocr_line' id='line_1_74' title="bbox 1884 1183 3591 1295; baseline 0.028 -60"><span class='ocrx_word' id='word_1_504' title='bbox 1884 1222 1889 1227; x_wconf 80' lang='lat'><strong>.</strong></span> <span class='ocrx_word' id='word_1_505' title='bbox 1967 1183 2211 1255; x_wconf 89' lang='lat' dir='ltr'><strong>Camera,</strong></span> <span class='ocrx_word' id='word_1_506' title='bbox 2259 1192 2346 1247; x_wconf 92' lang='lat' dir='ltr'><strong>cui</strong></span> <span class='ocrx_word' id='word_1_507' title='bbox 2374 1198 2593 1254; x_wconf 78' lang='lat' dir='ltr'><strong>maxilla</strong></span> <span class='ocrx_word' id='word_1_508' title='bbox 2637 1206 2846 1271; x_wconf 89' lang='lat' dir='ltr'><strong>pectori</strong></span> <span class='ocrx_word' id='word_1_509' title='bbox 2880 1207 2981 1265; x_wconf 85' lang='lat' dir='ltr'><strong>fuit</strong></span> <span class='ocrx_word' id='word_1_510' title='bbox 3026 1213 3253 1283; x_wconf 89' lang='lat' dir='ltr'><strong>inserta,</strong></span> <span class='ocrx_word' id='word_1_511' title='bbox 3287 1227 3341 1274; x_wconf 89' lang='lat' dir='ltr'><strong>et</strong></span> <span class='ocrx_word' id='word_1_512' title='bbox 3371 1222 3591 1295; x_wconf 86' lang='lat' dir='ltr'><strong>loquela</strong></span> 
     </span>
    </p>
   </div>
   <div class='ocr_carea' id='block_1_72' title="bbox 1965 1276 3590 1385">
    <p class='ocr_par' dir='ltr' id='par_1_72' title="bbox 1965 1276 3590 1385">
     <span class='ocr_line' id='line_1_75' title="bbox 1965 1276 3590 1385; baseline 0.028 -56"><span class='ocrx_word' id='word_1_513' title='bbox 1965 1276 2020 1330; x_wconf 85' lang='lat' dir='ltr'><strong>in</strong></span> <span class='ocrx_word' id='word_1_514' title='bbox 2054 1284 2167 1336; x_wconf 95' lang='lat' dir='ltr'><strong>toto</strong></span> <span class='ocrx_word' id='word_1_515' title='bbox 2198 1294 2419 1360; x_wconf 87' lang='lat' dir='ltr'><strong>negata,</strong></span> <span class='ocrx_word' id='word_1_516' title='bbox 2460 1291 2547 1346; x_wconf 91' lang='lat' dir='ltr'><strong>cui</strong></span> <span class='ocrx_word' id='word_1_517' title='bbox 2579 1294 2742 1351; x_wconf 91' lang='lat' dir='ltr'><strong>etiam</strong></span> <span class='ocrx_word' id='word_1_518' title='bbox 2789 1316 2984 1357; x_wconf 92' lang='lat' dir='ltr'><strong>manus</strong></span> <span class='ocrx_word' id='word_1_519' title='bbox 3031 1305 3273 1367; x_wconf 85' lang='lat' dir='ltr'><strong>brachiis</strong></span> <span class='ocrx_word' id='word_1_520' title='bbox 3311 1316 3590 1385; x_wconf 65' lang='lat' dir='ltr'><strong>replicata:</strong></span> 
     </span>
    </p>
   </div>
   <div class='ocr_carea' id='block_1_73' title="bbox 1964 1378 3589 1478">
    <p class='ocr_par' dir='ltr' id='par_1_73' title="bbox 1964 1378 3589 1478">
     <span class='ocr_line' id='line_1_76' title="bbox 1964 1378 3589 1478; baseline 0.027 -53"><span class='ocrx_word' id='word_1_521' title='bbox 1964 1380 2019 1426; x_wconf 91' lang='lat' dir='ltr'><strong>et</strong></span> <span class='ocrx_word' id='word_1_522' title='bbox 2074 1378 2465 1451; x_wconf 60' lang='lat' dir='ltr'><strong>conglutinata}</strong></span> <span class='ocrx_word' id='word_1_523' title='bbox 2515 1400 2672 1444; x_wconf 89' lang='lat' dir='ltr'><strong>erant</strong></span> <span class='ocrx_word' id='word_1_524' title='bbox 2705 1433 2719 1459; x_wconf 96' lang='lat'><strong>,</strong></span> <span class='ocrx_word' id='word_1_525' title='bbox 2773 1403 2833 1449; x_wconf 90' lang='lat' dir='ltr'><strong>ut</strong></span> <span class='ocrx_word' id='word_1_526' title='bbox 2889 1396 3077 1471; x_wconf 68' lang='lat' dir='ltr'><strong>ﬁgura:</strong></span> <span class='ocrx_word' id='word_1_527' title='bbox 3145 1404 3445 1478; x_wconf 81' lang='lat' dir='ltr'><strong>digitorum</strong></span> <span class='ocrx_word' id='word_1_528' title='bbox 3502 1413 3589 1468; x_wconf 87' lang='lat' dir='ltr'><strong>vix</strong></span> 
     </span>
    </p>
   </div>
   <div class='ocr_carea' id='block_1_74' title="bbox 1965 1465 3589 1572">
    <p class='ocr_par' dir='ltr' id='par_1_74' title="bbox 1965 1465 3589 1572">
     <span class='ocr_line' id='line_1_77' title="bbox 1965 1465 3589 1572; baseline 0.028 -59"><span class='ocrx_word' id='word_1_529' title='bbox 1965 1465 2224 1535; x_wconf 86' lang='lat' dir='ltr'><strong>cOgnosci</strong></span> <span class='ocrx_word' id='word_1_530' title='bbox 2257 1471 2586 1543; x_wconf 90' lang='lat' dir='ltr'><strong>potuissent,</strong></span> <span class='ocrx_word' id='word_1_531' title='bbox 2618 1494 2742 1534; x_wconf 91' lang='lat' dir='ltr'><strong>cum</strong></span> <span class='ocrx_word' id='word_1_532' title='bbox 2774 1485 2987 1541; x_wconf 84' lang='lat' dir='ltr'><strong>veniret</strong></span> <span class='ocrx_word' id='word_1_533' title='bbox 3015 1489 3085 1543; x_wconf 91' lang='lat' dir='ltr'><strong>ad</strong></span> <span class='ocrx_word' id='word_1_534' title='bbox 3112 1502 3361 1551; x_wconf 88' lang='lat' dir='ltr'><strong>sanctum</strong></span> <span class='ocrx_word' id='word_1_535' title='bbox 3398 1502 3589 1572; x_wconf 92' lang='lat' dir='ltr'><strong>sepul-</strong></span> 
     </span>
    </p>
   </div>
   <div class='ocr_carea' id='block_1_75' title="bbox 1967 1558 3585 1651">
    <p class='ocr_par' dir='ltr' id='par_1_75' title="bbox 1967 1558 3585 1651">
     <span class='ocr_line' id='line_1_78' title="bbox 1967 1558 3585 1651; baseline 0.028 -47"><span class='ocrx_word' id='word_1_536' title='bbox 1967 1565 2139 1621; x_wconf 91' lang='lat' dir='ltr'><strong>crum,</strong></span> <span class='ocrx_word' id='word_1_537' title='bbox 2175 1564 2231 1612; x_wconf 91' lang='lat' dir='ltr'><strong>et</strong></span> <span class='ocrx_word' id='word_1_538' title='bbox 2274 1558 2404 1617; x_wconf 91' lang='lat' dir='ltr'><strong>inde</strong></span> <span class='ocrx_word' id='word_1_539' title='bbox 2435 1572 2766 1627; x_wconf 89' lang='lat' dir='ltr'><strong>revertendo</strong></span> <span class='ocrx_word' id='word_1_540' title='bbox 2797 1589 2966 1647; x_wconf 89' lang='lat' dir='ltr'><strong>super</strong></span> <span class='ocrx_word' id='word_1_541' title='bbox 2994 1590 3223 1651; x_wconf 90' lang='lat' dir='ltr'><strong>pontem</strong></span> <span class='ocrx_word' id='word_1_542' title='bbox 3256 1585 3360 1642; x_wconf 89' lang='lat' dir='ltr'><strong>Liri</strong></span> <span class='ocrx_word' id='word_1_543' title='bbox 3394 1589 3585 1648; x_wconf 84' lang='lat' dir='ltr'><strong>ﬂumi-</strong></span> 
     </span>
    </p>
   </div>
   <div class='ocr_carea' id='block_1_76' title="bbox 1968 1641 3587 1739">
    <p class='ocr_par' dir='ltr' id='par_1_76' title="bbox 1968 1641 3587 1739">
     <span class='ocr_line' id='line_1_79' title="bbox 1968 1641 3587 1739; baseline 0.028 -46"><span class='ocrx_word' id='word_1_544' title='bbox 1968 1641 2055 1696; x_wconf 87' lang='lat' dir='ltr'><strong>nis</strong></span> <span class='ocrx_word' id='word_1_545' title='bbox 2110 1645 2442 1720; x_wconf 86' lang='lat' dir='ltr'><strong>ambularet,</strong></span> <span class='ocrx_word' id='word_1_546' title='bbox 2489 1657 2712 1727; x_wconf 91' lang='lat' dir='ltr'><strong>quidam</strong></span> <span class='ocrx_word' id='word_1_547' title='bbox 2760 1663 2927 1722; x_wconf 88' lang='lat' dir='ltr'><strong>homo</strong></span> <span class='ocrx_word' id='word_1_548' title='bbox 2981 1670 3032 1723; x_wconf 91' lang='lat' dir='ltr'><strong>ei</strong></span> <span class='ocrx_word' id='word_1_549' title='bbox 3078 1672 3276 1731; x_wconf 90' lang='lat' dir='ltr'><strong>obvius</strong></span> <span class='ocrx_word' id='word_1_550' title='bbox 3324 1680 3473 1736; x_wconf 87' lang='lat' dir='ltr'><strong>venit</strong></span> <span class='ocrx_word' id='word_1_551' title='bbox 3532 1691 3587 1739; x_wconf 88' lang='lat' dir='ltr'><strong>et</strong></span> 
     </span>
    </p>
   </div>
   <div class='ocr_carea' id='block_1_77' title="bbox 1897 1732 3586 1842">
    <p class='ocr_par' dir='ltr' id='par_1_77' title="bbox 1897 1732 3586 1842">
     <span class='ocr_line' id='line_1_80' title="bbox 1897 1732 3586 1842; baseline 0.028 -59"><span class='ocrx_word' id='word_1_552' title='bbox 1897 1770 1944 1836; x_wconf 76' lang='grc' dir='ltr'>Β</span> <span class='ocrx_word' id='word_1_553' title='bbox 1969 1732 2331 1810; x_wconf 84' lang='lat' dir='ltr'><strong>interrogavit</strong></span> <span class='ocrx_word' id='word_1_554' title='bbox 2357 1759 2476 1799; x_wconf 91' lang='lat' dir='ltr'><strong>eam</strong></span> <span class='ocrx_word' id='word_1_555' title='bbox 2509 1750 2657 1806; x_wconf 92' lang='lat' dir='ltr'><strong>unde</strong></span> <span class='ocrx_word' id='word_1_556' title='bbox 2681 1766 2967 1830; x_wconf 88' lang='lat' dir='ltr'><strong>pergeret;</strong></span> <span class='ocrx_word' id='word_1_557' title='bbox 2999 1762 3088 1816; x_wconf 91' lang='lat' dir='ltr'><strong>cui</strong></span> <span class='ocrx_word' id='word_1_558' title='bbox 3120 1763 3216 1821; x_wconf 91' lang='lat' dir='ltr'><strong>illa</strong></span> <span class='ocrx_word' id='word_1_559' title='bbox 3249 1773 3586 1842; x_wconf 90' lang='lat' dir='ltr'><strong>respondere</strong></span> 
     </span>
    </p>
   </div>
   <div class='ocr_carea' id='block_1_78' title="bbox 1966 1834 3584 1924">
    <p class='ocr_par' dir='ltr' id='par_1_78' title="bbox 1966 1834 3584 1924">
     <span class='ocr_line' id='line_1_81' title="bbox 1966 1834 3584 1924; baseline 0.028 -45"><span class='ocrx_word' id='word_1_560' title='bbox 1966 1842 2075 1882; x_wconf 91' lang='lat' dir='ltr'><strong>non</strong></span> <span class='ocrx_word' id='word_1_561' title='bbox 2107 1834 2307 1900; x_wconf 87' lang='lat' dir='ltr'><strong>potuit,</strong></span> <span class='ocrx_word' id='word_1_562' title='bbox 2338 1839 2437 1892; x_wconf 91' lang='lat' dir='ltr'><strong>sed</strong></span> <span class='ocrx_word' id='word_1_563' title='bbox 2470 1845 2719 1902; x_wconf 90' lang='lat' dir='ltr'><strong>vertebat</strong></span> <span class='ocrx_word' id='word_1_564' title='bbox 2749 1866 2809 1905; x_wconf 91' lang='lat' dir='ltr'><strong>se</strong></span> <span class='ocrx_word' id='word_1_565' title='bbox 2839 1851 3156 1914; x_wconf 84' lang='lat' dir='ltr'><strong>inclinanda</strong></span> <span class='ocrx_word' id='word_1_566' title='bbox 3195 1862 3263 1916; x_wconf 90' lang='lat' dir='ltr'><strong>ad</strong></span> <span class='ocrx_word' id='word_1_567' title='bbox 3293 1866 3584 1924; x_wconf 87' lang='lat' dir='ltr'><strong>ecclesiam</strong></span> 
     </span>
    </p>
   </div>
   <div class='ocr_carea' id='block_1_79' title="bbox 1963 1921 3586 2024">
    <p class='ocr_par' dir='ltr' id='par_1_79' title="bbox 1963 1921 3586 2024">
     <span class='ocr_line' id='line_1_82' title="bbox 1963 1921 3586 2024; baseline 0.028 -57"><span class='ocrx_word' id='word_1_568' title='bbox 1963 1923 2168 1973; x_wconf 83' lang='lat' dir='ltr'><strong>sanctae</strong></span> <span class='ocrx_word' id='word_1_569' title='bbox 2204 1921 2365 1991; x_wconf 63' lang='lat' dir='ltr'><strong>Afrae,</strong></span> <span class='ocrx_word' id='word_1_570' title='bbox 2397 1934 2459 1981; x_wconf 91' lang='lat' dir='ltr'><strong>ut</strong></span> <span class='ocrx_word' id='word_1_571' title='bbox 2492 1928 2542 1982; x_wconf 91' lang='lat' dir='ltr'><strong>ei</strong></span> <span class='ocrx_word' id='word_1_572' title='bbox 2571 1941 2901 1994; x_wconf 87' lang='lat' dir='ltr'><strong>monstraret</strong></span> <span class='ocrx_word' id='word_1_573' title='bbox 2938 1943 3087 2000; x_wconf 91' lang='lat' dir='ltr'><strong>unde</strong></span> <span class='ocrx_word' id='word_1_574' title='bbox 3118 1960 3376 2024; x_wconf 86' lang='lat' dir='ltr'><strong>pergeret</strong></span> <span class='ocrx_word' id='word_1_575' title='bbox 3407 1972 3419 2007; x_wconf 89' lang='lat'>:</span> <span class='ocrx_word' id='word_1_576' title='bbox 3461 1972 3586 2013; x_wconf 90' lang='lat' dir='ltr'><strong>cum</strong></span> 
     </span>
    </p>
   </div>
   <div class='ocr_carea' id='block_1_80' title="bbox 1962 2012 3583 2110">
    <p class='ocr_par' dir='ltr' id='par_1_80' title="bbox 1962 2012 3583 2110">
     <span class='ocr_line' id='line_1_83' title="bbox 1962 2012 3583 2110; baseline 0.029 -53"><span class='ocrx_word' id='word_1_577' title='bbox 1962 2012 2145 2061; x_wconf 91' lang='lat' dir='ltr'><strong>autem</strong></span> <span class='ocrx_word' id='word_1_578' title='bbox 2176 2024 2236 2065; x_wconf 91' lang='lat' dir='ltr'><strong>se</strong></span> <span class='ocrx_word' id='word_1_579' title='bbox 2262 2013 2332 2067; x_wconf 91' lang='lat' dir='ltr'><strong>ad</strong></span> <span class='ocrx_word' id='word_1_580' title='bbox 2372 2016 2520 2073; x_wconf 91' lang='lat' dir='ltr'><strong>illam</strong></span> <span class='ocrx_word' id='word_1_581' title='bbox 2552 2030 2810 2095; x_wconf 87' lang='lat' dir='ltr'><strong>verteret,</strong></span> <span class='ocrx_word' id='word_1_582' title='bbox 2842 2032 3061 2089; x_wconf 87' lang='lat' dir='ltr'><strong>maxilla</strong></span> <span class='ocrx_word' id='word_1_583' title='bbox 3091 2036 3161 2092; x_wconf 92' lang='lat' dir='ltr'><strong>de</strong></span> <span class='ocrx_word' id='word_1_584' title='bbox 3206 2012 3432 2110; x_wconf 61' lang='lat' dir='ltr'><strong>pectore</strong></span> <span class='ocrx_word' id='word_1_585' title='bbox 3463 2047 3583 2102; x_wconf 88' lang='lat' dir='ltr'><strong>sol-</strong></span> 
     </span>
    </p>
   </div>
   <div class='ocr_carea' id='block_1_81' title="bbox 1959 2092 3586 2192">
    <p class='ocr_par' dir='ltr' id='par_1_81' title="bbox 1959 2092 3586 2192">
     <span class='ocr_line' id='line_1_84' title="bbox 1959 2092 3586 2192; baseline 0.03 -46"><span class='ocrx_word' id='word_1_586' title='bbox 1959 2092 2204 2166; x_wconf 91' lang='lat' dir='ltr'><strong>vebatur,</strong></span> <span class='ocrx_word' id='word_1_587' title='bbox 2236 2108 2290 2156; x_wconf 93' lang='lat' dir='ltr'><strong>et</strong></span> <span class='ocrx_word' id='word_1_588' title='bbox 2330 2102 2552 2177; x_wconf 91' lang='lat' dir='ltr'><strong>loquela</strong></span> <span class='ocrx_word' id='word_1_589' title='bbox 2614 2112 2665 2166; x_wconf 92' lang='lat' dir='ltr'><strong>ei</strong></span> <span class='ocrx_word' id='word_1_590' title='bbox 2705 2115 2773 2169; x_wconf 89' lang='lat' dir='ltr'><strong>ad</strong></span> <span class='ocrx_word' id='word_1_591' title='bbox 2825 2124 3274 2192; x_wconf 91' lang='lat' dir='ltr'><strong>respondendum</strong></span> <span class='ocrx_word' id='word_1_592' title='bbox 3321 2148 3586 2192; x_wconf 87' lang='lat' dir='ltr'><strong>concessa</strong></span> 
     </span>
    </p>
   </div>
   <div class='ocr_carea' id='block_1_82' title="bbox 1962 2196 2066 2245">
    <p class='ocr_par' dir='ltr' id='par_1_82' title="bbox 1962 2196 2066 2245">
     <span class='ocr_line' id='line_1_85' title="bbox 1962 2196 2066 2245; baseline 0.029 -3"><span class='ocrx_word' id='word_1_593' title='bbox 1962 2196 2066 2245; x_wconf 87' lang='lat' dir='ltr'><strong>est.</strong></span> 
     </span>
    </p>
   </div>
   <div class='ocr_carea' id='block_1_83' title="bbox 2033 2285 3583 2384">
    <p class='ocr_par' dir='ltr' id='par_1_83' title="bbox 2033 2285 3583 2384">
     <span class='ocr_line' id='line_1_86' title="bbox 2033 2285 3583 2384; baseline 0.03 -46"><span class='ocrx_word' id='word_1_594' title='bbox 2033 2285 2208 2344; x_wconf 81' lang='lat' dir='ltr'><strong>XXIV.</strong></span> <span class='ocrx_word' id='word_1_595' title='bbox 2233 2291 2461 2356; x_wconf 90' lang='lat' dir='ltr'><strong>Quidam</strong></span> <span class='ocrx_word' id='word_1_596' title='bbox 2488 2314 2666 2358; x_wconf 69' lang='lat' dir='ltr'><strong>caecus</strong></span> <span class='ocrx_word' id='word_1_597' title='bbox 2696 2320 2818 2361; x_wconf 91' lang='lat' dir='ltr'><strong>cum</strong></span> <span class='ocrx_word' id='word_1_598' title='bbox 2847 2314 3161 2379; x_wconf 88' lang='lat' dir='ltr'><strong>perveniret</strong></span> <span class='ocrx_word' id='word_1_599' title='bbox 3190 2334 3315 2376; x_wconf 93' lang='lat' dir='ltr'><strong>cum</strong></span> <span class='ocrx_word' id='word_1_600' title='bbox 3348 2323 3583 2384; x_wconf 87' lang='lat' dir='ltr'><strong>ductore</strong></span> 
     </span>
    </p>
   </div>
   <div class='ocr_carea' id='block_1_84' title="bbox 1962 2380 3579 2485">
    <p class='ocr_par' dir='ltr' id='par_1_84' title="bbox 1962 2380 3579 2485">
     <span class='ocr_line' id='line_1_87' title="bbox 1962 2380 3579 2485; baseline 0.028 -56"><span class='ocrx_word' id='word_1_601' title='bbox 1962 2392 2061 2432; x_wconf 91' lang='lat' dir='ltr'><strong>suo</strong></span> <span class='ocrx_word' id='word_1_602' title='bbox 2092 2380 2160 2434; x_wconf 86' lang='lat' dir='ltr'><strong>ad</strong></span> <span class='ocrx_word' id='word_1_603' title='bbox 2189 2381 2415 2441; x_wconf 86' lang='lat' dir='ltr'><strong>ﬂuvium</strong></span> <span class='ocrx_word' id='word_1_604' title='bbox 2445 2390 2539 2461; x_wconf 88' lang='lat' dir='ltr'><strong>qui</strong></span> <span class='ocrx_word' id='word_1_605' title='bbox 2575 2394 2777 2452; x_wconf 90' lang='lat' dir='ltr'><strong>dicitur</strong></span> <span class='ocrx_word' id='word_1_606' title='bbox 2818 2400 3026 2459; x_wconf 85' lang='lat' dir='ltr'><strong>Vindex</strong></span> <span class='ocrx_word' id='word_1_607' title='bbox 3069 2407 3426 2485; x_wconf 78' lang='lat' dir='ltr'><strong>interrogavit</strong></span> <span class='ocrx_word' id='word_1_608' title='bbox 3454 2434 3579 2474; x_wconf 88' lang='lat' dir='ltr'><strong>eum</strong></span> 
     </span>
    </p>
   </div>
   <div class='ocr_carea' id='block_1_85' title="bbox 1961 2467 3578 2565">
    <p class='ocr_par' dir='ltr' id='par_1_85' title="bbox 1961 2467 3578 2565">
     <span class='ocr_line' id='line_1_88' title="bbox 1961 2467 3578 2565; baseline 0.029 -46"><span class='ocrx_word' id='word_1_609' title='bbox 1961 2467 2005 2521; x_wconf 87' lang='lat' dir='ltr'><strong>si</strong></span> <span class='ocrx_word' id='word_1_610' title='bbox 2037 2469 2218 2527; x_wconf 87' lang='lat' dir='ltr'><strong>adhuc</strong></span> <span class='ocrx_word' id='word_1_611' title='bbox 2244 2476 2431 2533; x_wconf 91' lang='lat' dir='ltr'><strong>videre</strong></span> <span class='ocrx_word' id='word_1_612' title='bbox 2465 2485 2737 2551; x_wconf 91' lang='lat' dir='ltr'><strong>potuisset</strong></span> <span class='ocrx_word' id='word_1_613' title='bbox 2771 2490 3046 2551; x_wconf 87' lang='lat' dir='ltr'><strong>civitatem</strong></span> <span class='ocrx_word' id='word_1_614' title='bbox 3080 2508 3135 2555; x_wconf 89' lang='lat' dir='ltr'><strong>et</strong></span> <span class='ocrx_word' id='word_1_615' title='bbox 3162 2508 3578 2565; x_wconf 89' lang='lat' dir='ltr'><strong>monasterium.</strong></span> 
     </span>
    </p>
   </div>
   <div class='ocr_carea' id='block_1_86' title="bbox 1962 2554 3578 2666">
    <p class='ocr_par' dir='ltr' id='par_1_86' title="bbox 1962 2554 3578 2666">
     <span class='ocr_line' id='line_1_89' title="bbox 1962 2554 3578 2666; baseline 0.03 -59"><span class='ocrx_word' id='word_1_616' title='bbox 1962 2554 2206 2630; x_wconf 81' lang='lat' dir='ltr'><strong>Cumque</strong></span> <span class='ocrx_word' id='word_1_617' title='bbox 2237 2564 2454 2621; x_wconf 89' lang='lat' dir='ltr'><strong>audiret</strong></span> <span class='ocrx_word' id='word_1_618' title='bbox 2497 2569 2553 2625; x_wconf 91' lang='lat' dir='ltr'><strong>in</strong></span> <span class='ocrx_word' id='word_1_619' title='bbox 2611 2576 2862 2643; x_wconf 86' lang='lat' dir='ltr'><strong>proximo</strong></span> <span class='ocrx_word' id='word_1_620' title='bbox 2894 2580 3062 2640; x_wconf 84' lang='lat' dir='ltr'><strong>fuisse</strong></span> <span class='ocrx_word' id='word_1_621' title='bbox 3092 2598 3343 2648; x_wconf 85' lang='lat' dir='ltr'><strong>sanctum</strong></span> <span class='ocrx_word' id='word_1_622' title='bbox 3376 2594 3578 2666; x_wconf 87' lang='lat' dir='ltr'><strong>locum,</strong></span> 
     </span>
    </p>
   </div>
   <div class='ocr_carea' id='block_1_87' title="bbox 1961 2648 3582 2752">
    <p class='ocr_par' dir='ltr' id='par_1_87' title="bbox 1961 2648 3582 2752">
     <span class='ocr_line' id='line_1_90' title="bbox 1961 2648 3582 2752; baseline 0.029 -51"><span class='ocrx_word' id='word_1_623' title='bbox 1961 2648 2281 2710; x_wconf 90' lang='lat' dir='ltr'><strong>abstrahere</strong></span> <span class='ocrx_word' id='word_1_624' title='bbox 2306 2658 2410 2713; x_wconf 91' lang='lat' dir='ltr'><strong>sibi</strong></span> <span class='ocrx_word' id='word_1_625' title='bbox 2444 2659 2571 2718; x_wconf 79' lang='lat' dir='ltr'><strong>fecit</strong></span> <span class='ocrx_word' id='word_1_626' title='bbox 2600 2667 2805 2743; x_wconf 84' lang='lat' dir='ltr'><strong>caligas</strong></span> <span class='ocrx_word' id='word_1_627' title='bbox 2826 2680 2881 2727; x_wconf 88' lang='lat' dir='ltr'><strong>et</strong></span> <span class='ocrx_word' id='word_1_628' title='bbox 2910 2678 3305 2752; x_wconf 85' lang='lat' dir='ltr'><strong>calceamenta,</strong></span> <span class='ocrx_word' id='word_1_629' title='bbox 3338 2695 3397 2743; x_wconf 91' lang='lat' dir='ltr'><strong>ut</strong></span> <span class='ocrx_word' id='word_1_630' title='bbox 3418 2692 3582 2746; x_wconf 89' lang='lat' dir='ltr'><strong>nudis</strong></span> 
     </span>
    </p>
   </div>
   <div class='ocr_carea' id='block_1_88' title="bbox 1962 2735 3580 2850">
    <p class='ocr_par' dir='ltr' id='par_1_88' title="bbox 1962 2735 3580 2850">
     <span class='ocr_line' id='line_1_91' title="bbox 1962 2735 3580 2850; baseline 0.029 -61"><span class='ocrx_word' id='word_1_631' title='bbox 1962 2735 2089 2793; x_wconf 87' lang='lat' dir='ltr'><strong>illuc</strong></span> <span class='ocrx_word' id='word_1_632' title='bbox 2121 2746 2433 2811; x_wconf 89' lang='lat' dir='ltr'><strong>perveniret</strong></span> <span class='ocrx_word' id='word_1_633' title='bbox 2474 2753 2712 2820; x_wconf 84' lang='lat' dir='ltr'><strong>pedibus</strong></span> <span class='ocrx_word' id='word_1_634' title='bbox 2740 2776 2754 2823; x_wconf 89' lang='lat'><strong>;</strong></span> <span class='ocrx_word' id='word_1_635' title='bbox 2801 2761 2997 2819; x_wconf 89' lang='lat' dir='ltr'><strong>ductor</strong></span> <span class='ocrx_word' id='word_1_636' title='bbox 3025 2779 3207 2825; x_wconf 89' lang='lat' dir='ltr'><strong>autem</strong></span> <span class='ocrx_word' id='word_1_637' title='bbox 3232 2774 3373 2845; x_wconf 85' lang='lat' dir='ltr'><strong>ejus,</strong></span> <span class='ocrx_word' id='word_1_638' title='bbox 3407 2780 3580 2850; x_wconf 83' lang='lat' dir='ltr'><strong>raptis</strong></span> 
     </span>
     <span class='ocr_line' id='line_1_92' title="bbox 1965 2828 2572 2850; baseline 0.028 0"><span class='ocrx_word' id='word_1_639' title='bbox 1965 2828 2100 2850; x_wconf 69' lang='lat' dir='ltr'><strong>--I-_</strong></span> <span class='ocrx_word' id='word_1_640' title='bbox 2121 2849 2130 2850; x_wconf 41' lang='grc' dir='ltr'><em>κ</em></span> <span class='ocrx_word' id='word_1_641' title='bbox 2281 2838 2313 2850; x_wconf 84' lang='grc'>-⁶</span> <span class='ocrx_word' id='word_1_642' title='bbox 2414 2848 2421 2850; x_wconf 53' lang='grc' dir='ltr'>λ</span> <span class='ocrx_word' id='word_1_643' title='bbox 2516 2845 2572 2850; x_wconf 74' lang='grc'><strong>·“”</strong></span> 
     </span>
    </p>
   </div>
   <div class='ocr_carea' id='block_1_89' title="bbox 1960 2828 3577 2930">
    <p class='ocr_par' dir='ltr' id='par_1_89' title="bbox 1960 2828 3577 2930">
     <span class='ocr_line' id='line_1_93' title="bbox 3261 2828 3577 2850; baseline 0.019 -5"><span class='ocrx_word' id='word_1_644' title='bbox 3261 2828 3372 2845; x_wconf 58' lang='grc' dir='ltr'><strong>σ⁷“⁷1</strong></span> <span class='ocrx_word' id='word_1_645' title='bbox 3408 2828 3577 2850; x_wconf 71' lang='lat' dir='ltr'><strong>&#39;&quot;r‘&quot;</strong></span> 
     </span>
     <span class='ocr_line' id='line_1_94' title="bbox 1960 2828 3577 2930; baseline 0.031 -48"><span class='ocrx_word' id='word_1_646' title='bbox 1960 2828 2346 2893; x_wconf 85' lang='lat' dir='ltr'><strong>calceamentis</strong></span> <span class='ocrx_word' id='word_1_647' title='bbox 2375 2848 2429 2896; x_wconf 90' lang='lat' dir='ltr'><strong>et</strong></span> <span class='ocrx_word' id='word_1_648' title='bbox 2481 2845 2604 2901; x_wconf 88' lang='lat' dir='ltr'><strong>aliis</strong></span> <span class='ocrx_word' id='word_1_649' title='bbox 2638 2851 2803 2907; x_wconf 86' lang='lat' dir='ltr'><strong>rebus</strong></span> <span class='ocrx_word' id='word_1_650' title='bbox 2833 2856 2971 2926; x_wconf 88' lang='lat' dir='ltr'><strong>ejus,</strong></span> <span class='ocrx_word' id='word_1_651' title='bbox 3024 2861 3222 2922; x_wconf 82' lang='lat' dir='ltr'><strong>furtive</strong></span> <span class='ocrx_word' id='word_1_652' title='bbox 3253 2873 3480 2927; x_wconf 89' lang='lat' dir='ltr'><strong>recessit</strong></span> <span class='ocrx_word' id='word_1_653' title='bbox 3508 2875 3577 2930; x_wconf 86' lang='lat' dir='ltr'><strong>ab</strong></span> 
     </span>
    </p>
   </div>
   <div class='ocr_carea' id='block_1_90' title="bbox 1964 2924 3580 3020">
    <p class='ocr_par' dir='ltr' id='par_1_90' title="bbox 1964 2924 3580 3020">
     <span class='ocr_line' id='line_1_95' title="bbox 1964 2924 3580 3020; baseline 0.031 -48"><span class='ocrx_word' id='word_1_654' title='bbox 1964 2934 2050 2982; x_wconf 89' lang='lat' dir='ltr'><strong>eo.</strong></span> <span class='ocrx_word' id='word_1_655' title='bbox 2084 2924 2176 2994; x_wconf 90' lang='lat' dir='ltr'><strong>qui</strong></span> <span class='ocrx_word' id='word_1_656' title='bbox 2207 2929 2485 2988; x_wconf 69' lang='lat' dir='ltr'><strong>aestimans</strong></span> <span class='ocrx_word' id='word_1_657' title='bbox 2534 2944 2593 2991; x_wconf 88' lang='lat' dir='ltr'><strong>ut</strong></span> <span class='ocrx_word' id='word_1_658' title='bbox 2627 2956 2726 3010; x_wconf 92' lang='lat' dir='ltr'><strong>pro</strong></span> <span class='ocrx_word' id='word_1_659' title='bbox 2778 2944 2960 3018; x_wconf 89' lang='lat' dir='ltr'><strong>aliqua</strong></span> <span class='ocrx_word' id='word_1_660' title='bbox 3011 2957 3355 3016; x_wconf 87' lang='lat' dir='ltr'><strong>necessitatis</strong></span> <span class='ocrx_word' id='word_1_661' title='bbox 3411 2979 3580 3020; x_wconf 89' lang='lat' dir='ltr'><strong>causa</strong></span> 
     </span>
    </p>
   </div>
   <div class='ocr_carea' id='block_1_91' title="bbox 1966 3013 3579 3111">
    <p class='ocr_par' dir='ltr' id='par_1_91' title="bbox 1966 3013 3579 3111">
     <span class='ocr_line' id='line_1_96' title="bbox 1966 3013 3579 3111; baseline 0.03 -47"><span class='ocrx_word' id='word_1_662' title='bbox 1966 3013 2234 3083; x_wconf 88' lang='lat' dir='ltr'><strong>oppidum</strong></span> <span class='ocrx_word' id='word_1_663' title='bbox 2268 3019 2421 3089; x_wconf 84' lang='lat' dir='ltr'><strong>juxta</strong></span> <span class='ocrx_word' id='word_1_664' title='bbox 2448 3025 2611 3082; x_wconf 91' lang='lat' dir='ltr'><strong>situm</strong></span> <span class='ocrx_word' id='word_1_665' title='bbox 2648 3013 2890 3104; x_wconf 64' lang='lat' dir='ltr'><strong>intraret,</strong></span> <span class='ocrx_word' id='word_1_666' title='bbox 2924 3047 2978 3096; x_wconf 91' lang='lat' dir='ltr'><strong>et</strong></span> <span class='ocrx_word' id='word_1_667' title='bbox 3021 3047 3202 3102; x_wconf 90' lang='lat' dir='ltr'><strong>statim</strong></span> <span class='ocrx_word' id='word_1_668' title='bbox 3257 3052 3360 3106; x_wconf 92' lang='lat' dir='ltr'><strong>sibi</strong></span> <span class='ocrx_word' id='word_1_669' title='bbox 3391 3053 3447 3109; x_wconf 91' lang='lat' dir='ltr'><strong>in</strong></span> <span class='ocrx_word' id='word_1_670' title='bbox 3476 3057 3579 3111; x_wconf 84' lang='lat' dir='ltr'><strong>ad-</strong></span> 
     </span>
    </p>
   </div>
   <div class='ocr_carea' id='block_1_92' title="bbox 245 3106 3554 3239">
    <p class='ocr_par' dir='ltr' id='par_1_92' title="bbox 245 3106 3554 3239">
     <span class='ocr_line' id='line_1_97' title="bbox 249 3106 3554 3209; baseline 0.028 -105"><span class='ocrx_word' id='word_1_671' title='bbox 249 3106 377 3113; x_wconf 55' lang='grc' dir='ltr'><strong>η--</strong></span> <span class='ocrx_word' id='word_1_672' title='bbox 415 3106 465 3114; x_wconf 76' lang='lat'><strong>-_</strong></span> <span class='ocrx_word' id='word_1_673' title='bbox 493 3106 617 3115; x_wconf 77' lang='lat'><strong>...---</strong></span> <span class='ocrx_word' id='word_1_674' title='bbox 644 3106 1037 3136; x_wconf 52' lang='lat' dir='ltr'><strong>summumne,</strong></span> <span class='ocrx_word' id='word_1_675' title='bbox 1080 3106 1221 3127; x_wconf 73' lang='grc' dir='ltr'>σιυυι</span> <span class='ocrx_word' id='word_1_676' title='bbox 1250 3106 1333 3130; x_wconf 72' lang='grc' dir='ltr'>ωδ</span> <span class='ocrx_word' id='word_1_677' title='bbox 1374 3106 1707 3149; x_wconf 64' lang='lat' dir='ltr'><strong>praceptqu</strong></span> <span class='ocrx_word' id='word_1_678' title='bbox 1757 3106 1861 3149; x_wconf 66' lang='grc' dir='ltr'><strong>εδι,</strong></span> <span class='ocrx_word' id='word_1_679' title='bbox 1887 3135 1934 3200; x_wconf 56' lang='grc' dir='ltr'><strong>(η</strong></span> <span class='ocrx_word' id='word_1_680' title='bbox 1959 3106 2219 3169; x_wconf 83' lang='lat' dir='ltr'><strong>jutorium</strong></span> <span class='ocrx_word' id='word_1_681' title='bbox 2281 3110 2504 3168; x_wconf 90' lang='lat' dir='ltr'><strong>rediret.</strong></span> <span class='ocrx_word' id='word_1_682' title='bbox 2538 3116 2784 3193; x_wconf 90' lang='lat' dir='ltr'><strong>Cumque</strong></span> <span class='ocrx_word' id='word_1_683' title='bbox 2838 3127 2931 3182; x_wconf 91' lang='lat' dir='ltr'><strong>diu</strong></span> <span class='ocrx_word' id='word_1_684' title='bbox 2978 3143 3346 3209; x_wconf 71' lang='lat' dir='ltr'><strong>exSpectaret,</strong></span> <span class='ocrx_word' id='word_1_685' title='bbox 3376 3146 3554 3201; x_wconf 77' lang='lat' dir='ltr'><strong>vocife</strong></span> 
     </span>
     <span class='ocr_line' id='line_1_98' title="bbox 245 3146 3479 3239; baseline 0.019 -39"><span class='ocrx_word' id='word_1_686' title='bbox 245 3146 445 3202; x_wconf 90' lang='lat' dir='ltr'><strong>devote</strong></span> <span class='ocrx_word' id='word_1_687' title='bbox 472 3148 846 3217; x_wconf 88' lang='lat' dir='ltr'><strong>visitaverunt,</strong></span> <span class='ocrx_word' id='word_1_688' title='bbox 879 3155 1138 3214; x_wconf 90' lang='lat' dir='ltr'><strong>similiter</strong></span> <span class='ocrx_word' id='word_1_689' title='bbox 1167 3169 1221 3217; x_wconf 93' lang='lat' dir='ltr'><strong>et</strong></span> <span class='ocrx_word' id='word_1_690' title='bbox 1250 3164 1421 3220; x_wconf 89' lang='lat' dir='ltr'><strong>altare</strong></span> <span class='ocrx_word' id='word_1_691' title='bbox 1452 3166 1663 3223; x_wconf 74' lang='lat' dir='ltr'><strong>Sancta:</strong></span> <span class='ocrx_word' id='word_1_692' title='bbox 1698 3169 1858 3239; x_wconf 59' lang='lat' dir='ltr'><strong>Afrae,</strong></span> <span class='ocrx_word' id='word_1_693' title='bbox 1910 3178 1936 3203; x_wconf 62' lang='grc' dir='ltr'><em>λ</em></span> <span class='ocrx_word' id='word_1_694' title='bbox 1962 3192 2134 3239; x_wconf 73' lang='lat' dir='ltr'><strong>rando</strong></span> <span class='ocrx_word' id='word_1_695' title='bbox 2156 3212 2289 3239; x_wconf 66' lang='lat' dir='ltr'><strong>.pnm</strong></span> <span class='ocrx_word' id='word_1_696' title='bbox 2314 3203 2600 3239; x_wconf 64' lang='grc' dir='ltr'><strong>ηηητςηηη.</strong></span> <span class='ocrx_word' id='word_1_697' title='bbox 2628 3214 2788 3239; x_wconf 44' lang='lat' dir='ltr'><strong>“me.</strong></span> <span class='ocrx_word' id='word_1_698' title='bbox 3007 3222 3017 3233; x_wconf 89' lang='lat'><strong>-</strong></span> <span class='ocrx_word' id='word_1_699' title='bbox 3092 3232 3101 3239; x_wconf 67' lang='grc' dir='ltr'><strong><em>η</em></strong></span> <span class='ocrx_word' id='word_1_700' title='bbox 3161 3228 3178 3239; x_wconf 88' lang='grc'><strong><em>-</em></strong></span> <span class='ocrx_word' id='word_1_701' title='bbox 3229 3236 3237 3239; x_wconf 96' lang='grc'><strong><em>-</em></strong></span> <span class='ocrx_word' id='word_1_702' title='bbox 3317 3232 3328 3239; x_wconf 90' lang='grc'><strong>-</strong></span> <span class='ocrx_word' id='word_1_703' title='bbox 3471 3237 3479 3239; x_wconf 74' lang='lat'><strong><em>~</em></strong></span> 
     </span>
    </p>
   </div>
   <div class='ocr_carea' id='block_1_93' title="bbox 1962 3192 3575 3294">
    <p class='ocr_par' dir='ltr' id='par_1_93' title="bbox 1962 3192 3575 3294">
     <span class='ocr_line' id='line_1_99' title="bbox 1962 3192 3575 3294; baseline 0.031 -50"><span class='ocrx_word' id='word_1_704' title='bbox 1962 3192 2134 3248; x_wconf 89' lang='lat' dir='ltr'><strong>rando</strong></span> <span class='ocrx_word' id='word_1_705' title='bbox 2156 3212 2290 3253; x_wconf 87' lang='lat' dir='ltr'><strong>eum</strong></span> <span class='ocrx_word' id='word_1_706' title='bbox 2314 3203 2601 3263; x_wconf 88' lang='lat' dir='ltr'><strong>nominare</strong></span> <span class='ocrx_word' id='word_1_707' title='bbox 2626 3214 2869 3283; x_wconf 88' lang='lat' dir='ltr'><strong>coepitut</strong></span> <span class='ocrx_word' id='word_1_708' title='bbox 2895 3222 3125 3281; x_wconf 89' lang='lat' dir='ltr'><strong>veniret.</strong></span> <span class='ocrx_word' id='word_1_709' title='bbox 3161 3228 3386 3288; x_wconf 88' lang='lat' dir='ltr'><strong>Interim</strong></span> <span class='ocrx_word' id='word_1_710' title='bbox 3408 3237 3575 3294; x_wconf 90' lang='lat' dir='ltr'><strong>etiam</strong></span> 
     </span>
    </p>
   </div>
   <div class='ocr_carea' id='block_1_94' title="bbox 1959 3288 3575 3389">
    <p class='ocr_par' dir='ltr' id='par_1_94' title="bbox 1959 3288 3575 3389">
     <span class='ocr_line' id='line_1_100' title="bbox 1959 3288 3575 3389; baseline 0.032 -52"><span class='ocrx_word' id='word_1_711' title='bbox 1959 3288 2210 3356; x_wconf 65' lang='lat' dir='ltr'><strong>quaesivit</strong></span> <span class='ocrx_word' id='word_1_712' title='bbox 2253 3294 2515 3355; x_wconf 89' lang='lat' dir='ltr'><strong>zabernas</strong></span> <span class='ocrx_word' id='word_1_713' title='bbox 2557 3310 2611 3357; x_wconf 89' lang='lat' dir='ltr'><strong>et</strong></span> <span class='ocrx_word' id='word_1_714' title='bbox 2641 3307 3034 3384; x_wconf 89' lang='lat' dir='ltr'><strong>calceamenta,</strong></span> <span class='ocrx_word' id='word_1_715' title='bbox 3085 3327 3141 3375; x_wconf 91' lang='lat' dir='ltr'><strong>et</strong></span> <span class='ocrx_word' id='word_1_716' title='bbox 3170 3338 3281 3378; x_wconf 93' lang='lat' dir='ltr'><strong>non</strong></span> <span class='ocrx_word' id='word_1_717' title='bbox 3339 3327 3575 3389; x_wconf 86' lang='lat' dir='ltr'><strong>invenit.</strong></span> 
     </span>
    </p>
   </div>
   <div class='ocr_carea' id='block_1_95' title="bbox 1957 3371 3574 3484">
    <p class='ocr_par' dir='ltr' id='par_1_95' title="bbox 1957 3371 3574 3484">
     <span class='ocr_line' id='line_1_101' title="bbox 1957 3371 3574 3484; baseline 0.033 -59"><span class='ocrx_word' id='word_1_718' title='bbox 1957 3371 2107 3429; x_wconf 90' lang='lat' dir='ltr'><strong>Tunc</strong></span> <span class='ocrx_word' id='word_1_719' title='bbox 2158 3384 2433 3447; x_wconf 90' lang='lat' dir='ltr'><strong>persensit</strong></span> <span class='ocrx_word' id='word_1_720' title='bbox 2461 3403 2492 3440; x_wconf 89' lang='lat' dir='ltr'><strong>a</strong></span> <span class='ocrx_word' id='word_1_721' title='bbox 2547 3389 2774 3450; x_wconf 90' lang='lat' dir='ltr'><strong>ductore</strong></span> <span class='ocrx_word' id='word_1_722' title='bbox 2818 3414 2918 3456; x_wconf 90' lang='lat' dir='ltr'><strong>suo</strong></span> <span class='ocrx_word' id='word_1_723' title='bbox 2946 3419 3006 3458; x_wconf 91' lang='lat' dir='ltr'><strong>se</strong></span> <span class='ocrx_word' id='word_1_724' title='bbox 3037 3421 3161 3462; x_wconf 90' lang='lat' dir='ltr'><strong>esse</strong></span> <span class='ocrx_word' id='word_1_725' title='bbox 3207 3410 3574 3484; x_wconf 88' lang='lat' dir='ltr'><strong>despoliatum</strong></span> 
     </span>
     <span class='ocr_line' id='line_1_102' title="bbox 1957 3464 2546 3484; baseline 0.032 -1"><span class='ocrx_word' id='word_1_726' title='bbox 1957 3464 2058 3484; x_wconf 60' lang='lat' dir='ltr'><strong>ﬂ-.-</strong></span> <span class='ocrx_word' id='word_1_727' title='bbox 2091 3467 2104 3484; x_wconf 85' lang='grc'><strong>1</strong></span> <span class='ocrx_word' id='word_1_728' title='bbox 2126 3483 2131 3484; x_wconf 43' lang='grc' dir='ltr'><em>γ</em></span> <span class='ocrx_word' id='word_1_729' title='bbox 2221 3476 2230 3484; x_wconf 87' lang='grc'><strong>·</strong></span> <span class='ocrx_word' id='word_1_730' title='bbox 2417 3476 2431 3484; x_wconf 87' lang='grc'><strong><em>“</em></strong></span> <span class='ocrx_word' id='word_1_731' title='bbox 2536 3480 2546 3484; x_wconf 83' lang='grc'><strong>“</strong></span> 
     </span>
    </p>
   </div>
   <div class='ocr_carea' id='block_1_96' title="bbox 1957 3464 3573 3568">
    <p class='ocr_par' dir='ltr' id='par_1_96' title="bbox 1957 3464 3573 3568">
     <span class='ocr_line' id='line_1_103' title="bbox 3255 3464 3573 3484; baseline 0.031 -18"><span class='ocrx_word' id='word_1_732' title='bbox 3255 3464 3267 3466; x_wconf 17' lang='grc' dir='ltr'>ἡ</span> <span class='ocrx_word' id='word_1_733' title='bbox 3286 3464 3336 3484; x_wconf 64' lang='grc' dir='ltr'><em>τ</em></span> <span class='ocrx_word' id='word_1_734' title='bbox 3352 3464 3573 3477; x_wconf 67' lang='lat'><strong>---..-_...</strong></span> 
     </span>
     <span class='ocr_line' id='line_1_104' title="bbox 1957 3464 3573 3568; baseline 0.032 -51"><span class='ocrx_word' id='word_1_735' title='bbox 1957 3464 2144 3523; x_wconf 85' lang='lat' dir='ltr'><strong>ﬂendo</strong></span> <span class='ocrx_word' id='word_1_736' title='bbox 2184 3476 2236 3525; x_wconf 88' lang='lat' dir='ltr'><strong>et</strong></span> <span class='ocrx_word' id='word_1_737' title='bbox 2261 3476 2471 3532; x_wconf 88' lang='lat' dir='ltr'><strong>orando</strong></span> <span class='ocrx_word' id='word_1_738' title='bbox 2501 3480 2736 3540; x_wconf 89' lang='lat' dir='ltr'><strong>clamare</strong></span> <span class='ocrx_word' id='word_1_739' title='bbox 2761 3492 2929 3560; x_wconf 66' lang='lat' dir='ltr'><strong>erepit</strong></span> <span class='ocrx_word' id='word_1_740' title='bbox 2980 3496 3048 3549; x_wconf 89' lang='lat' dir='ltr'><strong>ad</strong></span> <span class='ocrx_word' id='word_1_741' title='bbox 3080 3508 3322 3558; x_wconf 89' lang='lat' dir='ltr'><strong>sanctam</strong></span> <span class='ocrx_word' id='word_1_742' title='bbox 3354 3506 3573 3568; x_wconf 81' lang='lat' dir='ltr'><strong>Mariam</strong></span> 
     </span>
    </p>
   </div>
   <div class='ocr_carea' id='block_1_97' title="bbox 1958 3558 3575 3655">
    <p class='ocr_par' dir='ltr' id='par_1_97' title="bbox 1958 3558 3575 3655">
     <span class='ocr_line' id='line_1_105' title="bbox 1958 3558 3575 3655; baseline 0.032 -52"><span class='ocrx_word' id='word_1_743' title='bbox 1958 3560 2186 3609; x_wconf 88' lang='lat' dir='ltr'><strong>matrem</strong></span> <span class='ocrx_word' id='word_1_744' title='bbox 2244 3558 2485 3629; x_wconf 91' lang='lat' dir='ltr'><strong>Domini,</strong></span> <span class='ocrx_word' id='word_1_745' title='bbox 2517 3574 2573 3622; x_wconf 90' lang='lat' dir='ltr'><strong>et</strong></span> <span class='ocrx_word' id='word_1_746' title='bbox 2616 3571 2684 3625; x_wconf 86' lang='lat' dir='ltr'><strong>ad</strong></span> <span class='ocrx_word' id='word_1_747' title='bbox 2727 3558 2970 3634; x_wconf 84' lang='lat' dir='ltr'><strong>sanctam</strong></span> <span class='ocrx_word' id='word_1_748' title='bbox 3004 3582 3204 3655; x_wconf 80' lang='lat' dir='ltr'><strong>Afram,</strong></span> <span class='ocrx_word' id='word_1_749' title='bbox 3239 3597 3295 3646; x_wconf 91' lang='lat' dir='ltr'><strong>et</strong></span> <span class='ocrx_word' id='word_1_750' title='bbox 3350 3595 3419 3649; x_wconf 91' lang='lat' dir='ltr'><strong>ad</strong></span> <span class='ocrx_word' id='word_1_751' title='bbox 3447 3613 3575 3654; x_wconf 87' lang='lat' dir='ltr'><strong>san-</strong></span> 
     </span>
    </p>
   </div>
   <div class='ocr_carea' id='block_1_98' title="bbox 1958 3646 3576 3760">
    <p class='ocr_par' dir='ltr' id='par_1_98' title="bbox 1958 3646 3576 3760">
     <span class='ocr_line' id='line_1_106' title="bbox 1958 3646 3576 3760; baseline 0.013 -39"><span class='ocrx_word' id='word_1_752' title='bbox 1958 3652 2104 3699; x_wconf 54' lang='lat' dir='ltr'><strong>“tum</strong></span> <span class='ocrx_word' id='word_1_753' title='bbox 2139 3646 2473 3721; x_wconf 63' lang='lat' dir='ltr'><strong>Udalricum.</strong></span> <span class='ocrx_word' id='word_1_754' title='bbox 2519 3665 2579 3713; x_wconf 91' lang='lat' dir='ltr'><strong>ut</strong></span> <span class='ocrx_word' id='word_1_755' title='bbox 2618 3662 2727 3718; x_wconf 85' lang='lat' dir='ltr'><strong>sibi</strong></span> <span class='ocrx_word' id='word_1_756' title='bbox 2757 3666 2982 3739; x_wconf 89' lang='lat' dir='ltr'><strong>aliquod</strong></span> <span class='ocrx_word' id='word_1_757' title='bbox 3013 3678 3410 3739; x_wconf 90' lang='lat' dir='ltr'><strong>consolationis</strong></span> <span class='ocrx_word' id='word_1_758' title='bbox 3440 3703 3576 3760; x_wconf 90' lang='lat' dir='ltr'><strong>sup-</strong></span> 
     </span>
     <span class='ocr_line' id='line_1_107' title="bbox 1958 3734 2730 3760; baseline 0 0"><span class='ocrx_word' id='word_1_759' title='bbox 1958 3734 2290 3760; x_wconf 61' lang='lat' dir='ltr'><strong>..l-......a___-</strong></span> <span class='ocrx_word' id='word_1_760' title='bbox 2335 3757 2349 3760; x_wconf 80' lang='lat'>_</span> <span class='ocrx_word' id='word_1_761' title='bbox 2474 3746 2484 3756; x_wconf 86' lang='lat'><strong>-</strong></span> <span class='ocrx_word' id='word_1_762' title='bbox 2560 3756 2569 3760; x_wconf 83' lang='grc'><strong>-</strong></span> <span class='ocrx_word' id='word_1_763' title='bbox 2626 3751 2643 3760; x_wconf 85' lang='grc'><strong>-</strong></span> <span class='ocrx_word' id='word_1_764' title='bbox 2717 3753 2730 3760; x_wconf 88' lang='grc'><strong>-</strong></span> 
     </span>
    </p>
   </div>
   <div class='ocr_carea' id='block_1_99' title="bbox 1958 3734 3574 3834">
    <p class='ocr_par' dir='ltr' id='par_1_99' title="bbox 1958 3734 3574 3834">
     <span class='ocr_line' id='line_1_108' title="bbox 1958 3734 3574 3834; baseline 0.03 -48"><span class='ocrx_word' id='word_1_765' title='bbox 1958 3734 2297 3804; x_wconf 89' lang='lat' dir='ltr'><strong>plementum</strong></span> <span class='ocrx_word' id='word_1_766' title='bbox 2327 3746 2594 3804; x_wconf 88' lang='lat' dir='ltr'><strong>eveniret.</strong></span> <span class='ocrx_word' id='word_1_767' title='bbox 2625 3751 2685 3805; x_wconf 89' lang='lat' dir='ltr'><strong>In</strong></span> <span class='ocrx_word' id='word_1_768' title='bbox 2717 3753 2817 3811; x_wconf 89' lang='lat' dir='ltr'><strong>hac</strong></span> <span class='ocrx_word' id='word_1_769' title='bbox 2846 3734 2971 3815; x_wconf 80' lang='lat' dir='ltr'><strong>cum</strong></span> <span class='ocrx_word' id='word_1_770' title='bbox 3005 3765 3230 3832; x_wconf 72' lang='lat' dir='ltr'><strong>prolixae</strong></span> <span class='ocrx_word' id='word_1_771' title='bbox 3256 3734 3574 3834; x_wconf 58' lang='lat' dir='ltr'><strong>afflictionris</strong></span> 
     </span>
    </p>
   </div>
   <div class='ocr_carea' id='block_1_100' title="bbox 1960 3822 3573 3935">
    <p class='ocr_par' dir='ltr' id='par_1_100' title="bbox 1960 3822 3573 3935">
     <span class='ocr_line' id='line_1_109' title="bbox 1960 3822 3573 3935; baseline 0.031 -62"><span class='ocrx_word' id='word_1_772' title='bbox 1960 3822 2312 3883; x_wconf 90' lang='lat' dir='ltr'><strong>tribulatione</strong></span> <span class='ocrx_word' id='word_1_773' title='bbox 2366 3831 2684 3907; x_wconf 87' lang='lat' dir='ltr'><strong>laboraret,</strong></span> <span class='ocrx_word' id='word_1_774' title='bbox 2735 3844 2920 3902; x_wconf 90' lang='lat' dir='ltr'><strong>subito</strong></span> <span class='ocrx_word' id='word_1_775' title='bbox 2979 3822 3229 3923; x_wconf 77' lang='lat' dir='ltr'><strong>ignotum</strong></span> <span class='ocrx_word' id='word_1_776' title='bbox 3283 3868 3573 3935; x_wconf 85' lang='lat' dir='ltr'><strong>conspexit</strong></span> 
     </span>
    </p>
   </div>
   <div class='ocr_carea' id='block_1_101' title="bbox 1957 3914 3570 4013">
    <p class='ocr_par' dir='ltr' id='par_1_101' title="bbox 1957 3914 3570 4013">
     <span class='ocr_line' id='line_1_110' title="bbox 2999 3914 3570 3935; baseline 0.03 -28"><span class='ocrx_word' id='word_1_777' title='bbox 2999 3914 3032 3923; x_wconf 40' lang='grc' dir='ltr'><em>Ψ</em></span> <span class='ocrx_word' id='word_1_778' title='bbox 3298 3914 3570 3935; x_wconf 18' lang='grc' dir='ltr'><strong>κήτη..</strong></span> 
     </span>
     <span class='ocr_line' id='line_1_111' title="bbox 1957 3914 3570 4013; baseline 0.03 -48"><span class='ocrx_word' id='word_1_779' title='bbox 1957 3914 2134 3969; x_wconf 92' lang='lat' dir='ltr'><strong>oculis</strong></span> <span class='ocrx_word' id='word_1_780' title='bbox 2162 3916 2370 3987; x_wconf 90' lang='lat' dir='ltr'><strong>lumen,</strong></span> <span class='ocrx_word' id='word_1_781' title='bbox 2404 3932 2460 3978; x_wconf 91' lang='lat' dir='ltr'><strong>et</strong></span> <span class='ocrx_word' id='word_1_782' title='bbox 2490 3928 2672 3984; x_wconf 89' lang='lat' dir='ltr'><strong>statim</strong></span> <span class='ocrx_word' id='word_1_783' title='bbox 2704 3937 2980 3994; x_wconf 86' lang='lat' dir='ltr'><strong>crucicula</strong></span> <span class='ocrx_word' id='word_1_784' title='bbox 3007 3941 3078 3997; x_wconf 90' lang='lat' dir='ltr'><strong>de</strong></span> <span class='ocrx_word' id='word_1_785' title='bbox 3100 3944 3400 4007; x_wconf 88' lang='lat' dir='ltr'><strong>viminibus</strong></span> <span class='ocrx_word' id='word_1_786' title='bbox 3430 3954 3570 4013; x_wconf 78' lang='lat' dir='ltr'><strong>facta</strong></span> 
     </span>
    </p>
   </div>
   <div class='ocr_carea' id='block_1_102' title="bbox 1956 4006 3570 4104">
    <p class='ocr_par' dir='ltr' id='par_1_102' title="bbox 1956 4006 3570 4104">
     <span class='ocr_line' id='line_1_112' title="bbox 1956 4006 3570 4104; baseline 0.029 -47"><span class='ocrx_word' id='word_1_787' title='bbox 1956 4006 2211 4063; x_wconf 90' lang='lat' dir='ltr'><strong>eumdem</strong></span> <span class='ocrx_word' id='word_1_788' title='bbox 2270 4010 2552 4073; x_wconf 86' lang='lat' dir='ltr'><strong>denotavit</strong></span> <span class='ocrx_word' id='word_1_789' title='bbox 2590 4019 2796 4092; x_wconf 92' lang='lat' dir='ltr'><strong>locum,</strong></span> <span class='ocrx_word' id='word_1_790' title='bbox 2856 4035 2910 4083; x_wconf 88' lang='lat' dir='ltr'><strong>et</strong></span> <span class='ocrx_word' id='word_1_791' title='bbox 2940 4037 3070 4089; x_wconf 89' lang='lat' dir='ltr'><strong>tunc</strong></span> <span class='ocrx_word' id='word_1_792' title='bbox 3100 4034 3259 4094; x_wconf 74' lang='lat' dir='ltr'><strong>laetus</strong></span> <span class='ocrx_word' id='word_1_793' title='bbox 3300 4041 3570 4104; x_wconf 88' lang='lat' dir='ltr'><strong>destinata</strong></span> 
     </span>
    </p>
   </div>
   <div class='ocr_carea' id='block_1_103' title="bbox 1954 4092 3572 4204">
    <p class='ocr_par' dir='ltr' id='par_1_103' title="bbox 1954 4092 3572 4204">
     <span class='ocr_line' id='line_1_113' title="bbox 1954 4092 3572 4204; baseline 0.03 -59"><span class='ocrx_word' id='word_1_794' title='bbox 1954 4092 2353 4169; x_wconf 85' lang='lat' dir='ltr'><strong>visitavitloca,</strong></span> <span class='ocrx_word' id='word_1_795' title='bbox 2383 4105 2589 4176; x_wconf 88' lang='lat' dir='ltr'><strong>gratias</strong></span> <span class='ocrx_word' id='word_1_796' title='bbox 2610 4113 2978 4185; x_wconf 90' lang='lat' dir='ltr'><strong>omnipotenti</strong></span> <span class='ocrx_word' id='word_1_797' title='bbox 3002 4121 3114 4179; x_wconf 92' lang='lat' dir='ltr'><strong>Deo</strong></span> <span class='ocrx_word' id='word_1_798' title='bbox 3144 4136 3200 4181; x_wconf 93' lang='lat' dir='ltr'><strong>et</strong></span> <span class='ocrx_word' id='word_1_799' title='bbox 3222 4132 3425 4188; x_wconf 91' lang='lat' dir='ltr'><strong>sanctis</strong></span> <span class='ocrx_word' id='word_1_800' title='bbox 3452 4136 3572 4204; x_wconf 91' lang='lat' dir='ltr'><strong>ejus</strong></span> 
     </span>
    </p>
   </div>
   <div class='ocr_carea' id='block_1_104' title="bbox 1955 4201 3574 4285">
    <p class='ocr_par' dir='ltr' id='par_1_104' title="bbox 1955 4201 3574 4285">
     <span class='ocr_line' id='line_1_114' title="bbox 1955 4201 3574 4285; baseline 0.028 -45"><span class='ocrx_word' id='word_1_801' title='bbox 1955 4203 2128 4261; x_wconf 87' lang='lat' dir='ltr'><strong>agens</strong></span> <span class='ocrx_word' id='word_1_802' title='bbox 2158 4208 2257 4261; x_wconf 92' lang='lat' dir='ltr'><strong>pro</strong></span> <span class='ocrx_word' id='word_1_803' title='bbox 2289 4201 2645 4270; x_wconf 87' lang='lat' dir='ltr'><strong>perceptione</strong></span> <span class='ocrx_word' id='word_1_804' title='bbox 2677 4205 2930 4279; x_wconf 88' lang='lat' dir='ltr'><strong>luminis;</strong></span> <span class='ocrx_word' id='word_1_805' title='bbox 2972 4215 3123 4272; x_wconf 89' lang='lat' dir='ltr'><strong>cives</strong></span> <span class='ocrx_word' id='word_1_806' title='bbox 3152 4228 3335 4279; x_wconf 89' lang='lat' dir='ltr'><strong>autem</strong></span> <span class='ocrx_word' id='word_1_807' title='bbox 3369 4226 3439 4282; x_wconf 91' lang='lat' dir='ltr'><strong>de</strong></span> <span class='ocrx_word' id='word_1_808' title='bbox 3472 4228 3574 4285; x_wconf 86' lang='lat' dir='ltr'><strong>Ho-</strong></span> 
     </span>
    </p>
   </div>
   <div class='ocr_carea' id='block_1_105' title="bbox 1956 4277 3569 4372">
    <p class='ocr_par' dir='ltr' id='par_1_105' title="bbox 1956 4277 3569 4372">
     <span class='ocr_line' id='line_1_115' title="bbox 1956 4277 3569 4372; baseline 0.029 -45"><span class='ocrx_word' id='word_1_809' title='bbox 1956 4277 2224 4334; x_wconf 87' lang='lat' dir='ltr'><strong>varchusa</strong></span> <span class='ocrx_word' id='word_1_810' title='bbox 2250 4281 2305 4336; x_wconf 90' lang='lat' dir='ltr'><strong>in</strong></span> <span class='ocrx_word' id='word_1_811' title='bbox 2344 4286 2541 4343; x_wconf 88' lang='lat' dir='ltr'><strong>eodem</strong></span> <span class='ocrx_word' id='word_1_812' title='bbox 2570 4291 2691 4350; x_wconf 94' lang='lat' dir='ltr'><strong>loco</strong></span> <span class='ocrx_word' id='word_1_813' title='bbox 2718 4296 2813 4351; x_wconf 91' lang='lat' dir='ltr'><strong>ubi</strong></span> <span class='ocrx_word' id='word_1_814' title='bbox 2849 4303 3181 4363; x_wconf 86' lang='lat' dir='ltr'><strong>cruciculam</strong></span> <span class='ocrx_word' id='word_1_815' title='bbox 3213 4322 3569 4372; x_wconf 88' lang='lat' dir='ltr'><strong>monstratam</strong></span> 
     </span>
    </p>
   </div>
   <div class='ocr_carea' id='block_1_106' title="bbox 3554 4727 3569 4751">
    <p class='ocr_par' dir='ltr' id='par_1_106' title="bbox 3554 4727 3569 4751">
     <span class='ocr_line' id='line_1_116' title="bbox 3554 4727 3569 4751; baseline 0 0"><span class='ocrx_word' id='word_1_816' title='bbox 3554 4727 3569 4751; x_wconf 75' lang='grc' dir='ltr'><strong>ν</strong></span> 
     </span>
    </p>
   </div>
   <div class='ocr_carea' id='block_1_107' title="bbox 1952 4732 3569 4844">
    <p class='ocr_par' dir='ltr' id='par_1_107' title="bbox 1952 4732 3569 4844">
     <span class='ocr_line' id='line_1_117' title="bbox 3302 4732 3569 4751; baseline 0 0"><span class='ocrx_word' id='word_1_817' title='bbox 3302 4732 3313 4734; x_wconf 72' lang='grc'>⁷</span> <span class='ocrx_word' id='word_1_818' title='bbox 3332 4732 3351 4733; x_wconf 59' lang='grc'><strong><em>⁷⁷</em></strong></span> <span class='ocrx_word' id='word_1_819' title='bbox 3368 4732 3442 4737; x_wconf 64' lang='grc'>’⁷⁷⁷</span> <span class='ocrx_word' id='word_1_820' title='bbox 3459 4732 3569 4751; x_wconf 74' lang='grc' dir='ltr'>-··“ν</span> 
     </span>
     <span class='ocr_line' id='line_1_118' title="bbox 1952 4732 3569 4844; baseline 0.026 -60"><span class='ocrx_word' id='word_1_821' title='bbox 1952 4732 2204 4801; x_wconf 70' lang='lat' dir='ltr'><strong>quaedam</strong></span> <span class='ocrx_word' id='word_1_822' title='bbox 2222 4739 2424 4795; x_wconf 87' lang='lat' dir='ltr'><strong>mulier</strong></span> <span class='ocrx_word' id='word_1_823' title='bbox 2453 4742 2598 4800; x_wconf 90' lang='lat' dir='ltr'><strong>inter</strong></span> <span class='ocrx_word' id='word_1_824' title='bbox 2625 4748 2764 4805; x_wconf 90' lang='lat' dir='ltr'><strong>alios</strong></span> <span class='ocrx_word' id='word_1_825' title='bbox 2784 4768 2907 4809; x_wconf 90' lang='lat' dir='ltr'><strong>cum</strong></span> <span class='ocrx_word' id='word_1_826' title='bbox 2950 4764 3183 4829; x_wconf 88' lang='lat' dir='ltr'><strong>puerulo</strong></span> <span class='ocrx_word' id='word_1_827' title='bbox 3208 4784 3310 4826; x_wconf 92' lang='lat' dir='ltr'><strong>suo</strong></span> <span class='ocrx_word' id='word_1_828' title='bbox 3342 4776 3569 4844; x_wconf 87' lang='lat' dir='ltr'><strong>parvulo</strong></span> 
     </span>
     <span class='ocr_line' id='line_1_119' title="bbox 1955 4820 2822 4844; baseline 0 0"><span class='ocrx_word' id='word_1_829' title='bbox 1955 4820 2161 4844; x_wconf 65' lang='grc' dir='ltr'><strong>..ικιιηξι</strong></span> <span class='ocrx_word' id='word_1_830' title='bbox 2196 4831 2238 4844; x_wconf 76' lang='grc' dir='ltr'><strong>,ι</strong></span> <span class='ocrx_word' id='word_1_831' title='bbox 2284 4826 2336 4844; x_wconf 82' lang='grc' dir='ltr'><strong>-η</strong></span> <span class='ocrx_word' id='word_1_832' title='bbox 2550 4833 2561 4844; x_wconf 74' lang='grc' dir='ltr'><strong>ο</strong></span> <span class='ocrx_word' id='word_1_833' title='bbox 2772 4840 2822 4844; x_wconf 75' lang='lat'><strong>-__</strong></span> 
     </span>
    </p>
   </div>
   <div class='ocr_carea' id='block_1_108' title="bbox 1954 4820 3564 4924">
    <p class='ocr_par' dir='ltr' id='par_1_108' title="bbox 1954 4820 3564 4924">
     <span class='ocr_line' id='line_1_120' title="bbox 1954 4820 3564 4924; baseline 0.03 -52"><span class='ocrx_word' id='word_1_834' title='bbox 1954 4820 2165 4877; x_wconf 90' lang='lat' dir='ltr'><strong>studuit</strong></span> <span class='ocrx_word' id='word_1_835' title='bbox 2189 4831 2244 4879; x_wconf 90' lang='lat' dir='ltr'><strong>et</strong></span> <span class='ocrx_word' id='word_1_836' title='bbox 2280 4826 2411 4885; x_wconf 90' lang='lat' dir='ltr'><strong>illuc</strong></span> <span class='ocrx_word' id='word_1_837' title='bbox 2438 4833 2650 4903; x_wconf 90' lang='lat' dir='ltr'><strong>venire,</strong></span> <span class='ocrx_word' id='word_1_838' title='bbox 2679 4845 2741 4893; x_wconf 90' lang='lat' dir='ltr'><strong>ut</strong></span> <span class='ocrx_word' id='word_1_839' title='bbox 2769 4840 2923 4899; x_wconf 92' lang='lat' dir='ltr'><strong>illum</strong></span> <span class='ocrx_word' id='word_1_840' title='bbox 2953 4850 3021 4903; x_wconf 91' lang='lat' dir='ltr'><strong>ad</strong></span> <span class='ocrx_word' id='word_1_841' title='bbox 3044 4820 3372 4924; x_wconf 29' lang='lat' dir='ltr'><strong>sepulcrum.</strong></span> <span class='ocrx_word' id='word_1_842' title='bbox 3391 4865 3564 4919; x_wconf 86' lang='lat' dir='ltr'><strong>sancti</strong></span> 
     </span>
    </p>
   </div>
   <div class='ocr_carea' id='block_1_109' title="bbox 1955 4910 3565 5021">
    <p class='ocr_par' dir='ltr' id='par_1_109' title="bbox 1955 4910 3565 5021">
     <span class='ocr_line' id='line_1_121' title="bbox 1955 4910 3565 5021; baseline 0.029 -57"><span class='ocrx_word' id='word_1_843' title='bbox 1955 4910 2190 4970; x_wconf 89' lang='lat' dir='ltr'><strong>Udalrici</strong></span> <span class='ocrx_word' id='word_1_844' title='bbox 2219 4933 2342 4973; x_wconf 93' lang='lat' dir='ltr'><strong>cum</strong></span> <span class='ocrx_word' id='word_1_845' title='bbox 2370 4921 2745 4985; x_wconf 88' lang='lat' dir='ltr'><strong>oblationibus</strong></span> <span class='ocrx_word' id='word_1_846' title='bbox 2772 4932 2848 4989; x_wconf 89' lang='lat' dir='ltr'><strong>ibi</strong></span> <span class='ocrx_word' id='word_1_847' title='bbox 2872 4910 3319 5012; x_wconf 67' lang='lat' dir='ltr'><strong>prazponderaret</strong></span> <span class='ocrx_word' id='word_1_848' title='bbox 3348 4969 3447 5021; x_wconf 90' lang='lat' dir='ltr'><strong>pro</strong></span> <span class='ocrx_word' id='word_1_849' title='bbox 3466 4970 3565 5010; x_wconf 88' lang='lat' dir='ltr'><strong>sua</strong></span> 
     </span>
    </p>
   </div>
   <div class='ocr_carea' id='block_1_110' title="bbox 1953 5002 3564 5110">
    <p class='ocr_par' dir='ltr' id='par_1_110' title="bbox 1953 5002 3564 5110">
     <span class='ocr_line' id='line_1_122' title="bbox 1953 5002 3564 5110; baseline 0.028 -57"><span class='ocrx_word' id='word_1_850' title='bbox 1953 5002 2237 5072; x_wconf 88' lang='lat' dir='ltr'><strong>sospitate.</strong></span> <span class='ocrx_word' id='word_1_851' title='bbox 2289 5006 2532 5082; x_wconf 90' lang='lat' dir='ltr'><strong>Cumque</strong></span> <span class='ocrx_word' id='word_1_852' title='bbox 2562 5031 2731 5087; x_wconf 89' lang='lat' dir='ltr'><strong>super</strong></span> <span class='ocrx_word' id='word_1_853' title='bbox 2759 5002 3564 5110; x_wconf 29' lang='lat' dir='ltr'><strong>pontem-Vindicisvcarrpento</strong></span> 
     </span>
    </p>
   </div>
   <div class='ocr_carea' id='block_1_111' title="bbox 1951 5096 3568 5189">
    <p class='ocr_par' dir='ltr' id='par_1_111' title="bbox 1951 5096 3568 5189">
     <span class='ocr_line' id='line_1_123' title="bbox 1951 5096 3568 5189; baseline 0.027 -45"><span class='ocrx_word' id='word_1_854' title='bbox 1951 5096 2361 5164; x_wconf 90' lang='lat' dir='ltr'><strong>superpositum</strong></span> <span class='ocrx_word' id='word_1_855' title='bbox 2393 5105 2685 5171; x_wconf 91' lang='lat' dir='ltr'><strong>puerulum</strong></span> <span class='ocrx_word' id='word_1_856' title='bbox 2724 5126 2849 5169; x_wconf 91' lang='lat' dir='ltr'><strong>cum</strong></span> <span class='ocrx_word' id='word_1_857' title='bbox 2876 5118 2998 5173; x_wconf 88' lang='lat' dir='ltr'><strong>aliis</strong></span> <span class='ocrx_word' id='word_1_858' title='bbox 3036 5122 3202 5178; x_wconf 91' lang='lat' dir='ltr'><strong>rebus</strong></span> <span class='ocrx_word' id='word_1_859' title='bbox 3229 5125 3439 5184; x_wconf 90' lang='lat' dir='ltr'><strong>ducere</strong></span> <span class='ocrx_word' id='word_1_860' title='bbox 3467 5147 3568 5189; x_wconf 90' lang='lat' dir='ltr'><strong>vo-</strong></span> 
     </span>
    </p>
   </div>
   <div class='ocr_carea' id='block_1_112' title="bbox 1952 5182 3564 5292">
    <p class='ocr_par' dir='ltr' id='par_1_112' title="bbox 1952 5182 3564 5292">
     <span class='ocr_line' id='line_1_124' title="bbox 1952 5182 3564 5292; baseline 0.027 -56"><span class='ocrx_word' id='word_1_861' title='bbox 1952 5182 2161 5252; x_wconf 88' lang='lat' dir='ltr'><strong>luisset,</strong></span> <span class='ocrx_word' id='word_1_862' title='bbox 2216 5204 2315 5257; x_wconf 91' lang='lat' dir='ltr'><strong>pro</strong></span> <span class='ocrx_word' id='word_1_863' title='bbox 2346 5191 2725 5265; x_wconf 56' lang='lat' dir='ltr'><strong>inaequalitate</strong></span> <span class='ocrx_word' id='word_1_864' title='bbox 2762 5209 2948 5273; x_wconf 89' lang='lat' dir='ltr'><strong>pontis</strong></span> <span class='ocrx_word' id='word_1_865' title='bbox 2984 5220 3245 5282; x_wconf 88' lang='lat' dir='ltr'><strong>carpento</strong></span> <span class='ocrx_word' id='word_1_866' title='bbox 3280 5217 3564 5292; x_wconf 89' lang='lat' dir='ltr'><strong>inclinato,</strong></span> 
     </span>
    </p>
   </div>
   <div class='ocr_carea' id='block_1_113' title="bbox 1951 5276 3569 5372">
    <p class='ocr_par' dir='ltr' id='par_1_113' title="bbox 1951 5276 3569 5372">
     <span class='ocr_line' id='line_1_125' title="bbox 1951 5276 3569 5372; baseline 0.028 -46"><span class='ocrx_word' id='word_1_867' title='bbox 1951 5276 2213 5344; x_wconf 86' lang='lat' dir='ltr'><strong>puerulus</strong></span> <span class='ocrx_word' id='word_1_868' title='bbox 2269 5282 2471 5339; x_wconf 90' lang='lat' dir='ltr'><strong>cecidit</strong></span> <span class='ocrx_word' id='word_1_869' title='bbox 2518 5286 2574 5342; x_wconf 92' lang='lat' dir='ltr'><strong>in</strong></span> <span class='ocrx_word' id='word_1_870' title='bbox 2622 5305 2865 5363; x_wconf 89' lang='lat' dir='ltr'><strong>amnem,</strong></span> <span class='ocrx_word' id='word_1_871' title='bbox 2905 5300 3001 5370; x_wconf 92' lang='lat' dir='ltr'><strong>qui</strong></span> <span class='ocrx_word' id='word_1_872' title='bbox 3032 5318 3130 5372; x_wconf 91' lang='lat' dir='ltr'><strong>pro</strong></span> <span class='ocrx_word' id='word_1_873' title='bbox 3180 5306 3350 5365; x_wconf 91' lang='lat' dir='ltr'><strong>nimia</strong></span> <span class='ocrx_word' id='word_1_874' title='bbox 3380 5312 3569 5372; x_wconf 90' lang='lat' dir='ltr'><strong>illuvie</strong></span> 
     </span>
    </p>
   </div>
   <div class='ocr_carea' id='block_1_114' title="bbox 1950 5363 3567 5459">
    <p class='ocr_par' dir='ltr' id='par_1_114' title="bbox 1950 5363 3567 5459">
     <span class='ocr_line' id='line_1_126' title="bbox 1950 5363 3567 5459; baseline 0.028 -45"><span class='ocrx_word' id='word_1_875' title='bbox 1950 5363 2307 5423; x_wconf 90' lang='lat' dir='ltr'><strong>vehementer</strong></span> <span class='ocrx_word' id='word_1_876' title='bbox 2329 5371 2593 5444; x_wconf 89' lang='lat' dir='ltr'><strong>elevatus,</strong></span> <span class='ocrx_word' id='word_1_877' title='bbox 2618 5381 2892 5440; x_wconf 88' lang='lat' dir='ltr'><strong>universis</strong></span> <span class='ocrx_word' id='word_1_878' title='bbox 2911 5401 3081 5458; x_wconf 89' lang='lat' dir='ltr'><strong>super</strong></span> <span class='ocrx_word' id='word_1_879' title='bbox 3101 5407 3227 5449; x_wconf 90' lang='lat' dir='ltr'><strong>eum</strong></span> <span class='ocrx_word' id='word_1_880' title='bbox 3252 5401 3567 5459; x_wconf 89' lang='lat' dir='ltr'><strong>meantibus</strong></span> 
     </span>
    </p>
   </div>
   <div class='ocr_carea' id='block_1_115' title="bbox 1954 5454 3565 5552">
    <p class='ocr_par' dir='ltr' id='par_1_115' title="bbox 1954 5454 3565 5552">
     <span class='ocr_line' id='line_1_127' title="bbox 1954 5454 3565 5552; baseline 0.029 -45"><span class='ocrx_word' id='word_1_881' title='bbox 1954 5454 2179 5511; x_wconf 86' lang='lat' dir='ltr'><strong>exitium</strong></span> <span class='ocrx_word' id='word_1_882' title='bbox 2230 5460 2521 5522; x_wconf 87' lang='lat' dir='ltr'><strong>minitavit.</strong></span> <span class='ocrx_word' id='word_1_883' title='bbox 2582 5469 2823 5546; x_wconf 90' lang='lat' dir='ltr'><strong>Cumque</strong></span> <span class='ocrx_word' id='word_1_884' title='bbox 2902 5488 3077 5538; x_wconf 89' lang='lat' dir='ltr'><strong>mater</strong></span> <span class='ocrx_word' id='word_1_885' title='bbox 3127 5487 3434 5550; x_wconf 89' lang='lat' dir='ltr'><strong>tristissima</strong></span> <span class='ocrx_word' id='word_1_886' title='bbox 3510 5496 3565 5552; x_wconf 90' lang='lat' dir='ltr'><strong>in</strong></span> 
     </span>
    </p>
   </div>
   <div class='ocr_carea' id='block_1_116' title="bbox 1956 5544 3571 5640">
    <p class='ocr_par' dir='ltr' id='par_1_116' title="bbox 1956 5544 3571 5640">
     <span class='ocr_line' id='line_1_128' title="bbox 1956 5544 3571 5640; baseline 0.029 -45"><span class='ocrx_word' id='word_1_887' title='bbox 1956 5544 2257 5612; x_wconf 90' lang='lat' dir='ltr'><strong>perniciem</strong></span> <span class='ocrx_word' id='word_1_888' title='bbox 2293 5552 2378 5607; x_wconf 93' lang='lat' dir='ltr'><strong>sui</strong></span> <span class='ocrx_word' id='word_1_889' title='bbox 2406 5552 2462 5609; x_wconf 89' lang='lat' dir='ltr'><strong>in</strong></span> <span class='ocrx_word' id='word_1_890' title='bbox 2494 5572 2710 5615; x_wconf 92' lang='lat' dir='ltr'><strong>amnem</strong></span> <span class='ocrx_word' id='word_1_891' title='bbox 2734 5544 2856 5633; x_wconf 82' lang='lat' dir='ltr'><strong>post</strong></span> <span class='ocrx_word' id='word_1_892' title='bbox 2884 5584 3114 5637; x_wconf 91' lang='lat' dir='ltr'><strong>puerum</strong></span> <span class='ocrx_word' id='word_1_893' title='bbox 3137 5577 3336 5635; x_wconf 89' lang='lat' dir='ltr'><strong>cadere</strong></span> <span class='ocrx_word' id='word_1_894' title='bbox 3362 5582 3571 5640; x_wconf 88' lang='lat' dir='ltr'><strong>voluis-</strong></span> 
     </span>
    </p>
   </div>
   <div class='ocr_carea' id='block_1_117' title="bbox 1952 5638 3567 5733">
    <p class='ocr_par' dir='ltr' id='par_1_117' title="bbox 1952 5638 3567 5733">
     <span class='ocr_line' id='line_1_129' title="bbox 1952 5638 3567 5733; baseline 0.029 -46"><span class='ocrx_word' id='word_1_895' title='bbox 1952 5640 2057 5703; x_wconf 88' lang='lat' dir='ltr'><strong>set,</strong></span> <span class='ocrx_word' id='word_1_896' title='bbox 2088 5643 2145 5692; x_wconf 90' lang='lat' dir='ltr'><strong>et</strong></span> <span class='ocrx_word' id='word_1_897' title='bbox 2181 5638 2269 5695; x_wconf 85' lang='lat' dir='ltr'><strong>vix</strong></span> <span class='ocrx_word' id='word_1_898' title='bbox 2298 5656 2330 5697; x_wconf 87' lang='lat' dir='ltr'><strong>a</strong></span> <span class='ocrx_word' id='word_1_899' title='bbox 2357 5642 2842 5710; x_wconf 84' lang='lat' dir='ltr'><strong>circumstantibus</strong></span> <span class='ocrx_word' id='word_1_900' title='bbox 2890 5665 3293 5733; x_wconf 87' lang='lat' dir='ltr'><strong>comprehensa</strong></span> <span class='ocrx_word' id='word_1_901' title='bbox 3346 5677 3567 5733; x_wconf 85' lang='lat' dir='ltr'><strong>tenere-</strong></span> 
     </span>
    </p>
   </div>
   <div class='ocr_carea' id='block_1_118' title="bbox 3191 5900 3270 5966">
    <p class='ocr_par' dir='ltr' id='par_1_118' title="bbox 3191 5900 3270 5966">
     <span class='ocr_line' id='line_1_130' title="bbox 3191 5900 3270 5966; baseline 0.025 -1"><span class='ocrx_word' id='word_1_902' title='bbox 3191 5900 3270 5966; x_wconf 88' lang='grc'>34</span> 
     </span>
    </p>
   </div>
  </div>
