4038 6178
405 370 436 422 ’1
447 369 550 426 067

1478 353 1534 406 S.
1577 347 1885 405 UDALBIIZI
1925 342 2296 398 AUGUSTANI
2339 342 2654 399 EPISCOPI.

3593 351 3738 407 1068

411 508 514 568 tur,
549 495 740 570 pepuli
769 495 823 550 in
840 499 1072 564 utraque
1103 495 1254 561 parte
1280 484 1527 542 ﬂuminis
1559 482 1615 535 in
1645 481 1762 550 ripa
1791 476 2019 532 festiua-
2044 477 2097 546 Α
2120 480 2330 570 gustam
2362 473 2636 531 civitatem
2667 491 2830 530 causa
2843 477 3109 533 orationis
3132 479 3448 550 ,quemdam
3474 481 3734 536 claudum

410 567 709 646 verunt—in
739 585 1071 657 adjutorium
1114 579 1358 635 infantis.
1412 575 1512 641 Qui
1561 588 1682 628 cum
1735 587 1764 624 a
1796 567 2020 623 nemine

411 699 600 738 eorum
652 679 894 751 adjuvari
957 675 1246 747 potuisset,
1303 669 1531 724 ﬂumine
1583 665 1904 719 submersus
1953 657 2020 710 ab

411 771 587 828 oculis
618 769 861 824 omnium
896 763 1292 820 occultabatur.
1341 758 1512 812 Mater
1539 761 1721 808 autem
1751 751 1818 804 ab
1858 761 2020 802 amne

409 868 460 924 vi
494 868 745 930 abducta,
785 870 838 918 et
887 870 1154 934 quantum
1188 854 1450 928 possibile
1509 850 1609 904 fuit
1639 843 2016 903 consolatione

410 969 650 1032 recepta,
681 959 863 1014 ﬂendo
896 966 949 1011 et
987 951 1338 1009 lamentando
1370 944 1699 1016 adjutorium
1733 934 2019 1035 sanctissi—

410 1027 656 1104 mze-Dei
715 1043 996 1118 genitricis
1059 1040 1234 1094 Mariae
1303 1034 1575 1106 imprimis
1644 1027 1915 1101 quzesivit,
1965 1030 2020 1077 et

413 1149 602 1214 postea
632 1140 701 1194 ad
718 1115 1045 1209 sepulcrum
1081 1131 1254 1187 sancti
1289 1126 1521 1183 Udalrici
1556 1140 1679 1179 cum
1724 1115 2020 1175 oblationi-

411 1209 516 1289 bus
542 1249 678 1305 quas
703 1237 863 1285 antea
919 1242 1018 1298 pro
1061 1224 1324 1294 sospitate
1367 1219 1463 1273 ﬁlii
1509 1217 1592 1272 sui
1647 1215 1775 1268 illuc
1805 1209 2020 1265 deferre

412 1304 679 1388 decrevit,
725 1329 779 1377 et
835 1337 928 1374 eas
989 1333 1088 1390 pro
1142 1314 1335 1386 requie
1380 1311 1574 1366 animae
1633 1304 1846 1377 pueruli
1898 1317 2019 1356 cum

411 1418 559 1473 bona
589 1414 698 1469 ﬁde
751 1411 993 1468 donavit.
1035 1406 1295 1478 Sequenti
1343 1418 1473 1459 vero
1501 1407 1661 1456 nocte
1716 1413 1836 1451 cum
1869 1394 2021 1448 triste

415 1524 615 1579 corpus
645 1504 894 1560 mulieris
923 1516 1089 1572 sopor
1119 1502 1435 1567 occuparet,
1473 1492 1694 1564 quidam
1738 1488 1896 1542 valde
1939 1501 2025 1540 ve-

413 1578 682 1655 nerabilis
701 1611 888 1660 senex,
908 1594 962 1647 iu
991 1591 1192 1646 vestitu
1218 1585 1541 1658 episcopali,
1566 1580 1820 1653 apparuit
1837 1580 1909 1644 ei,
1929 1578 2020 1632 di-

413 1704 545 1744 cens
566 1705 578 1741 :
599 1709 622 1737 ‹‹
641 1685 960 1741 Paenitetne
979 1689 1054 1745 te,
1071 1678 1289 1742 mulier,
1303 1675 1462 1728 valde
1479 1671 1784 1726 infantulus
1804 1674 1926 1722 tuus
1941 1666 1968 1719 ?
1990 1685 2014 1714 ι

415 1780 543 1843 Quae
568 1775 886 1847 respondit:
926 1793 948 1824 α
983 1770 1178 1835 Etiam,
1201 1767 1445 1822 domine.
1483 1788 1506 1812 »ι
1542 1761 1773 1816 Cuiille:
1808 1781 1833 1808 «ι
1866 1758 2021 1847 Mane

415 1845 678 1930 diliculo,
698 1861 902 1931 inquit,
932 1860 1069 1913 vade
1100 1857 1167 1912 ad
1207 1855 1457 1915 ﬂuvium,
1489 1860 1543 1906 et
1565 1851 1658 1904 ubi
1689 1849 1879 1903 ultima
1905 1845 2021 1900 vice

414 1956 472 2009 iu
501 1969 660 2009 amne
689 1951 988 2021 videretur,
1019 1961 1202 2017 qurere
1224 1960 1347 1998 eum
1381 1942 1435 1995 iu
1462 1940 1579 2011 ripa
1605 1936 1849 1992 ﬂuminis
1881 1936 2024 1988 inter

417 2044 657 2098 frutices.
692 2060 715 2091 ι)
756 2039 883 2103 Quae
913 2033 1296 2108 expergefacta
1327 2039 1618 2086 venturum
1653 2041 1771 2080 cras
1809 2024 1897 2078 vix
1924 2040 2022 2077 ex-

414 2144 672 2210 spectans
703 2150 825 2190 cum
850 2129 1235 2201 adjuvantibus
1260 2125 1367 2180 sibi
1395 2125 1568 2194 ripam
1603 2121 1846 2176 ﬂuminis
1867 2119 2022 2182 adiit,

415 2237 470 2285 et
519 2228 823 2283 secundum
881 2224 1105 2279 verbum
1168 2218 1342 2274 sancti
1391 2216 1492 2270 viri
1540 2215 1804 2269 infantem
1863 2230 2023 2268 suum

413 2336 607 2376 sanum
663 2322 717 2371 et
792 2313 1122 2368 incolumem
1179 2306 1412 2362 invenit.
1474 2305 1623 2360 Tunc
1675 2303 1797 2357 laeta
1856 2303 2022 2356 Deum

415 2412 647 2468 laudans
677 2407 861 2473 rediit,
911 2411 967 2459 et
999 2419 1113 2457 rem
1145 2407 1353 2476 gestam
1386 2397 1442 2452 in
1491 2396 1709 2452 civitate
1741 2403 1796 2450 et
1821 2394 2024 2465 ubique

415 2498 681 2556 recitavit.

484 2611 661 2666 XXVI.
695 2607 924 2674 Quidam
955 2620 1083 2660 vero
1130 2604 1294 2657 homo
1334 2601 1484 2671 juxta
1511 2597 1843 2664 Danubium,
1899 2612 2022 2651 cum

412 2711 642 2760 cunctus
673 2700 910 2772 p0pulus
939 2714 1038 2751 sua
1067 2701 1263 2766 sponte
1303 2692 1612 2748 uatalitium
1642 2690 1814 2744 sancti
1862 2688 2025 2744 Udal-

409 2796 507 2852 rici
535 2793 865 2850 solemuiter
895 2789 1218 2853 celebraret,
1244 2786 1430 2842 fenum
1465 2800 1588 2839 cum
1617 2781 1850 2837 rastellis
1877 2796 2019 2836 con-

408 2885 654 2958 gregavit
683 2883 738 2936 in
769 2879 1040 2942 cumulos,
1075 2878 1218 2931 diem
1271 2881 1520 2928 sanctum
1552 2870 1885 2943 spernendo.
1922 2869 2019 2934 Qui

409 2993 530 3033 cum
578 2976 748 3030 altera
773 2974 865 3028 die
896 2987 1018 3026 cum
1058 2967 1315 3040 plaustris
1340 2965 1569 3028 veniret,
1612 2971 1672 3018 ut
1711 2963 1816 3017 hoc
1845 2961 1900 3015 in
1933 2959 2017 3015 fe-

407 3066 618 3120 narium
649 3079 808 3117 suum
853 3061 1100 3121 duceret,
1151 3056 1391 3110 exterius
1437 3053 1733 3108 formosum
1769 3049 2017 3114 invenit,-

407 3173 530 3212 cum
558 3162 740 3210 autem
768 3151 981 3205 bibenti
1008 3150 1156 3221 ligno
1197 3147 1429 3202 interius
1458 3150 1730 3217 tangeret,
1761 3149 1932 3197 totum
1967 3142 2020 3196 in

409 3247 619 3303 favillas
669 3246 1010 3298 immutatum
1047 3240 1277 3302 invenit,
1309 3246 1364 3294 et
1392 3239 1538 3292 diem
1585 3243 1834 3292 sanctum
1862 3251 2022 3307 quem

409 3345 571 3391 antea
628 3334 904 3388 celebrare
952 3331 1148 3395 uoluit,
1206 3335 1395 3400 postea
1472 3343 1582 3397 prae
1652 3325 1848 3381 timore
1903 3340 2030 3379 cou-

414 3437 658 3483 temuere
692 3441 804 3479 non
839 3422 1096 3478 audebat.

482 3543 683 3598 XXVII.
741 3541 944 3595 Eodem
1001 3554 1131 3594 vero
1190 3545 1436 3606 tempore
1496 3535 1694 3590 ancilla
1742 3534 2028 3605 cujusdam

413 3640 699 3694 matrouze,
733 3629 956 3684 Gcrbirc
1002 3627 1118 3699 [al.,
1153 3625 1432 3696 Gerbirch]
1478 3629 1828 3694 nuncupatas.
1861 3623 2027 3677 telum

411 3739 593 3788 suum,
621 3721 751 3775 dum
785 3721 840 3773 in
871 3718 1107 3774 texendo
1148 3715 1444 3780 laboraret,
1487 3712 1704 3767 subitus
1734 3711 1892 3766 dolor
1923 3725 2032 3764 cce-

412 3814 490 3885 pit
538 3813 860 3868 contrahere
904 3825 1100 3864 manus
1132 3807 1284 3876 ejus;
1334 3804 1481 3877 quod
1513 3820 1636 3858 cum
1679 3800 2029 3857 lamentando

413 3909 776 3972 aliisdiceret,
796 3906 1199 3978 responderunt
1217 3903 1302 3958 ei:
1338 3923 1356 3951 ι
1384 3903 1608 3971 Depone
1622 3897 1789 3954 texile
1805 3898 2026 3963 ferrum,

417 4003 544 4075 quia
571 4017 669 4072 pro
690 4008 843 4055 reatu
862 3997 1114 4054 hodierni
1132 3995 1314 4066 Operis
1337 3995 1426 4048 hic
1445 3993 1602 4048 labor
1617 3991 1715 4045 tibi
1733 3989 1976 4055 accedit;
1999 4013 2025 4035 »

419 4111 542 4167 quae
569 4095 659 4148 vix
687 4091 942 4147 manibus
982 4090 1050 4144 de
1081 4088 1226 4143 ferro
1255 4085 1522 4142 absolutis
1550 4086 1752 4139 lectum
1786 4081 2026 4137 intravit.

420 4184 662 4254 Cumque
721 4182 796 4235 ibi
859 4179 1102 4250 requiem
1163 4193 1273 4233 non
1329 4175 1586 4240 haberet,
1649 4189 1758 4244 prie
1811 4178 2026 4227 contra—

415 4273 594 4328 ctione
644 4286 928 4333 mauuum,
960 4283 1240 4324 consersz
1285 4266 1406 4336 ejus
1433 4264 1825 4319 nuntiaverunt
1849 4263 2031 4318 domi-

417 4377 501 4416 na:
529 4376 676 4414 suae:
711 4360 804 4412 illa
830 4373 958 4411 vero
992 4355 1255 4426 praecepit
1300 4360 1358 4407 ut
1385 4369 1546 4407 mane
1575 4353 1818 4407 diluculo
1867 4353 2030 4407 duce-

415 4460 566 4503 retur
591 4463 690 4518 pro
721 4446 1048 4501 liberatione
1077 4460 1176 4498 sua
1207 4443 1272 4496 ad
1305 4441 1619 4512 sepulcrum
1653 4441 1829 4496 sancti
1855 4441 2024 4494 Udal-

417 4538 537 4593 rici.
575 4538 817 4608 Cumque
850 4537 904 4590 in
935 4534 1134 4590 itinere
1175 4533 1332 4588 lassae
1385 4533 1528 4588 circa
1566 4533 1754 4586 horam
1823 4547 2023 4587 nonam
2052 4511 2104 4578 ί)

421 4629 477 4683 in
509 4627 738 4699 planitie
766 4624 1102 4682 Lechfeldiei
1145 4623 1322 4693 campi
1355 4622 1423 4676 ad
1455 4620 1754 4676 reﬁcienda
1801 4637 2031 4692 corpora

418 4722 824 4786 consedissent,
855 4719 1011 4774 dolor
1053 4718 1221 4789 erepit
1259 4716 1432 4770 minui
1467 4717 1520 4770 in
1577 4716 1835 4771 manibus
1865 4716 2027 4771 labo-

419 4811 613 4878 rantis,
642 4810 716 4864 ita
744 4816 803 4863 ut
829 4815 1123 4878 antequam
1155 4806 1223 4861 de
1255 4806 1375 4875 ipso
1406 4805 1525 4860 loco
1557 4812 1865 4876 surgerent,
1904 4804 2028 4858 usui

417 4905 620 4977 prioris
649 4899 992 4958 rectitudinis
1011 4900 1390 4954 redderentur.
1420 4899 1547 4963 Quae
1579 4905 1708 4952 tunc
1739 4899 1874 4951 laetae
1901 4914 2030 4968 per-

411 5002 684 5049 venerunt
734 4992 800 5046 ad
835 4990 1282 5062 praedestinatum
1314 4989 1518 5054 locum,
1550 4995 1605 5042 et
1645 4987 1772 5041 inde
1801 4987 1856 5041 in
1895 4988 2028 5042 civi-

413 5094 580 5141 tatem
608 5085 677 5140 ad
709 5082 998 5140 ecclesiam
1031 5091 1232 5138 sanctae
1254 5081 1434 5136 Mariae
1461 5079 1745 5154 genitricis
1761 5079 1876 5134 Dei.
1904 5081 2032 5136 Post

413 5194 702 5249 vesperam
744 5175 1053 5242 venientes,
1087 5175 1224 5240 haec,
1270 5172 1430 5228 sicuti
1479 5177 1632 5246 gesta
1678 5177 1825 5236 sunt,
1867 5171 2030 5227 nobis

415 5272 900 5335 aunuutiaverunt,
933 5276 988 5326 et
1020 5270 1158 5325 laetae
1181 5268 1250 5323 ad
1287 5267 1508 5338 prOpria
1539 5266 1842 5322 redierunt.

490 5397 714 5452 XXVIII.
747 5398 957 5454 Nobilis
1000 5397 1250 5469 quaedam
1292 5403 1541 5452 matrona
1570 5396 1638 5451 de
1673 5397 2026 5471 Burgundio-

417 5507 549 5548 num
595 5494 903 5564 provincia,
963 5494 1091 5549 dum
1141 5491 1477 5550 decrevisset
1526 5507 1760 5566 pergere
1799 5491 1867 5547 ad
1914 5494 2027 5549 Au-

2121 564 2616 636 eleemosynarium
2652 569 2914 638 praecepit
2938 570 3187 624 comitari
3213 587 3436 637 secum;
3467 573 3624 642 cujus
3639 589 3735 627 ca-

2121 654 2327 708 ballum
2359 656 2574 711 duobus
2596 659 2860 713 ministris
2891 661 3005 714 suis
3033 665 3460 731 commendavit,
3480 672 3538 718 ut
3561 665 3736 735 pedes

2122 745 2260 815 ejus,
2303 746 2459 800 sicuti
2520 763 2636 802 mos
2693 758 2747 802 et
2802 752 3184 824 pergentibus,
3239 752 3381 808 ferro
3429 755 3734 808 munirent.

2123 837 2221 902 Qui
2257 838 2632 894 fraudulenter
2670 841 2842 910 pedes
2887 842 3081 896 caballi
3115 859 3238 898 cum
3271 844 3438 899 clavis
3472 845 3739 900 vulnera-

2117 937 2336 991 verunt,
2371 945 2438 981 ne
2470 929 2681 983 delator
2707 945 2898 984 eorum
2930 930 2983 983 iu
3014 932 3212 987 itinere
3251 941 3469 989 actuum
3503 951 3736 990 suorum

2121 1036 2220 1090 pro
2250 1020 2514 1075 ﬁdelitate
2546 1021 2784 1076 dominae
2815 1039 2948 1090 sure,
2971 1025 3113 1080 sicut
3146 1027 3338 1081 solitus
3361 1034 3499 1092 erat,
3531 1044 3735 1082 mane-

2123 1121 2222 1165 ret.
2258 1112 2629 1184 Dixeruntque
2661 1115 2886 1169 claudo:
2935 1137 2955 1165 ι
2993 1115 3243 1172 Caballus
3273 1128 3398 1173 tuus
3435 1120 3735 1188 claudicat,

2123 1202 2422 1265 etﬁideohic
2452 1209 2503 1257 te
2527 1220 2751 1259 necesse
2780 1213 2863 1260 est
2883 1223 3186 1263 remanere.
3219 1230 3248 1259 ι)
3277 1210 3483 1275 Quibus
3503 1211 3738 1266 claudus

2122 1293 2464 1362 respondens
2487 1293 2656 1348 dixit:
2689 1296 2944 1360 Quamvis
2967 1298 3212 1354 caballus
3233 1301 3526 1368 claudicet,
3549 1308 3738 1356 tamen

2124 1399 2232 1438 non
2267 1386 2554 1440 consentio
2596 1386 2686 1441 hic
2714 1404 2801 1443 me
2845 1405 3156 1457 remanere;
3215 1393 3308 1463 qui
3340 1393 3526 1447 omnia
3557 1401 3740 1463 potest

2127 1475 2266 1530 Deus
2285 1477 2660 1547 omnipotens,
2685 1480 2849 1534 etiam
2872 1497 2957 1536 me
2977 1482 3139 1550 valet,
3161 1484 3424 1538 sicutsibi
3450 1485 3738 1554 placet,ad

2123 1569 2240 1624 loca
2264 1571 2565 1640 perducere
2597 1573 2889 1630 destinata.
2922 1575 3164 1647 Cumque
3195 1593 3319 1632 cum
3350 1577 3474 1631 aliis
3499 1593 3736 1650 pergere

2125 1660 2404 1730 coepisset,
2427 1678 2563 1718 sano
2581 1671 2636 1718 et
2666 1671 2792 1734 apto
2810 1665 3022 1720 caballo
3044 1667 3112 1721 ad
3141 1669 3435 1739 Augustam
3459 1669 3736 1739 pervenit.

2125 1745 2363 1819 Cumque
2406 1749 2480 1803 ibi
2513 1751 2580 1804 ad
2621 1753 2931 1822 sepulcrum
2984 1755 3157 1810 sancti
3201 1757 3434 1811 Udalrici
3477 1757 3734 1812 devotam

2048 1887 2099 1956 Β
2126 1843 2431 1956 oratio‘nem
2493 1846 2861 1956 prolongaret,
2896 1857 2951 1904 et
2997 1849 3152 1906 ﬁrma
3183 1851 3290 1906 ﬁde
3325 1869 3421 1923 pro
3466 1853 3737 1923 sospitate

2125 1949 2225 1987 sua
2267 1934 2611 1988 clementiam
2654 1937 2746 1991 Dei
2803 1937 3140 2008 imploraret,
3171 1941 3228 1994 in
3263 1942 3555 2012 praesentia
3597 1942 3740 1996 mul-

2129 2033 2304 2080 torum
2355 2027 2575 2082 sanitati
2630 2029 2878 2085 redditus
2923 2040 3027 2087 est.
3087 2033 3194 2090 Hoc
3239 2035 3492 2090 videntes
3522 2036 3738 2106 praefati

2126 2116 2380 2172 homines
2407 2118 2500 2188 qui
2523 2118 2792 2190 impedire
2823 2123 2928 2177 iter
2954 2124 3072 2192 ejus
3094 2125 3149 2180 in
3180 2126 3395 2183 caballo
3421 2129 3740 2194 voluerunt,

2126 2205 2444 2260 ceciderunt
2500 2214 2834 2277 terratenus,
2893 2212 3221 2270 conﬁtentes
3295 2217 3512 2272 clericis
3573 2224 3743 2273 cete-

2129 2297 2312 2368 risque
2345 2297 2437 2369 qui
2473 2299 2528 2352 iu
2561 2303 2854 2370 przesentia
2883 2304 3110 2360 aderant
3143 2306 3344 2362 delicta
3372 2324 3493 2374 sua,
3521 2309 3741 2364 veniam

2128 2385 2491 2454 postulantes,
2534 2388 2682 2459 quod
2711 2406 2836 2444 eum
2863 2392 3120 2448 claudum
3153 2395 3421 2466 impedire
3445 2397 3747 2452 voluerunt

2128 2490 2196 2529 ne
2240 2477 2558 2545 perveniret
2600 2481 2668 2534 ad
2717 2481 2920 2549 locum,
2961 2484 3055 2540 ubi
3101 2486 3366 2541 Dominus
3405 2503 3503 2557 per
3547 2489 3747 2542 merita.

2124 2569 2297 2624 sancti
2341 2571 2580 2627 Udelrici
2611 2590 2736 2630 eum
2771 2593 2964 2633 sanare
2992 2579 3249 2652 dignatus
3279 2588 3366 2635 est
3423 2581 3484 2635 Et
3513 2589 3744 2653 accepta

2126 2663 2451 2732 poenitentia
2495 2667 2669 2722 secuti
2730 2677 2860 2725 sunt
2914 2671 3168 2727 claudum
3229 2681 3476 2728 sanatum
3517 2691 3742 2729 crucem

2125 2760 2454 2823 portantem,
2487 2762 2715 2829 uterque
2745 2775 2932 2815 saxum
2965 2769 3129 2818 tantae
3171 2763 3573 2836 magnitudinis
3608 2781 3745 2836 por-

2124 2856 2244 2902 tans
2267 2858 2531 2918 quantum
2565 2853 2744 2909 levare
2769 2857 2964 2924 potuit,
2998 2875 3176 2930 usque
3207 2859 3261 2913 in
3291 2860 3586 2914 ecclesiam
3610 2876 3748 2914 san-

2121 2945 2221 2992 ctae
2261 2941 2354 2994 Dei
2388 2942 2678 3000 Genitricis
2722 2946 2922 3013 Mariae,
2965 2966 3087 3020 qum
3118 2958 3201 3006 est
3238 2951 3343 3006 sita
3375 2951 3430 3004 in
3486 2952 3745 3014 civitate;

2122 3026 2310 3099 ibique
2343 3039 2569 3100 peccata
2599 3051 2695 3089 sua
2749 3037 3190 3093 lamentabantur
3220 3039 3451 3095 multum
3493 3057 3620 3096 cum
3671 3041 3749 3095 la-

2123 3120 2324 3188 crymis
2348 3139 2562 3178 veniam
2613 3128 2972 3196 postulantes.
3009 3129 3250 3201 Cumque
3281 3133 3386 3187 hoc
3425 3133 3645 3205 signum
3689 3135 3746 3189 in

2119 3210 2413 3276 praesentia
2440 3213 2686 3267 omnium
2708 3215 2991 3270 recitatum
3018 3216 3234 3284 fuisset,
3259 3218 3448 3272 clerici
3479 3221 3546 3272 Te
3577 3222 3745 3272 Deum

2130 3299 2417 3354 laudamus
2457 3308 2510 3355 et
2541 3303 2728 3372 pOpuli
2772 3306 2938 3372 Kyrie
2965 3307 3162 3361 eleison
3201 3312 3509 3376 cantantes,
3537 3310 3747 3380 gratias

2130 3393 2184 3440 et
2212 3388 2404 3443 laudes
2437 3390 2544 3445 Deo
2587 3390 2920 3449 referebant.

2199 3476 2373 3530 XXIX.
2411 3479 2639 3543 Quidam
2669 3481 2832 3536 homo
2871 3481 3114 3550 juvenis,
3148 3484 3432 3553 cujusdam
3467 3483 3614 3541 ﬁlius
3648 3503 3746 3542 co—

2133 3568 2296 3635 rnitis,
2325 3575 2473 3623 tanta
2502 3569 2816 3627 inﬁrmitate
2848 3581 2933 3628 est
2964 3574 3244 3641 detentus,
3278 3584 3336 3630 ut
3369 3593 3474 3632 nec
3502 3579 3556 3631 iu
3600 3579 3744 3634 lecto

2132 3659 2236 3714 nisi
2268 3660 2336 3714 ab
2368 3661 2488 3716 aliis
2541 3663 2969 3720 adminiculatus
2999 3667 3055 3720 in
3093 3667 3243 3722 aliud
3275 3684 3331 3724 se
3371 3680 3586 3725 vertere
3641 3687 3746 3741 po-

2133 3755 2323 3810 tuisset
2352 3754 2515 3819 latus,
2551 3773 2652 3812 nec
2671 3757 2856 3812 cibum
2885 3759 3061 3815 multo
3090 3766 3337 3832 tempore
3366 3762 3577 3818 valeret
3606 3765 3751 3820 acci-

2131 3861 2284 3915 pere,
2335 3845 2440 3900 nisi
2473 3847 2662 3916 paucis
2714 3847 2916 3902 oblatis
2959 3849 3376 3906 refocillaretur.
3436 3851 3566 3906 Cum
3616 3869 3748 3909 vero

2131 3937 2355 3991 immani
2388 3938 2572 3992 labore
2603 3938 2942 4014 fatigaretur,
2989 3958 3020 3996 a
3066 3940 3327 3998 ﬁdelibus
3366 3944 3482 3999 suis
3513 3946 3571 3999 in
3609 3946 3753 4001 lecto

2130 4026 2197 4079 ad
2229 4026 2543 4096 sepulcrum
2570 4030 2742 4084 sancti
2787 4029 3021 4086 Udalrici
3058 4031 3328 4088 deductus
3367 4041 3468 4099 est,
3504 4034 3752 4090 oblatio-

2132 4120 2296 4175 nibus
2334 4121 2534 4176 oblatis
2580 4122 3008 4194 lacrymabiliter
3046 4125 3120 4179 ibi
3170 4127 3603 4182 misericordiam
3647 4130 3750 4183 de-

2130 4220 2383 4284 precatus
2407 4226 2509 4268 est.
2546 4213 2788 4286 Cumque
2817 4232 2940 4270 eum
2974 4217 3030 4270 iu
3064 4218 3204 4273 lecto
3234 4219 3300 4273 ad
3332 4219 3587 4282 Sanctam
3633 4220 3751 4275 Ha-

2131 4305 2264 4359 riam
2298 4312 2537 4376 portare,
2570 4307 2888 4377 coepissent,
2913 4309 2971 4361 in
3001 4310 3296 4365 medietate
3325 4312 3425 4366 vite
3450 4312 3623 4382 erepit
3655 4328 3750 4368 ro-

2130 4411 2260 4468 gare
2290 4402 2571 4464 portantes
2600 4403 2658 4449 ut
2688 4397 3060 4466 deponeretur
3089 4399 3156 4452 ad
3191 4399 3616 4454 ambulandum.
3647 4401 3749 4464 Qui

2130 4502 2238 4540 non
2269 4487 2558 4541 credentes
2601 4503 2724 4541 eum
2764 4503 2924 4557 posse
2968 4489 3274 4557 ambulare,
3304 4491 3607 4546 uoluerunt
3636 4493 3744 4547 de-

2133 4595 2358 4650 ponere.
2402 4579 2479 4632 Ad
2513 4589 2722 4650 portam
2751 4595 2879 4636 vero
2908 4581 3140 4636 civitatis
3192 4582 3387 4637 iterum
3447 4585 3659 4658 rogavit
3687 4594 3751 4640 ut

2132 4673 2521 4742 deponeretur,
2556 4671 2746 4726 dicens
2775 4688 2835 4727 se
2870 4688 3028 4743 posse
3058 4675 3358 4730 ambulare.
3413 4676 3516 4740 Qui
3550 4677 3750 4732 iterum

2131 4761 2181 4815 ei
2213 4777 2323 4816 non
2365 4770 2787 4816 consenserunt.
2823 4761 2900 4815 Ad
2931 4763 3131 4834 gradus
3170 4779 3299 4819 vero
3338 4764 3462 4818 atrii
3494 4767 3750 4821 ecclesiae

2130 4867 2253 4906 cum
2287 4850 2616 4920 perveniret,
2641 4850 2697 4904 iu
2719 4851 2943 4906 nomine
2971 4851 3066 4906 Dei
3095 4852 3516 4922 omnipotentis,
3551 4870 3756 4909 omnes

2131 4939 2186 4993 in
2217 4955 2510 4994 commune
2537 4938 2797 5013 ﬂagitavit
2822 4949 2901 5007 ut,
2924 4941 3177 5011 deposito
3207 4942 3372 5007 lecto,
3396 4958 3522 4996 eum
3549 4943 3754 4998 ambu-

2129 5033 2240 5086 lare
2276 5031 2636 5086 dimitterent.
2670 5031 2779 5101 Ipsi
2811 5038 2994 5087 autem
3040 5032 3097 5086 in
3127 5033 3233 5087 ﬁde
3259 5034 3578 5088 haesitantes
3610 5037 3754 5105 peti-

2130 5121 2267 5176 tioui
2300 5120 2420 5190 ejus
2445 5136 2732 5176 assensum
2763 5135 2876 5176 non
2905 5120 3196 5176 dederunt.
3226 5121 3323 5175 Ille
3355 5129 3539 5176 autem
3571 5132 3630 5177 ut
3659 5140 3755 5179 co-

2131 5213 2320 5288 gnovit
2351 5212 2723 5268 inﬁrmitatem
2749 5212 2816 5267 ab
2847 5229 2914 5268 eo
2945 5228 3064 5267 esse
3113 5222 3443 5283 separatam,
3478 5223 3532 5268 et
3578 5215 3755 5270 virtu-

2130 5317 2237 5365 tem
2269 5317 2404 5364 uutu
2431 5308 2524 5362 Dei
2551 5324 2896 5373 concessam,
2929 5307 3167 5363 exsilivit
3189 5307 3258 5361 de
3279 5307 3505 5373 lectulo,
3535 5316 3591 5363 et
3622 5310 3760 5365 inde

2129 5409 2353 5456 strenuo
2391 5415 2583 5473 gressu
2613 5399 2680 5454 ad
2713 5397 3004 5453 ecclesiam
3035 5395 3309 5467 pervenit,
3345 5405 3400 5451 et
3437 5411 3641 5468 sospes
3686 5399 3757 5453 ad

2129 5492 2353 5565 prOpria
2383 5493 2562 5547 rediit.
