4038 6178
315 284 338 338 1
349 282 468 340 069

1646 269 1866 326 SERMO
1905 271 2290 329 SYNODALIS.

3503 281 3645 340 1070

1616 469 2303 562 EPILOGUS.

387 693 509 748 llaec
546 705 719 762 pauca
742 688 1026 760 prulibata
1057 688 1318 745 miracula
1357 685 1634 742 sufﬁciant
1663 682 1926 740 studiosis
1953 687 2002 754 Α
2030 683 2258 755 pissime
2297 687 2629 756 manifestat,
2689 689 2940 744 indicans
2995 689 3051 743 in
3098 689 3216 745 istis
3255 690 3393 746 locis
3446 691 3502 746 in
3530 692 3644 747 suis

314 786 383 840 ad
413 785 557 840 bona
578 782 831 852 exempla
860 781 1182 848 lectoribus,
1236 781 1309 836 ita
1357 787 1415 834 ut
1461 778 1626 833 etiam
1675 776 1844 830 tardis
1875 783 1929 830 et

315 875 584 950 segnibus
616 872 774 927 nimii
829 873 1006 927 nausii
1059 874 1175 944 [pro
1229 871 1465 940 nauseae]
1512 867 1785 923 fastidium
1819 882 1928 921 non

311 967 610 1022 inculcent.
663 965 945 1030 Quomodo
1010 966 1056 1018 si
1109 979 1329 1035 cepero
1405 970 1601 1019 cuncta
1648 957 1918 1018 beneticia

308 1055 643 1112 adeuntibus
688 1054 757 1107 ad
811 1054 1128 1123 sepulcrum
1188 1053 1363 1109 sancti
1420 1051 1656 1109 Udalrici
1693 1060 1745 1106 et
1787 1054 1918 1110 inde

309 1143 735 1209 revertentibus,
783 1143 868 1197 vel
911 1143 1063 1212 juxta
1108 1144 1424 1215 sepulcrum
1484 1144 1715 1198 infirmis
1755 1151 1920 1216 atque

309 1235 586 1291 debilibus
640 1251 670 1288 a
728 1235 838 1288 Deo
886 1249 1150 1289 concessa
1234 1235 1515 1310 sigillatim
1572 1251 1918 1304 enumerare,

312 1325 516 1380 nullius
535 1322 808 1391 adjutorio
837 1323 944 1377 nisi
1004 1323 1177 1378 solius
1215 1324 1329 1386 Dei,
1359 1324 1454 1395 qui
1486 1325 1672 1379 omnia
1721 1331 1919 1395 potest,

313 1433 538 1489 possum
597 1413 882 1487 perficere.
928 1417 1006 1471 lta
1039 1423 1246 1470 tantum
1307 1433 1545 1488 namque
1595 1417 1923 1488 multiplicia

312 1518 460 1576 sunt,
484 1516 544 1564 ut
575 1507 914 1562 sensibilitas
970 1508 1226 1563 humanae
1281 1509 1543 1580 agilitatis
1573 1507 1922 1565 dinumerare

313 1619 378 1657 ea
399 1617 509 1657 non
543 1600 736 1671 possit.
794 1599 930 1664 Quia
991 1600 1323 1672 quibusdam
1363 1608 1489 1672 post
1553 1608 1678 1658 vota
1726 1602 1923 1657 devote

313 1701 536 1766 peracta
573 1694 702 1747 illuc
722 1707 845 1746 cum
891 1691 1267 1748 oblationibus
1314 1693 1598 1760 veniendi,
1631 1693 1836 1760 statim,
1869 1693 1922 1747 in

313 1787 525 1842 laribus
544 1785 658 1840 suis
688 1784 888 1839 donata
933 1792 1078 1840 sunt.
1135 1784 1470 1849 Quibusdam
1535 1785 1594 1840 in
1633 1785 1831 1841 itinere
1859 1785 1927 1840 ad

2031 773 2351 845 regionibus
2393 778 2564 832 multa
2608 777 2883 850 magnalia
2928 777 3022 832 Dei
3078 793 3175 849 per
3235 779 3429 834 merita
3468 780 3641 834 sancti

2034 865 2270 920 Udalrici
2319 866 2479 933 facta,
2535 884 2773 940 quorum
2825 886 2950 924 vera
2987 869 3228 942 cognitio
3291 886 3391 926 nos
3422 879 3646 941 propter

2032 967 2247 1014 nostras
2269 963 2823 1018 necessitatesadista
2850 963 2969 1018 loca
3000 963 3337 1018 veniendum
3370 965 3640 1019 incitavit.

2028 1047 2121 1102 His
2153 1049 2379 1115 auditis,
2415 1051 2499 1105 eia
2539 1067 2659 1117 nos,
2728 1053 2822 1122 qui
2861 1052 3119 1123 inquilini
3175 1053 3340 1122 hujus
3391 1053 3644 1108 ecclesiae

2021 1153 2232 1202 sumus,
2268 1145 2322 1192 et
2351 1139 2485 1192 tanti
2540 1140 2755 1209 patroni
2797 1139 2991 1195 faciem
3041 1141 3344 1210 saepissime
3377 1141 3640 1196 vidimus.

2022 1233 2077 1280 et
2141 1227 2263 1294 ejus
2301 1226 2608 1282 doctrinam
2678 1228 3243 1299 benedictionemque
3326 1229 3642 1298 smpissime

2023 1321 2360 1392 accepimus,
2385 1323 2517 1377 etin
2558 1338 2625 1378 eo
2651 1324 2860 1394 Optima
2917 1324 3168 1393 exempla
3221 1323 3642 1394 conspeximus,

2025 1424 2080 1474 et
2119 1433 2265 1472 nunc
2331 1418 2384 1472 in
2432 1419 2848 1475 retributionem
2907 1420 3028 1488 ejus
3082 1419 3354 1474 bonorum
3415 1433 3645 1488 Operum

2024 1510 2245 1565 assidua
2309 1510 2572 1565 miracula
2638 1519 2692 1567 et
2749 1511 2968 1566 diversa
3017 1511 3174 1584 signa
3214 1511 3272 1566 in
3317 1509 3645 1566 liberatione

2025 1604 2321 1661 multorum
2352 1604 2603 1660 videmus
2644 1613 2700 1661 et
2757 1606 3036 1674 audimus,
3069 1622 3169 1661 cur
3207 1620 3317 1661 non
3357 1605 3646 1679 expergis-

2027 1694 2224 1762 cimur,
2248 1700 2302 1748 et
2324 1693 2549 1748 taedium
2580 1695 2751 1749 nostri
2782 1694 3044 1749 desiderii
3104 1709 3214 1750 non
3245 1693 3580 1764 deponimus
3617 1692 3646 1746 ‘2

2028 1780 2161 1835 Eum
2192 1797 2322 1837 vero
2355 1781 2423 1836 de
2445 1797 2556 1852 quo
2586 1781 2868 1852 loquimur
2896 1789 3184 1853 quantum,
3213 1782 3324 1836 Deo
3375 1781 3644 1847 donante,

315 1884 424 1938 huc
455 1883 620 1954 longe
640 1878 854 1950 positis,
884 1879 1212 1951 quibusdam
1245 1880 1374 1936 illuc
1430 1881 1930 1952 appropinquanti-
2030 1889 2322 1946 possumus
2352 1873 2654 1942 imitantes,
2710 1876 2830 1945 ejus
2854 1875 3128 1944 adjutorio
3155 1876 3260 1931 iter
3289 1874 3644 1930 rectitudinis

316 1977 441 2043 bus,
470 1973 802 2047 quibusdam
829 1972 955 2028 illuc
972 1973 1928 2045 pervenientibus,quibusdaminde

2033 1966 2306 2034 ineamus,
2339 1983 2439 2038 per
2467 1966 2614 2038 quod
2648 1967 2937 2038 pervenire
2967 1983 3279 2023 mereamur
3295 1966 3364 2022 ad
3395 1982 3521 2020 eum
3555 1965 3650 2038 qui

319 2040 680 2124 redeuntibus
707 2040 1103 2135 compendiose
1118 2040 1486 2135 adimplenda
1502 2074 1652 2121 sunt.
1688 2067 1926 2131 Quorum
1954 2040 2004 2108 Β
2033 2059 2087 2113 in
2118 2058 2294 2114 tribus
2349 2059 2606 2130 personis
2663 2061 2717 2114 in
2757 2059 3066 2115 divinitatis
3127 2060 3444 2132 aequalitate
3483 2075 3648 2126 unus,

319 2155 541 2209 auditus
569 2153 719 2210 bono
747 2169 969 2209 rumore
1000 2169 1110 2210 non
1144 2154 1324 2209 solum
1351 2155 1710 2226 propinquas,
1738 2171 1926 2210 verum

321 2245 486 2300 etiam
516 2245 681 2319 longe
704 2245 836 2300 sitas
865 2245 1124 2318 regiones
1165 2245 1459 2314 advolavit,
1493 2246 1640 2318 quod
1671 2245 1933 2318 frequens

346 2334 638 2406 requentia
701 2334 1115 2390 adventantium
1161 2334 1412 2406 undique
1444 2335 1773 2406 populorum
1827 2351 1935 2390 sae-

322 2396 348 2450 f

2033 2152 2890 2223 incommutabilis,omnipotens
2909 2152 3052 2208 Deus
3078 2150 3510 2225 permanet_sine
3539 2149 3652 2206 ﬁne

2035 2244 2090 2299 in
2113 2243 2313 2302 saecula
2335 2245 2682 2300 saeculorum.
2715 2245 2910 2300 Amen.

1074 2645 1812 2786 SANCTI
1932 2646 2926 2784 UDALRICI

1636 2887 2009 2944 AUGUSTANI
2059 2887 2356 2944 EPISCOPI

1484 3041 1822 3125 SERMO
1902 3042 2496 3142 SYNODALIS.

331 3249 418 3303 Εω
444 3246 621 3322 codice
646 3261 926 3322 ῖγιᾳηιιεονἒ
941 3249 1272 3322 monasterii
1319 3248 1792 3322 Neresheimensis,
1849 3251 2047 3322 scripto
2074 3265 2216 3303 anno
2247 3250 2454 3322 Christi
2479 3250 2640 3316 1009,
2690 3251 2833 3320 quod
2871 3267 2938 3306 ea:
2965 3253 3140 3307 verbis
3167 3255 3296 3308 istis
3321 3254 3606 3322 colligitur
3645 3271 3658 3308 :

406 3343 431 3364 α
466 3318 552 3373 Ab
580 3319 738 3372 initio
756 3319 948 3373 mundi
975 3333 1144 3388 usque
1174 3322 1232 3372 in
1260 3319 1547 3373 adventum
1597 3322 1816 3374 Domini
1849 3320 2143 3374 secundum
2173 3321 2495 3374 Hebraicam
2530 3318 2817 3375 veritatem
2855 3325 2991 3376 anni
3019 3329 3147 3377 sunt
3173 3323 3335 3386 3956,
3368 3318 3664 3380 secundum

406 3404 529 3443 vero
548 3391 881 3464 interpretes,
907 3392 1040 3443 anni
1064 3389 1222 3443 5699.
1254 3391 1603 3464 Colligtmtitr
1626 3395 1800 3444 autem
1829 3393 1966 3444 anni
1981 3405 2156 3444 omnes
2181 3407 2222 3464 Δᾳ
2247 3394 2513 3464 creatione
2538 3394 2708 3464 primi
2722 3393 2955 3445 hominis
2976 3409 3144 3461 usque
3164 3397 3231 3464 in
3261 3398 3546 3464 septimum
3570 3412 3676 3451 an-

407 3476 536 3516 num
565 3463 785 3517 Henrici
808 3463 1152 3532 imperatoris
1181 3461 1472 3516 secundum
1502 3461 1830 3516 Hebraicam
1859 3464 2138 3515 veritatem
2165 3461 2326 3527 4965,
2357 3463 2648 3517 secundum
2663 3478 2788 3518 vero
2807 3465 3124 3532 interpretes
3145 3463 3288 3519 6708
3300 3461 3363 3520 ξι

1658 3558 1841 3627 (LABB-
1878 3559 2078 3617 Concil.
2115 3557 2367 3624 lX,803.l

919 3849 1332 3906 CONJECTURA
1355 3849 1559 3905 MARCI
1599 3849 1871 3904 VELSERI
1904 3851 1987 3906 DE
2019 3849 2314 3905 AUCTORE
2353 3849 2683 3905 SERMONIS
2720 3849 3108 3916 SEQUENTIS.

427 3982 761 4065 Cu_m_codex
788 3983 1138 4065 Neresheimi‘
1170 3983 1236 4065 in
1268 3984 1583 4065 Augustana
1617 3981 2470 4065 rd‘imcesi,‘anno_Christi1009,
2514 3983 2620 4038 hoc
2651 3989 2733 4038 est
2767 3983 3062 4065 tricesimo_
3087 3991 3240 4065 sexto
3280 3992 3403 4055 post
3441 3994 3673 4042 mortem

355 4056 532 4111 sancti
568 4055 824 4129 Ud_al_ric_i,
856 4055 1093 4129 scriptus
1139 4055 1231 4121 sit,
1262 4052 1565 4129 verisimile
1613 4052 1672 4129 fit
1714 4053 2008 4129 synodales
2059 4055 2154 4107 has
2193 4055 2616 4109 constitutiones
2646 4071 2676 4108 a
2708 4064 2898 4109 sancto
2931 4055 3185 4129 Udalrico
3207 4052 3400 4129 ﬂuere,
3427 4074 3563 4129 quas
3591 4074 3681 4113 se-

366 4136 600 4198 quentes
626 4127 829 4180 deinde
852 4125 1119 4196 episcopi,
1152 4127 1300 4198 quod
1323 4125 1607 4196 inscriptio
1636 4124 1840 4192 innuit,
1870 4125 2075 4194 saepius
2118 4133 2368 4198 repetere
2413 4133 2808 4198 etiproponere
2838 4128 3243 4198 consueverint.
3277 4124 3517 4183 Primum
3549 4145 3679 4184 vero

366 4194 556 4279 earum
587 4194 1185 4279 auctorem—sanctum—
1208 4194 1516 4279 Udalricum
1557 4212 1697 4276 esse,
1731 4212 2069 4279 magnOpere
2099 4194 2420 4279 confirmat
2475 4194 2629 4279 locus
2684 4197 2909 4279 vetusti.
2936 4199 3220 4279 scriptoris
3257 4200 3323 4279 _in
3385 4199 3508 4279 ejus
3562 4199 3682 4279 Yita

369 4286 491 4340 cap.
523 4270 591 4321 6:
630 4289 654 4319 α
681 4271 740 4322 In
771 4268 1101 4339 quibusdam
1131 4275 1311 4322 autem
1341 4269 1542 4340 diebus
1566 4266 1959 4340 capitula'cum
1980 4267 2196 4340 clericis
2227 4267 2428 4340 habere
2456 4267 2753 4340 disposuit,
2785 4267 2839 4340 in
2859 4269 2945 4322 his
2963 4266 3098 4324 locis
3130 4270 3223 4324 ubi
3257 4271 3374 4325 haec
3403 4266 3684 4340 aptissime

369 4338 490 4395 ﬁeri
519 4338 984 4410 archipresbyteri
1011 4345 1359 4409 putaverunt,
1401 4347 1455 4394 et
1484 4339 1578 4392 ubi
1611 4355 1735 4392 eum
1767 4338 1834 4392 ab
1865 4338 1986 4391 aliis
2031 4338 2326 4393 mundanis
2357 4338 2608 4393 conciliis
2655 4338 3056 4394 absolutionem
3090 4357 3210 4395 esse
3251 4338 3683 4396 arbitrabantur.

370 4409 727 4484 Congregatis
757 4418 972 4484 antese
1001 4410 1236 4484 clericis,
1269 4410 1795 4484 archipresbyteros,
1837 4409 2195 4484 et_decanos,_
2216 4417 2270 4464 et
2308 4411 2545 4480 optimos
2575 4425 2715 4484 quos
2745 4411 2888 4464 inter
2907 4427 3004 4465 eos
3034 4411 3291 4484 invenire,
3315 4413 3686 4484 potuit,caute

371 4480 734 4556 interrogavit
763 4481 998 4556 qualiter
1025 4482 1408 4556 quotidianum
1441 4483 1530 4534 Dei
1552 4480 1832 4556 servitium
1857 4481 1925 4533 ab
1952 4481 2034 4534 eis
2065 4480 2495 4556 implor_etu_r,_et
2525 4481 2764 4556 qualiter
2785 4483 3023 4552 potiulus
3079 4483 3185 4556 illis
3212 4480 3495 4556 subjectus
3511 4500 3574 4538 ex
3607 4484 3689 4538 eis

371 4551 728 4625 regereturin
752 4551 932 4625 studio
973 4553 1308 4625 praedicandi
1351 4552 1722 4622 docendique,
1754 4559 2068 4622 quantaque
2096 4551 2312 4625 cautela
2353 4551 3052 4625 infantesgbaptiaarentur,
3084 4553 3284 4607 infirmi
3312 4554 3684 4620 visitarentur,

374 4622 1202 4694 et_ungerentur,defunctorum
1225 4624 1390 4678 etiam
1433 4638 1662 4693 corpora
1685 4630 1889 4694 quanta
1922 4622 2304 4692 compassione
2345 4623 2646 4692 sepulturis
2678 4623 3047 4690 traderentur,
3103 4625 3341 4694 qualiter
3363 4627 3430 4681 de
3453 4627 3688 4681 decimis

375 4701 429 4748 et
457 4693 834 4749 oblationibus
862 4693 1106 4748 fidelium
1141 4710 1410 4764 pauperes
1442 4697 1844 4764 recrearentur,
1876 4693 2056 4747 viduis
2087 4701 2140 4747 et
2167 4694 2430 4762 orphanis
2459 4694 2514 4747 in
2555 4693 2827 4747 universis
2866 4693 3288 4750 necessitatibus
3309 4698 3690 4760 subvenirent,

377 4773 692 4836 quantoque
723 4765 903 4820 studio
939 4765 993 4818 in
1021 4763 1335 4834 hospitibus
1375 4775 1428 4819 et
1467 4764 1693 4818 advenis
1723 4763 1936 4818 Christo
1969 4764 2346 4836 ministrarent
2381 4764 2461 4836 :si
2486 4764 2940 4836 subintroductas
2969 4765 3228 4820 mulieres
3247 4784 3431 4823 secum
3467 4769 3694 4822 habuis-

372 4835 516 4903 sent,
558 4835 616 4891 et
641 4837 771 4890 inde
811 4837 1021 4908 crimen
1050 4836 1385 4908 suspicionis
1417 4835 1744 4908 inciderent,
1768 4836 1947 4908 sicum
1967 4835 2296 4908 canibusvel
2322 4835 2681 4908 accipitribus
2708 4835 3421 4908 venationessequerentur,
3443 4840 3488 4893 si
3509 4840 3694 4892 taber—

378 4923 478 4961 nas
506 4923 671 4962 causa
701 4908 904 4962 edendi
942 4907 1028 4962 vel
1060 4907 1298 4980 bibendi
1321 4906 1833 4980 ingrederent_ur,si
1868 4915 2054 4976 turpes
2077 4906 2435 4980 jocosinusu
2459 4906 2744 4980 haberent,
2769 4906 3133 4980 si;e_brietates
3161 4916 3216 4964 et
3266 4910 3698 4964 comessationes

378 4993 547 5048 supra
580 4980 805 5034 modum
837 4986 1101 5044 amarent,
1129 4979 1176 5032 si
1205 4979 1334 5032 rixis
1355 4976 1410 5033 et
1436 4977 1886 5033 contentionibus
1915 4986 1968 5031 et
1989 4976 2430 5032 aemulationibus
2447 4976 2806 5042 deservirent,
2825 4977 2870 5031 si
2904 4979 3112 5048 nuptiis
3141 4980 3496 5035 saacularibus
3523 4980 3699 5033 inter-

381 5047 586 5112 essent,
619 5050 703 5104 vel
745 5050 790 5103 si
821 5049 990 5120 aliqui
1030 5064 1220 5103 eorum
1248 5050 1556 5104 ministerio
1598 5047 1914 5120 indecentia
1944 5049 2000 5101 in
2025 5048 2426 5120 consuetudine
2453 5048 2740 5120 haberent,
2762 5048 2808 5102 si
2851 5065 2950 5120 per
2969 5047 3240 5104 Kalendas
3262 5065 3411 5104 more
3441 5059 3699 5103 anteces-

381 5136 566 5174 sorum
594 5137 817 5175 suorum
851 5118 928 5174 ad~
960 5121 1076 5192 loca
1102 5126 1301 5174 statuta
1327 5121 1705 5192 convenirent,
1749 5119 1934 5192 ibique
1952 5119 2152 5192 solitas
2181 5120 2458 5192 orationes
2499 5118 2802 5192 explerent,
2836 5118 3074 5192 suasque
3105 5121 3366 5192 ecclesias
3397 5120 3463 5172 ad
3486 5127 3705 5190 tempus

383 5191 710 5266 reviserent,
741 5193 799 5266 ‘si
830 5189 2138 5266 obedientiameorummagistrispraebuissent,
2166 5197 2225 5266 et
2250 5191 2453 5266 in__toto
2476 5206 2576 5244 suo
2598 5190 2908 5266 ministerio
2928 5189 3111 5246 devoti
3131 5199 3186 5245 et
3206 5191 3318 5260 apti
3360 5207 3581 5266 manere
3596 5189 3704 5246 stu-

383 5261 652 5335 duissent.
689 5285 708 5312 ι
733 5262 866 5335 Cum
897 5263 1178 5335 pleraeque
1207 5263 1395 5317 harum
1429 5261 1924 5335 interrogationum
1951 5261 2447 5335 constitutionibus
2480 5261 2869 5335 respondeant,
2904 5271 3120 5335 tempus
3149 5269 3416 5335 praeterea
3444 5262 3708 5335 locusque

383 5334 698 5401 conveniat,
741 5330 988 5404 profecto
1021 5330 1157 5389 nihil
1179 5340 1328 5390 vetat
1348 5333 1443 5388 uni
1466 5330 1858 5389 eidem"sancto
1887 5330 2137 5386 Udalrico
2167 5332 2592 5387 constitutiones
2619 5339 2673 5388 et
2702 5330 3162 5408 interrogationes
3193 5331 3459 5391 tribuere.

1590 5459 1950 5517 ADMONITIO
1974 5459 2281 5514 SEVERINI
2305 5459 2486 5516 BlNll.

459 5588 645 5644 Amice
676 5588 865 5654 lector,
889 5589 1037 5643 hunc
1063 5602 1374 5644 sermonem
1399 5587 1742 5659 synodalem,
1769 5595 1893 5658 post
1921 5586 2151 5659 primam
2185 5587 2508 5653 editionem,
2531 5585 2888 5659 conciliorum
2919 5587 3180 5659 secundae
3213 5588 3570 5645 inserendum
3607 5590 3714 5648 mi-

386 5659 456 5733 sit
474 5660 542 5713 ad
565 5676 652 5733 me
683 5661 1057 5733 amplissimus
1103 5660 1362 5733 dominus
1414 5655 1622 5733 Earcus
1676 5655 1935 5714 Velserus
1989 5658 2092 5728 pize
2125 5659 2430 5733 memoriae,
2463 5657 2742 5728 quondam
2775 5655 2994 5726 inclyta:
3026 5657 3346 5733 reipublicae
3379 5661 3707 5733 Augustanae

389 5730 667 5799 duumvir,
698 5729 938 5804 seqitens
960 5731 1128 5802 prisci
1158 5731 1258 5789 aevi
1284 5730 1711 5799 monimentum,
1744 5747 1852 5786 una
1875 5745 1998 5785 cum
2027 5730 2343 5800 conjectura
2374 5730 2443 5784 de
2465 5735 2684 5784 auctore
2718 5743 2730 5781 :
2755 5741 2936 5797 Operae
2960 5729 3196 5798 pretium
3216 5729 3486 5786 facturum
3511 5749 3600 5788 me
3614 5750 3717 5806 pu-
