4038 6178
431 284 456 337 ἰ
467 283 566 338 071

1497 286 1552 341 S.
1596 286 1907 342 UDALRICI
1945 290 2317 347 AUGUSTANI
2358 293 2675 350 EPISCOPL

3619 309 3764 367 1072

430 413 557 494 tavi,
580 418 639 468 ut
675 413 934 494 latentem
955 429 1277 494 sermonem
1301 413 1560 494 omnibus
1590 417 1959 494 pastoralibus
1990 420 2231 494 syuodisi
2271 423 2618 479 celebrandis
2660 426 3036 494 utilissimum,
3067 437 3123 486 et
3167 432 3414 488 tenebris
3444 444 3662 491 erutum
3691 441 3751 494 in

429 485 959 570 lucemhemitterem.
997 485 1148 570 Quod
1167 485 1555 570 ecclesiasticae
1584 485 1892 570 disciplinae
1921 485 2156 570 faustum
2189 493 2298 570 sit;
2331 496 2634 570 eritque‘ut
2661 513 2845 570 spero,
2888 499 2929 552 si
2965 485 3138 570 quiin
3174 485 3756 564 smtemac'm’iniste:

430 555 568 608 rium
603 556 815 636 Domini
849 557 1253 636 c00ptatisunt,
1296 558 1412 611 haec
1443 567 1550 611 tam
1584 555 1844 636 salutaria
1876 561 2084 636 monita
2116 561 2170 614 in
2197 562 2417 618 intimas
2449 555 2716 621 medullas
2741 555 3051 636 demittant,
3085 582 3142 626 ut
3171 555 3239 627 ad
3265 555 3453 630 eorum

3501 583 3752 646 praescri-

428 637 602 712 ptum,
636 628 820 712 vitam,
854 629 1546 712 moresaetactionessuas
1569 629 1912 708 conl‘orn‘iare
1930 632 2203 712 studeant.
2237 635 2366 688 Cum
2391 639 2669 712 incertum
2728 641 2797 693 sit
2837 652 3004 712 quoto
3035 628 3181 699 anno
3213 644 3281 698 ab
3312 628 3752 705 'L'dairiébifaiii-

429 708 514 750 tus
541 698 725 765 fuerit,
759 698 1038 768 praefixum
1061 699 1218 753 initio
1259 699 1446 769 scripti
1475 700 1601 753 libri
1633 717 1836 755 annum
1859 702 2210 758 retinendum
2243 721 2361 760 esse
2383 707 2646 776 judicavi.

494 897 703 953 Fratres
736 898 1044 970 presbyteri
1104 906 1158 954 et
1204 899 1520 954 sacerdotes
1560 900 1794 965 Domini,
1827 915 2034 971 coope-
2063 905 2112 971 Α
2138 903 2354 977 signum
2384 909 2422 975 ἦ·
2443 915 2588 964 recte
2611 908 2790 966 facere
2811 911 3026 966 studete
3057 929 3070 966 :
3103 929 3214 968 non
3241 915 3388 970 enim
3415 918 3574 975 aliter
3593 923 3756 992 quid-

423 996 630 1044 ratores
656 990 826 1045 nostri
877 991 1087 1046 ordinis
1142 992 1292 1046 estis.
1351 992 1459 1047 Nos
1499 992 1746 1063 quidem,
1781 992 2030 1063 quamvis

422 1083 656 1154 indigni,
694 1083 871 1137 locum
923 1084 1099 1138 Aaron
1146 1092 1420 1147 tenemus,
1455 1100 1551 1139 vos
1575 1085 1754 1139 locum
1790 1085 2028 1139 Eleazari

419 1185 475 1233 et
506 1178 812 1232 lthamaris.
847 1177 954 1232 Nos
975 1178 1095 1233 vice
1126 1179 1418 1234 duodecim
1435 1180 1809 1249 apostolorum
1843 1179 2030 1254 fungi-

419 1284 563 1333 mur,
585 1283 683 1322 vos
711 1267 780 1321 ad
805 1267 1031 1323 formam
1063 1270 1411 1341 septuaginta
1442 1269 1840 1339 discipulorum
1870 1269 2024 1324 estis.

419 1357 528 1412 Nos
561 1366 805 1428 pastores
835 1361 1001 1416 vestri
1051 1377 1260 1427 sumus,
1312 1377 1409 1416 vos
1443 1370 1688 1431 pastores
1721 1361 2026 1415 animarum

415 1449 573 1504 vobis
613 1451 1049 1505 commissarum.
1086 1452 1193 1506 Nos
1223 1453 1290 1507 de
1320 1453 1478 1508 vobis
1508 1454 1776 1507 rationem
1834 1453 2028 1508 reddi-

417 1537 518 1592 turi
539 1555 729 1592 sumus
754 1555 974 1594 summo
999 1541 1203 1609 pastori
1226 1541 1458 1595 Domino
1484 1541 1615 1594 Jesu
1651 1539 1881 1604 Christo,
1930 1558 2028 1597 vos

416 1631 486 1685 de
518 1632 774 1702 plebibus
803 1633 960 1687 vobis
1015 1633 1348 1690 commissis.
1406 1635 1466 1688 Et
1512 1634 1660 1700 ideo,
1696 1634 2024 1702 charissimi,

412 1722 592 1777 videte
624 1724 928 1794 periculum
955 1730 1213 1779 vestrum.
1276 1725 1648 1780 Admonemus
1670 1733 1723 1779 et
1759 1725 2024 1780 obsecra-

413 1835 536 1873 mus
561 1820 958 1875 fraternitatem
1013 1828 1271 1887 vestram,
1331 1829 1389 1876 ut
1435 1823 1502 1876 de
1537 1822 1815 1876 communi
1849 1822 2025 1877 salute

413 1920 594 1964 vestra
618 1911 924 1984 cogitantes
979 1912 1262 1977 attentius,
1316 1912 1551 1966 audiatis
1590 1913 2024 1968 admonitionem

415 2009 656 2056 nostram
693 2019 707 2066 ;
743 2008 797 2056 et
827 2018 948 2072 qum
978 2003 1134 2057 vobis
1162 2005 1532 2078 suggerimus,
1563 2004 1846 2059 memoriae
1874 2020 2024 2059 com-

413 2093 705 2157 mendetis,
727 2101 780 2148 et
809 2109 978 2163 opere
1007 2108 1264 2147 exercere
1305 2093 1593 2148 studeatis.

484 2183 540 2238 In
558 2184 748 2254 primis
779 2183 1142 2238 admonemus
1169 2189 1229 2238 ut
1249 2183 1358 2237 vita
1385 2190 1438 2238 et
1463 2185 1808 2239 conversatio
1845 2192 2026 2240 vestra

411 2273 918 2344 irreprehensibilis
945 2273 1034 2338 sit,
1068 2273 1280 2328 scilicet
1311 2279 1370 2327 ut
1387 2273 1526 2328 cella
1572 2284 1752 2329 vestra
1777 2277 1845 2328 sit
1873 2277 2025 2345 juxta

409 2368 715 2434 ecclesiam,
761 2373 814 2421 et
880 2367 935 2420 in
964 2383 1028 2420 ea
1085 2365 1321 2420 feminas
1377 2381 1487 2421 non
1547 2367 1812 2422 habeatis.
1867 2369 2023 2423 Omni

409 2468 569 2516 nocte
600 2461 668 2515 ad
704 2466 971 2516 nocturna
1029 2460 1256 2532 surgite.
1319 2459 1542 2514 Cursum
1584 2469 1825 2516 vestrum
1858 2463 2025 2517 certis

409 2556 558 2611 horis
610 2557 919 2610 decantate.
975 2554 1258 2608 Missarum
1317 2554 1721 2610 celebrationes
1760 2556 2017 2630 religiose

406 2647 672 2721 peragite.
707 2647 917 2716 Corpus
943 2651 998 2700 et
1024 2644 1350 2718 sanguinem
1393 2661 1518 2700 cum
1559 2647 1752 2701 timore
1784 2655 1837 2701 et
1862 2664 2019 2702 reve—

405 2738 578 2792 rentia
595 2736 818 2791 sumite.
858 2735 1005 2791 Vasa
1049 2742 1238 2791 sancta
1256 2737 1492 2807 prOpriis
1523 2737 1781 2792 manibus
1810 2738 2015 2793 abluite

403 2835 456 2882 et
504 2826 820 2900 abstergite.
879 2825 1071 2880 Nullus
1107 2823 1306 2880 ’cantet
1335 2826 1583 2890 missam,
1632 2826 1735 2880 nisi
1764 2827 2011 2896 jejunus.

401 2915 592 2970 Nullus
629 2924 835 2982 cantet,
885 2915 978 2986 qui
1011 2931 1121 2969 non
1178 2916 1567 2970 communicet.
1602 2915 1791 2970 Nullus
1833 2922 2016 2970 cantet

402 3007 524 3060 sine
548 3007 772 3074 amictu,
837 3006 979 3066 alba.
1029 3007 1188 3074 stola,
1247 3006 1468 3073 fanone,
1529 3006 1765 3076 planeta.
1806 3007 1868 3061 Et
1901 3007 2016 3061 hazc

401 3102 734 3156 vestimenta
772 3101 950 3156 nitida
991 3102 1120 3168 sint,
1151 3109 1204 3156 et
1246 3103 1313 3156 ad
1355 3102 1536 3156 nullos
1560 3103 1696 3158 alios
1723 3119 1854 3158 usus
1879 3103 2010 3157 sint.

403 3189 592 3244 Nullus
618 3207 742 3245 cum
761 3189 906 3256 alba,
949 3206 1058 3260 qua
1090 3190 1146 3243 in
1175 3206 1304 3244 suos
1323 3207 1455 3244 usus
1480 3191 1670 3257 utitur,
1715 3198 2015 3260 praesumat

400 3283 626 3338 missam
655 3290 894 3338 cantare.
921 3283 1080 3336 Nulla
1109 3282 1317 3337 femina
1363 3284 1428 3337 ad
1471 3283 1639 3338 altare
1673 3284 1887 3338 Domini
1916 3301 2012 3340 ac-

400 3377 580 3443 cedat,
623 3391 724 3430 nec
765 3375 990 3430 calicem
1015 3375 1228 3430 Domini
1289 3382 1491 3449 tangat.
1520 3375 1812 3446 Corporalc
1843 3393 2010 3430 mun-

400 3466 688 3520 dissimum
719 3465 808 3531 sit,
849 3464 1020 3518 altare
1077 3473 1400 3535 c00pertum
1445 3464 1514 3519 de
1545 3465 1766 3520 mundis
1804 3465 2012 3521 linteis.

2130 1014 2291 1070 quam
2327 998 2558 1068 potestis
2587 1001 2937 1056 benedicere.
2998 1001 3251 1059 lnfirmos
3290 1006 3524 1075 vlsitate,
3563 1019 3617 1065 et
3653 1029 3751 1070 eos

2133 1090 2508 1157 reconciliate,
2537 1093 2754 1160 etjuxta
2783 1094 3092 1163 apostolum
3127 1097 3258 1164 (Jac.
3291 1102 3370 1166 v.)
3401 1100 3525 1156 oleo
3553 1114 3749 1161 sancto

2132 1182 2402 1255 inungite,
2426 1189 2479 1236 et
2511 1183 2733 1254 propria
2785 1200 2950 1239 manu
3009 1188 3434 1245 communicate.
3471 1193 3529 1248 Et
3563 1197 3751 1252 nullus

2133 1281 2428 1342 praesumat
2459 1273 2675 1328 tradere
2723 1275 3170 1332 communionem
3229 1279 3371 1337 laico
3397 1292 3489 1338 aut
3524 1285 3747 1343 feminae

2129 1361 2199 1414 ad
2226 1360 2581 1415 deferendam
2616 1362 2855 1419 infirmo.
3172 1344 3192 1357 ’

2201 1452 2390 1507 Nullus
2431 1460 2668 1508 vestrum
2725 1471 2824 1526 pro
2893 1456 3237 1528 baptizandis
3295 1459 3620 1531 infantibus,
3655 1474 3746 1520 aut

2130 1539 2361 1594 infirmis
2429 1543 2875 1610 reconciliandis,
2939 1552 3031 1600 aut
3087 1550 3318 1603 mortuis
3375 1553 3740 1622 sepeliendis,

2130 1633 2413 1702 praemium
2447 1633 2532 1687 vel
2560 1650 2761 1690 munus
2793 1636 2994 1710 exigat.
3016 1639 3207 1695 Videte
3238 1658 3305 1696 ne
3327 1660 3426 1714 per
3457 1647 3750 1720 negligen-

2129 1725 2260 1778 tiam
2287 1731 2521 1779 vestram
2552 1726 2696 1780 ullus
2736 1727 2918 1783 infans
2975 1729 3093 1785 sine
3151 1731 3426 1803 baptismo
3458 1738 3744 1795 moriatur.

2128 1816 2317 1870 Nullus
2341 1824 2580 1872 vestrum
2630 1819 2701 1872 sit
2754 1819 3007 1876 ebriosus
3046 1830 3100 1878 et
3140 1823 3431 1898 litigiosus,
3465 1829 3595 1899 quia
3626 1846 3746 1885 ser-

2126 1924 2253 1962 vum
2282 1909 2494 1964 Domini
2559 1925 2668 1965 non
2724 1918 2940 1981 Oportet
2987 1912 3219 1987 litigare.
3257 1916 3445 1971 Nullus
3501 1928 3744 1976 vestrum

2127 2013 2276 2052 arma
2322 1998 2460 2052 ferat
2503 1999 2557 2053 in
2609 1999 2902 2066 seditione,
2963 2003 3090 2073 quia
3143 2020 3293 2059 arma
3322 2015 3503 2062 vestra
3535 2009 3746 2066 debent

2127 2103 2250 2141 esse
2275 2087 2601 2157 spiritualia.
2635 2088 2827 2144 Nullus
2849 2105 3045 2146 canum
3077 2100 3172 2149 aut
3196 2095 3377 2150 avium
3399 2097 3543 2166 jocis
3567 2100 3748 2155 inser-

2129 2176 2259 2231 viat.

2201 2270 2391 2326 Nullus
2431 2272 2486 2325 in
2519 2271 2768 2328 tabernis
2824 2273 2995 2329 bibat.
3060 2277 3446 2352 Unusquisque
3476 2290 3746 2346 vestrum,

2129 2367 2393 2430 quantum
2425 2361 2587 2432 sapit,
2611 2363 2758 2432 plebi
2785 2378 2900 2419 suae
2917 2365 2985 2419 de
3016 2364 3310 2441 Evangelia
3334 2370 3418 2424 vel
3449 2372 3741 2441 Apostolo,

2128 2451 2216 2505 die
2250 2452 2555 2521 Dominico,
2580 2453 2665 2508 vel
2700 2453 2853 2510 festis
2880 2455 3100 2524 diebus,
3150 2462 3460 2516 annuntiet.
3507 2463 3745 2518 Verbum

2128 2538 2342 2593 Domini
2372 2541 2586 2596 debetis
2634 2544 2958 2613 przedicarc.
2993 2545 3183 2601 Curam
3219 2565 3547 2619 pauperum,
3579 2569 3747 2620 pere—

2118 2630 2402 2702 grinorum
2435 2639 2490 2686 et
2519 2633 2892 2702 orphanorum
2953 2633 3172 2703 habete,
3205 2653 3302 2692 eos
3347 2639 3416 2692 ad
3450 2641 3743 2710 prandiola

2118 2731 2295 2780 vestra
2346 2724 2592 2782 invitate.
2656 2727 2841 2784 Estote
2902 2729 3225 2800 hospitales,
3283 2740 3341 2788 ut
3393 2733 3485 2788 alii
3517 2751 3548 2788 a
3578 2735 3742 2790 vobis

2117 2814 2428 2884 exemplum
2464 2815 2670 2870 bonum
2711 2824 2956 2870 sumant.-

2187 2905 2345 2960 Omni
2374 2907 2462 2962 die
2495 2908 2776 2963 Dominica
2821 2917 2948 2964 ante
2999 2910 3220 2966 missam
3263 2929 3468 2985 aquam
3499 2915 3738 2972 benedi-

2116 3005 2256 3054 ctam
2299 2999 2479 3068 facite,
2513 3002 2661 3058 unde
2705 3003 2942 3074 p0pulus
2994 3015 3363 3081 aSpergatur:
3414 3015 3469 3063 et
3521 3010 3592 3064 ad
3625 3011 3733 3066 hoc

2115 3093 2291 3146 solum
2330 3109 2425 3148 vas
2455 3093 2674 3149 habete.
2709 3095 2874 3151 Sacra
2913 3113 3062 3161 vasa,
3092 3105 3148 3152 et
3192 3100 3522 3156 vestimenta
3547 3119 3736 3158 sacer-

2114 3183 2525 3250 dotalia,nolite
2557 3186 2610 3240 in
2645 3186 2876 3260 pignore
2907 3187 3038 3242 dare
3070 3190 3402 3263 negotiatori
3420 3200 3514 3247 aut
3546 3194 3734 3248 taber-

2116 3275 2290 3330 nario.
2322 3275 2512 3331 Nullus
2552 3285 2794 3333 vestrum
2829 3295 3021 3334 usuras
3068 3281 3270 3355 exigat,
3326 3293 3380 3337 et
3431 3284 3743 3341 conductor

2113 3365 2196 3419 sui
2228 3365 2432 3421 fenoris
2461 3367 2673 3422 existat.
2701 3367 2804 3422 Res
2848 3377 2902 3422 et
2922 3368 3225 3435 facultates,
3261 3387 3397 3442 quas
3428 3381 3550 3444 post
3577 3373 3728 3429 diem

2112 3457 2481 3513 ordinationis
2521 3466 2713 3514 vestrae
2740 3461 3044 3532 acquiritis,
3102 3462 3288 3518 sciatis
3315 3465 3385 3520 ad
3439 3466 3732 3521 ecclesiam

400 3557 579 3627 Super
600 3557 766 3610 altare
794 3555 932 3610 nihil
969 3565 1224 3626 ponatur,
1287 3555 1391 3609 nisi
1451 3572 1628 3626 capsae
1656 3563 1710 3610 et
1744 3557 2009 3628 reliquize,
2037 3531 2085 3599 Ο
2115 3549 2409 3619 pertinere.
2447 3551 2634 3606 Nullus
2682 3551 2802 3606 sine
2845 3553 3078 3607 scientia
3134 3561 3188 3608 et
3235 3570 3514 3611 consensu
3544 3567 3732 3612 nostro

397 3656 489 3703 aut
520 3647 657 3702 forte
688 3655 922 3718 quatuor
953 3646 1266 3718 Evangelia,
1305 3653 1357 3700 et
1385 3646 1590 3700 buxida
1624 3663 1746 3701 cum
1781 3663 2012 3717 corpore

399 3737 616 3791 Domini
646 3737 714 3791 ad
761 3735 1054 3801 infirmos;
1088 3741 1284 3790 caetera
1341 3735 1399 3789 in
1454 3735 1630 3791 nitido
1653 3735 1774 3790 loco
1812 3751 2010 3791 recon-

399 3826 616 3880 dantur.

469 3915 685 3972 Missale
719 3915 1047 3986 plenarium,
1107 3915 1504 3970 Lectionarium
1553 3923 1612 3970 et.
1657 3916 2005 3988 Antiphona-

404 4008 544 4063 rium
578 4021 923 4077 unaquaeque
954 4005 1187 4060 ecclesia
1208 4005 1429 4059 habeat.
1453 4004 1624 4060 Locus
1683 4005 1740 4058 in
1777 4008 2016 4066 sacrario

400 4102 666 4170 autjuxta
696 4099 868 4153 altare
923 4099 994 4152 sit
1050 4105 1412 4168 prmparatus,
1469 4097 1564 4152 ubi
1617 4116 1758 4170 aqua
1807 4099 2014 4157 effundi

399 4191 570 4262 possit
598 4189 820 4262 quando
848 4204 1003 4244 sacra
1041 4204 1168 4242 vasa
1207 4188 1525 4254 abluuntur,
1568 4197 1622 4242 et
1675 4189 1748 4243 ibi
1771 4206 1865 4245 vas
1885 4191 2014 4245 niti-

396 4285 526 4339 dum
558 4299 686 4338 cum
740 4297 883 4352 aqua
922 4280 1255 4350 dependeat,
1302 4279 1489 4350 ibique
1521 4279 1778 4334 sacerdos
1816 4297 2013 4336 manus

393 4369 538 4425 lavet
568 4379 694 4441 post
737 4368 1212 4425 communionem.
1263 4367 1524 4421 Ecclesia:
1578 4368 1687 4422 sint
1735 4377 2011 4440 coopertaa

394 4463 539 4518 bene
571 4472 625 4519 et
649 4471 957 4531 camerata),
988 4462 1250 4518 etatrium
1283 4461 1353 4516 sit
1381 4478 1526 4532 saepe
1558 4462 1850 4518 munitum.
1886 4463 2011 4518 Nul-

397 4552 483 4606 lus
507 4560 659 4608 extra
691 4553 980 4609 ecclesiam
1013 4568 1113 4624 per
1150 4551 1344 4606 domos
1370 4558 1464 4606 aut
1507 4551 1563 4604 in
1605 4551 1742 4606 locis
1773 4568 1882 4607 non
1913 4569 2008 4607 ca-

397 4648 620 4702 meratis
666 4649 888 4702 missam
936 4655 1137 4704 cantet.
1187 4648 1376 4702 Omnis
1411 4647 1697 4718 presbyter
1741 4647 2006 4702 clericum

397 4738 597 4793 habeat
617 4747 710 4794 aut
735 4740 1060 4807 scholarem,
1121 4740 1215 4811 qui
1274 4739 1563 4810 epistolam
1591 4738 1678 4794 vel
1709 4738 2004 4794 lectionem

395 4829 562 4906 legat,
595 4838 650 4885 et
676 4831 743 4884 ad
773 4833 994 4886 missam
1010 4831 1358 4902 respondeat,
1379 4837 1433 4885 et
1463 4847 1587 4885 cum
1621 4845 1729 4902 quo
1764 4831 2005 4900 psalmos

393 4933 594 4982 cantet.
627 4924 818 4979 Nullus
838 4926 990 4978 solus
1018 4925 1240 4979 missam
1269 4931 1464 4980 cantet.

463 5015 655 5070 Nullus
685 5030 807 5068 cum
869 5011 1140 5075 calcariis,
1195 5029 1335 5084 quos
1375 5028 1646 5083 sporoncs
1683 5012 1884 5067 rustice
1911 5028 2010 5068 vo-

393 5123 601 5171 camus,
633 5115 687 5162 et
713 5105 947 5161 cultellis
1005 5104 1343 5159 extrinsecus
1373 5103 1840 5176 dependentibus,
1873 5104 2008 5158 mis-

392 5215 506 5254 sam
537 5205 740 5265 cantet,
788 5198 918 5271 quia
963 5197 1232 5252 indecens
1282 5204 1368 5251 est
1411 5206 1465 5252 et
1518 5203 1709 5253 contra
1760 5196 2006 5270 regulam

393 5287 821 5342 ecclesiasticam
845 5294 948 5342 est.

465 5379 701 5439 Calicem
733 5391 786 5436 et
823 5382 1058 5437 oblatam
1119 5386 1267 5435 recta
1309 5396 1469 5435 cruce
1526 5380 1760 5452 signate,
1819 5380 1872 5434 id
1921 5389 2005 5438 est

393 5487 504 5528 non
538 5473 591 5527 in
621 5473 826 5530 circulo
877 5483 931 5529 et
983 5474 1288 5530 variatione
1334 5474 1650 5546 digitorum,
1691 5481 1752 5530 ut
1783 5474 2004 5544 plurimi

389 5565 555 5621 vestri
590 5567 816 5632 faciunt,
858 5567 956 5621 sed
999 5567 1205 5622 strictis
1237 5565 1458 5621 duobus
1488 5565 1678 5638 digitis
1716 5572 1771 5620 et
1802 5566 2001 5636 pollice

393 5653 539 5710 intus
592 5653 827 5723 recluso,
896 5671 997 5726 per
1042 5670 1181 5727 quos
1229 5653 1464 5711 Trinitas
1523 5653 1791 5718 innuitur,
1854 5653 2000 5711 istud

2113 3642 2401 3696 ecclesiam
2457 3643 2724 3714 acquirat.
2776 3643 2968 3698 Nullus
3013 3661 3113 3716 per
3150 3653 3471 3718 potestatem
3509 3649 3738 3703 saecula-

2112 3732 2253 3812 l.ium
2281 3734 2570 3790 ecclesiam
2601 3734 2868 3790 obtineat.
2928 3735 3120 3791 Nullus
3145 3738 3438 3794 ecclesiam
3471 3741 3538 3793 ad
3563 3756 3729 3811 quam

2111 3823 2364 3896 litulatus
2389 3829 2472 3878 est
2526 3823 2822 3894 relinquat,
2871 3831 2927 3880 et
2983 3825 3051 3879 ad
3083 3826 3247 3881 aliam
3285 3836 3528 3899 quaestus
3573 3847 3741 3884 causa

2110 3915 2324 3988 migret.
2360 3914 2553 3969 Nullus
2575 3915 2762 3985 plures
2779 3914 3041 3970 ecclesias
3084 3922 3270 3972 teneat
3300 3919 3420 3973 sine
3452 3920 3734 3989 adjutorio

2118 4009 2350 4063 aliorum
2380 4009 2847 4080 presbyterorum.
2893 4009 3213 4067 Nullatenus
3242 4029 3350 4068 una
3385 4016 3621 4070 ecclesia
3651 4017 3740 4071 in-

2118 4105 2202 4152 ter
2234 4098 2422 4169 plures
2451 4099 2748 4156 dividatur.
2807 4101 3000 4156 Nullus
3031 4102 3257 4158 alterius
3312 4106 3738 4176 parochianum,

2117 4190 2219 4244 nisi
2267 4191 2321 4244 in
2368 4191 2588 4258 itinere,
2622 4198 2676 4246 et
2726 4208 2850 4247 cum
2899 4194 3158 4263 placitum
3181 4196 3365 4263 fuerit,
3415 4198 3484 4252 ad
3506 4199 3737 4256 missam

2116 4279 2363 4350 recipiat.
2397 4280 2586 4334 Nullus
2611 4281 2665 4334 in
2716 4282 2942 4337 alterius
2990 4286 3252 4355 parochia
3273 4287 3497 4342 missam
3521 4298 3731 4345 cantet.

2112 4368 2302 4422 Nullus
2337 4370 2724 4440 "paenitentem
2762 4371 2956 4427 invitet
2997 4390 3219 4429 carnem
3278 4377 3636 4446 manducare,
3681 4389 3737 4434 et

2113 4457 2302 4512 bibere
2333 4459 2544 4525 vinum,
2581 4458 2684 4514 nisi
2717 4477 2814 4530 pro
2843 4477 2908 4517 eo
2940 4462 3006 4516 ad
3036 4479 3279 4532 praesens
3308 4465 3731 4539 eleemosynam

2113 4549 2302 4604 fecerit
2351 4549 2542 4604 Nullus
2582 4561 2878 4621 prazsumat
2922 4552 3227 4624 baptizare,
3279 4556 3386 4611 nisi
3434 4557 3491 4611 in
3539 4559 3733 4632 vigilia

2109 4636 2329 4693 Pascha:
2359 4645 2415 4693 et
2438 4639 2809 4704 Pentecostes,
2829 4641 2936 4696 nisi
2975 4650 3202 4714 propter
3239 4645 3551 4714 periculum
3575 4663 3734 4702 mor-

2111 4732 2197 4787 tis.
2232 4733 2618 4807 Unusquisque
2642 4735 2821 4792 fontes
2841 4737 3060 4804 habeat,
3101 4739 3220 4794 etsi
3253 4755 3365 4795 non
3387 4747 3569 4810 potest
3589 4741 3731 4813 lapi-

2108 4825 2263 4892 deos,
2299 4827 2495 4882 habeat
2523 4828 2673 4883 aliud
2719 4845 2813 4885 vas
2844 4830 2913 4884 ad
2950 4831 3056 4886 hoc
3112 4841 3502 4903 praeparatum,
3537 4834 3591 4889 in
3621 4851 3731 4907 quo

2022 4897 2081 4965 Β
2109 4917 2246 4972 nihil
2274 4919 2423 4974 aliud
2437 4918 2550 4976 fiat.
2583 4920 2773 4976 Videte
2804 4929 2864 4977 ut
2883 4897 3508 4994 omnibusparochianis
3533 4897 3734 4981 vestris

2111 5011 2428 5085 Symbolum
2474 5019 2530 5067 et
2571 5011 2884 5067 Orationem
2905 5012 3246 5068 Dominicam
3297 5013 3730 5070 insinuetis.1e-

2104 5105 2323 5174 junium
2355 5105 2594 5168 Quatuor
2620 5101 2972 5175 Temporum,
3005 5113 3061 5160 et
3090 5105 3550 5177 Rogationum,et
3583 5107 3728 5162 Lita-

2109 5199 2216 5254 nia:
2245 5198 2491 5267 majoris,
2524 5196 2784 5268 plebibus
2822 5197 3019 5253 vestris
3055 5196 3390 5253 omnimodis
3420 5197 3727 5253 observan-

2106 5289 2235 5342 dum
2260 5287 2532 5342 insinuate
2559 5304 2572 5340 :
2597 5285 2734 5340 feria
2747 5292 2940 5357 quarta
2963 5291 3089 5340 ante
3108 5284 3598 5358 Quadragesimam
3615 5287 3727 5358 ple-

2105 5379 2231 5434 bem
2259 5381 2326 5434 ad
2356 5377 2763 5434 confessionem
2785 5377 3101 5441 invitatc,et
3129 5375 3201 5439 ei,
3228 5376 3382 5445 juxta
3403 5377 3725 5447 qualitatem

2105 5469 2318 5536 delicti,
2350 5470 2732 5541 paenitentiam
2757 5469 3051 5539 injungite,
3071 5483 3181 5522 non
3212 5483 3277 5522 ex
3316 5467 3485 5522 corde
3516 5474 3723 5533 vestro,

2105 5564 2201 5619 sed
2232 5563 2373 5618 sicut
2422 5562 2477 5617 in
2529 5560 2898 5616 Paenitentiali
2954 5559 3218 5631 scriptum
3278 5564 3378 5613 est.
3434 5559 3637 5623 Quater
3668 5561 3720 5614 in

2105 5668 2274 5724 anno,
2295 5651 2351 5707 id
2375 5658 2480 5720 est,
2501 5649 2690 5706 Natale
2718 5648 3030 5717 Domini,et
3052 5648 3217 5704 Coena
3241 5645 3718 5716 Domini,Pascha,
