4038 6178
366 270 510 331 1073

1908 271 2184 327 CHARTA.

3562 265 3700 323 1074

366 406 424 457 et
451 400 797 467 Pentecoste,
823 412 1019 455 omnes
1046 395 1244 453 ﬁdeles
1278 396 1349 453 ad
1386 397 1837 455 communionem
1864 413 1983 455 cor—
2007 406 2057 472 Α
2085 402 2350 472 papulum
2396 399 2503 453 sibi
2543 396 2900 453 commissum
2940 395 3137 453 sedulo
3167 395 3428 461 instruat;
3487 396 3533 451 si
3561 411 3697 464 non,

367 492 521 565 poris
536 500 592 549 et
618 490 906 564 sanguinis
926 489 1145 546 Domini
1172 490 1441 545 accedere
1467 491 1782 547 admonete.
1808 490 1980 547 Certis

367 584 716 657 temporibus
742 584 1067 659 conjugatos
1093 582 1163 638 ab
1194 584 1456 639 uxoribus
1475 584 1752 639 abstinere
1783 584 1983 640 exhor-

364 678 578 734 tamini.
608 677 865 748 Eulogias
908 682 1034 747 post
1061 674 1287 731 missam
1316 675 1375 730 in
1410 675 1610 731 diebus
1639 675 1796 732 festis
1825 675 1979 747 plebi

366 772 612 828 tribuite.
644 770 1114 827 Nullusinduatur
1141 770 1487 825 vestimentis
1507 770 1815 826 laicalibus.
1846 770 1979 824 Nul-

366 861 451 916 lus
479 875 616 927 rem,
638 866 735 915 aut
764 859 1194 930 possessionem,
1225 866 1319 914 aut
1341 859 1679 930 mancipium
1706 859 1976 926 ecclesiae,

365 954 631 1028 vendere,
684 959 777 1008 aut
807 960 1174 1021 commutare,
1231 962 1324 1009 aut
1365 969 1699 1026 quocunque
1756 953 1979 1028 ingenio

366 1026 611 1081 alienare
645 1032 958 1096 praesumat.

433 1118 586 1173 Diem
630 1116 1006 1183 dominicum,
1061 1122 1115 1170 et
1155 1115 1293 1171 alias
1348 1115 1678 1171 festivitates
1709 1157 1725 1183 ,
1768 1116 1982 1187 absque

366 1221 537 1276 opere
566 1205 749 1261 servili
777 1222 809 1260 a
837 1220 1069 1276 vespera
1097 1220 1271 1275 usque
1302 1204 1369 1259 ad
1397 1220 1684 1276 vesperam
1715 1205 1981 1260 celebrari

367 1298 587 1354 docete.
620 1297 822 1352 Cantus
850 1302 905 1351 et
927 1297 1125 1351 choros
1153 1296 1448 1351 mulierum
1478 1296 1536 1350 in
1565 1297 1703 1352 atrio
1734 1297 1983 1353 ecclesiae

366 1388 679 1458 prohibete.
727 1387 979 1443 Carmina
1025 1386 1321 1453 diabolica,
1361 1403 1485 1458 quae
1544 1400 1711 1457 super
1741 1396 1986 1443 mortuos

368 1478 657 1534 nocturnis
718 1478 872 1534 boris
912 1476 1112 1553 vulgus
1150 1477 1332 1533 facere
1382 1477 1540 1542 solet,
1598 1484 1654 1532 et
1686 1478 1988 1534 cachinnos

365 1583 511 1639 quos
559 1574 838 1631 exercent,
867 1566 970 1621 sub
1019 1567 1415 1623 contestatione
1468 1566 1564 1621 Dei
1593 1567 1991 1637 omnipotentis

2080 490 2272 545 saltem
2300 494 2504 555 teneat,
2535 486 2622 542 vel
2656 486 2861 540 credat.
2907 484 3193 539 Orationes
3220 499 3445 556 quoque
3506 484 3699 539 missa-

2082 594 2201 634 rum
2241 584 2296 633 et
2323 576 2601 632 Canonem
2632 574 2780 629 bene
2829 574 3119 646 intelligat,
3161 579 3217 627 et
3254 572 3466 639 sinon,
3503 571 3697 628 saltem

2080 666 2405 722 memoriter
2433 681 2497 720 ac
2514 664 2771 720 distincte
2802 663 2981 719 valeat
3014 661 3284 734 proferre.
3319 661 3619 733 Epistolam
3645 670 3702 718 et

2082 758 2442 833 Evangelium
2502 757 2643 810 bene
2673 755 2862 829 legere
2887 754 3086 826 possit,
3119 762 3174 809 et
3204 753 3411 808 utinam
3444 753 3514 807 ad
3544 753 3699 809 litte-

2082 863 2197 902 ram
2245 847 2365 917 ejus
2422 861 2649 901 sensum
2707 851 2896 917 posset
2937 843 3311 899 manifestare.
3357 842 3696 899 Psalmorum

2084 939 2254 994 verba
2276 948 2331 993 et
2351 936 2739 992 distinctiones
2764 935 3091 1009 regulariter
3120 951 3187 989 ex
3218 935 3388 991 corde
3414 949 3536 989 cum
3566 950 3701 990 cau-

2086 1028 2207 1083 ticis
2245 1025 2749 1083 consuetudinariis
2780 1025 3141 1096 pronuntiare
3164 1024 3322 1079 sciat.
3354 1024 3698 1090 Sermonem,

2084 1122 2145 1170 ut
2168 1130 2334 1186 supra
2356 1115 2617 1181 diximus,
2650 1113 2931 1169 Athanasii
2969 1112 3215 1184 episcopi
3247 1114 3336 1181 _de
3384 1112 3494 1168 fide
3522 1112 3703 1168 Trini-

2085 1208 2228 1275 tatis,
2270 1208 2429 1276 cujus
2460 1207 2677 1261 initium
2719 1213 2830 1273 est,
2859 1206 3189 1275 Quicumque
3217 1207 3351 1270 vult,
3388 1205 3706 1261 memoriter

2087 1306 2295 1355 teneat.
2333 1299 2679 1354 Exorcismos
2709 1305 2764 1352 et
2812 1297 3093 1353 orationes
3145 1297 3214 1351 ad
3246 1298 3702 1353 catechumcnum

2087 1391 2424 1457 faciendum,
2475 1391 2545 1446 ad
2600 1390 2805 1447 fontem
2860 1406 3084 1462 quoque
3131 1389 3592 1457 consecrandum,
3651 1399 3706 1446 et

2090 1482 2331 1555 reliquas
2370 1498 2563 1553 preces
2591 1498 2759 1553 super
2785 1482 3086 1537 masculum
3118 1489 3176 1536 et
3201 1481 3485 1548 feminam,
3518 1481 3704 1555 plura-

2093 1571 2218 1627 liter
2247 1571 2583 1643 baptizandi,
2616 1573 2683 1625 ad
2712 1571 3141 1627 succurrendum
3174 1569 3427 1637 infirmis,
3452 1570 3703 1625 ordinem

369 1667 574 1716 vetate.
608 1659 741 1715 Cum
790 1659 1281 1716 excommunicatis
1332 1658 1502 1714 nolite
1558 1658 1985 1714 communicare.
2016 1704 2065 1771 Β
2096 1676 2320 1733 quoque
2352 1660 2768 1726 reconciliandi,
2802 1662 2955 1729 juxta
3001 1661 3225 1715 modum
3269 1660 3375 1714 sibi
3441 1660 3706 1715 canonice

369 1752 545 1771 IYUII",
599 1753 699 1771 ἠομ
750 1759 1041 1771 νᾉμκκμηγι
1074 1752 1291 1771 μ-1---ᾉᾼ
1336 1758 1544 1771 -ᾼ,,ιᾼ,Α
1599 1751 1689 1771 --Δ
1740 1758 1784 1771 ,ι
1818 1751 1965 1771 _I-LP
2098 1758 2358 1771 _-,u,-nc__“
2426 1758 2579 1771 -n__--
2616 1768 2683 1771 μ..
2706 1751 2858 1771 ΗΑ...ιὲ
2883 1749 3127 1771 ξμιέέμμ--
3185 1751 3455 1771 ΑμΑιξ-..--
3490 1766 3698 1771 ----μ---

366 1752 557 1809 Nullus
596 1753 705 1808 illis
744 1759 1047 1825 prasumat
1074 1752 1297 1807 missam
1328 1758 1571 1817 cantare,
1595 1751 1693 1807 sed
1733 1758 1789 1806 et
1817 1751 1991 1823 plebi-

371 1841 477 1897 bus
506 1842 665 1898 vobis
683 1843 791 1898 hoc
816 1841 1162 1898 annuntiate.
1194 1841 1273 1896 Ad
1300 1841 1517 1912 nuptias
1542 1841 1725 1896 nullus
1747 1846 1989 1897 vestrum

371 1940 480 1988 eat.
518 1932 784 1988 Omnibus
809 1934 1134 1990 aununtiate
1164 1940 1224 1989 ut
1255 1933 1441 1993 nullus
1474 1947 1699 1987 uxorem
1731 1932 1988 2003 accip.at,

370 2021 481 2077 nisi
522 2024 740 2095 publice
769 2023 1061 2079 celebratis
1100 2023 1326 2093 nuptiis.
1376 2023 1606 2093 Raptum
1656 2021 1990 2077 omnimodis

374 2112 684 2185 prohibete,
726 2118 779 2167 et
808 2122 870 2167 ut
898 2112 1081 2167 nullus
1131 2110 1199 2166 ad
1231 2111 1535 2182 proximam
1586 2110 1877 2185 sanguinis
1906 2109 1993 2164 sui

371 2204 620 2270 accedat,
674 2209 729 2258 et
756 2210 821 2258 ut
853 2202 1083 2258 alterius
1113 2217 1371 2273 sponsam
1430 2203 1615 2257 nullus
1641 2202 1825 2257 ducat.
1858 2201 1994 2257 Por-

375 2296 555 2351 carios
586 2301 641 2350 et
670 2294 808 2349 alios
836 2301 1084 2366 pastores
1113 2294 1198 2349 vel
1227 2295 1511 2350 Dominica
1541 2295 1608 2349 ad
1639 2294 1862 2348 missam
1891 2307 1992 2347 ve-

375 2389 493 2443 nire
525 2387 707 2442 facite.
751 2386 951 2440 Patriui
993 2385 1176 2442 filiolis
1206 2386 1321 2441 suis
1345 2386 1662 2458 Symbolum
1691 2394 1747 2440 et
1785 2384 1994 2440 Oratio-

379 2494 502 2533 nem
546 2477 884 2533 Dominieam
939 2477 1238 2546 insinuent,
1287 2485 1381 2532 aut
1436 2477 1706 2532 insinuari
1765 2475 1984 2531 faciant.

378 2567 621 2623 Chrisma
652 2583 875 2637 semper
902 2567 1005 2621 sub
1037 2582 1162 2621 cera
1198 2566 1270 2621 sit
1313 2565 1495 2641 sigillo
1531 2566 1689 2637 [forte
1735 2565 1838 2620 sub
1869 2580 1993 2621 sera

378 2658 469 2725 sit,
497 2666 553 2713 et
580 2656 809 2731 sigillo],
852 2662 1077 2727 propter
1111 2656 1380 2728 quosdam
1412 2653 1685 2734 inﬁdeles.
1719 2655 1794 2710 De
1826 2654 1993 2708 mini-

376 2746 544 2801 sterio
573 2745 737 2800 etiam
767 2744 925 2800 vobis
945 2744 1238 2799 commisso
1262 2760 1360 2799 vos
1383 2744 1687 2799 admonere
1712 2758 1988 2809 curamus,

379 2844 436 2893 ut
469 2836 851 2908 unusquisque
879 2843 1144 2903 vestrum,
1198 2835 1244 2890 si
1276 2834 1395 2891 ﬁeri
1452 2840 1649 2905 potest,
1696 2833 1989 2904 expositio-

378 2945 504 2984 nem
536 2927 780 3000 Symboli
810 2936 864 2982 et
893 2927 1168 2983 Orationis
1196 2927 1517 2993 Dominicae,
1542 2926 1699 2994 juxta
1736 2924 1991 2980 traditio-

2093 1758 2388 1815 servatum,
2422 1758 2585 1823 atque
2616 1751 2863 1827 ungendi
2883 1749 3152 1818 inﬁrmos,
3180 1751 3458 1806 orationes
3482 1766 3706 1823 quoque

2092 1841 2274 1897 eidem
2308 1840 2628 1895 necessitati
2661 1849 3044 1912 competentes
3071 1842 3211 1896 bene
3242 1841 3434 1896 saltem
3467 1841 3604 1896 sciat
3629 1841 3706 1896 le-

2091 1949 2243 2007 gere.
2275 1933 2537 1988 Similiter
2565 1933 2816 1988 ordinem
2846 1941 2901 1988 et
2923 1949 3118 2005 preces
3138 1933 3195 1987 in
3218 1933 3495 2005 exsequiis
3525 1949 3704 2008 agen—

2092 2024 2181 2079 dis
2234 2023 2643 2079 defunctorum.
2693 2024 2953 2079 Similiter
3007 2024 3342 2079 exorcismos
3380 2033 3435 2079 et
3474 2023 3709 2079 benedi-

2093 2116 2305 2171 ctiones
2361 2115 2492 2169 salis
2532 2122 2587 2170 et
2643 2131 2800 2186 aquae
2839 2116 3159 2171 memoriter
3218 2123 3423 2173 teneat.
3478 2115 3706 2171 Cautum

2094 2213 2421 2260 nocturnum
2454 2210 2619 2276 atque
2650 2204 2908 2259 diurnum
2942 2204 3178 2260 noverit.

2166 2296 2493 2368 Computum
2520 2296 2814 2364 minorem,
2847 2297 2901 2351 id
2924 2307 3009 2353 est
3028 2305 3271 2369 epactas,
3310 2305 3707 2355 concurrentes

2099 2388 2402 2462 regulares,
2445 2389 2734 2443 terminum
2766 2390 3101 2460 paschalem,
3149 2401 3204 2446 et
3234 2391 3478 2465 reliquos
3505 2392 3705 2464 sapiat,

2091 2481 2137 2535 si
2169 2490 2251 2535 est
2290 2481 2575 2551 possibile.
2610 2482 3051 2557 Martyrologium
3089 2491 3143 2540 et
3176 2485 3563 2540 Pocuitentiale
3607 2486 3707 2542 ha-

2092 2568 2240 2636 beat,
2264 2578 2318 2624 et
2354 2580 2569 2625 caetera.
2602 2571 2868 2627 Volumus
2898 2581 3104 2640 autem,
3138 2573 3334 2629 fratres
3376 2574 3706 2640 charissimi,

2092 2668 2364 2731 quatenus
2420 2678 2542 2733 quae
2570 2669 2756 2717 nostra
2782 2663 3112 2735 percepistis
3168 2664 3486 2733 traditione,
3531 2683 3710 2738 quan-

2091 2756 2206 2803 tum
2233 2750 2471 2805 humana
2500 2752 2701 2821 patitur
2732 2751 3045 2819 inﬁrmitas,
3078 2754 3244 2810 bonis
3270 2755 3539 2811 studeatis
3568 2772 3708 2827 ope-

2091 2840 2245 2895 ribus
2296 2841 2620 2912 adimplere,
2683 2850 2980 2912 przestante
3041 2845 3271 2899 Domino
3331 2854 3520 2902 nostro
3574 2847 3707 2902 Jesu

2092 2926 2327 2992 Christo,
2386 2929 2482 3000 qui
2535 2945 2657 2984 cum
2699 2929 2857 2986 Patre
2909 2938 2964 2986 et
2993 2932 3197 3004 Spiritu
3252 2940 3441 2989 sancto
3479 2935 3614 2990 vivit
3653 2940 3710 2992 et

380 3035 504 3074 nem
535 3018 960 3074 orthodoxorum
989 3034 1161 3090 penes
1185 3034 1244 3073 se
1275 3017 1508 3089 scriptas
1538 3017 1763 3081 habeat,
1797 3025 1987 3071 eteam
2018 3035 2067 3103 ρ
2094 3028 2287 3093 regnat
2311 3020 2457 3075 Deus
2478 3037 2577 3093 per
2607 3021 2793 3078 omnia
2813 3024 3014 3080 saecula
3041 3026 3388 3081 surculorum.
3415 3027 3609 3083 Amen.

380 3112 617 3185 pleniter
668 3112 967 3185 intelligat:
1020 3119 1075 3169 et
1123 3112 1275 3180 inde,
1306 3111 1352 3167 si
1412 3111 1585 3178 novit,
1637 3108 1991 3183 praedicando

1393 3468 1950 3568 CHARTA
2059 3466 2721 3567 UDALRICI

1682 3667 1980 3724 EPISCOPI
2027 3664 2399 3721 AUGUSTANI

919 3816 1046 3886 Qua
1080 3813 1544 3893 Campidonensi
1568 3814 1933 3875 monasterio
1962 3811 2225 3889 eligendi
2256 3812 2484 3872 abbatis
2524 3812 2859 3873 libertatem
2886 3811 3171 3871 restituit.

1850 4012 2241 4025 “_—

466 4169 733 4224 Omnibus
789 4184 944 4239 spem
1004 4167 1131 4223 vitae
1196 4165 1564 4240 gerentibus,
1618 4174 1673 4220 et
1720 4165 1901 4220 adhuc
1955 4164 2010 4218 in

392 4268 672 4331 posterum
705 4261 1059 4316 nascentibus
1091 4265 1280 4314 notum
1304 4259 1375 4314 sit
1413 4257 1562 4329 quod
1605 4258 1781 4329 primo
1812 4258 2011 4313 Ottone

2111 4164 2477 4220 exterioribus
2507 4164 2673 4219 rebus
2706 4164 3007 4236 prudenter
3042 4164 3410 4230 conversanti,
3449 4170 3505 4221 et
3533 4165 3718 4240 dignis

2111 4256 2323 4312 meritis
2365 4257 2481 4311 suis
2526 4256 2728 4312 bonam
2763 4256 2961 4311 famam
2995 4257 3053 4315 in
3086 4258 3360 4332 contiguis
3386 4257 3634 4328 partibus
3662 4265 3720 4312 et

390 4352 761 4423 principatum
786 4352 943 4427 regni
968 4358 1317 4423 procurante,
1338 4350 1700 4406 sanctissimae
1722 4349 2005 4405 memoriae
2022 4384 2076 4450 Ο
2110 4353 2165 4407 in
2187 4353 2334 4427 regis
2361 4353 2569 4409 foribus
2595 4354 2952 4424 promerenti,
2968 4354 3173 4424 placuit
3200 4362 3258 4408 ut
3286 4354 3510 4424 aliquod
3534 4370 3718 4409 reme-

392 4443 698 4507 Udalricus,
746 4443 1108 4518 Augustensis
1159 4442 1393 4498 civitatis
1422 4441 1738 4512 cpiscopus,
1798 4440 2007 4511 Campi-

395 4531 662 4586 donensis
694 4532 1021 4587 monasterii"
1051 4530 1195 4586 ovile
1234 4531 1303 4585 de
1333 4546 1499 4585 manu
1531 4530 1776 4601 praedicti
1810 4528 2007 4600 princi-

397 4623 483 4696 pis
521 4622 784 4692 suscepit,
814 4629 869 4675 et
895 4622 962 4675 ad
997 4621 1198 4691 ipsum,
1228 4636 1340 4676 non
1381 4619 1625 4676 avaritiae
1653 4620 1739 4675 vel
1772 4619 2007 4675 austeri-

394 4714 523 4769 tatis
560 4729 743 4778 causa,
772 4714 869 4767 sed
897 4728 996 4784 pro
1023 4711 1278 4784 augendo
1318 4719 1520 4766 sanctae
1550 4711 1729 4766 Mariae
1759 4711 2004 4776 servitio,

393 4814 623 4877 paterna
645 4805 960 4877 provisione
985 4803 1318 4875 procuravit.
1343 4803 1446 4858 Per
1462 4803 1768 4879 idtempus,
1789 4802 2008 4857 duobus

396 4898 588 4953 electis
626 4896 884 4951 fratribus
932 4896 990 4950 in
1033 4896 1229 4951 eodem
1279 4895 1617 4951 monasterio
1647 4894 2013 4949 militantibus

396 4993 479 5047 vir
527 4990 861 5047 venerabilis
919 4990 1003 5046 sui
1055 4989 1262 5047 laboris
1324 4989 1543 5061 pondus
1590 4989 2007 5055 commendans,

397 5083 619 5157 Moysen
651 5082 941 5158 legiferum
971 5088 1148 5137 vatem
1180 5081 1424 5137 imitatus
1449 5088 1555 5148 est,
1586 5080 1679 5152 qui
1698 5078 2011 5151 frequentia

399 5172 591 5244 pepuli
617 5170 894 5244 fatigatus,
926 5170 1102 5225 Aaron
1136 5176 1195 5224 et
1224 5169 1333 5223 llur
1365 5167 1638 5238 adjutorio
1670 5166 2008 5222 sublevatus.

399 5264 460 5318 In
487 5263 681 5318 eadem
708 5264 828 5317 vice
859 5268 1082 5317 sanctus
1114 5261 1397 5317 Udalricus
1418 5260 1639 5332 :unum,
1681 5274 1882 5314 nomen
1917 5260 2013 5314 ha-

397 5355 621 5409 bentem
654 5353 951 5420 Liuterich,
982 5352 1123 5407 infra
1143 5353 1436 5408 claustrum
1469 5351 1728 5406 fratribus
1752 5351 1863 5406 Deo
1879 5367 2004 5405 ser-

396 5442 680 5498 vientibus
706 5444 978 5498 decauum
1016 5448 1071 5496 et
1122 5440 1445 5517 magistrum
1502 5439 1617 5494 fieri
1650 5438 1960 5494 destinabat
1990 5457 2004 5493 :

398 5538 631 5591 alterum
662 5535 955 5590 lrminbart
981 5540 1233 5590 vocatum
1263 5534 1317 5587 in
1341 5532 1704 5604 praepositum
1728 5532 2009 5586 smcularis

402 5625 611 5700 negotii
650 5625 925 5681 desudare
970 5623 1343 5696 praecipiebat.
1405 5622 1537 5677 Huic
1583 5621 1925 5677 lrminiiardo
1953 5621 2009 5675 in

2107 4444 2260 4499 dium
2291 4461 2403 4500 suae
2452 4446 2649 4500 anima:
2698 4452 3050 4517 praepararet,
3088 4452 3143 4500 ct
3179 4452 3238 4500 ut
3285 4445 3341 4499 in
3383 4446 3592 4501 honore
3624 4444 3720 4499 Dei

2108 4536 2387 4591 basilicam
2426 4536 2767 4592 fundotenus
2823 4544 3186 4600 construeret,
3230 4552 3392 4607 quam
3436 4546 3495 4591 ut
3537 4543 3723 4592 mente

2109 4622 2401 4693 disposuit,
2453 4623 2546 4678 Dei
2578 4623 2852 4694 adjutorio
2883 4632 2938 4678 et
2982 4624 3173 4695 Optimi
3210 4623 3457 4695 episcOpi
3488 4624 3722 4680 consilio

2109 4714 2296 4785 operis
2324 4715 2640 4786 cxpletione
2671 4717 3025 4787 perpetravit,
3072 4724 3128 4770 et
3157 4716 3300 4770 hanc
3330 4717 3503 4788 ipsam
3535 4716 3722 4773 eccle-

2108 4803 2244 4857 siam
2285 4804 2341 4857 in
2395 4803 2663 4874 pommrio
2717 4803 2943 4858 fratrum
3000 4803 3301 4860 honorifice
3355 4812 3721 4859 constructam

2112 4898 2222 4953 Ι)εο
2255 4898 2454 4972 dignus
2480 4898 2769 4973 Vodalricg
2815 4898 3113 4970 episcopus
3162 4899 3218 4953 in
3270 4900 3479 4959 honore
3524 4903 3723 4952 sancta:

2112 4988 2314 5055 Crucis,
2368 4998 2423 5043 et
2451 4988 2621 5044 sancti
2655 4989 2899 5044 Herasmi
2939 4996 2993 5044 et
3041 4990 3213 5045 sancti
3254 4987 3463 5043 Nieolai
3502 4984 3725 5042 confes-

2112 5080 2253 5136 soris
2288 5097 2378 5134 \‘lll
2411 5081 2512 5134 dus
2541 5079 2663 5135 Maii
2696 5081 2993 5149 dedicavit,
3036 5089 3094 5135 et
3131 5096 3313 5135 eoram
3372 5077 3728 5133 multitudine

2114 5169 2246 5225 cleri
2267 5176 2320 5223 et
2352 5169 2541 5240 populi
2573 5168 2875 5240 episcopali
2907 5166 3183 5223 sententia
3210 5166 3471 5234 decrevit,
3499 5173 3559 5221 ut
3587 5182 3731 5221 unus

2115 5274 2179 5313 ex
2210 5257 2491 5323 fratribus,
2516 5257 2609 5329 qui
2643 5258 2696 5311 in
2726 5257 2964 5331 regulari
2992 5256 3124 5323 vita,
3155 5269 3371 5309 morum
3398 5254 3731 5310 excellentia

2117 5349 2317 5422 dignus
2348 5348 2561 5415 fuisset,
2594 5349 2843 5403 eamdem
2876 5346 3162 5402 ecclesiam
3188 5340 3527 5416 'quotidiano
3568 5337 3734 5400 obse-

2108 5441 2241 5513 quio
2273 5440 2609 5511 provideret,
2668 5448 2721 5495 et
2754 5439 3002 5511 quotidie
3049 5437 3133 5491 sui
3168 5437 3427 5492 videlicet
3481 5435 3731 5507 episcopi

2110 5544 2386 5585 annonam
2413 5528 2480 5584 de
2506 5528 2730 5584 cellario
2760 5526 2984 5582 fratrum
3020 5524 3257 5596 pleniter
3284 5525 3598 5596 acciperet;
3634 5524 3734 5579 de-

2116 5621 2408 5692 dicatoque
2458 5619 2617 5674 altari
2680 5618 2762 5673 vir
2831 5622 3075 5684 sanctus,
3132 5615 3282 5671 omni
3358 5614 3561 5686 pietate
3615 5612 3730 5668 cir-
