4038 6178
368 266 510 322 1075

1241 261 1326 315 ΑΙ)
1366 260 1419 315 8.
1466 257 1848 315 UDALRICUM
1886 254 2165 313 AUGUST.
2212 254 2413 312 EPISC.
2455 256 2804 314 APPENDIX.

3558 262 3706 320 l076

371 388 711 454 cumseptus,
743 381 800 436 in
854 380 1139 456 legitinam
1172 378 1359 435 dotem
1414 394 1583 434 unum
1620 395 1872 434 mansum
1926 377 1984 431 in
2007 381 2063 451 Α
2088 376 2145 432 in
2176 377 2282 434 hoc
2306 379 2477 435 altare
2509 380 2864 436 contradidit.
2903 382 3115 439 Dehinc
3167 384 3501 441 sacerdotali
3545 397 3706 446 veste

366 474 721 540 Ivoningewe,
762 478 820 526 et
866 468 1154 525 dimidium
1194 469 1251 523 in
1288 468 1633 536 Lietenberc,
1686 475 1740 523 et
1770 467 1984 527 tertiam

366 572 577 637 partem
610 566 665 620 in
696 567 1091 633 Heimirtingen
1114 565 1331 620 donans
1358 571 1413 619 et
1428 563 1609 620 adhuc
1635 580 1700 619 ex
1728 563 1821 619 tali
1849 581 1989 635 pau-

369 665 582 730 pertate
614 655 901 711 ecclesiam
936 671 1045 711 non
1102 670 1268 725 posse
1326 654 1606 724 procurari
1646 653 1982 722 existimans,

367 765 540 804 unum
602 747 938 818 mancipium
969 789 982 813 ,
1031 747 1181 818 quod
1241 746 1560 813 vocabatur,
1614 746 1981 816 Madelbreth,

371 854 496 893 cum
527 837 707 895 novali
749 837 897 909 quod
932 835 1143 909 primus
1200 852 1265 890 ex
1318 836 1478 892 viridi
1509 835 1644 891 silva
1689 834 1747 889 in
1797 842 1982 891 monte

373 932 634 991 Chnieboz
664 929 832 1002 cepit,
864 929 1123 999 adjuncta
1152 945 1317 985 manu
1369 927 1693 984 Salechonis
1730 925 1980 983 advocati

2087 467 2314 524 indutus
2343 484 2528 525 coram
2554 470 2763 541 populo
2792 469 3014 543 publice
3039 472 3208 528 dixit:
3236 473 3295 528 Si
3322 490 3432 546 qua
3459 491 3704 547 persona

2086 557 2217 613 huic
2238 559 2487 615 ecclesiae
2510 560 2595 616 vel
2614 560 2771 616 altari
2795 562 3004 634 aliquid
3022 562 3240 631 horum,
3272 580 3397 637 quae
3417 566 3701 632 dedimus,

2086 648 2386 715 abstrahat,
2456 649 2585 706 huic
2613 658 2834 707 mternae
2873 651 3000 708 vitae
3053 652 3279 722 januam
3327 656 3531 715 intrare
3586 676 3701 717 non

2085 744 2267 811 liceat,
2303 751 2358 800 et
2386 744 2456 800 ab
2487 745 2591 801 hac
2637 746 2762 803 luce
2809 755 3208 820 sequestretur,
3248 766 3413 822 quam
3451 753 3508 808 in
3563 770 3707 812 con-

2084 838 2276 904 spectu
2307 833 2403 889 Dei
2441 834 2622 890 omnis
2646 835 3079 906 justusfeliciter
3106 846 3399 896 contuetur
3425 842 3533 914 (66)
3598 864 3630 896 ι

1282 1097 1535 1153 NOMINA
1574 1094 2036 1153 EPISCOPORUM
2076 1095 2400 1152 AUGUSTE
2438 1095 2773 1152 CIVITATIS.

376 1273 419 1329 I.
449 1269 719 1327 Zozimus.
755 1270 967 1340 Aliquis
1019 1269 1304 1324 recentiori
1353 1283 1520 1324 manu
1558 1268 1878 1339 praeposuit,
1932 1267 1986 1322 S.

448 1360 743 1431 Dionysius
771 1366 993 1432 martyr.

379 1454 445 1507 II.
475 1450 757 1506 Perewelf.

378 1548 471 1603 Ill.
505 1547 864 1621 Tagepertus,

379 1641 462 1696 IV.
487 1640 686 1695 Manno

377 1731 442 1785 V.
471 1731 665 1787 Wicho

377 1819 467 1874 Vl.
499 1820 719 1875 Pricho.

376 1906 491 1961 VII.
516 1906 705 1961 Zeizzo

380 1993 517 2048 VIII.
558 1994 873 2049 Marchman

384 2083 470 2137 IX.
502 2082 852 2155 \Vicbterpus

381 2171 443 2227 X.
476 2172 648 2227 Tozzo

385 2261 473 2315 XI.
497 2261 819 2332 Sintpertus

384 2351 497 2406 XII.
534 2351 707 2407 lianto

384 2440 524 2496 XIII.
547 2440 751 2513 Nidger

385 2529 517 2586 XIV.
552 2529 834 2585 Odalman.

388 2620 495 2675 XV.
526 2620 752 2695 Wiggcr

390 2709 519 2764 XVI.
549 2709 721 2766 Lanto

390 2799 546 2854 XVII.
579 2798 853 2870 Adalpero

389 2891 570 2947 XVIII.
595 2891 801 2947 Hiltine

387 2977 523 3034 XIX.
549 2978 603 3034 S.
637 2979 960 3036 Oudalricus

396 3067 501 3124 XX.
537 3068 825 3124 Heinricus

390 3159 504 3213 XXI
537 3159 760 3214 Euticus

392 3250 551 3306 XXII.
587 3250 826 3307 Llutolth

391 3339 576 3396 XXIII.
604 3338 880 3396 Gebehart

393 3434 553 3488 XXIV
582 3433 889 3507 Sigefridus

394 3528 545 3583 XXV.
583 3528 765 3585 Pruno

394 3614 572 3671 XXVI.
600 3616 945 3673 Eberhardus

2090 1266 2290 1322 XXVII.
2327 1264 2618 1321 Heinricus

2092 1358 2319 1414 XXVIII.
2354 1357 2625 1413 Embrico.
2660 1357 2755 1412 llic
2785 1357 2965 1428 primo
2993 1359 3361 1418 ordinationis
3386 1380 3501 1420 suae
3532 1382 3708 1435 anno,

2163 1451 2256 1522 qui
2286 1457 2370 1504 est
2423 1448 2493 1503 ab
2539 1447 2929 1504 Incarnatione
2982 1451 3198 1507 Domini
3242 1454 3403 1520 1064,
3439 1456 3588 1511 datis
3634 1458 3708 1513 ab

2164 1548 2514 1596 antccessore
2555 1541 2675 1609 ejus
2729 1542 2798 1599 50
2862 1537 3104 1608 talentis,
3157 1545 3449 1601 ecclesiam
3501 1534 3711 1604 sancte

2163 1632 2304 1688 Afrae
2366 1650 2397 1687 τι
2426 1632 2801 1692 fundamentis
2855 1636 3156 1694 destruxit:
3199 1646 3255 1692 et
3309 1646 3589 1709 repertum
3626 1651 3713 1695 est

2164 1738 2365 1792 corpus
2402 1730 2603 1778 sanctze
2657 1726 2934 1798 Eutropia).
2965 1726 3023 1781 in
3065 1725 3327 1796 plumbeo
3366 1729 3712 1803 sarcOphago

2166 1810 2310 1882 prid.
2380 1810 2494 1865 Kal.
2546 1812 2700 1878 Maii;
2770 1830 2972 1886 corpus
3022 1830 3152 1871 vero
3203 1822 3403 1871 sanctae
3457 1817 3600 1873 Afrae
3652 1820 3713 1873 in

2168 1899 2390 1970 lapideo
2415 1902 2758 1976 sarcOphago
2787 1903 2942 1958 mira:
2982 1903 3377 1976 magnitudinis
3410 1905 3713 1981 integrum,

2166 2000 2222 2046 et
2270 1990 2508 2063 quodam
2537 2002 2808 2049 caemento
2850 1993 3150 2050 obductum
3194 2002 3473 2066 repertum
3529 2007 3617 2052 est
3661 2015 3713 2052 Iv

2168 2082 2353 2137 Nonas
2383 2082 2633 2153 ejusdem
2663 2086 2891 2140 mensis.

2166 2176 2439 2229 Hactenus
2486 2177 2671 2244 prima
2706 2192 2936 2233 manus:
2969 2193 3089 2248 qua:
3126 2185 3442 2249 sequuntur,
3476 2182 3720 2237 secunda

2098 2284 2262 2323 manu
2290 2268 2508 2336 adjecta
2545 2273 2691 2324 sunt.

2099 2356 2273 2412 χχιχ.
2308 2356 2611 2430 Sigefridus

2100 2449 2250 2505 XXX.
2285 2449 2630 2504 Hcrmannus

2100 2538 2277 2592 XXXI.
2299 2537 2610 2591 Waltherus

2101 2624 2301 2680 XXXII.
2334 2624 2659 2680 Kondradus

2099 2715 2332 2771 XXXIII.
2360 2716 2662 2772 Ilartwicus

2102 2804 2321 2858 XXXIV.
2366 2803 2792 2860 Oudalscbalcus

2104 2895 2300 2950 XXXV.
2337 2895 2659 2950 Heirtwicus

2104 2989 2329 3043 XXXVI.
2348 2988 2583 3045 Sifridus

2106 3077 2354 3131 xxxvu.
2399 3076 2603 3148 Syboto

2108 3172 2381 3226 XXXVIII.
2422 3170 2749 3228 Hartmanus

2038 3230 2087 3297 Ο
2112 3261 2334 3317 χχχιχ.
2358 3259 2596 3316 Sifridus

2112 3354 2218 3408 XL.
2247 3352 2560 3409 Wolfardus

2111 3445 2239 3501 XLI.
2263 3446 2661 3522 Degenhardus

2110 3534 2260 3590 XLII.
2294 3533 2603 3590 Fridericus

1672 3921 2460 4019 APPENDIX.

1395 4232 1815 4304 OFFICIUM
1895 4235 2205 4308 SANCTI
2280 4234 2730 4306 UDALBICI.

1124 4381 1304 4451 (Dom.
1344 4380 1614 4449 Gsnnsnr,
1657 4382 1957 4454 Scriptores
1997 4384 2346 4439 ecclesiastici
2382 4384 2447 4439 de
2483 4384 2713 4449 musica,
2756 4381 2824 4450 II,
2866 4380 3016 4453 117.)

477 4661 632 4732 (Ant.
687 4661 763 4716 ad
818 4660 1078 4733 Magnif)
1135 4660 1443 4716 Vencrandi
1503 4659 1674 4732 patris
1724 4660 2092 4733 WodalriciD
2189 4660 2632 4732 (Invitatorium.)
2669 4660 2976 4717 Adoremus
3008 4676 3193 4734 regem
3232 4661 3525 4718 Lhristum
3553 4664 3741 4721 Domi-

406 4753 679 4812 solemnia
720 4770 935 4828 magna:
961 4755 1325 4824 jucunditatis
1354 4764 1753 4827 repraesentant
1781 4757 2015 4828 gaudia;

407 4863 531 4919 quae
557 4845 755 4902 merito
793 4846 925 4902 cleri
965 4863 1029 4903 ac
1061 4846 1251 4919 p0puli
1281 4847 1660 4917 suscipiuntur
1688 4853 1833 4911 voto,
1868 4846 2018 4902 cele-

406 4939 641 4995 brantur
664 4938 1497 5010 tripudiogLreteturtellustalis
1509 4947 1729 5012 compta
1759 4938 2016 5009 praesule.

407 5028 652 5084 Exsultet
693 5028 857 5100 polus
885 5034 1037 5084 tanto
1069 5028 1274 5084 ditatus
1302 5043 1578 5100 compare.
1615 5027 1774 5083 Solus
1803 5027 2021 5083 daemon

406 5117 673 5195 ingemat,
706 5118 799 5191 qui
828 5120 895 5173 ad
924 5119 1045 5190 ejus
1075 5117 1391 5189 sepulcrum
1422 5112 1580 5174 suum
1598 5118 1818 5174 assidue
1840 5117 2024 5189 perdit

410 5210 739 5266 dominium.
771 5210 904 5278 Ave,
936 5225 1086 5265 nunc
1105 5223 1310 5265 corona
1352 5216 1669 5280 martyrum.
1701 5209 1879 5275 Salve,
1905 5209 2027 5283 glo-

410 5302 492 5358 ria
539 5302 939 5360 confessorum.
973 5303 1260 5376 Simulque
1309 5312 1623 5361 sanctorum
1680 5305 1856 5362 decus
1897 5318 2025 5360 om-

294 5435 305 5444 .
412 5394 590 5465 nium,
622 5410 725 5452 nos
754 5395 964 5454 Christo
995 5397 1392 5454 commendain
1424 5403 1773 5470 perpetuum.

2120 4768 2272 4819 num,
2320 4753 2414 4824 qui
2454 4753 2621 4809 hodie
2676 4761 2923 4808 sanctum
2963 4752 3333 4809 Wodalricum
3383 4755 3645 4826 perduxit
3669 4759 3740 4813 ad

2120 4858 2287 4915 regna
2311 4843 2593 4899 cazlorum.

2191 4992 2543 5061 (Antipan
2577 4989 2997 5060 nocturnorum.)
3049 4991 3100 5046 1.
3139 4990 3337 5046 Beatus
3390 4991 3740 5048 Wodalricus

2124 5099 2190 5138 ex
2230 5083 2511 5139 nobilibus
2541 5090 2596 5139 et
2626 5082 2901 5157 religiosis
2938 5082 3263 5153 parentibus
3307 5084 3418 5138 Deo
3446 5085 3742 5154 praedesti-

2126 5182 2291 5231 nante
2329 5176 2387 5230 in
2432 5176 2663 5231 salutem
2723 5173 3086 5246 plurimorum
3143 5173 3320 5229 extitit
3370 5181 3542 5231 ortus.
3597 5176 3741 5231 Bea-

2129 5275 2214 5323 tus
2240 5268 2342 5324 vir.

2198 5399 2252 5456 2.
2286 5399 2439 5456 Hunc
2493 5398 2737 5473 religiosi
2791 5404 3054 5471 parentes
3106 5398 3639 5455 commendaverunt
3686 5396 3743 5451 in

487 5552 601 5620 (66)
640 5553 837 5621 Confer
868 5568 931 5608 ea
971 5569 1088 5623 quae
1121 5553 1187 5607 de
1214 5555 1474 5624 episcopis
1503 5554 1843 5621 Augustam’s
1872 5548 2021 5609 dicta
2120 5558 2546 5624 Augustensium
2572 5555 2838 5626 expungit
2872 5554 3122 5610 Velserus
3151 5556 3212 5609 in
3240 5554 3396 5613 Notis
3417 5552 3493 5608 ad
3521 5568 3746 5610 conver-

414 5628 687 5691 sunt,tum
713 5627 773 5680 in
800 5625 1263 5681 observationibus
1282 5626 1501 5696 praeviis
1529 5640 1679 5680 num.
1711 5626 1767 5688 7,
1809 5630 1919 5680 tum
1947 5627 2022 5681 ad
2119 5630 2321 5684 sionem
2360 5627 2569 5683 Sanctae
2606 5627 2762 5695 Afra
2788 5626 2888 5681 sub
2912 5628 3089 5695 ﬁnem.

424 5696 582 5763 Vita,
629 5710 751 5767 cap.
802 5695 856 5752 1.
899 5698 1223 5766 Dionysium
1264 5695 1332 5753 ea:
1369 5696 1613 5768 catalogo
1653 5698 2021 5768 episcoporum
