4042 6156
368 238 507 290 H17!)

1676 234 2027 290 BENEDIC’I‘I
2068 236 2131 290 Vl
2172 234 2363 289 ΡΛΡἈΕ

3570 243 3712 298 1080

358 384 481 422 cum
513 383 579 420 ex
606 366 880 438 ergastulo
912 366 1095 420 carnis
1125 366 1192 419 ad
1219 366 1427 420 aethera
1458 372 1602 420 esset
1632 365 1973 431 sublevatus,
1999 373 2049 438 Α
2079 364 2285 421 sanctis
2338 365 2444 421 tuis
2492 365 2799 422 mirabilem
2876 368 3200 439 praedicare,
3261 370 3423 438 cujus
3475 373 3706 445 gratuiti

359 463 508 511 tanta
554 455 623 509 de
678 453 916 510 exanimi
966 455 1088 523 ejus
1142 468 1371 523 corpore
1434 453 1746 509 suavissimi
1784 453 1977 509 odoris
2079 470 2302 526 semper
2329 460 2415 509 est
2439 455 2705 521 muneris,
2752 456 3022 528 quidquid
3075 456 3131 511 in
3164 473 3357 513 eorum
3387 461 3473 515 vel
3515 461 3706 515 verbis

361 544 598 599 manavit
649 543 939 620 fragantia,
999 553 1057 600 ut
1114 552 1436 601 cunctorum
1489 545 1565 599 ibi
1597 545 1976 601 assistentium

363 634 718 706 perfunderet
744 650 906 689 nares
927 642 982 689 et
1047 641 1291 705 pectora.
1353 634 1414 688 In
1439 634 1597 703 cujus
1625 635 1979 691 veneratione

361 729 613 784 dicamus
644 746 659 783 :
701 728 883 783 Gloria
913 726 1012 782 tibi
1045 728 1293 783 Domine.

434 818 687 885 (Collecta
715 818 789 871 ad
830 818 1102 888 Missam.)
1134 817 1278 872 Deus
1329 817 1423 889 qui
1452 816 1737 873 hodierne
1769 816 1985 873 festivi-

365 913 490 967 tatis
546 911 692 966 diem
740 911 885 965 beati
936 911 1233 967 Wodalrici
1288 910 1621 966 confessoris
1680 911 1755 966 tui
1822 921 1986 983 atque

365 1003 645 1075 pontiﬁcis
673 1003 903 1057 transitu
954 1002 1253 1075 gloriosum
1315 1002 1490 1058 fecisti
1521 1022 1538 1058 :
1572 1003 1816 1059 concede
1850 1017 1985 1074 pro-

368 1097 534 1168 pitius
563 1097 643 1151 sic
701 1096 838 1150 tanti
881 1096 1095 1167 patroni
1149 1103 1320 1167 atque
1369 1096 1613 1151 doctoris
1643 1095 1841 1151 merita
1884 1111 1987 1149 ve-

371 1185 551 1239 nerari
598 1186 651 1239 in
698 1184 880 1250 terris,
912 1191 971 1239 ut
1019 1184 1193 1255 ipsius
1226 1185 1373 1256 apud
1423 1192 1479 1239 te
1534 1185 1839 1256 patrocinia
1861 1199 1993 1239 sen-

371 1278 571 1332 tiamus
597 1277 653 1331 in
680 1276 857 1332 caelis.
892 1277 1014 1332 Per.

446 1368 958 1439 (Secreta.)llunus,
990 1368 1245 1435 Domine,
1267 1374 1469 1426 nostrae
1500 1369 1811 1425 devotionis
1839 1384 1993 1424 sacro

373 1457 531 1512 altari
562 1458 997 1527 superpositum,
1029 1457 1117 1527 pia
1142 1457 1287 1513 beati
1320 1457 1613 1513 Wodalrici
1664 1458 1994 1529 supplicatio

374 1546 472 1599 tibi
496 1545 726 1601 Domino
758 1546 868 1601 Deo
914 1553 1099 1601 nostro
1146 1545 1339 1600 reddat
1366 1553 1675 1617 acceptum,
1711 1554 1766 1601 et
1791 1548 1859 1601 ad
1885 1548 1989 1603 hoc

377 1633 795 1704 percipiendum
826 1633 1080 1704 puriﬁcet
1106 1634 1272 1690 corda
1293 1635 1538 1689 omnium
1571 1642 1838 1691 nostrum.
1865 1636 1983 1690 Per.

2078 551 2238 598 sonat
2287 543 2558 610 mirabile,
2607 544 2691 599 vel
2767 543 3061 600 virtutibus
3125 555 3374 603 coruscat
3456 547 3702 624 insigne.

2081 632 2235 687 Unde
2260 647 2325 686 ex
2358 648 2547 687 eorum
2606 632 2841 708 collegio
2898 634 3045 688 beati
3093 634 3712 694 Woldariciconfesso-

2085 723 2161 778 ris
2191 723 2266 777 tui
2289 729 2455 794 atque
2484 722 2760 793 pontificis
2808 724 3080 780 solemnia
3105 727 3475 795 celebrantes,
3512 729 3713 784 eadem

2087 821 2436 869 sacrosancta
2464 814 2579 868 Filii
2620 814 2699 869 tui
2735 815 2945 869 Domini
2980 818 3153 872 nostri
3185 818 3313 873 Jesu
3341 818 3542 874 Christi
3579 821 3722 875 dex-

2087 914 2205 959 tera
2264 894 2507 975 petimus
2561 905 2616 959 in
2662 912 2927 960 mternum
2987 908 3326 981 consignari,
3351 926 3478 981 quae
3518 911 3714 986 singu-

2088 995 2257 1051 larem
2291 996 2693 1066 redemptionis
2720 996 2918 1053 nostrte
2949 998 3211 1066 hostiam,
3247 1000 3366 1069 ipso
3425 1003 3716 1058 sacerdote

2090 1107 2243 1147 sacro
2274 1091 2428 1145 altari
2457 1091 2770 1148 assistente.
2802 1093 3095 1147 visibiliter
3146 1094 3370 1149 voluisti
3426 1095 3712 1151 benedici.

2092 1184 2193 1238 Per
2249 1183 2504 1237 eumdem
2565 1183 2838 1237 Christum
2911 1184 3202 1239 Dominum
3252 1195 3504 1241 nostrum

2093 1287 2256 1343 quem
2279 1273 2619 1339 majestatem
2641 1279 2785 1326 tuam
2817 1272 3065 1329 laudant.

2166 1366 2651 1435 (Posteommunio.)
2717 1365 3029 1422 Ccelestium
3069 1378 3540 1425 sacramentorum
3593 1389 3722 1443 par-

2097 1454 2296 1525 ticipes
2320 1453 2520 1519 eﬁ‘ecti,
2551 1470 2884 1525 ({UEBSUHIUS,
2930 1457 3158 1512 Domine
3192 1459 3334 1513 Deus
3371 1467 3563 1515 noster
3597 1479 3613 1516 :
3642 1472 3724 1525 ut,

2092 1546 2498 1602 interveniente
2528 1546 2691 1602 beato
2723 1549 3038 1605 Wodalrico
3066 1550 3389 1607 eonfessore
3421 1560 3518 1609 tuo
3547 1562 3717 1627 atque

2087 1638 2372 1712 pontifice,
2407 1646 2461 1694 et
2501 1650 2850 1710 peccatorum
2910 1649 3229 1727 nostrorum
3288 1644 3721 1719 indulgentiam,

3553 1205 3569 1241 :
3620 1203 3719 1259 per

448 1723 775 1792 (Prae/auo.)
817 1723 1048 1795 [Equum
1100 1731 1157 1778 et
1206 1722 1462 1779 salutare.
1519 1723 1591 1779 Te
1646 1724 1874 1795 quidem
1933 1728 1989 1781 in
2018 1704 2146 1783 Bet
2169 1729 2335 1783 vitam
2366 1704 2634 1801 consequi
2662 1746 2973 1786 mereamur
2998 1716 3431 1789 aeternamJ’er.

381 1876 3716 1916 ’κῃ

1569 2009 1749 2053 ANNO
1797 2009 1935 2054 DOM
1945 2010 2036 2055 INI
2082 2011 2290 2057 DCCCC
2300 2013 2522 2057 LXXIV.

528 2131 2282 2296 BENEDICTUS
2402 2136 2686 2298 VI
2810 2143 3606 2302 PAPA.

1587 2460 1957 2534 NOTITIA
2026 2461 2527 2533 HISTORICA.

1255 2582 1449 2651 (Mans:
1479 2584 1837 2641 Conciliorum
1861 2585 2217 2653 generalium,
2251 2592 2384 2641 tom.
2415 2584 2550 2653 XIX,
2584 2581 2691 2641 col.
2721 2585 2836 2653 37.)

465 2807 817 2872 Benedictus,
867 2804 1044 2876 patria
1073 2805 1371 2871 Romanus,
1430 2803 1578 2859 ﬁlius
1629 2805 2007 2871 Hildebrandi,
2032 2808 2082 2878 C
2110 2810 2166 2858 et
2205 2805 2327 2860 dies
2349 2804 2579 2875 aliquot.
2634 2802 2836 2858 Sedem
2890 2799 3248 2873 apostolicam
3279 2799 3554 2872 sacrilega
3584 2799 3743 2854 caede

393 2907 518 2971 post
545 2898 756 2955 obitum
789 2895 926 2951 Doni
955 2893 1292 2969 subrogatus
1334 2900 1417 2948 est
1449 2893 1502 2948 in
1553 2893 1732 2949 locum
1765 2893 1885 2962 ejus
1911 2910 2005 2948 xm

396 2984 510 3039 Kal.
537 2982 820 3051 Decemb.,
842 2998 989 3038 anno
1022 2981 1406 3051 Redemptoris
1435 2981 1555 3037 972.
1596 2982 1764 3050 Hujus
1792 2989 2009 3053 tempo-

397 3072 551 3126 ribus
574 3071 695 3127 Otto
717 3086 950 3144 magnus
995 3070 1314 3140 imperator,
1371 3069 1660 3125 funeribus
1714 3069 1907 3125 matris
1954 3077 2009 3126 et

396 3159 966 3234 WilelmiMoguntini
1006 3158 1255 3230 episcOpi
1295 3159 1617 3229 praemissis,
1648 3169 1898 3215 mortuus
1928 3166 2009 3214 est

399 3255 456 3309 in
487 3255 746 3322 Saxonis,
805 3270 950 3310 anno
1008 3254 1228 3324 imperii
1274 3254 1359 3308 sui
1403 3253 1752 3309 duodecimo.
1795 3254 2014 3309 Adelais

402 3347 594 3403 relicta
620 3347 822 3415 conjux
878 3346 1118 3401 animam
1175 3345 1423 3401 defuncti
1476 3346 1685 3401 Ottonis
1724 3347 1903 3401 mariti
1932 3347 2016 3401 sui

404 3443 693 3509 prosecuta
723 3435 825 3491 fuit
856 3435 925 3490 iis
954 3435 1155 3506 pietate
1201 3435 1419 3503 officiis,
1451 3451 1574 3507 quae
1601 3452 1633 3490 ιι
1680 3436 2018 3491 Witichindo

403 3530 459 3583 in
496 3529 606 3583 fine
653 3528 775 3582 libri
825 3544 882 3582 ιιι
942 3527 1353 3583 describuntur.
1415 3528 1544 3583 Post
1582 3528 1792 3583 obitum
1852 3528 2021 3599 patris

2110 2896 2306 2967 Optimi
2332 2894 2612 2967 pontificis
2640 2902 2927 2950 vacantem
2959 2892 3267 2966 sacrilegus
3323 2890 3606 2946 homicida
3638 2890 3746 2945 Bo-

2109 2988 2367 3054 nifacius,
2411 2987 2506 3058 qui
2562 2986 2834 3057 septimus
2862 2986 2981 3054 ejus
3022 2983 3269 3039 nominis
3298 2982 3579 3054 reperitur
3608 2981 3741 3035 alibi

2110 3089 2483 3152 nuncupatus,
2510 3078 2786 3135 violenter
2810 3077 3030 3143 invasit,
3063 3091 3301 3149 eamque
3323 3090 3531 3129 annum
3559 3090 3736 3128 unum

2113 3181 2169 3229 et
2198 3190 2447 3231 mensem
2473 3175 2668 3231 tenuit.
2697 3175 2851 3229 Hunc
2876 3189 3001 3248 ego,
3057 3172 3408 3243 antiquiores
3436 3170 3740 3240 scriptores

2115 3262 2382 3331 imitatus,
2415 3263 2558 3318 inter
2585 3279 2750 3318 veros
2780 3270 2835 3318 et
2866 3262 3142 3336 legitimos
3209 3258 3506 3331 pontiﬁces
3532 3274 3735 3313 nume.-

2123 3356 2354 3410 randum
2380 3370 2488 3410 non
2525 3370 2650 3410 esse
2675 3354 2939 3423 judicavi,
2966 3352 3113 3424 quod
3152 3351 3347 3406 sedem
3376 3348 3737 3420 apostolicam

2122 3448 2354 3517 turpiter
2380 3448 2685 3521 ingressus,
2713 3447 2927 3518 turpius
2953 3444 3285 3500 deseruerit.
3311 3443 3443 3498 Nam
3468 3457 3591 3497 cum
3617 3451 3742 3511 post

2122 3539 2293 3594 multa
2318 3539 2425 3593 alia
2456 3541 2666 3594 scelera
2691 3547 2745 3593 et
2761 3538 2967 3614 ﬂagitia
2983 3539 3145 3592 homo
3158 3534 3406 3591 nefarius
3421 3534 3736 3588 Vaticanam

401 3619 521 3673 Οιῑο
551 3616 835 3672 Secundus
863 3616 1015 3671 ⁵011³⁵
1044 3616 1315 3687 imperare
1347 3616 1533 3687 “BP”:
1568 3616 1662 3688 qni
1693 3633 1815 3671 cum
1859 3624 2012 3687 Patre
2116 3627 2397 3683 basilicam
2420 3627 2679 3683 omnibus
2706 3628 3048 3683 ornamentis
3077 3626 3194 3681 suis
3223 3623 3611 3695 exspoliasset.
3636 3622 3736 3676 De.

397 3714 609 3763 sextum
638 3722 843 3761 annum
896 3705 1111 3775 imperii
1142 3706 1225 3760 sui
1266 3706 1639 3762 inchoaverat.
1684 3706 2013 3762 Benedictus
2114 3716 2364 3770 aedictus
2392 3715 2791 3780 Albericorum,
2847 3716 2917 3770 de
2943 3730 3177 3786 quorum
3225 3712 3432 3767 familia
3455 3719 3597 3775 erat,
3626 3726 3737 3782 cpe

399 3817 430 3855 a
458 3799 735 3854 Bonifacio
766 3798 1047 3853 Francone
1092 3798 1357 3862 Romano,
1401 3798 1625 3853 Fernitii
1660 3798 1794 3865 filio,
1829 3799 2011 3853 cardi-
2112 3815 2164 3861 et
2194 3806 2399 3862 auxilio
2430 3806 2621 3873 fretus,
2676 3824 2803 3862 eum
2863 3822 3037 3877 usque
3089 3806 3232 3861 adeo
3298 3803 3614 3875 exagitavit,
3650 3811 3737 3867 ut,

400 3891 524 3947 nale
555 3891 809 3955 diacono,
842 3890 959 3945 viro
983 3890 1399 3957 scelestissimo,
1431 3896 1625 3957 captus
1657 3898 1712 3945 et
1776 3890 1830 3944 in
1886 3906 2009 3946 car-

2117 3895 2287 3951 Boma
2342 3895 2550 3962 relicta,
2610 3894 3136 3967 Constantinopolim
3191 3893 3349 3949 adire
3410 3899 3730 3964 cogeretur.

398 3999 581 4038 cerem
612 3984 891 4048 detrusus,
922 3982 1291 4057 strangulatus
1348 3991 1433 4037 est
1477 3980 1546 4035 ab
1603 3980 1825 4048 eodem,
1868 3996 2013 4037 anno
2117 3984 2343 4048 Quando
2372 3992 2427 4039 et
2473 4000 2583 4057 qua
2612 3983 2902 4040 occasione
2960 3984 3190 4039 Romam
3245 3981 3493 4047 redierit,
3549 3980 3733 4035 dicam

401 4073 593 4129 Christi
624 4075 692 4130 97
704 4076 750 4141 ί,
774 4090 896 4131 eum
919 4073 1155 4129 sedisset
1182 4089 1388 4128 annum
1419 4089 1613 4137 unum,
1656 4089 1877 4128 menses
1901 4082 2015 4130 tres
2115 4073 2257 4129 infra
2282 4076 2336 4128 in
2366 4075 2477 4130 vita
2503 4074 2730 4130 Joannis
2750 4074 2880 4128 XIV.

1537 4292 1897 4364 NOTITIA
1962 4293 2597 4393 DIPLOMA'IJICA.

1360 4416 1563 4487 (laesa,
1597 4420 1817 4486 Hegesia
1843 4420 2159 4487 pontiﬁcum
2196 4420 2562 4475 Romanorum
2614 4416 2712 4473 331
2747 4416 2764 4487 )

1874 4524 2241 4536 ——

402 4570 444 4634 1*
478 4567 758 4622 Benedicti
792 4567 861 4622 VI
890 4567 1058 4623 bullae
1087 4568 1506 4640 suntscriptatze
1538 4584 1636 4640 per
1675 4586 1895 4624 manum

477 4640 748 4712 gtep/umi
766 4642 971 4693 notarii
998 4643 1298 4708 regionarii
1317 4644 1367 4694 et
1395 4642 1677 4695 scriniarii
1695 4657 1739 4695 s.
1763 4643 1875 4695 sed.
1908 4646 2077 4712 upost.
2114 4642 2188 4712 (2,
2220 4643 2272 4706 4,
2300 4641 2380 4708 5.)

406 4780 445 4834 D
479 4710 751 4835 ξωισάἰτεί
776 4712 1060 4765 scriniarii
1083 4729 1126 4766 ε.
1156 4726 1378 4767 summa:
1400 4716 1451 4765 et
1478 4717 1651 4781 apost.
1686 4713 1797 4767 sed.
1834 4713 1928 4783 (3).

451 4797 480 4834 a
509 4795 555 4835 ae
580 4798 627 4835 n.
664 4796 735 4835 ιιι.

451 4795 627 4851 ειιωρ
664 4796 735 4835 ιιι.

483 4852 727 4909 Widom’s
764 4854 997 4921 episcopi
1021 4856 1069 4906 et
1096 4853 1491 4909 bibliothecarii
1529 4869 1555 4907 s
1606 4854 1716 4908 sed.
1758 4859 1931 4923 apost.
1965 4854 2067 4922 (2).

476 4926 701 4996 Joannis
729 4924 835 4978 Deo
864 4923 1116 4996 amabilis
1144 4927 1445 4994 primicerii
1472 4941 1518 4979 s.
1551 4941 1642 4994 ap.
1672 4926 1764 4979 sed
1819 4926 1915 4996 (3).

477 4995 705 5050 Joannis
730 4996 970 5066 episcopi
992 4998 1043 5047 et
1061 4994 1449 5066 biblioihecarii
1476 5011 1520 5049 s.
1554 4998 1665 5051 sed.
1690 4994 1883 5066 apost.
1910 4998 1999 5064 (4).

478 5091 515 5128 τ
546 5067 716 5130 Quem
749 5061 843 5119 alii
875 5061 1105 5119 censent
1130 5065 1186 5119 in
1218 5065 1399 5120 locum
1434 5067 1661 5121 Joannis
1700 5061 1831 5131 Xlll,
1883 5061 1974 5122 alii
2033 5068 2088 5123 in
2128 5067 2410 5124 Benedicti
2460 5067 2547 5134 Vl,
2598 5066 2955 5134 subrogatum
2978 5082 3121 5134 esse,
3155 5063 3381 5120 ιιοΝυιι
3409 5064 3534 5134 (seu
3572 5061 3755 5134 υοιι-

409 5137 572 5198 ΝυΜ.
605 5136 851 5210 BONQM)
879 5134 1135 5210 eximide
1156 5152 1418 5210 paparum
1460 5140 1601 5193 serie
1655 5148 1932 5208 Oportere,
1989 5140 2230 5210 perfecte
2282 5139 2675 5210 demonstravit

2797 5133 2807 5193 ζ
2846 5137 3220 5203 Giesebrecht,
3263 5133 3615 5190 Jahrbueher
3646 5133 3756 5187 des

410 5208 716 5281 deutschen
759 5204 1289 5281 Reichs_unter—O_tto
1322 5209 1389 5273 ll,
1416 5211 1627 5281 p.141.
1669 5204 1709 5264 E
1736 5210 1935 5265 tabulis
1983 5204 2129 5265 enim
2175 5210 2502 5281 caeterisque
2557 5209 2779 5265 indiciis
2810 5209 2953 5273 ﬁdis,
2968 5224 3211 5281 quorum
3242 5204 3581 5281 auctoritate
3606 5219 3757 5281 con-

411 5279 550 5360 fecta
573 5281 765 5361 horum
793 5277 1122 5361 pontificum
1158 5274 1518 5361 chronologia
1548 5288 1649 5347 est,
1679 5282 1810 5361 satis
1840 5289 2068 5361 apparet
2112 5274 2670 5361 intervallumnanni‘i
2710 5274 3078 5361 etnmensium
3104 5279 3175 5361 t5,
3196 5277 3310 5361 qui‘
3329 5274 3760 5361 recentioribus

412 5350 761 5426 incatalogis
789 5346 944 5426 Dono
991 5349 1329 5426 tribuuntur,
1361 5346 1526 5426 fuisse
1557 5346 1738 5426 neque
1767 5346 2168 5426 inter'J_oannis
2211 5352 2409 5426 Xlllet
2438 5352 2750 5426 (Benedicti
2777 5351 2857 5415 Vl,
2893 5365 3074 5426 neque
3102 5346 3248 5403 inter
3274 5346 3562 5426 Benedicti
3596 5346 3661 5426 Vl
3696 5352 3763 5398 et

411 5416 962 5492 Vllgub:,'Fnationes.
993 5422 1237 5493 Accedit,
1269 5422 1415 5493 quod
1442 5421 1553 5489 jam
1590 5442 1614 5471 α
1644 5416 1863 5477 vivente
1899 5448 1922 5469 η
1956 5424 2252 5479 Benedicto
2283 5424 2370 5491 Vl,
2435 5423 2710 5479 involasse
2738 5423 2792 5476 in
2821 5416 3116 5493 ecclesiam
3148 5425 3365 5493 constat
3396 5416 3760 5493 Bonifacium

414 5488 868 5564 Vll'antipapam,
900 5499 957 5546 ut
988 5492 1066 5546 illi
1110 5488 1409 5564 succedere
1461 5493 1647 5547 Donus
1675 5493 1919 5564 (minime
1970 5495 2229 5564 potuerit.
2261 5488 2544 5550 Postremo
2578 5494 2711 5548 illud
2746 5490 3311 5564 maximepnotandum
3344 5497 3450 5554 est,
3475 5488 3764 5543 vetustis—

414 5564 581 5619 simos
608 5560 957 5635 optimosque
984 5564 1263 5635 catalogos
1284 5564 1354 5619 de
1386 5563 1536 5618 Dono
1569 5563 1861 5619 tradidisse
1893 5560 2051 5619 nihil.
2079 5565 2167 5620 Sic
2196 5563 2346 5619 enim
2380 5565 2435 5619 in
2455 5565 2524 5618 iis
2543 5565 2608 5621 'le
2639 5563 2932 5618 Benedicto
2962 5562 3027 5617 Vl
3061 5560 3332 5633 reperitur
3364 5576 3377 5613 :

1412 5637 1473 5690 In
1502 5634 1618 5689 cod.
1649 5637 1764 5690 Est.
1793 5652 1884 5705 ap.
1903 5639 2198 5702 Muratlll,
2226 5653 2283 5701 ιι,
2310 5636 2550 5699 322,ηοι.
2583 5651 2629 5690 o.

738 5703 748 5714 ο
1058 5704 1068 5715 .
1412 5651 1473 5690 ιη
1502 5651 1618 5715 eoa.
1649 5651 1764 5690 est.
1793 5652 1884 5705 ap.
1903 5651 2198 5717 murium,
2226 5653 2283 5716 ιι,
2310 5651 2550 5699 622mm.
2583 5651 2629 5690 ο.
2652 5651 2731 5761 p:
3342 5702 3354 5712 α

491 5725 513 5756 ι
550 5705 878 5763 Benedictus
923 5705 985 5759 Vl
1018 5706 1281 5761 diaconus
1320 5706 1389 5761 de
1441 5721 1665 5779 regione
1716 5706 1832 5760 Vlll
1884 5707 1987 5762 sub
2038 5706 2324 5780 Capitolio,
2372 5724 2435 5762 ex
2486 5713 2637 5779 patre
2686 5705 2990 5764 ldebrando
3016 5704 3289 5761 monacho
3341 5716 3630 5778 ingressus
3666 5706 3771 5756 est
