  <div class='ocr_page' id='page_1' title='image "/cluster/home/n/w/nwhite01/storage/ocr_20150623/135/hvd.32044054759956/546.png"; bbox 0 0 4062 6164; ppageno 0'>
   <div class='ocr_carea' id='block_1_1' title="bbox 390 220 526 275">
    <p class='ocr_par' dir='ltr' id='par_1_1' title="bbox 390 220 526 275">
     <span class='ocr_line' id='line_1_1' title="bbox 390 220 526 275; baseline 0.007 -1"><span class='ocrx_word' id='word_1_1' title='bbox 390 220 526 275; x_wconf 84' lang='grc'><strong>1081</strong></span> 
     </span>
    </p>
   </div>
   <div class='ocr_carea' id='block_1_2' title="bbox 1606 220 2494 277">
    <p class='ocr_par' dir='ltr' id='par_1_2' title="bbox 1606 220 2494 277">
     <span class='ocr_line' id='line_1_2' title="bbox 1606 220 2494 277; baseline 0 -3"><span class='ocrx_word' id='word_1_2' title='bbox 1606 220 1939 276; x_wconf 72' lang='lat' dir='ltr'><strong>EPISTOL/E</strong></span> <span class='ocrx_word' id='word_1_3' title='bbox 1979 221 2059 276; x_wconf 85' lang='lat' dir='ltr'><strong>ET</strong></span> <span class='ocrx_word' id='word_1_4' title='bbox 2098 221 2494 277; x_wconf 80' lang='lat' dir='ltr'><strong>PRlVlLEGlA.</strong></span> 
     </span>
    </p>
   </div>
   <div class='ocr_carea' id='block_1_3' title="bbox 3579 223 3720 279">
    <p class='ocr_par' dir='ltr' id='par_1_3' title="bbox 3579 223 3720 279">
     <span class='ocr_line' id='line_1_3' title="bbox 3579 223 3720 279; baseline 0.007 -1"><span class='ocrx_word' id='word_1_5' title='bbox 3579 223 3720 279; x_wconf 76' lang='grc'><strong>1082</strong></span> 
     </span>
    </p>
   </div>
   <div class='ocr_carea' id='block_1_4' title="bbox 309 325 3720 422">
    <p class='ocr_par' dir='ltr' id='par_1_4' title="bbox 309 325 3720 422">
     <span class='ocr_line' id='line_1_4' title="bbox 309 325 3720 422; baseline 0.001 -20"><span class='ocrx_word' id='word_1_6' title='bbox 309 325 325 335; x_wconf 57' lang='grc'><em>’</em></span> <span class='ocrx_word' id='word_1_7' title='bbox 388 363 579 402; x_wconf 81' lang='lat' dir='ltr'><strong>mense</strong></span> <span class='ocrx_word' id='word_1_8' title='bbox 608 348 868 422; x_wconf 86' lang='lat' dir='ltr'><strong>J_anuario</strong></span> <span class='ocrx_word' id='word_1_9' title='bbox 898 348 987 402; x_wconf 92' lang='lat' dir='ltr'><strong>die</strong></span> <span class='ocrx_word' id='word_1_10' title='bbox 1044 349 1128 402; x_wconf 84' lang='lat' dir='ltr'><strong>l9.</strong></span> <span class='ocrx_word' id='word_1_11' title='bbox 1162 347 1256 403; x_wconf 86' lang='lat' dir='ltr'><strong>Hic</strong></span> <span class='ocrx_word' id='word_1_12' title='bbox 1314 347 1419 402; x_wconf 87' lang='lat' dir='ltr'><strong>fuit</strong></span> <span class='ocrx_word' id='word_1_13' title='bbox 1465 348 1728 403; x_wconf 87' lang='lat' dir='ltr'><strong>electusv</strong></span> <span class='ocrx_word' id='word_1_14' title='bbox 1759 366 1905 405; x_wconf 88' lang='lat' dir='ltr'><strong>anno</strong></span> <span class='ocrx_word' id='word_1_15' title='bbox 1950 350 2096 422; x_wconf 88' lang='lat' dir='ltr'><strong>regis</strong></span> <span class='ocrx_word' id='word_1_16' title='bbox 2123 349 2356 416; x_wconf 88' lang='lat' dir='ltr'><strong>Ottonis,</strong></span> <span class='ocrx_word' id='word_1_17' title='bbox 2393 350 2505 404; x_wconf 92' lang='lat' dir='ltr'><strong>ind.</strong></span> <span class='ocrx_word' id='word_1_18' title='bbox 2579 351 2771 421; x_wconf 88' lang='lat' dir='ltr'><strong>prima.</strong></span> <span class='ocrx_word' id='word_1_19' title='bbox 2804 349 3048 405; x_wconf 90' lang='lat' dir='ltr'><strong>Domnus</strong></span> <span class='ocrx_word' id='word_1_20' title='bbox 3104 348 3248 404; x_wconf 90' lang='lat' dir='ltr'><strong>sedit</strong></span> <span class='ocrx_word' id='word_1_21' title='bbox 3276 365 3307 403; x_wconf 91' lang='lat' dir='ltr'><strong>a</strong></span> <span class='ocrx_word' id='word_1_22' title='bbox 3336 350 3390 417; x_wconf 80' lang='grc'><strong>1,</strong></span> <span class='ocrx_word' id='word_1_23' title='bbox 3423 365 3498 403; x_wconf 90' lang='lat' dir='ltr'><strong>m.</strong></span> <span class='ocrx_word' id='word_1_24' title='bbox 3524 349 3577 405; x_wconf 91' lang='lat'><strong>6.</strong></span> <span class='ocrx_word' id='word_1_25' title='bbox 3614 350 3720 406; x_wconf 85' lang='lat' dir='ltr'><strong>Iste</strong></span> 
     </span>
    </p>
   </div>
   <div class='ocr_carea' id='block_1_5' title="bbox 389 420 942 493">
    <p class='ocr_par' dir='ltr' id='par_1_5' title="bbox 389 420 942 493">
     <span class='ocr_line' id='line_1_5' title="bbox 389 420 942 493; baseline -0.009 -19"><span class='ocrx_word' id='word_1_26' title='bbox 389 420 759 493; x_wconf 70' lang='lat' dir='ltr'><strong>strangulatus</strong></span> <span class='ocrx_word' id='word_1_27' title='bbox 787 428 888 475; x_wconf 90' lang='lat' dir='ltr'><strong>est.</strong></span> <span class='ocrx_word' id='word_1_28' title='bbox 918 439 942 469; x_wconf 81' lang='grc'>»</span> 
     </span>
    </p>
   </div>
   <div class='ocr_carea' id='block_1_6' title="bbox 1493 492 2597 562">
    <p class='ocr_par' dir='ltr' id='par_1_6' title="bbox 1493 492 2597 562">
     <span class='ocr_line' id='line_1_6' title="bbox 1493 492 2597 562; baseline 0.001 -18"><span class='ocrx_word' id='word_1_29' title='bbox 1493 492 1555 544; x_wconf 90' lang='lat' dir='ltr'><strong>In</strong></span> <span class='ocrx_word' id='word_1_30' title='bbox 1593 492 1711 545; x_wconf 86' lang='lat' dir='ltr'><strong>cod.</strong></span> <span class='ocrx_word' id='word_1_31' title='bbox 1745 493 1869 547; x_wconf 82' lang='lat' dir='ltr'><strong>Vat.</strong></span> <span class='ocrx_word' id='word_1_32' title='bbox 1902 495 2203 562; x_wconf 83' lang='lat' dir='ltr'><strong>ap.Murat.</strong></span> <span class='ocrx_word' id='word_1_33' title='bbox 2228 494 2407 557; x_wconf 70' lang='lat'><strong>111,11,</strong></span> <span class='ocrx_word' id='word_1_34' title='bbox 2449 492 2554 546; x_wconf 73' lang='lat'><strong>332</strong></span> <span class='ocrx_word' id='word_1_35' title='bbox 2585 510 2597 545; x_wconf 90' lang='lat'><strong>:</strong></span> 
     </span>
    </p>
   </div>
   <div class='ocr_carea' id='block_1_7' title="bbox 467 561 3719 633">
    <p class='ocr_par' dir='ltr' id='par_1_7' title="bbox 467 561 3719 633">
     <span class='ocr_line' id='line_1_7' title="bbox 467 561 3719 633; baseline 0.001 -19"><span class='ocrx_word' id='word_1_36' title='bbox 467 583 486 608; x_wconf 72' lang='grc' dir='ltr'>ει</span> <span class='ocrx_word' id='word_1_37' title='bbox 531 561 862 633; x_wconf 76' lang='lat' dir='ltr'><strong>Benedictus</strong></span> <span class='ocrx_word' id='word_1_38' title='bbox 893 561 980 627; x_wconf 77' lang='lat' dir='ltr'><strong>Vl,</strong></span> <span class='ocrx_word' id='word_1_39' title='bbox 1016 561 1238 633; x_wconf 85' lang='lat' dir='ltr'><strong>natione</strong></span> <span class='ocrx_word' id='word_1_40' title='bbox 1272 561 1572 633; x_wconf 83' lang='lat' dir='ltr'><strong>Romanus,</strong></span> <span class='ocrx_word' id='word_1_41' title='bbox 1603 578 1667 616; x_wconf 81' lang='lat' dir='ltr'><strong>ex</strong></span> <span class='ocrx_word' id='word_1_42' title='bbox 1690 572 1846 632; x_wconf 89' lang='lat' dir='ltr'><strong>patre</strong></span> <span class='ocrx_word' id='word_1_43' title='bbox 1876 561 2256 628; x_wconf 89' lang='lat' dir='ltr'><strong>llildibrando,</strong></span> <span class='ocrx_word' id='word_1_44' title='bbox 2282 563 2427 618; x_wconf 84' lang='lat' dir='ltr'><strong>sedit</strong></span> <span class='ocrx_word' id='word_1_45' title='bbox 2456 579 2504 616; x_wconf 89' lang='lat' dir='ltr'><strong>a.</strong></span> <span class='ocrx_word' id='word_1_46' title='bbox 2540 563 2562 616; x_wconf 81' lang='grc'>1</span> <span class='ocrx_word' id='word_1_47' title='bbox 2610 579 2682 616; x_wconf 91' lang='lat' dir='ltr'><strong>m.</strong></span> <span class='ocrx_word' id='word_1_48' title='bbox 2734 563 2786 618; x_wconf 91' lang='lat'><strong>6.</strong></span> <span class='ocrx_word' id='word_1_49' title='bbox 2823 563 2929 616; x_wconf 86' lang='lat' dir='ltr'><strong>Iste</strong></span> <span class='ocrx_word' id='word_1_50' title='bbox 2951 562 3391 632; x_wconf 89' lang='lat' dir='ltr'><strong>comprehensus</strong></span> <span class='ocrx_word' id='word_1_51' title='bbox 3413 569 3496 616; x_wconf 91' lang='lat' dir='ltr'><strong>est</strong></span> <span class='ocrx_word' id='word_1_52' title='bbox 3516 577 3548 616; x_wconf 91' lang='lat' dir='ltr'><strong>a</strong></span> <span class='ocrx_word' id='word_1_53' title='bbox 3574 578 3719 633; x_wconf 85' lang='lat' dir='ltr'><strong>quo-</strong></span> 
     </span>
    </p>
   </div>
   <div class='ocr_carea' id='block_1_8' title="bbox 391 630 3722 712">
    <p class='ocr_par' dir='ltr' id='par_1_8' title="bbox 391 630 3722 712">
     <span class='ocr_line' id='line_1_8' title="bbox 391 630 3722 712; baseline 0.002 -28"><span class='ocrx_word' id='word_1_54' title='bbox 391 630 958 712; x_wconf 38' lang='lat' dir='ltr'><strong>damn-C(resckncio,</strong></span> <span class='ocrx_word' id='word_1_55' title='bbox 1016 632 1318 686; x_wconf 64' lang='lat' dir='ltr'><strong>Theodorie</strong></span> <span class='ocrx_word' id='word_1_56' title='bbox 1367 630 1515 712; x_wconf 67' lang='lat' dir='ltr'><strong>tilio,</strong></span> <span class='ocrx_word' id='word_1_57' title='bbox 1581 641 1649 712; x_wconf 40' lang='lat' dir='ltr'><strong>et.</strong></span> <span class='ocrx_word' id='word_1_58' title='bbox 1675 630 1728 686; x_wconf 85' lang='lat' dir='ltr'><strong>in</strong></span> <span class='ocrx_word' id='word_1_59' title='bbox 1759 634 2045 689; x_wconf 77' lang='lat' dir='ltr'><strong>castellum</strong></span> <span class='ocrx_word' id='word_1_60' title='bbox 2095 635 2149 688; x_wconf 88' lang='lat' dir='ltr'><strong>S.</strong></span> <span class='ocrx_word' id='word_1_61' title='bbox 2178 635 2388 709; x_wconf 83' lang='lat' dir='ltr'><strong>Angelli</strong></span> <span class='ocrx_word' id='word_1_62' title='bbox 2419 642 2664 688; x_wconf 89' lang='lat' dir='ltr'><strong>retrusus</strong></span> <span class='ocrx_word' id='word_1_63' title='bbox 2707 633 2896 704; x_wconf 87' lang='lat' dir='ltr'><strong>ibique</strong></span> <span class='ocrx_word' id='word_1_64' title='bbox 2957 630 3329 704; x_wconf 82' lang='lat' dir='ltr'><strong>strangulatus</strong></span> <span class='ocrx_word' id='word_1_65' title='bbox 3373 640 3456 687; x_wconf 90' lang='lat' dir='ltr'><strong>est</strong></span> <span class='ocrx_word' id='word_1_66' title='bbox 3494 630 3722 705; x_wconf 87' lang='lat' dir='ltr'><strong>propter</strong></span> 
     </span>
    </p>
   </div>
   <div class='ocr_carea' id='block_1_9' title="bbox 388 701 2166 776">
    <p class='ocr_par' dir='ltr' id='par_1_9' title="bbox 388 701 2166 776">
     <span class='ocr_line' id='line_1_9' title="bbox 388 701 2166 776; baseline 0.002 -20"><span class='ocrx_word' id='word_1_67' title='bbox 388 701 724 757; x_wconf 88' lang='lat' dir='ltr'><strong>Bonifacium</strong></span> <span class='ocrx_word' id='word_1_68' title='bbox 761 703 1076 765; x_wconf 89' lang='lat' dir='ltr'><strong>diaconum,</strong></span> <span class='ocrx_word' id='word_1_69' title='bbox 1111 719 1274 774; x_wconf 88' lang='lat' dir='ltr'><strong>quem</strong></span> <span class='ocrx_word' id='word_1_70' title='bbox 1307 703 1575 757; x_wconf 89' lang='lat' dir='ltr'><strong>miserunt</strong></span> <span class='ocrx_word' id='word_1_71' title='bbox 1600 703 1817 760; x_wconf 80' lang='lat' dir='ltr'><strong>vivente</strong></span> <span class='ocrx_word' id='word_1_72' title='bbox 1847 720 1914 759; x_wconf 90' lang='lat' dir='ltr'><strong>eo</strong></span> <span class='ocrx_word' id='word_1_73' title='bbox 1941 722 2084 776; x_wconf 91' lang='lat' dir='ltr'><strong>papa</strong></span> <span class='ocrx_word' id='word_1_74' title='bbox 2116 728 2166 760; x_wconf 72' lang='grc' dir='ltr'><strong>ι).</strong></span> 
     </span>
    </p>
   </div>
   <div class='ocr_carea' id='block_1_10' title="bbox 1356 777 2259 846">
    <p class='ocr_par' dir='ltr' id='par_1_10' title="bbox 1356 777 2259 846">
     <span class='ocr_line' id='line_1_10' title="bbox 1356 777 2259 846; baseline 0.006 -18"><span class='ocrx_word' id='word_1_75' title='bbox 1356 777 1418 828; x_wconf 86' lang='lat' dir='ltr'><strong>In</strong></span> <span class='ocrx_word' id='word_1_76' title='bbox 1445 779 1706 846; x_wconf 27' lang='lat' dir='ltr'><strong>cattpap.</strong></span> <span class='ocrx_word' id='word_1_77' title='bbox 1733 792 1822 845; x_wconf 88' lang='lat' dir='ltr'><strong>ap.</strong></span> <span class='ocrx_word' id='word_1_78' title='bbox 1857 777 2086 831; x_wconf 80' lang='lat' dir='ltr'><strong>Ecca-rd.</strong></span> <span class='ocrx_word' id='word_1_79' title='bbox 2121 778 2259 846; x_wconf 77' lang='lat' dir='ltr'><strong>Corp</strong></span> 
     </span>
    </p>
   </div>
   <div class='ocr_carea' id='block_1_11' title="bbox 2267 773 2741 840">
    <p class='ocr_par' dir='ltr' id='par_1_11' title="bbox 2267 773 2741 840">
     <span class='ocr_line' id='line_1_11' title="bbox 2267 773 2741 840; baseline 0.002 -11"><span class='ocrx_word' id='word_1_80' title='bbox 2267 818 2277 829; x_wconf 94' lang='lat'><strong>.</strong></span> <span class='ocrx_word' id='word_1_81' title='bbox 2313 777 2439 831; x_wconf 80' lang='lat' dir='ltr'><strong>hist.</strong></span> <span class='ocrx_word' id='word_1_82' title='bbox 2483 778 2555 840; x_wconf 89' lang='grc' dir='ltr'><strong><em>ΙΙ,</em></strong></span> <span class='ocrx_word' id='word_1_83' title='bbox 2582 773 2741 830; x_wconf 62' lang='grc'><strong>1640.</strong></span> 
     </span>
    </p>
   </div>
   <div class='ocr_carea' id='block_1_12' title="bbox 461 844 3716 924">
    <p class='ocr_par' dir='ltr' id='par_1_12' title="bbox 461 844 3716 924">
     <span class='ocr_line' id='line_1_12' title="bbox 461 844 3716 924; baseline 0.001 -26"><span class='ocrx_word' id='word_1_84' title='bbox 461 865 484 890; x_wconf 72' lang='grc' dir='ltr'><strong>τι</strong></span> <span class='ocrx_word' id='word_1_85' title='bbox 523 845 806 924; x_wconf 79' lang='lat' dir='ltr'><strong>Johannes</strong></span> <span class='ocrx_word' id='word_1_86' title='bbox 832 844 1262 924; x_wconf 34' lang='lat' dir='ltr'><strong>“Benedictus;</strong></span> <span class='ocrx_word' id='word_1_87' title='bbox 1291 844 1378 924; x_wconf 53' lang='grc' dir='ltr'><strong>γι,</strong></span> <span class='ocrx_word' id='word_1_88' title='bbox 1409 852 1519 924; x_wconf 76' lang='lat' dir='ltr'><strong>nat.</strong></span> <span class='ocrx_word' id='word_1_89' title='bbox 1558 845 1711 900; x_wconf 79' lang='lat' dir='ltr'><strong>Rom.</strong></span> <span class='ocrx_word' id='word_1_90' title='bbox 1767 844 1832 902; x_wconf 75' lang='lat' dir='ltr'><strong>ex</strong></span> <span class='ocrx_word' id='word_1_91' title='bbox 1882 855 2036 924; x_wconf 86' lang='lat' dir='ltr'><strong>patre</strong></span> <span class='ocrx_word' id='word_1_92' title='bbox 2096 844 2488 912; x_wconf 79' lang='lat' dir='ltr'><strong>Hildebrando,</strong></span> <span class='ocrx_word' id='word_1_93' title='bbox 2521 846 2667 902; x_wconf 86' lang='lat' dir='ltr'><strong>sedit</strong></span> <span class='ocrx_word' id='word_1_94' title='bbox 2694 863 2726 900; x_wconf 91' lang='lat' dir='ltr'><strong>a</strong></span> <span class='ocrx_word' id='word_1_95' title='bbox 2770 848 2793 901; x_wconf 84' lang='grc'><strong>1</strong></span> <span class='ocrx_word' id='word_1_96' title='bbox 2829 861 2903 901; x_wconf 92' lang='lat' dir='ltr'><strong>m.</strong></span> <span class='ocrx_word' id='word_1_97' title='bbox 2935 844 2970 901; x_wconf 89' lang='lat'><strong>6</strong></span> <span class='ocrx_word' id='word_1_98' title='bbox 2995 852 3050 900; x_wconf 92' lang='lat' dir='ltr'><strong>et</strong></span> <span class='ocrx_word' id='word_1_99' title='bbox 3079 845 3150 900; x_wconf 92' lang='lat' dir='ltr'><strong>de</strong></span> <span class='ocrx_word' id='word_1_100' title='bbox 3199 844 3431 901; x_wconf 91' lang='lat' dir='ltr'><strong>consilio</strong></span> <span class='ocrx_word' id='word_1_101' title='bbox 3463 844 3716 903; x_wconf 83' lang='lat' dir='ltr'><strong>Malifacii</strong></span> 
     </span>
    </p>
   </div>
   <div class='ocr_carea' id='block_1_13' title="bbox 381 913 1578 989">
    <p class='ocr_par' dir='ltr' id='par_1_13' title="bbox 381 913 1578 989">
     <span class='ocr_line' id='line_1_13' title="bbox 381 913 1578 989; baseline 0 -19"><span class='ocrx_word' id='word_1_102' title='bbox 381 916 750 989; x_wconf 67' lang='lat' dir='ltr'><strong>strangulatus</strong></span> <span class='ocrx_word' id='word_1_103' title='bbox 772 927 859 989; x_wconf 80' lang='lat' dir='ltr'><strong>est</strong></span> <span class='ocrx_word' id='word_1_104' title='bbox 891 916 945 969; x_wconf 91' lang='lat' dir='ltr'><strong>in</strong></span> <span class='ocrx_word' id='word_1_105' title='bbox 973 916 1200 989; x_wconf 80' lang='lat' dir='ltr'><strong>castello</strong></span> <span class='ocrx_word' id='word_1_106' title='bbox 1218 913 1285 989; x_wconf 16' lang='lat' dir='ltr'><strong>AS.</strong></span> <span class='ocrx_word' id='word_1_107' title='bbox 1311 916 1500 989; x_wconf 68' lang='lat' dir='ltr'><strong>Angeli</strong></span> <span class='ocrx_word' id='word_1_108' title='bbox 1531 937 1578 970; x_wconf 74' lang='lat' dir='ltr'><strong>o.</strong></span> 
     </span>
    </p>
   </div>
   <div class='ocr_carea' id='block_1_14' title="bbox 465 985 3716 1059">
    <p class='ocr_par' dir='ltr' id='par_1_14' title="bbox 465 985 3716 1059">
     <span class='ocr_line' id='line_1_14' title="bbox 465 985 3716 1059; baseline 0.001 -20"><span class='ocrx_word' id='word_1_109' title='bbox 465 985 739 1059; x_wconf 60' lang='lat' dir='ltr'><strong>Ex&#39;tribus</strong></span> <span class='ocrx_word' id='word_1_110' title='bbox 770 985 934 1059; x_wconf 81' lang='lat' dir='ltr'><strong>igitur</strong></span> <span class='ocrx_word' id='word_1_111' title='bbox 956 987 1060 1059; x_wconf 1' lang='lat' dir='ltr'><strong>phis</strong></span> <span class='ocrx_word' id='word_1_112' title='bbox 1090 987 1377 1059; x_wconf 79' lang='lat' dir='ltr'><strong>catologis,</strong></span> <span class='ocrx_word' id='word_1_113' title='bbox 1398 985 1550 1057; x_wconf 57' lang='lat' dir='ltr'><strong>&#39;quos</strong></span> <span class='ocrx_word' id='word_1_114' title='bbox 1579 1004 1610 1059; x_wconf 87' lang='lat' dir='ltr'><strong>a</strong></span> <span class='ocrx_word' id='word_1_115' title='bbox 1641 989 1920 1042; x_wconf 86' lang='lat' dir='ltr'><strong>communi</strong></span> <span class='ocrx_word' id='word_1_116' title='bbox 1977 1005 2233 1043; x_wconf 90' lang='lat' dir='ltr'><strong>manasse</strong></span> <span class='ocrx_word' id='word_1_117' title='bbox 2282 987 2430 1044; x_wconf 88' lang='lat' dir='ltr'><strong>fonte</strong></span> <span class='ocrx_word' id='word_1_118' title='bbox 2484 987 2832 1042; x_wconf 90' lang='lat' dir='ltr'><strong>manifestum</strong></span> <span class='ocrx_word' id='word_1_119' title='bbox 2890 995 2996 1059; x_wconf 80' lang='lat' dir='ltr'><strong>est,</strong></span> <span class='ocrx_word' id='word_1_120' title='bbox 3051 1003 3195 1042; x_wconf 92' lang='lat' dir='ltr'><strong>unus</strong></span> <span class='ocrx_word' id='word_1_121' title='bbox 3226 988 3348 1042; x_wconf 91' lang='lat' dir='ltr'><strong>cod.</strong></span> <span class='ocrx_word' id='word_1_122' title='bbox 3384 987 3490 1041; x_wconf 90' lang='lat' dir='ltr'><strong>Est.</strong></span> <span class='ocrx_word' id='word_1_123' title='bbox 3523 1004 3716 1043; x_wconf 88' lang='lat' dir='ltr'><strong>vocem</strong></span> 
     </span>
    </p>
   </div>
   <div class='ocr_carea' id='block_1_15' title="bbox 386 1057 3716 1133">
    <p class='ocr_par' dir='ltr' id='par_1_15' title="bbox 386 1057 3716 1133">
     <span class='ocr_line' id='line_1_15' title="bbox 386 1057 3716 1133; baseline 0.001 -21"><span class='ocrx_word' id='word_1_124' title='bbox 386 1078 414 1106; x_wconf 75' lang='grc' dir='ltr'><strong>α</strong></span> <span class='ocrx_word' id='word_1_125' title='bbox 455 1057 720 1133; x_wconf 79' lang='lat' dir='ltr'><strong>Dominus</strong></span> <span class='ocrx_word' id='word_1_126' title='bbox 763 1057 1385 1133; x_wconf 46' lang='lat' dir='ltr'><strong>{continetﬁuaivero</strong></span> <span class='ocrx_word' id='word_1_127' title='bbox 1413 1074 1540 1133; x_wconf 69' lang='lat' dir='ltr'><strong>cum</strong></span> <span class='ocrx_word' id='word_1_128' title='bbox 1583 1058 1637 1112; x_wconf 92' lang='lat' dir='ltr'><strong>in</strong></span> <span class='ocrx_word' id='word_1_129' title='bbox 1669 1060 1939 1133; x_wconf 78' lang='lat' dir='ltr'><strong>catalogis</strong></span> <span class='ocrx_word' id='word_1_130' title='bbox 2000 1061 2110 1114; x_wconf 88' lang='lat' dir='ltr'><strong>illis</strong></span> <span class='ocrx_word' id='word_1_131' title='bbox 2140 1076 2238 1133; x_wconf 89' lang='lat' dir='ltr'><strong>pro</strong></span> <span class='ocrx_word' id='word_1_132' title='bbox 2270 1076 2452 1133; x_wconf 65' lang='lat' dir='ltr'><strong>«papa</strong></span> <span class='ocrx_word' id='word_1_133' title='bbox 2481 1082 2501 1109; x_wconf 73' lang='grc' dir='ltr'><strong><em>ι</em></strong></span> <span class='ocrx_word' id='word_1_134' title='bbox 2553 1060 2695 1133; x_wconf 79' lang='lat' dir='ltr'><strong>haud</strong></span> <span class='ocrx_word' id='word_1_135' title='bbox 2748 1073 2871 1113; x_wconf 91' lang='lat' dir='ltr'><strong>raro</strong></span> <span class='ocrx_word' id='word_1_136' title='bbox 2898 1058 3217 1133; x_wconf 81' lang='lat' dir='ltr'><strong>collocetur,</strong></span> <span class='ocrx_word' id='word_1_137' title='bbox 3244 1074 3422 1133; x_wconf 78' lang='lat' dir='ltr'><strong>neque</strong></span> <span class='ocrx_word' id='word_1_138' title='bbox 3464 1059 3568 1114; x_wconf 93' lang='lat' dir='ltr'><strong>hoc</strong></span> <span class='ocrx_word' id='word_1_139' title='bbox 3593 1060 3716 1133; x_wconf 84' lang='lat' dir='ltr'><strong>loco</strong></span> 
     </span>
    </p>
   </div>
   <div class='ocr_carea' id='block_1_16' title="bbox 391 1127 3720 1201">
    <p class='ocr_par' dir='ltr' id='par_1_16' title="bbox 391 1127 3720 1201">
     <span class='ocr_line' id='line_1_16' title="bbox 391 1127 3720 1201; baseline 0.002 -21"><span class='ocrx_word' id='word_1_140' title='bbox 391 1127 578 1201; x_wconf 84' lang='lat' dir='ltr'><strong>referri</strong></span> <span class='ocrx_word' id='word_1_141' title='bbox 600 1128 814 1201; x_wconf 78' lang='lat' dir='ltr'><strong>nisiad</strong></span> <span class='ocrx_word' id='word_1_142' title='bbox 848 1129 1028 1198; x_wconf 82' lang='lat' dir='ltr'><strong>ipsum</strong></span> <span class='ocrx_word' id='word_1_143' title='bbox 1063 1129 1418 1201; x_wconf 78' lang='lat' dir='ltr'><strong>Benedictum</strong></span> <span class='ocrx_word' id='word_1_144' title='bbox 1454 1128 1516 1183; x_wconf 83' lang='lat' dir='ltr'><strong>Vl</strong></span> <span class='ocrx_word' id='word_1_145' title='bbox 1541 1200 1549 1201; x_wconf 16' lang='grc' dir='ltr'>ί</span> <span class='ocrx_word' id='word_1_146' title='bbox 1577 1138 1765 1200; x_wconf 85' lang='lat' dir='ltr'><strong>queat,</strong></span> <span class='ocrx_word' id='word_1_147' title='bbox 1797 1127 1977 1201; x_wconf 77' lang='lat' dir='ltr'><strong>quivis</strong></span> <span class='ocrx_word' id='word_1_148' title='bbox 2008 1127 2277 1186; x_wconf 81' lang='lat' dir='ltr'><strong>concedet</strong></span> <span class='ocrx_word' id='word_1_149' title='bbox 2305 1127 2514 1197; x_wconf 55' lang='lat' dir='ltr'><strong>&#39;facile,</strong></span> <span class='ocrx_word' id='word_1_150' title='bbox 2562 1130 2700 1185; x_wconf 87' lang='lat' dir='ltr'><strong>falsa</strong></span> <span class='ocrx_word' id='word_1_151' title='bbox 2749 1129 3229 1201; x_wconf 86' lang='lat' dir='ltr'><strong>transcribentium</strong></span> <span class='ocrx_word' id='word_1_152' title='bbox 3265 1127 3720 1201; x_wconf 79' lang='lat' dir='ltr'><strong>interpretatione</strong></span> 
     </span>
    </p>
   </div>
   <div class='ocr_carea' id='block_1_17' title="bbox 385 1198 3714 1274">
    <p class='ocr_par' dir='ltr' id='par_1_17' title="bbox 385 1198 3714 1274">
     <span class='ocr_line' id='line_1_17' title="bbox 385 1198 3714 1274; baseline 0.002 -23"><span class='ocrx_word' id='word_1_153' title='bbox 385 1199 650 1274; x_wconf 86' lang='lat' dir='ltr'><strong>Domnum</strong></span> <span class='ocrx_word' id='word_1_154' title='bbox 677 1198 826 1252; x_wconf 89' lang='lat' dir='ltr'><strong>illum</strong></span> <span class='ocrx_word' id='word_1_155' title='bbox 849 1214 958 1274; x_wconf 85' lang='lat' dir='ltr'><strong>una</strong></span> <span class='ocrx_word' id='word_1_156' title='bbox 978 1215 1100 1274; x_wconf 86' lang='lat' dir='ltr'><strong>cum</strong></span> <span class='ocrx_word' id='word_1_157' title='bbox 1119 1200 1402 1274; x_wconf 87' lang='lat' dir='ltr'><strong>tantodem</strong></span> <span class='ocrx_word' id='word_1_158' title='bbox 1425 1200 1552 1253; x_wconf 89' lang='lat' dir='ltr'><strong>anni</strong></span> <span class='ocrx_word' id='word_1_159' title='bbox 1586 1198 1609 1254; x_wconf 72' lang='lat' dir='ltr'><strong>i</strong></span> <span class='ocrx_word' id='word_1_160' title='bbox 1647 1198 2033 1274; x_wconf 40' lang='lat' dir='ltr'><strong>mensi—umque</strong></span> <span class='ocrx_word' id='word_1_161' title='bbox 2071 1204 2104 1256; x_wconf 92' lang='lat'>6</span> <span class='ocrx_word' id='word_1_162' title='bbox 2127 1201 2478 1273; x_wconf 83' lang='lat' dir='ltr'><strong>pontificatu,</strong></span> <span class='ocrx_word' id='word_1_163' title='bbox 2519 1207 2784 1274; x_wconf 89' lang='lat' dir='ltr'><strong>quantum</strong></span> <span class='ocrx_word' id='word_1_164' title='bbox 2819 1200 2986 1255; x_wconf 87' lang='lat' dir='ltr'><strong>fuisse</strong></span> <span class='ocrx_word' id='word_1_165' title='bbox 3011 1201 3289 1256; x_wconf 86' lang='lat' dir='ltr'><strong>Benedicti</strong></span> <span class='ocrx_word' id='word_1_166' title='bbox 3321 1200 3384 1254; x_wconf 89' lang='lat' dir='ltr'><strong>Vl</strong></span> <span class='ocrx_word' id='word_1_167' title='bbox 3406 1198 3631 1268; x_wconf 71' lang='lat' dir='ltr'><strong>Scimus,</strong></span> <span class='ocrx_word' id='word_1_168' title='bbox 3659 1201 3714 1256; x_wconf 90' lang='lat' dir='ltr'><strong>in</strong></span> 
     </span>
    </p>
   </div>
   <div class='ocr_carea' id='block_1_18' title="bbox 382 1270 1366 1344">
    <p class='ocr_par' dir='ltr' id='par_1_18' title="bbox 382 1270 1366 1344">
     <span class='ocr_line' id='line_1_18' title="bbox 382 1270 1366 1344; baseline 0.001 -21"><span class='ocrx_word' id='word_1_169' title='bbox 382 1270 714 1339; x_wconf 85' lang='lat' dir='ltr'><strong>posteriores</strong></span> <span class='ocrx_word' id='word_1_170' title='bbox 743 1270 1022 1344; x_wconf 80' lang='lat' dir='ltr'><strong>cataIOgos</strong></span> <span class='ocrx_word' id='word_1_171' title='bbox 1052 1271 1366 1341; x_wconf 90' lang='lat' dir='ltr'><strong>irrepsisse.</strong></span> 
     </span>
    </p>
   </div>
   <div class='ocr_carea' id='block_1_19' title="bbox 968 1582 3122 1724">
    <p class='ocr_par' dir='ltr' id='par_1_19' title="bbox 968 1582 3122 1724">
     <span class='ocr_line' id='line_1_19' title="bbox 968 1582 3122 1724; baseline 0.004 -8"><span class='ocrx_word' id='word_1_172' title='bbox 968 1582 2091 1722; x_wconf 80' lang='lat' dir='ltr'><strong>BENEDICTI</strong></span> <span class='ocrx_word' id='word_1_173' title='bbox 2204 1585 2409 1720; x_wconf 90' lang='lat' dir='ltr'><strong>VI</strong></span> <span class='ocrx_word' id='word_1_174' title='bbox 2544 1586 3122 1724; x_wconf 65' lang='lat' dir='ltr'><strong>PAPfE</strong></span> 
     </span>
    </p>
   </div>
   <div class='ocr_carea' id='block_1_20' title="bbox 1351 1812 2738 1898">
    <p class='ocr_par' dir='ltr' id='par_1_20' title="bbox 1351 1812 2738 1898">
     <span class='ocr_line' id='line_1_20' title="bbox 1351 1812 2738 1898; baseline 0.001 -4"><span class='ocrx_word' id='word_1_175' title='bbox 1351 1812 1898 1896; x_wconf 43' lang='lat' dir='ltr'><strong>EPISTOL/E‘</strong></span> <span class='ocrx_word' id='word_1_176' title='bbox 1941 1813 2065 1895; x_wconf 92' lang='grc' dir='ltr'>ΕΤ</span> <span class='ocrx_word' id='word_1_177' title='bbox 2138 1813 2738 1898; x_wconf 84' lang='lat' dir='ltr'><strong>PRIVILEGIA.</strong></span> 
     </span>
    </p>
   </div>
   <div class='ocr_carea' id='block_1_21' title="bbox 372 2232 1998 2302">
    <p class='ocr_par' dir='ltr' id='par_1_21' title="bbox 372 2232 1998 2302">
     <span class='ocr_line' id='line_1_21' title="bbox 372 2232 1998 2302; baseline 0 -14"><span class='ocrx_word' id='word_1_178' title='bbox 372 2232 647 2288; x_wconf 86' lang='lat' dir='ltr'><strong>Benedicti</strong></span> <span class='ocrx_word' id='word_1_179' title='bbox 678 2247 839 2301; x_wconf 72' lang='lat' dir='ltr'><strong>papa:</strong></span> <span class='ocrx_word' id='word_1_180' title='bbox 869 2234 944 2287; x_wconf 82' lang='lat' dir='ltr'><strong>VI</strong></span> <span class='ocrx_word' id='word_1_181' title='bbox 970 2234 1197 2302; x_wconf 83' lang='lat' dir='ltr'><strong>cpistola</strong></span> <span class='ocrx_word' id='word_1_182' title='bbox 1225 2233 1299 2288; x_wconf 82' lang='lat' dir='ltr'><strong>ad</strong></span> <span class='ocrx_word' id='word_1_183' title='bbox 1327 2234 1675 2288; x_wconf 83' lang='lat' dir='ltr'><strong>Fredericum</strong></span> <span class='ocrx_word' id='word_1_184' title='bbox 1719 2235 1998 2289; x_wconf 77' lang='lat' dir='ltr'><strong>Salisbur-</strong></span> 
     </span>
    </p>
   </div>
   <div class='ocr_carea' id='block_1_22' title="bbox 447 2306 1999 2374">
    <p class='ocr_par' dir='ltr' id='par_1_22' title="bbox 447 2306 1999 2374">
     <span class='ocr_line' id='line_1_22' title="bbox 447 2306 1999 2374; baseline 0.006 -18"><span class='ocrx_word' id='word_1_185' title='bbox 447 2319 654 2369; x_wconf 86' lang='lat' dir='ltr'><strong>gensem</strong></span> <span class='ocrx_word' id='word_1_186' title='bbox 706 2307 1010 2373; x_wconf 79' lang='lat' dir='ltr'><strong>episcopum</strong></span> <span class='ocrx_word' id='word_1_187' title='bbox 1060 2309 1110 2358; x_wconf 88' lang='lat' dir='ltr'><strong>et</strong></span> <span class='ocrx_word' id='word_1_188' title='bbox 1171 2306 1288 2374; x_wconf 88' lang='lat' dir='ltr'><strong>ejus</strong></span> <span class='ocrx_word' id='word_1_189' title='bbox 1333 2307 1825 2373; x_wconf 79' lang='lat' dir='ltr'><strong>comprovinciales.</strong></span> <span class='ocrx_word' id='word_1_190' title='bbox 1885 2308 1999 2374; x_wconf 91' lang='lat' dir='ltr'><strong>Ipsi</strong></span> 
     </span>
    </p>
   </div>
   <div class='ocr_carea' id='block_1_23' title="bbox 447 2375 1995 2445">
    <p class='ocr_par' dir='ltr' id='par_1_23' title="bbox 447 2375 1995 2445">
     <span class='ocr_line' id='line_1_23' title="bbox 447 2375 1995 2445; baseline 0.007 -19"><span class='ocrx_word' id='word_1_191' title='bbox 447 2375 672 2443; x_wconf 85' lang='lat' dir='ltr'><strong>ejusque</strong></span> <span class='ocrx_word' id='word_1_192' title='bbox 700 2377 1098 2430; x_wconf 77' lang='lat' dir='ltr'><strong>successoribus</strong></span> <span class='ocrx_word' id='word_1_193' title='bbox 1143 2379 1283 2431; x_wconf 67' lang='lat' dir='ltr'><strong>vices</strong></span> <span class='ocrx_word' id='word_1_194' title='bbox 1314 2376 1636 2445; x_wconf 74' lang='lat' dir='ltr'><strong>apostolicus</strong></span> <span class='ocrx_word' id='word_1_195' title='bbox 1684 2380 1742 2431; x_wconf 83' lang='lat' dir='ltr'><strong>in</strong></span> <span class='ocrx_word' id='word_1_196' title='bbox 1798 2380 1995 2436; x_wconf 76' lang='lat' dir='ltr'><strong>Norica</strong></span> 
     </span>
    </p>
   </div>
   <div class='ocr_carea' id='block_1_24' title="bbox 448 2447 1109 2500">
    <p class='ocr_par' dir='ltr' id='par_1_24' title="bbox 448 2447 1109 2500">
     <span class='ocr_line' id='line_1_24' title="bbox 448 2447 1109 2500; baseline 0.002 -1"><span class='ocrx_word' id='word_1_197' title='bbox 448 2449 496 2499; x_wconf 88' lang='lat' dir='ltr'><strong>et</strong></span> <span class='ocrx_word' id='word_1_198' title='bbox 534 2447 815 2500; x_wconf 84' lang='lat' dir='ltr'><strong>Pannonia</strong></span> <span class='ocrx_word' id='word_1_199' title='bbox 846 2447 1109 2500; x_wconf 87' lang='lat' dir='ltr'><strong>concedit.</strong></span> 
     </span>
    </p>
   </div>
   <div class='ocr_carea' id='block_1_25' title="bbox 1008 2533 1364 2606">
    <p class='ocr_par' dir='ltr' id='par_1_25' title="bbox 1008 2533 1364 2606">
     <span class='ocr_line' id='line_1_25' title="bbox 1008 2533 1364 2606; baseline 0.003 -18"><span class='ocrx_word' id='word_1_200' title='bbox 1008 2536 1188 2606; x_wconf 87' lang='lat' dir='ltr'><strong>(Anno</strong></span> <span class='ocrx_word' id='word_1_201' title='bbox 1219 2533 1364 2602; x_wconf 86' lang='lat'><strong>973.)</strong></span> 
     </span>
    </p>
   </div>
   <div class='ocr_carea' id='block_1_26' title="bbox 794 2622 1555 2697">
    <p class='ocr_par' dir='ltr' id='par_1_26' title="bbox 794 2622 1555 2697">
     <span class='ocr_line' id='line_1_26' title="bbox 794 2622 1555 2697; baseline 0.005 -21"><span class='ocrx_word' id='word_1_202' title='bbox 794 2622 1006 2693; x_wconf 50' lang='lat' dir='ltr'><strong>[arma</strong></span> <span class='ocrx_word' id='word_1_203' title='bbox 1050 2623 1249 2680; x_wconf 82' lang='lat' dir='ltr'><strong>Concit.</strong></span> <span class='ocrx_word' id='word_1_204' title='bbox 1283 2625 1414 2686; x_wconf 83' lang='lat' dir='ltr'><strong>XIX,</strong></span> <span class='ocrx_word' id='word_1_205' title='bbox 1446 2626 1555 2697; x_wconf 91' lang='lat'><strong>38.]</strong></span> 
     </span>
    </p>
   </div>
   <div class='ocr_carea' id='block_1_27' title="bbox 451 2714 1992 2792">
    <p class='ocr_par' dir='ltr' id='par_1_27' title="bbox 451 2714 1992 2792">
     <span class='ocr_line' id='line_1_27' title="bbox 451 2714 1992 2792; baseline 0.006 -26"><span class='ocrx_word' id='word_1_206' title='bbox 451 2714 806 2778; x_wconf 74' lang='lat' dir='ltr'><strong>BENEDICTUS,</strong></span> <span class='ocrx_word' id='word_1_207' title='bbox 837 2714 1024 2769; x_wconf 91' lang='lat' dir='ltr'><strong>divina</strong></span> <span class='ocrx_word' id='word_1_208' title='bbox 1054 2714 1270 2771; x_wconf 83' lang='lat' dir='ltr'><strong>favente</strong></span> <span class='ocrx_word' id='word_1_209' title='bbox 1303 2717 1474 2788; x_wconf 86' lang='lat' dir='ltr'><strong>gratis</strong></span> <span class='ocrx_word' id='word_1_210' title='bbox 1503 2724 1666 2789; x_wconf 90' lang='lat' dir='ltr'><strong>atque</strong></span> <span class='ocrx_word' id='word_1_211' title='bbox 1698 2720 1866 2774; x_wconf 88' lang='lat' dir='ltr'><strong>totius</strong></span> <span class='ocrx_word' id='word_1_212' title='bbox 1891 2738 1992 2792; x_wconf 89' lang='lat' dir='ltr'><strong>po-</strong></span> 
     </span>
    </p>
   </div>
   <div class='ocr_carea' id='block_1_28' title="bbox 378 2805 1991 2879">
    <p class='ocr_par' dir='ltr' id='par_1_28' title="bbox 378 2805 1991 2879">
     <span class='ocr_line' id='line_1_28' title="bbox 378 2805 1991 2879; baseline 0.006 -22"><span class='ocrx_word' id='word_1_213' title='bbox 378 2805 492 2874; x_wconf 86' lang='lat' dir='ltr'><strong>puli</strong></span> <span class='ocrx_word' id='word_1_214' title='bbox 535 2805 761 2860; x_wconf 79' lang='lat' dir='ltr'><strong>Romani</strong></span> <span class='ocrx_word' id='word_1_215' title='bbox 789 2806 1061 2861; x_wconf 91' lang='lat' dir='ltr'><strong>electione</strong></span> <span class='ocrx_word' id='word_1_216' title='bbox 1093 2809 1449 2879; x_wconf 88' lang='lat' dir='ltr'><strong>apostolicus,</strong></span> <span class='ocrx_word' id='word_1_217' title='bbox 1485 2811 1772 2865; x_wconf 78' lang='lat' dir='ltr'><strong>Fninnmco</strong></span> <span class='ocrx_word' id='word_1_218' title='bbox 1821 2813 1991 2867; x_wconf 85' lang='lat' dir='ltr'><strong>Salis-</strong></span> 
     </span>
    </p>
   </div>
   <div class='ocr_carea' id='block_1_29' title="bbox 376 2893 1991 2966">
    <p class='ocr_par' dir='ltr' id='par_1_29' title="bbox 376 2893 1991 2966">
     <span class='ocr_line' id='line_1_29' title="bbox 376 2893 1991 2966; baseline 0.007 -21"><span class='ocrx_word' id='word_1_219' title='bbox 376 2893 670 2966; x_wconf 83' lang='lat' dir='ltr'><strong>burgensis</strong></span> <span class='ocrx_word' id='word_1_220' title='bbox 736 2894 992 2950; x_wconf 73' lang='lat' dir='ltr'><strong>Ecclesiae</strong></span> <span class='ocrx_word' id='word_1_221' title='bbox 1046 2897 1445 2966; x_wconf 71' lang='lat' dir='ltr'><strong>archipraasuli,</strong></span> <span class='ocrx_word' id='word_1_222' title='bbox 1512 2915 1622 2954; x_wconf 89' lang='lat' dir='ltr'><strong>una</strong></span> <span class='ocrx_word' id='word_1_223' title='bbox 1688 2916 1812 2954; x_wconf 91' lang='lat' dir='ltr'><strong>cum</strong></span> <span class='ocrx_word' id='word_1_224' title='bbox 1873 2903 1991 2958; x_wconf 91' lang='lat' dir='ltr'><strong>suis</strong></span> 
     </span>
    </p>
   </div>
   <div class='ocr_carea' id='block_1_30' title="bbox 378 2981 1992 3062">
    <p class='ocr_par' dir='ltr' id='par_1_30' title="bbox 378 2981 1992 3062">
     <span class='ocr_line' id='line_1_30' title="bbox 378 2981 1992 3062; baseline 0.007 -27"><span class='ocrx_word' id='word_1_225' title='bbox 378 2981 652 3048; x_wconf 78' lang='lat' dir='ltr'><strong>fratribus,</strong></span> <span class='ocrx_word' id='word_1_226' title='bbox 715 2983 973 3039; x_wconf 83' lang='lat' dir='ltr'><strong>videlicet</strong></span> <span class='ocrx_word' id='word_1_227' title='bbox 1044 2985 1250 3040; x_wconf 70' lang='lat' dir='ltr'><strong>Noricze</strong></span> <span class='ocrx_word' id='word_1_228' title='bbox 1330 2987 1627 3058; x_wconf 70' lang='lat' dir='ltr'><strong>provincia:</strong></span> <span class='ocrx_word' id='word_1_229' title='bbox 1690 2991 1992 3062; x_wconf 89' lang='lat' dir='ltr'><strong>episc0pis,</strong></span> 
     </span>
    </p>
   </div>
   <div class='ocr_carea' id='block_1_31' title="bbox 381 3073 1362 3134">
    <p class='ocr_par' dir='ltr' id='par_1_31' title="bbox 381 3073 1362 3134">
     <span class='ocr_line' id='line_1_31' title="bbox 381 3073 1362 3134; baseline 0.008 -8"><span class='ocrx_word' id='word_1_230' title='bbox 381 3088 692 3127; x_wconf 85' lang='lat' dir='ltr'><strong>mansuram</strong></span> <span class='ocrx_word' id='word_1_231' title='bbox 716 3073 772 3126; x_wconf 92' lang='lat' dir='ltr'><strong>in</strong></span> <span class='ocrx_word' id='word_1_232' title='bbox 789 3073 1000 3130; x_wconf 88' lang='lat' dir='ltr'><strong>Christo</strong></span> <span class='ocrx_word' id='word_1_233' title='bbox 1023 3075 1362 3134; x_wconf 78' lang='lat' dir='ltr'><strong>felicitatem.</strong></span> 
     </span>
    </p>
   </div>
   <div class='ocr_carea' id='block_1_32' title="bbox 452 3161 1996 3240">
    <p class='ocr_par' dir='ltr' id='par_1_32' title="bbox 452 3161 1996 3240">
     <span class='ocr_line' id='line_1_32' title="bbox 452 3161 1996 3240; baseline 0.008 -26"><span class='ocrx_word' id='word_1_234' title='bbox 452 3161 792 3232; x_wconf 84' lang='lat' dir='ltr'><strong>ProtOplasto</strong></span> <span class='ocrx_word' id='word_1_235' title='bbox 849 3165 1076 3234; x_wconf 76' lang='lat' dir='ltr'><strong>generis</strong></span> <span class='ocrx_word' id='word_1_236' title='bbox 1141 3165 1370 3222; x_wconf 80' lang='lat' dir='ltr'><strong>humani</strong></span> <span class='ocrx_word' id='word_1_237' title='bbox 1427 3174 1593 3240; x_wconf 90' lang='lat' dir='ltr'><strong>atque</strong></span> <span class='ocrx_word' id='word_1_238' title='bbox 1633 3170 1754 3239; x_wconf 90' lang='lat' dir='ltr'><strong>ejus</strong></span> <span class='ocrx_word' id='word_1_239' title='bbox 1781 3171 1996 3227; x_wconf 90' lang='lat' dir='ltr'><strong>semine</strong></span> 
     </span>
    </p>
   </div>
   <div class='ocr_carea' id='block_1_33' title="bbox 379 3249 1999 3327">
    <p class='ocr_par' dir='ltr' id='par_1_33' title="bbox 379 3249 1999 3327">
     <span class='ocr_line' id='line_1_33' title="bbox 379 3249 1999 3327; baseline 0.006 -21"><span class='ocrx_word' id='word_1_240' title='bbox 379 3249 700 3319; x_wconf 88' lang='lat' dir='ltr'><strong>serpentina</strong></span> <span class='ocrx_word' id='word_1_241' title='bbox 715 3252 972 3306; x_wconf 86' lang='lat' dir='ltr'><strong>suasione</strong></span> <span class='ocrx_word' id='word_1_242' title='bbox 1004 3252 1059 3306; x_wconf 94' lang='lat' dir='ltr'><strong>in</strong></span> <span class='ocrx_word' id='word_1_243' title='bbox 1091 3255 1312 3327; x_wconf 87' lang='lat' dir='ltr'><strong>gemina</strong></span> <span class='ocrx_word' id='word_1_244' title='bbox 1334 3256 1568 3312; x_wconf 84' lang='lat' dir='ltr'><strong>cadente</strong></span> <span class='ocrx_word' id='word_1_245' title='bbox 1601 3261 1999 3326; x_wconf 87' lang='lat' dir='ltr'><strong>morte,multas</strong></span> 
     </span>
    </p>
   </div>
   <div class='ocr_carea' id='block_1_34' title="bbox 384 3339 2003 3405">
    <p class='ocr_par' dir='ltr' id='par_1_34' title="bbox 384 3339 2003 3405">
     <span class='ocr_line' id='line_1_34' title="bbox 384 3339 2003 3405; baseline 0.008 -13"><span class='ocrx_word' id='word_1_246' title='bbox 384 3340 526 3392; x_wconf 90' lang='lat' dir='ltr'><strong>Deus</strong></span> <span class='ocrx_word' id='word_1_247' title='bbox 553 3339 934 3394; x_wconf 86' lang='lat' dir='ltr'><strong>misericordia</strong></span> <span class='ocrx_word' id='word_1_248' title='bbox 990 3341 1188 3397; x_wconf 89' lang='lat' dir='ltr'><strong>ductus</strong></span> <span class='ocrx_word' id='word_1_249' title='bbox 1246 3345 1553 3400; x_wconf 90' lang='lat' dir='ltr'><strong>medicinas</strong></span> <span class='ocrx_word' id='word_1_250' title='bbox 1585 3347 1738 3402; x_wconf 91' lang='lat' dir='ltr'><strong>misit</strong></span> <span class='ocrx_word' id='word_1_251' title='bbox 1769 3348 1824 3403; x_wconf 91' lang='lat' dir='ltr'><strong>in</strong></span> <span class='ocrx_word' id='word_1_252' title='bbox 1857 3349 2003 3405; x_wconf 90' lang='lat' dir='ltr'><strong>hunc</strong></span> 
     </span>
    </p>
   </div>
   <div class='ocr_carea' id='block_1_35' title="bbox 387 3432 2000 3510">
    <p class='ocr_par' dir='ltr' id='par_1_35' title="bbox 387 3432 2000 3510">
     <span class='ocr_line' id='line_1_35' title="bbox 387 3432 2000 3510; baseline 0.007 -26"><span class='ocrx_word' id='word_1_253' title='bbox 387 3432 675 3497; x_wconf 87' lang='lat' dir='ltr'><strong>mundum,</strong></span> <span class='ocrx_word' id='word_1_254' title='bbox 709 3433 1049 3502; x_wconf 88' lang='lat' dir='ltr'><strong>patriarchas</strong></span> <span class='ocrx_word' id='word_1_255' title='bbox 1073 3434 1285 3490; x_wconf 88' lang='lat' dir='ltr'><strong>scilicet</strong></span> <span class='ocrx_word' id='word_1_256' title='bbox 1301 3436 1502 3505; x_wconf 89' lang='lat' dir='ltr'><strong>justos,</strong></span> <span class='ocrx_word' id='word_1_257' title='bbox 1533 3440 1830 3510; x_wconf 85' lang='lat' dir='ltr'><strong>prophetas</strong></span> <span class='ocrx_word' id='word_1_258' title='bbox 1859 3441 2000 3496; x_wconf 89' lang='lat' dir='ltr'><strong>veri-</strong></span> 
     </span>
    </p>
   </div>
   <div class='ocr_carea' id='block_1_36' title="bbox 2022 2136 3643 2213">
    <p class='ocr_par' dir='ltr' id='par_1_36' title="bbox 2022 2136 3643 2213">
     <span class='ocr_line' id='line_1_36' title="bbox 2022 2136 3643 2213; baseline -0.004 -18"><span class='ocrx_word' id='word_1_259' title='bbox 2022 2148 2066 2213; x_wconf 79' lang='grc' dir='ltr'><strong>Α</strong></span> <span class='ocrx_word' id='word_1_260' title='bbox 2102 2140 2342 2206; x_wconf 87' lang='lat' dir='ltr'><strong>ﬁrmare,</strong></span> <span class='ocrx_word' id='word_1_261' title='bbox 2358 2144 2621 2211; x_wconf 90' lang='lat' dir='ltr'><strong>quantum</strong></span> <span class='ocrx_word' id='word_1_262' title='bbox 2644 2153 2959 2210; x_wconf 89' lang='lat' dir='ltr'><strong>possumus,</strong></span> <span class='ocrx_word' id='word_1_263' title='bbox 2983 2136 3218 2193; x_wconf 87' lang='lat' dir='ltr'><strong>libenter</strong></span> <span class='ocrx_word' id='word_1_264' title='bbox 3239 2136 3643 2192; x_wconf 89' lang='lat' dir='ltr'><strong>desideramus.</strong></span> 
     </span>
    </p>
   </div>
   <div class='ocr_carea' id='block_1_37' title="bbox 2173 2227 3711 2301">
    <p class='ocr_par' dir='ltr' id='par_1_37' title="bbox 2173 2227 3711 2301">
     <span class='ocr_line' id='line_1_37' title="bbox 2173 2227 3711 2301; baseline -0.001 -15"><span class='ocrx_word' id='word_1_265' title='bbox 2173 2230 2540 2286; x_wconf 87' lang='lat' dir='ltr'><strong>Concedimus</strong></span> <span class='ocrx_word' id='word_1_266' title='bbox 2588 2230 2772 2301; x_wconf 85' lang='lat' dir='ltr'><strong>itaque</strong></span> <span class='ocrx_word' id='word_1_267' title='bbox 2804 2229 2982 2284; x_wconf 89' lang='lat' dir='ltr'><strong>vicem</strong></span> <span class='ocrx_word' id='word_1_268' title='bbox 3021 2227 3380 2300; x_wconf 89' lang='lat' dir='ltr'><strong>apostolicam</strong></span> <span class='ocrx_word' id='word_1_269' title='bbox 3416 2228 3711 2284; x_wconf 86' lang='lat' dir='ltr'><strong>Frederico</strong></span> 
     </span>
    </p>
   </div>
   <div class='ocr_carea' id='block_1_38' title="bbox 2101 2317 3712 2393">
    <p class='ocr_par' dir='ltr' id='par_1_38' title="bbox 2101 2317 3712 2393">
     <span class='ocr_line' id='line_1_38' title="bbox 2101 2317 3712 2393; baseline -0.003 -17"><span class='ocrx_word' id='word_1_270' title='bbox 2101 2321 2540 2393; x_wconf 85' lang='lat' dir='ltr'><strong>Salisburgensis</strong></span> <span class='ocrx_word' id='word_1_271' title='bbox 2571 2319 2826 2374; x_wconf 59' lang='lat' dir='ltr'><strong>Ecclesia</strong></span> <span class='ocrx_word' id='word_1_272' title='bbox 2865 2318 3119 2383; x_wconf 83' lang='lat' dir='ltr'><strong>antistiti,</strong></span> <span class='ocrx_word' id='word_1_273' title='bbox 3152 2317 3383 2388; x_wconf 89' lang='lat' dir='ltr'><strong>ejusque</strong></span> <span class='ocrx_word' id='word_1_274' title='bbox 3413 2331 3712 2372; x_wconf 85' lang='lat' dir='ltr'><strong>successo-</strong></span> 
     </span>
    </p>
   </div>
   <div class='ocr_carea' id='block_1_39' title="bbox 2097 2405 3712 2478">
    <p class='ocr_par' dir='ltr' id='par_1_39' title="bbox 2097 2405 3712 2478">
     <span class='ocr_line' id='line_1_39' title="bbox 2097 2405 3712 2478; baseline -0.002 -14"><span class='ocrx_word' id='word_1_275' title='bbox 2097 2410 2271 2476; x_wconf 86' lang='lat' dir='ltr'><strong>ribus,</strong></span> <span class='ocrx_word' id='word_1_276' title='bbox 2303 2410 2359 2465; x_wconf 89' lang='lat' dir='ltr'><strong>in</strong></span> <span class='ocrx_word' id='word_1_277' title='bbox 2390 2417 2503 2465; x_wconf 90' lang='lat' dir='ltr'><strong>tota</strong></span> <span class='ocrx_word' id='word_1_278' title='bbox 2525 2409 2720 2464; x_wconf 88' lang='lat' dir='ltr'><strong>Norica</strong></span> <span class='ocrx_word' id='word_1_279' title='bbox 2749 2406 3033 2478; x_wconf 89' lang='lat' dir='ltr'><strong>provincia</strong></span> <span class='ocrx_word' id='word_1_280' title='bbox 3085 2414 3140 2460; x_wconf 90' lang='lat' dir='ltr'><strong>et</strong></span> <span class='ocrx_word' id='word_1_281' title='bbox 3170 2405 3225 2459; x_wconf 90' lang='lat' dir='ltr'><strong>in</strong></span> <span class='ocrx_word' id='word_1_282' title='bbox 3255 2413 3373 2460; x_wconf 88' lang='lat' dir='ltr'><strong>tota</strong></span> <span class='ocrx_word' id='word_1_283' title='bbox 3395 2405 3712 2471; x_wconf 86' lang='lat' dir='ltr'><strong>Pannonia,</strong></span> 
     </span>
    </p>
   </div>
   <div class='ocr_carea' id='block_1_40' title="bbox 2095 2493 3713 2570">
    <p class='ocr_par' dir='ltr' id='par_1_40' title="bbox 2095 2493 3713 2570">
     <span class='ocr_line' id='line_1_40' title="bbox 2095 2493 3713 2570; baseline -0.004 -16"><span class='ocrx_word' id='word_1_284' title='bbox 2095 2497 2369 2570; x_wconf 89' lang='lat' dir='ltr'><strong>superiori</strong></span> <span class='ocrx_word' id='word_1_285' title='bbox 2397 2497 2659 2552; x_wconf 89' lang='lat' dir='ltr'><strong>videlicet</strong></span> <span class='ocrx_word' id='word_1_286' title='bbox 2678 2504 2733 2551; x_wconf 90' lang='lat' dir='ltr'><strong>et</strong></span> <span class='ocrx_word' id='word_1_287' title='bbox 2761 2495 3028 2561; x_wconf 90' lang='lat' dir='ltr'><strong>infcriori,</strong></span> <span class='ocrx_word' id='word_1_288' title='bbox 3048 2493 3327 2564; x_wconf 91' lang='lat' dir='ltr'><strong>quomodo</strong></span> <span class='ocrx_word' id='word_1_289' title='bbox 3357 2493 3443 2549; x_wconf 91' lang='lat' dir='ltr'><strong>sui</strong></span> <span class='ocrx_word' id='word_1_290' title='bbox 3463 2502 3713 2550; x_wconf 88' lang='lat' dir='ltr'><strong>anteces-</strong></span> 
     </span>
    </p>
   </div>
   <div class='ocr_carea' id='block_1_41' title="bbox 2093 2586 3716 2662">
    <p class='ocr_par' dir='ltr' id='par_1_41' title="bbox 2093 2586 3716 2662">
     <span class='ocr_line' id='line_1_41' title="bbox 2093 2586 3716 2662; baseline -0.002 -16"><span class='ocrx_word' id='word_1_291' title='bbox 2093 2607 2250 2648; x_wconf 69' lang='lat' dir='ltr'><strong>sores</strong></span> <span class='ocrx_word' id='word_1_292' title='bbox 2272 2591 2525 2646; x_wconf 90' lang='lat' dir='ltr'><strong>eamdem</strong></span> <span class='ocrx_word' id='word_1_293' title='bbox 2575 2595 2904 2662; x_wconf 86' lang='lat' dir='ltr'><strong>potestatem</strong></span> <span class='ocrx_word' id='word_1_294' title='bbox 2934 2604 2965 2641; x_wconf 91' lang='lat' dir='ltr'><strong>a</strong></span> <span class='ocrx_word' id='word_1_295' title='bbox 3011 2586 3216 2642; x_wconf 87' lang='lat' dir='ltr'><strong>nostris</strong></span> <span class='ocrx_word' id='word_1_296' title='bbox 3276 2587 3521 2642; x_wconf 89' lang='lat' dir='ltr'><strong>habuere</strong></span> <span class='ocrx_word' id='word_1_297' title='bbox 3552 2594 3716 2642; x_wconf 89' lang='lat' dir='ltr'><strong>ante-</strong></span> 
     </span>
    </p>
   </div>
   <div class='ocr_carea' id='block_1_42' title="bbox 2092 2678 3718 2750">
    <p class='ocr_par' dir='ltr' id='par_1_42' title="bbox 2092 2678 3718 2750">
     <span class='ocr_line' id='line_1_42' title="bbox 2092 2678 3718 2750; baseline -0.004 -11"><span class='ocrx_word' id='word_1_298' title='bbox 2092 2683 2446 2740; x_wconf 78' lang='lat' dir='ltr'><strong>cessoribus:</strong></span> <span class='ocrx_word' id='word_1_299' title='bbox 2481 2682 2557 2736; x_wconf 87' lang='lat' dir='ltr'><strong>ita</strong></span> <span class='ocrx_word' id='word_1_300' title='bbox 2586 2683 2814 2746; x_wconf 90' lang='lat' dir='ltr'><strong>scilicet,</strong></span> <span class='ocrx_word' id='word_1_301' title='bbox 2873 2687 2932 2736; x_wconf 91' lang='lat' dir='ltr'><strong>ut</strong></span> <span class='ocrx_word' id='word_1_302' title='bbox 2980 2680 3116 2734; x_wconf 91' lang='lat' dir='ltr'><strong>nulli</strong></span> <span class='ocrx_word' id='word_1_303' title='bbox 3175 2680 3337 2734; x_wconf 90' lang='lat' dir='ltr'><strong>liceat</strong></span> <span class='ocrx_word' id='word_1_304' title='bbox 3388 2679 3445 2733; x_wconf 93' lang='lat' dir='ltr'><strong>in</strong></span> <span class='ocrx_word' id='word_1_305' title='bbox 3475 2678 3718 2750; x_wconf 66' lang='lat' dir='ltr'><strong>praefatis</strong></span> 
     </span>
    </p>
   </div>
   <div class='ocr_carea' id='block_1_43' title="bbox 2093 2773 3717 2851">
    <p class='ocr_par' dir='ltr' id='par_1_43' title="bbox 2093 2773 3717 2851">
     <span class='ocr_line' id='line_1_43' title="bbox 2093 2773 3717 2851; baseline -0.004 -16"><span class='ocrx_word' id='word_1_306' title='bbox 2093 2779 2392 2851; x_wconf 82' lang='lat' dir='ltr'><strong>provinciis</strong></span> <span class='ocrx_word' id='word_1_307' title='bbox 2439 2778 2545 2832; x_wconf 91' lang='lat' dir='ltr'><strong>sibi</strong></span> <span class='ocrx_word' id='word_1_308' title='bbox 2624 2791 2890 2846; x_wconf 88' lang='lat' dir='ltr'><strong>usurpare</strong></span> <span class='ocrx_word' id='word_1_309' title='bbox 2966 2775 3215 2845; x_wconf 90' lang='lat' dir='ltr'><strong>pallium,</strong></span> <span class='ocrx_word' id='word_1_310' title='bbox 3272 2790 3374 2829; x_wconf 91' lang='lat' dir='ltr'><strong>nec</strong></span> <span class='ocrx_word' id='word_1_311' title='bbox 3420 2773 3717 2844; x_wconf 82' lang='lat' dir='ltr'><strong>episcopos</strong></span> 
     </span>
    </p>
   </div>
   <div class='ocr_carea' id='block_1_44' title="bbox 2091 2861 3718 2934">
    <p class='ocr_par' dir='ltr' id='par_1_44' title="bbox 2091 2861 3718 2934">
     <span class='ocr_line' id='line_1_44' title="bbox 2091 2861 3718 2934; baseline -0.003 -13"><span class='ocrx_word' id='word_1_312' title='bbox 2091 2867 2371 2929; x_wconf 89' lang='lat' dir='ltr'><strong>ordinare,</strong></span> <span class='ocrx_word' id='word_1_313' title='bbox 2406 2882 2508 2921; x_wconf 90' lang='lat' dir='ltr'><strong>nec</strong></span> <span class='ocrx_word' id='word_1_314' title='bbox 2537 2865 2707 2920; x_wconf 89' lang='lat' dir='ltr'><strong>ullum</strong></span> <span class='ocrx_word' id='word_1_315' title='bbox 2738 2863 2982 2920; x_wconf 81' lang='lat' dir='ltr'><strong>officium</strong></span> <span class='ocrx_word' id='word_1_316' title='bbox 3033 2861 3183 2934; x_wconf 91' lang='lat' dir='ltr'><strong>quod</strong></span> <span class='ocrx_word' id='word_1_317' title='bbox 3235 2862 3304 2916; x_wconf 89' lang='lat' dir='ltr'><strong>ad</strong></span> <span class='ocrx_word' id='word_1_318' title='bbox 3340 2861 3718 2932; x_wconf 90' lang='lat' dir='ltr'><strong>archiepisco-</strong></span> 
     </span>
    </p>
   </div>
   <div class='ocr_carea' id='block_1_45' title="bbox 2098 2953 3710 3030">
    <p class='ocr_par' dir='ltr' id='par_1_45' title="bbox 2098 2953 3710 3030">
     <span class='ocr_line' id='line_1_45' title="bbox 2098 2953 3710 3030; baseline -0.003 -18"><span class='ocrx_word' id='word_1_319' title='bbox 2098 2975 2224 3030; x_wconf 78' lang='lat' dir='ltr'><strong>pum</strong></span> <span class='ocrx_word' id='word_1_320' title='bbox 2259 2958 2538 3028; x_wconf 90' lang='lat' dir='ltr'><strong>pertinere</strong></span> <span class='ocrx_word' id='word_1_321' title='bbox 2560 2956 2748 3025; x_wconf 88' lang='lat' dir='ltr'><strong>debet,</strong></span> <span class='ocrx_word' id='word_1_322' title='bbox 2781 2966 2981 3026; x_wconf 67' lang='lat' dir='ltr'><strong>praeter</strong></span> <span class='ocrx_word' id='word_1_323' title='bbox 3012 2954 3295 3025; x_wconf 67' lang='lat' dir='ltr'><strong>praefatum</strong></span> <span class='ocrx_word' id='word_1_324' title='bbox 3325 2953 3710 3023; x_wconf 90' lang='lat' dir='ltr'><strong>archiepisco-</strong></span> 
     </span>
    </p>
   </div>
   <div class='ocr_carea' id='block_1_46' title="bbox 2097 3043 3717 3120">
    <p class='ocr_par' dir='ltr' id='par_1_46' title="bbox 2097 3043 3717 3120">
     <span class='ocr_line' id='line_1_46' title="bbox 2097 3043 3717 3120; baseline -0.001 -20"><span class='ocrx_word' id='word_1_325' title='bbox 2097 3065 2226 3120; x_wconf 87' lang='lat' dir='ltr'><strong>pum</strong></span> <span class='ocrx_word' id='word_1_326' title='bbox 2274 3049 2506 3120; x_wconf 86' lang='lat' dir='ltr'><strong>ejusque</strong></span> <span class='ocrx_word' id='word_1_327' title='bbox 2558 3063 2928 3103; x_wconf 89' lang='lat' dir='ltr'><strong>successores.</strong></span> <span class='ocrx_word' id='word_1_328' title='bbox 2977 3047 3304 3117; x_wconf 82' lang='lat' dir='ltr'><strong>Quicunque</strong></span> <span class='ocrx_word' id='word_1_329' title='bbox 3355 3051 3540 3098; x_wconf 88' lang='lat' dir='ltr'><strong>autem</strong></span> <span class='ocrx_word' id='word_1_330' title='bbox 3587 3043 3717 3099; x_wconf 87' lang='lat' dir='ltr'><strong>huic</strong></span> 
     </span>
    </p>
   </div>
   <div class='ocr_carea' id='block_1_47' title="bbox 2096 3135 3718 3214">
    <p class='ocr_par' dir='ltr' id='par_1_47' title="bbox 2096 3135 3718 3214">
     <span class='ocr_line' id='line_1_47' title="bbox 2096 3135 3718 3214; baseline -0.003 -20"><span class='ocrx_word' id='word_1_331' title='bbox 2096 3140 2382 3214; x_wconf 82' lang='lat' dir='ltr'><strong>refragari,</strong></span> <span class='ocrx_word' id='word_1_332' title='bbox 2423 3140 2508 3194; x_wconf 89' lang='lat' dir='ltr'><strong>vel</strong></span> <span class='ocrx_word' id='word_1_333' title='bbox 2526 3137 3116 3194; x_wconf 90' lang='lat' dir='ltr'><strong>eontenderevoluerit</strong></span> <span class='ocrx_word' id='word_1_334' title='bbox 3144 3136 3397 3203; x_wconf 89' lang='lat' dir='ltr'><strong>decreto,</strong></span> <span class='ocrx_word' id='word_1_335' title='bbox 3433 3135 3582 3207; x_wconf 89' lang='lat' dir='ltr'><strong>quod</strong></span> <span class='ocrx_word' id='word_1_336' title='bbox 3616 3149 3718 3190; x_wconf 89' lang='lat' dir='ltr'><strong>nos</strong></span> 
     </span>
    </p>
   </div>
   <div class='ocr_carea' id='block_1_48' title="bbox 2105 3227 3722 3300">
    <p class='ocr_par' dir='ltr' id='par_1_48' title="bbox 2105 3227 3722 3300">
     <span class='ocr_line' id='line_1_48' title="bbox 2105 3227 3722 3300; baseline -0.004 -16"><span class='ocrx_word' id='word_1_337' title='bbox 2105 3230 2221 3284; x_wconf 90' lang='lat' dir='ltr'><strong>vice</strong></span> <span class='ocrx_word' id='word_1_338' title='bbox 2255 3230 2310 3282; x_wconf 84' lang='grc' dir='ltr'><strong>Β.</strong></span> <span class='ocrx_word' id='word_1_339' title='bbox 2344 3229 2492 3284; x_wconf 90' lang='lat' dir='ltr'><strong>Petri</strong></span> <span class='ocrx_word' id='word_1_340' title='bbox 2521 3227 3084 3300; x_wconf 89' lang='lat' dir='ltr'><strong>apostolifungentes,</strong></span> <span class='ocrx_word' id='word_1_341' title='bbox 3110 3241 3384 3287; x_wconf 85' lang='lat' dir='ltr'><strong>consensu</strong></span> <span class='ocrx_word' id='word_1_342' title='bbox 3409 3231 3722 3280; x_wconf 88' lang='lat' dir='ltr'><strong>nostrorum</strong></span> 
     </span>
    </p>
   </div>
   <div class='ocr_carea' id='block_1_49' title="bbox 2103 3315 3717 3392">
    <p class='ocr_par' dir='ltr' id='par_1_49' title="bbox 2103 3315 3717 3392">
     <span class='ocr_line' id='line_1_49' title="bbox 2103 3315 3717 3392; baseline -0.003 -16"><span class='ocrx_word' id='word_1_343' title='bbox 2103 3323 2487 3392; x_wconf 90' lang='lat' dir='ltr'><strong>episcoporum</strong></span> <span class='ocrx_word' id='word_1_344' title='bbox 2541 3337 2606 3376; x_wconf 91' lang='lat' dir='ltr'><strong>ac</strong></span> <span class='ocrx_word' id='word_1_345' title='bbox 2672 3321 2840 3376; x_wconf 86' lang='lat' dir='ltr'><strong>totius</strong></span> <span class='ocrx_word' id='word_1_346' title='bbox 2907 3319 3038 3374; x_wconf 92' lang='lat' dir='ltr'><strong>cleri</strong></span> <span class='ocrx_word' id='word_1_347' title='bbox 3108 3319 3367 3373; x_wconf 71' lang='lat' dir='ltr'><strong>Romanae</strong></span> <span class='ocrx_word' id='word_1_348' title='bbox 3435 3315 3717 3381; x_wconf 68' lang='lat' dir='ltr'><strong>Ecclesia,</strong></span> 
     </span>
    </p>
   </div>
   <div class='ocr_carea' id='block_1_50' title="bbox 2104 3405 3722 3476">
    <p class='ocr_par' dir='ltr' id='par_1_50' title="bbox 2104 3405 3722 3476">
     <span class='ocr_line' id='line_1_50' title="bbox 2104 3405 3722 3476; baseline -0.003 -11"><span class='ocrx_word' id='word_1_349' title='bbox 2104 3410 2470 3474; x_wconf 89' lang='lat' dir='ltr'><strong>decrevimus,</strong></span> <span class='ocrx_word' id='word_1_350' title='bbox 2512 3409 2650 3463; x_wconf 87' lang='lat' dir='ltr'><strong>sciat</strong></span> <span class='ocrx_word' id='word_1_351' title='bbox 2706 3424 2766 3463; x_wconf 90' lang='lat' dir='ltr'><strong>se</strong></span> <span class='ocrx_word' id='word_1_352' title='bbox 2798 3409 2855 3461; x_wconf 89' lang='grc' dir='ltr'><strong>Β.</strong></span> <span class='ocrx_word' id='word_1_353' title='bbox 2911 3408 3068 3461; x_wconf 85' lang='lat' dir='ltr'><strong>Petro</strong></span> <span class='ocrx_word' id='word_1_354' title='bbox 3097 3407 3330 3476; x_wconf 92' lang='lat' dir='ltr'><strong>ejusque</strong></span> <span class='ocrx_word' id='word_1_355' title='bbox 3359 3405 3566 3460; x_wconf 90' lang='lat' dir='ltr'><strong>vicario</strong></span> <span class='ocrx_word' id='word_1_356' title='bbox 3595 3420 3722 3460; x_wconf 87' lang='lat' dir='ltr'><strong>esse</strong></span> 
     </span>
    </p>
   </div>
   <div class='ocr_carea' id='block_1_51' title="bbox 385 3484 3722 3594">
    <p class='ocr_par' dir='ltr' id='par_1_51' title="bbox 385 3484 3722 3594">
     <span class='ocr_line' id='line_1_51' title="bbox 385 3484 3722 3594; baseline 0.007 -22"><span class='ocrx_word' id='word_1_357' title='bbox 385 3484 558 3586; x_wconf 84' lang='lat' dir='ltr'><strong>dicos,</strong></span> <span class='ocrx_word' id='word_1_358' title='bbox 593 3484 1994 3594; x_wconf 55' lang='grc' dir='ltr'><strong>ιεέίὶεέιὲέέῖέιῖέέι⁷ιὲξεζξ’έὶἧῖέ’ςῖιὲι¹ιᾷἒῐ›ἷιξῖξι”ιῖηέιῖιίἓι</strong></span> <span class='ocrx_word' id='word_1_359' title='bbox 2022 3484 2072 3552; x_wconf 80' lang='grc' dir='ltr'>Β</span> <span class='ocrx_word' id='word_1_360' title='bbox 2101 3500 2634 3594; x_wconf 61' lang='grc' dir='ltr'><strong>οοηιτατίυιη,³ιηυίῗ</strong></span> <span class='ocrx_word' id='word_1_361' title='bbox 2694 3497 2812 3594; x_wconf 65' lang='lat'><strong>‘0&#39;“.</strong></span> <span class='ocrx_word' id='word_1_362' title='bbox 2852 3498 3145 3552; x_wconf 66' lang='grc' dir='ltr'><strong>³⁰³ί¹¹θπ¹³</strong></span> <span class='ocrx_word' id='word_1_363' title='bbox 3182 3511 3382 3594; x_wconf 16' lang='grc' dir='ltr'><strong>Αυθαυθ.</strong></span> <span class='ocrx_word' id='word_1_364' title='bbox 3406 3496 3472 3594; x_wconf 60' lang='lat'><strong>3‘.’</strong></span> <span class='ocrx_word' id='word_1_365' title='bbox 3503 3494 3722 3594; x_wconf 53' lang='lat'><strong>3““.‘3&#39;</strong></span> 
     </span>
    </p>
   </div>
   <div class='ocr_carea' id='block_1_52' title="bbox 385 3615 1998 3686">
    <p class='ocr_par' dir='ltr' id='par_1_52' title="bbox 385 3615 1998 3686">
     <span class='ocr_line' id='line_1_52' title="bbox 385 3615 1998 3686; baseline 0.008 -18"><span class='ocrx_word' id='word_1_366' title='bbox 385 3615 595 3670; x_wconf 86' lang='lat' dir='ltr'><strong>salvare</strong></span> <span class='ocrx_word' id='word_1_367' title='bbox 629 3631 739 3670; x_wconf 88' lang='lat' dir='ltr'><strong>non</strong></span> <span class='ocrx_word' id='word_1_368' title='bbox 771 3618 1104 3686; x_wconf 86' lang='lat' dir='ltr'><strong>valentibus,</strong></span> <span class='ocrx_word' id='word_1_369' title='bbox 1127 3621 1427 3677; x_wconf 89' lang='lat' dir='ltr'><strong>novissime</strong></span> <span class='ocrx_word' id='word_1_370' title='bbox 1460 3623 1652 3678; x_wconf 83' lang='lat' dir='ltr'><strong>Filium</strong></span> <span class='ocrx_word' id='word_1_371' title='bbox 1684 3641 1840 3680; x_wconf 73' lang='lat' dir='ltr'><strong>suurn</strong></span> <span class='ocrx_word' id='word_1_372' title='bbox 1893 3628 1998 3680; x_wconf 91' lang='lat' dir='ltr'><strong>hu-</strong></span> 
     </span>
    </p>
   </div>
   <div class='ocr_carea' id='block_1_53' title="bbox 389 3705 1995 3788">
    <p class='ocr_par' dir='ltr' id='par_1_53' title="bbox 389 3705 1995 3788">
     <span class='ocr_line' id='line_1_53' title="bbox 389 3705 1995 3788; baseline 0.01 -32"><span class='ocrx_word' id='word_1_373' title='bbox 389 3720 546 3757; x_wconf 89' lang='lat' dir='ltr'><strong>mana</strong></span> <span class='ocrx_word' id='word_1_374' title='bbox 568 3721 734 3758; x_wconf 89' lang='lat' dir='ltr'><strong>carne</strong></span> <span class='ocrx_word' id='word_1_375' title='bbox 764 3705 1014 3761; x_wconf 89' lang='lat' dir='ltr'><strong>indutum</strong></span> <span class='ocrx_word' id='word_1_376' title='bbox 1047 3709 1116 3762; x_wconf 89' lang='lat' dir='ltr'><strong>ad</strong></span> <span class='ocrx_word' id='word_1_377' title='bbox 1163 3712 1601 3782; x_wconf 88' lang='lat' dir='ltr'><strong>redemptionem</strong></span> <span class='ocrx_word' id='word_1_378' title='bbox 1631 3715 1854 3788; x_wconf 80' lang='lat' dir='ltr'><strong>generis</strong></span> <span class='ocrx_word' id='word_1_379' title='bbox 1887 3717 1995 3770; x_wconf 87' lang='lat' dir='ltr'><strong>bu-</strong></span> 
     </span>
    </p>
   </div>
   <div class='ocr_carea' id='block_1_54' title="bbox 387 3792 2001 3876">
    <p class='ocr_par' dir='ltr' id='par_1_54' title="bbox 387 3792 2001 3876">
     <span class='ocr_line' id='line_1_54' title="bbox 387 3792 2001 3876; baseline 0.009 -31"><span class='ocrx_word' id='word_1_380' title='bbox 387 3792 533 3846; x_wconf 89' lang='lat' dir='ltr'><strong>mani</strong></span> <span class='ocrx_word' id='word_1_381' title='bbox 573 3793 638 3846; x_wconf 90' lang='lat' dir='ltr'><strong>ad</strong></span> <span class='ocrx_word' id='word_1_382' title='bbox 667 3801 839 3850; x_wconf 90' lang='lat' dir='ltr'><strong>terras</strong></span> <span class='ocrx_word' id='word_1_383' title='bbox 871 3797 1240 3853; x_wconf 84' lang='lat' dir='ltr'><strong>transmittere</strong></span> <span class='ocrx_word' id='word_1_384' title='bbox 1295 3800 1552 3874; x_wconf 84' lang='lat' dir='ltr'><strong>dignatus</strong></span> <span class='ocrx_word' id='word_1_385' title='bbox 1590 3814 1691 3858; x_wconf 92' lang='lat' dir='ltr'><strong>est.</strong></span> <span class='ocrx_word' id='word_1_386' title='bbox 1723 3805 1794 3860; x_wconf 85' lang='lat' dir='ltr'><strong>Eo</strong></span> <span class='ocrx_word' id='word_1_387' title='bbox 1818 3805 2001 3876; x_wconf 87' lang='lat' dir='ltr'><strong>itaque</strong></span> 
     </span>
    </p>
   </div>
   <div class='ocr_carea' id='block_1_55' title="bbox 385 3883 2003 3969">
    <p class='ocr_par' dir='ltr' id='par_1_55' title="bbox 385 3883 2003 3969">
     <span class='ocr_line' id='line_1_55' title="bbox 385 3883 2003 3969; baseline 0.011 -33"><span class='ocrx_word' id='word_1_388' title='bbox 385 3883 530 3937; x_wconf 90' lang='lat' dir='ltr'><strong>inter</strong></span> <span class='ocrx_word' id='word_1_389' title='bbox 568 3884 816 3940; x_wconf 88' lang='lat' dir='ltr'><strong>homines</strong></span> <span class='ocrx_word' id='word_1_390' title='bbox 841 3895 1222 3956; x_wconf 87' lang='lat' dir='ltr'><strong>conversante,</strong></span> <span class='ocrx_word' id='word_1_391' title='bbox 1257 3890 1553 3948; x_wconf 90' lang='lat' dir='ltr'><strong>duodecim</strong></span> <span class='ocrx_word' id='word_1_392' title='bbox 1582 3895 1750 3969; x_wconf 87' lang='lat' dir='ltr'><strong>elegit</strong></span> <span class='ocrx_word' id='word_1_393' title='bbox 1779 3902 2003 3966; x_wconf 91' lang='lat' dir='ltr'><strong>aposto-</strong></span> 
     </span>
    </p>
   </div>
   <div class='ocr_carea' id='block_1_56' title="bbox 388 3973 2002 4044">
    <p class='ocr_par' dir='ltr' id='par_1_56' title="bbox 388 3973 2002 4044">
     <span class='ocr_line' id='line_1_56' title="bbox 388 3973 2002 4044; baseline 0.009 -19"><span class='ocrx_word' id='word_1_394' title='bbox 388 3973 490 4038; x_wconf 93' lang='lat' dir='ltr'><strong>los,</strong></span> <span class='ocrx_word' id='word_1_395' title='bbox 514 3989 654 4044; x_wconf 91' lang='lat' dir='ltr'><strong>quos</strong></span> <span class='ocrx_word' id='word_1_396' title='bbox 672 3975 740 4028; x_wconf 87' lang='lat' dir='ltr'><strong>ad</strong></span> <span class='ocrx_word' id='word_1_397' title='bbox 770 3976 1160 4032; x_wconf 86' lang='lat' dir='ltr'><strong>seminandum</strong></span> <span class='ocrx_word' id='word_1_398' title='bbox 1190 3980 1421 4034; x_wconf 89' lang='lat' dir='ltr'><strong>verbum</strong></span> <span class='ocrx_word' id='word_1_399' title='bbox 1455 3982 1550 4036; x_wconf 91' lang='lat' dir='ltr'><strong>Dei</strong></span> <span class='ocrx_word' id='word_1_400' title='bbox 1583 3984 1638 4038; x_wconf 93' lang='lat' dir='ltr'><strong>in</strong></span> <span class='ocrx_word' id='word_1_401' title='bbox 1659 3985 1826 4039; x_wconf 90' lang='lat' dir='ltr'><strong>corda</strong></span> <span class='ocrx_word' id='word_1_402' title='bbox 1856 3985 2002 4040; x_wconf 83' lang='lat' dir='ltr'><strong>tide-</strong></span> 
     </span>
    </p>
   </div>
   <div class='ocr_carea' id='block_1_57' title="bbox 387 4064 2005 4148">
    <p class='ocr_par' dir='ltr' id='par_1_57' title="bbox 387 4064 2005 4148">
     <span class='ocr_line' id='line_1_57' title="bbox 387 4064 2005 4148; baseline 0.01 -32"><span class='ocrx_word' id='word_1_403' title='bbox 387 4064 519 4118; x_wconf 90' lang='lat' dir='ltr'><strong>lium</strong></span> <span class='ocrx_word' id='word_1_404' title='bbox 576 4082 676 4136; x_wconf 90' lang='lat' dir='ltr'><strong>per</strong></span> <span class='ocrx_word' id='word_1_405' title='bbox 716 4068 1031 4124; x_wconf 85' lang='lat' dir='ltr'><strong>universum</strong></span> <span class='ocrx_word' id='word_1_406' title='bbox 1090 4072 1391 4126; x_wconf 90' lang='lat' dir='ltr'><strong>transmisit</strong></span> <span class='ocrx_word' id='word_1_407' title='bbox 1447 4073 1635 4128; x_wconf 90' lang='lat' dir='ltr'><strong>orbem</strong></span> <span class='ocrx_word' id='word_1_408' title='bbox 1697 4093 1710 4128; x_wconf 90' lang='lat'><strong>:</strong></span> <span class='ocrx_word' id='word_1_409' title='bbox 1772 4092 2005 4148; x_wconf 89' lang='lat' dir='ltr'><strong>quorum</strong></span> 
     </span>
    </p>
   </div>
   <div class='ocr_carea' id='block_1_58' title="bbox 387 4157 2003 4227">
    <p class='ocr_par' dir='ltr' id='par_1_58' title="bbox 387 4157 2003 4227">
     <span class='ocr_line' id='line_1_58' title="bbox 387 4157 2003 4227; baseline 0.009 -18"><span class='ocrx_word' id='word_1_410' title='bbox 387 4163 552 4227; x_wconf 86' lang='lat' dir='ltr'><strong>atque</strong></span> <span class='ocrx_word' id='word_1_411' title='bbox 609 4157 778 4212; x_wconf 90' lang='lat' dir='ltr'><strong>totius</strong></span> <span class='ocrx_word' id='word_1_412' title='bbox 835 4159 1092 4216; x_wconf 68' lang='lat' dir='ltr'><strong>Ecclesiae</strong></span> <span class='ocrx_word' id='word_1_413' title='bbox 1152 4173 1401 4219; x_wconf 87' lang='lat' dir='ltr'><strong>sanctum</strong></span> <span class='ocrx_word' id='word_1_414' title='bbox 1462 4167 1751 4222; x_wconf 88' lang='lat' dir='ltr'><strong>constituit</strong></span> <span class='ocrx_word' id='word_1_415' title='bbox 1781 4168 2003 4223; x_wconf 88' lang='lat' dir='ltr'><strong>Petrum</strong></span> 
     </span>
    </p>
   </div>
   <div class='ocr_carea' id='block_1_59' title="bbox 387 4251 2005 4329">
    <p class='ocr_par' dir='ltr' id='par_1_59' title="bbox 387 4251 2005 4329">
     <span class='ocr_line' id='line_1_59' title="bbox 387 4251 2005 4329; baseline 0.009 -26"><span class='ocrx_word' id='word_1_416' title='bbox 387 4251 714 4322; x_wconf 89' lang='lat' dir='ltr'><strong>principem,</strong></span> <span class='ocrx_word' id='word_1_417' title='bbox 741 4251 829 4306; x_wconf 83' lang='lat' dir='ltr'><strong>eui</strong></span> <span class='ocrx_word' id='word_1_418' title='bbox 857 4270 1080 4328; x_wconf 85' lang='lat' dir='ltr'><strong>gregem</strong></span> <span class='ocrx_word' id='word_1_419' title='bbox 1114 4259 1389 4314; x_wconf 90' lang='lat' dir='ltr'><strong>commisit</strong></span> <span class='ocrx_word' id='word_1_420' title='bbox 1408 4260 1866 4329; x_wconf 89' lang='lat' dir='ltr'><strong>ecclesiasticum,</strong></span> <span class='ocrx_word' id='word_1_421' title='bbox 1899 4270 2005 4318; x_wconf 83' lang='lat' dir='ltr'><strong>ter-</strong></span> 
     </span>
    </p>
   </div>
   <div class='ocr_carea' id='block_1_60' title="bbox 386 4344 2001 4425">
    <p class='ocr_par' dir='ltr' id='par_1_60' title="bbox 386 4344 2001 4425">
     <span class='ocr_line' id='line_1_60' title="bbox 386 4344 2001 4425; baseline 0.009 -27"><span class='ocrx_word' id='word_1_422' title='bbox 386 4344 459 4400; x_wconf 93' lang='lat' dir='ltr'><strong>tio</strong></span> <span class='ocrx_word' id='word_1_423' title='bbox 489 4346 748 4402; x_wconf 89' lang='lat' dir='ltr'><strong>eidicens</strong></span> <span class='ocrx_word' id='word_1_424' title='bbox 777 4366 790 4402; x_wconf 92' lang='lat'>:</span> <span class='ocrx_word' id='word_1_425' title='bbox 823 4351 987 4404; x_wconf 88' lang='lat' dir='ltr'><strong>Pasce</strong></span> <span class='ocrx_word' id='word_1_426' title='bbox 1015 4367 1138 4406; x_wconf 83' lang='lat' dir='ltr'><strong>oves</strong></span> <span class='ocrx_word' id='word_1_427' title='bbox 1155 4369 1298 4407; x_wconf 86' lang='lat' dir='ltr'><strong>meas</strong></span> <span class='ocrx_word' id='word_1_428' title='bbox 1333 4355 1502 4424; x_wconf 87' lang='lat' dir='ltr'><strong>(Joan.</strong></span> <span class='ocrx_word' id='word_1_429' title='bbox 1537 4358 1646 4425; x_wconf 74' lang='lat' dir='ltr'><strong>xxx)</strong></span> <span class='ocrx_word' id='word_1_430' title='bbox 1679 4375 1693 4423; x_wconf 90' lang='lat'><strong>;</strong></span> <span class='ocrx_word' id='word_1_431' title='bbox 1730 4357 2001 4413; x_wconf 88' lang='lat' dir='ltr'><strong>cuietiam</strong></span> 
     </span>
    </p>
   </div>
   <div class='ocr_carea' id='block_1_61' title="bbox 384 4435 2000 4517">
    <p class='ocr_par' dir='ltr' id='par_1_61' title="bbox 384 4435 2000 4517">
     <span class='ocr_line' id='line_1_61' title="bbox 384 4435 2000 4517; baseline 0.009 -28"><span class='ocrx_word' id='word_1_432' title='bbox 384 4435 590 4510; x_wconf 87' lang='lat' dir='ltr'><strong>ligandi</strong></span> <span class='ocrx_word' id='word_1_433' title='bbox 618 4445 783 4510; x_wconf 87' lang='lat' dir='ltr'><strong>atque</strong></span> <span class='ocrx_word' id='word_1_434' title='bbox 833 4440 1084 4496; x_wconf 87' lang='lat' dir='ltr'><strong>solvendi</strong></span> <span class='ocrx_word' id='word_1_435' title='bbox 1117 4444 1341 4500; x_wconf 88' lang='lat' dir='ltr'><strong>tradidit</strong></span> <span class='ocrx_word' id='word_1_436' title='bbox 1372 4455 1728 4517; x_wconf 87' lang='lat' dir='ltr'><strong>potestatem,</strong></span> <span class='ocrx_word' id='word_1_437' title='bbox 1761 4449 1954 4504; x_wconf 91' lang='lat' dir='ltr'><strong>dicens</strong></span> <span class='ocrx_word' id='word_1_438' title='bbox 1987 4467 2000 4503; x_wconf 90' lang='lat'><strong>:</strong></span> 
     </span>
    </p>
   </div>
   <div class='ocr_carea' id='block_1_62' title="bbox 385 4529 2008 4610">
    <p class='ocr_par' dir='ltr' id='par_1_62' title="bbox 385 4529 2008 4610">
     <span class='ocr_line' id='line_1_62' title="bbox 385 4529 2008 4610; baseline 0.01 -30"><span class='ocrx_word' id='word_1_439' title='bbox 385 4529 748 4599; x_wconf 82' lang='lat' dir='ltr'><strong>Quodcunque</strong></span> <span class='ocrx_word' id='word_1_440' title='bbox 797 4531 1054 4598; x_wconf 81' lang='lat' dir='ltr'><strong>ligaveris</strong></span> <span class='ocrx_word' id='word_1_441' title='bbox 1092 4551 1251 4604; x_wconf 84' lang='lat' dir='ltr'><strong>super</strong></span> <span class='ocrx_word' id='word_1_442' title='bbox 1312 4542 1532 4605; x_wconf 85' lang='lat' dir='ltr'><strong>terram,</strong></span> <span class='ocrx_word' id='word_1_443' title='bbox 1565 4543 1668 4594; x_wconf 86' lang='lat' dir='ltr'><strong>erit</strong></span> <span class='ocrx_word' id='word_1_444' title='bbox 1707 4543 1933 4610; x_wconf 81' lang='lat' dir='ltr'><strong>ligatum</strong></span> <span class='ocrx_word' id='word_1_445' title='bbox 1954 4547 2008 4596; x_wconf 79' lang='lat' dir='ltr'><strong>et</strong></span> 
     </span>
    </p>
   </div>
   <div class='ocr_carea' id='block_1_63' title="bbox 387 4618 2004 4696">
    <p class='ocr_par' dir='ltr' id='par_1_63' title="bbox 387 4618 2004 4696">
     <span class='ocr_line' id='line_1_63' title="bbox 387 4618 2004 4696; baseline 0.011 -26"><span class='ocrx_word' id='word_1_446' title='bbox 387 4618 443 4670; x_wconf 89' lang='lat' dir='ltr'><strong>in</strong></span> <span class='ocrx_word' id='word_1_447' title='bbox 467 4619 611 4672; x_wconf 66' lang='lat' dir='ltr'><strong>caelis</strong></span> <span class='ocrx_word' id='word_1_448' title='bbox 645 4636 659 4684; x_wconf 91' lang='lat'><strong>;</strong></span> <span class='ocrx_word' id='word_1_449' title='bbox 691 4621 1047 4690; x_wconf 82' lang='lat' dir='ltr'><strong>quodcunque</strong></span> <span class='ocrx_word' id='word_1_450' title='bbox 1067 4624 1287 4680; x_wconf 73' lang='lat' dir='ltr'><strong>solveris</strong></span> <span class='ocrx_word' id='word_1_451' title='bbox 1313 4641 1473 4696; x_wconf 81' lang='lat' dir='ltr'><strong>super</strong></span> <span class='ocrx_word' id='word_1_452' title='bbox 1490 4633 1714 4696; x_wconf 87' lang='lat' dir='ltr'><strong>terram,</strong></span> <span class='ocrx_word' id='word_1_453' title='bbox 1735 4634 1836 4685; x_wconf 82' lang='lat' dir='ltr'><strong>erit</strong></span> <span class='ocrx_word' id='word_1_454' title='bbox 1857 4633 2004 4686; x_wconf 84' lang='lat' dir='ltr'><strong>solu-</strong></span> 
     </span>
    </p>
   </div>
   <div class='ocr_carea' id='block_1_64' title="bbox 387 4712 2002 4783">
    <p class='ocr_par' dir='ltr' id='par_1_64' title="bbox 387 4712 2002 4783">
     <span class='ocr_line' id='line_1_64' title="bbox 387 4712 2002 4783; baseline 0.012 -22"><span class='ocrx_word' id='word_1_455' title='bbox 387 4713 497 4763; x_wconf 88' lang='lat' dir='ltr'><strong>tum</strong></span> <span class='ocrx_word' id='word_1_456' title='bbox 523 4716 571 4764; x_wconf 89' lang='lat' dir='ltr'><strong>et</strong></span> <span class='ocrx_word' id='word_1_457' title='bbox 613 4713 671 4764; x_wconf 84' lang='lat' dir='ltr'><strong>in</strong></span> <span class='ocrx_word' id='word_1_458' title='bbox 700 4712 842 4766; x_wconf 72' lang='lat' dir='ltr'><strong>cretis</strong></span> <span class='ocrx_word' id='word_1_459' title='bbox 884 4714 1100 4783; x_wconf 83' lang='lat' dir='ltr'><strong>(Matth.</strong></span> <span class='ocrx_word' id='word_1_460' title='bbox 1157 4728 1289 4781; x_wconf 81' lang='lat' dir='ltr'><strong>xvr.)</strong></span> <span class='ocrx_word' id='word_1_461' title='bbox 1343 4719 1404 4774; x_wconf 90' lang='lat' dir='ltr'><strong>Et</strong></span> <span class='ocrx_word' id='word_1_462' title='bbox 1433 4735 1544 4775; x_wconf 91' lang='lat' dir='ltr'><strong>non</strong></span> <span class='ocrx_word' id='word_1_463' title='bbox 1602 4722 1777 4777; x_wconf 90' lang='lat' dir='ltr'><strong>solum</strong></span> <span class='ocrx_word' id='word_1_464' title='bbox 1810 4731 2002 4780; x_wconf 89' lang='lat' dir='ltr'><strong>sancto</strong></span> 
     </span>
    </p>
   </div>
   <div class='ocr_carea' id='block_1_65' title="bbox 389 4798 2001 4873">
    <p class='ocr_par' dir='ltr' id='par_1_65' title="bbox 389 4798 2001 4873">
     <span class='ocr_line' id='line_1_65' title="bbox 389 4798 2001 4873; baseline 0.011 -23"><span class='ocrx_word' id='word_1_465' title='bbox 389 4798 510 4851; x_wconf 88' lang='lat' dir='ltr'><strong>talis</strong></span> <span class='ocrx_word' id='word_1_466' title='bbox 538 4813 800 4862; x_wconf 90' lang='lat' dir='ltr'><strong>concessa</strong></span> <span class='ocrx_word' id='word_1_467' title='bbox 856 4801 1014 4857; x_wconf 86' lang='lat' dir='ltr'><strong>Petro</strong></span> <span class='ocrx_word' id='word_1_468' title='bbox 1070 4804 1337 4873; x_wconf 89' lang='lat' dir='ltr'><strong>potentia,</strong></span> <span class='ocrx_word' id='word_1_469' title='bbox 1376 4807 1474 4860; x_wconf 92' lang='lat' dir='ltr'><strong>sed</strong></span> <span class='ocrx_word' id='word_1_470' title='bbox 1505 4808 1669 4862; x_wconf 87' lang='lat' dir='ltr'><strong>etiam</strong></span> <span class='ocrx_word' id='word_1_471' title='bbox 1711 4811 1826 4864; x_wconf 92' lang='lat' dir='ltr'><strong>suis</strong></span> <span class='ocrx_word' id='word_1_472' title='bbox 1869 4827 2001 4867; x_wconf 90' lang='lat' dir='ltr'><strong>suc-</strong></span> 
     </span>
    </p>
   </div>
   <div class='ocr_carea' id='block_1_66' title="bbox 385 4890 2000 4968">
    <p class='ocr_par' dir='ltr' id='par_1_66' title="bbox 385 4890 2000 4968">
     <span class='ocr_line' id='line_1_66' title="bbox 385 4890 2000 4968; baseline 0.01 -26"><span class='ocrx_word' id='word_1_473' title='bbox 385 4890 716 4958; x_wconf 89' lang='lat' dir='ltr'><strong>cessoribus,</strong></span> <span class='ocrx_word' id='word_1_474' title='bbox 741 4891 860 4963; x_wconf 88' lang='lat' dir='ltr'><strong>ejus</strong></span> <span class='ocrx_word' id='word_1_475' title='bbox 887 4893 1064 4949; x_wconf 90' lang='lat' dir='ltr'><strong>vicem</strong></span> <span class='ocrx_word' id='word_1_476' title='bbox 1088 4895 1143 4949; x_wconf 91' lang='lat' dir='ltr'><strong>in</strong></span> <span class='ocrx_word' id='word_1_477' title='bbox 1167 4895 1409 4950; x_wconf 89' lang='lat' dir='ltr'><strong>Ecclesia</strong></span> <span class='ocrx_word' id='word_1_478' title='bbox 1436 4900 1776 4968; x_wconf 88' lang='lat' dir='ltr'><strong>tenentibus,</strong></span> <span class='ocrx_word' id='word_1_479' title='bbox 1805 4903 2000 4957; x_wconf 89' lang='lat' dir='ltr'><strong>eadem</strong></span> 
     </span>
    </p>
   </div>
   <div class='ocr_carea' id='block_1_67' title="bbox 385 4979 1992 5063">
    <p class='ocr_par' dir='ltr' id='par_1_67' title="bbox 385 4979 1992 5063">
     <span class='ocr_line' id='line_1_67' title="bbox 385 4979 1992 5063; baseline 0.012 -30"><span class='ocrx_word' id='word_1_480' title='bbox 385 4979 591 5054; x_wconf 80' lang='lat' dir='ltr'><strong>ligandi</strong></span> <span class='ocrx_word' id='word_1_481' title='bbox 622 4991 788 5053; x_wconf 89' lang='lat' dir='ltr'><strong>atque</strong></span> <span class='ocrx_word' id='word_1_482' title='bbox 845 4986 1097 5040; x_wconf 84' lang='lat' dir='ltr'><strong>solvendi</strong></span> <span class='ocrx_word' id='word_1_483' title='bbox 1145 5004 1176 5040; x_wconf 92' lang='lat' dir='ltr'><strong>a</strong></span> <span class='ocrx_word' id='word_1_484' title='bbox 1219 4988 1329 5042; x_wconf 92' lang='lat' dir='ltr'><strong>Deo</strong></span> <span class='ocrx_word' id='word_1_485' title='bbox 1363 4989 1560 5044; x_wconf 84' lang='lat' dir='ltr'><strong>tradita</strong></span> <span class='ocrx_word' id='word_1_486' title='bbox 1591 4998 1674 5046; x_wconf 93' lang='lat' dir='ltr'><strong>est</strong></span> <span class='ocrx_word' id='word_1_487' title='bbox 1727 5002 1992 5063; x_wconf 89' lang='lat' dir='ltr'><strong>potestas.</strong></span> 
     </span>
    </p>
   </div>
   <div class='ocr_carea' id='block_1_68' title="bbox 382 5072 1992 5156">
    <p class='ocr_par' dir='ltr' id='par_1_68' title="bbox 382 5072 1992 5156">
     <span class='ocr_line' id='line_1_68' title="bbox 382 5072 1992 5156; baseline 0.011 -31"><span class='ocrx_word' id='word_1_488' title='bbox 382 5072 566 5127; x_wconf 89' lang='lat' dir='ltr'><strong>Sancti</strong></span> <span class='ocrx_word' id='word_1_489' title='bbox 607 5073 791 5146; x_wconf 91' lang='lat' dir='ltr'><strong>itaque</strong></span> <span class='ocrx_word' id='word_1_490' title='bbox 843 5076 986 5131; x_wconf 88' lang='lat' dir='ltr'><strong>Petri</strong></span> <span class='ocrx_word' id='word_1_491' title='bbox 1019 5079 1257 5147; x_wconf 88' lang='lat' dir='ltr'><strong>apostoli</strong></span> <span class='ocrx_word' id='word_1_492' title='bbox 1315 5096 1668 5137; x_wconf 83' lang='lat' dir='ltr'><strong>successores</strong></span> <span class='ocrx_word' id='word_1_493' title='bbox 1716 5101 1816 5154; x_wconf 91' lang='lat' dir='ltr'><strong>per</strong></span> <span class='ocrx_word' id='word_1_494' title='bbox 1856 5087 1992 5156; x_wconf 84' lang='lat' dir='ltr'><strong>loca,</strong></span> 
     </span>
    </p>
   </div>
   <div class='ocr_carea' id='block_1_69' title="bbox 383 5166 1998 5236">
    <p class='ocr_par' dir='ltr' id='par_1_69' title="bbox 383 5166 1998 5236">
     <span class='ocr_line' id='line_1_69' title="bbox 383 5166 1998 5236; baseline 0.011 -24"><span class='ocrx_word' id='word_1_495' title='bbox 383 5169 543 5231; x_wconf 91' lang='lat' dir='ltr'><strong>prout</strong></span> <span class='ocrx_word' id='word_1_496' title='bbox 571 5178 712 5232; x_wconf 90' lang='lat' dir='ltr'><strong>opus</strong></span> <span class='ocrx_word' id='word_1_497' title='bbox 740 5171 856 5218; x_wconf 90' lang='lat' dir='ltr'><strong>erat</strong></span> <span class='ocrx_word' id='word_1_498' title='bbox 914 5172 1077 5236; x_wconf 92' lang='lat' dir='ltr'><strong>atque</strong></span> <span class='ocrx_word' id='word_1_499' title='bbox 1117 5166 1321 5234; x_wconf 89' lang='lat' dir='ltr'><strong>decuit,</strong></span> <span class='ocrx_word' id='word_1_500' title='bbox 1385 5171 1790 5227; x_wconf 90' lang='lat' dir='ltr'><strong>constituerunt</strong></span> <span class='ocrx_word' id='word_1_501' title='bbox 1817 5177 1998 5230; x_wconf 86' lang='lat' dir='ltr'><strong>archi-</strong></span> 
     </span>
    </p>
   </div>
   <div class='ocr_carea' id='block_1_70' title="bbox 382 5249 1995 5331">
    <p class='ocr_par' dir='ltr' id='par_1_70' title="bbox 382 5249 1995 5331">
     <span class='ocr_line' id='line_1_70' title="bbox 382 5249 1995 5331; baseline 0.011 -28"><span class='ocrx_word' id='word_1_502' title='bbox 382 5249 696 5321; x_wconf 85' lang='lat' dir='ltr'><strong>episcOpos,</strong></span> <span class='ocrx_word' id='word_1_503' title='bbox 728 5253 820 5323; x_wconf 87' lang='lat' dir='ltr'><strong>qui</strong></span> <span class='ocrx_word' id='word_1_504' title='bbox 851 5269 1042 5309; x_wconf 86' lang='lat' dir='ltr'><strong>eorum</strong></span> <span class='ocrx_word' id='word_1_505' title='bbox 1070 5255 1244 5311; x_wconf 88' lang='lat' dir='ltr'><strong>vicem</strong></span> <span class='ocrx_word' id='word_1_506' title='bbox 1302 5263 1554 5314; x_wconf 89' lang='lat' dir='ltr'><strong>tenerent</strong></span> <span class='ocrx_word' id='word_1_507' title='bbox 1586 5261 1641 5314; x_wconf 92' lang='lat' dir='ltr'><strong>in</strong></span> <span class='ocrx_word' id='word_1_508' title='bbox 1691 5262 1949 5319; x_wconf 89' lang='lat' dir='ltr'><strong>Ecclesiis</strong></span> <span class='ocrx_word' id='word_1_509' title='bbox 1980 5283 1995 5331; x_wconf 89' lang='lat'><strong>;</strong></span> 
     </span>
    </p>
   </div>
   <div class='ocr_carea' id='block_1_71' title="bbox 382 5343 2001 5424">
    <p class='ocr_par' dir='ltr' id='par_1_71' title="bbox 382 5343 2001 5424">
     <span class='ocr_line' id='line_1_71' title="bbox 382 5343 2001 5424; baseline 0.012 -29"><span class='ocrx_word' id='word_1_510' title='bbox 382 5343 510 5414; x_wconf 91' lang='lat' dir='ltr'><strong>quia</strong></span> <span class='ocrx_word' id='word_1_511' title='bbox 559 5344 664 5414; x_wconf 89' lang='lat' dir='ltr'><strong>ipsi</strong></span> <span class='ocrx_word' id='word_1_512' title='bbox 725 5347 1008 5402; x_wconf 84' lang='lat' dir='ltr'><strong>universas</strong></span> <span class='ocrx_word' id='word_1_513' title='bbox 1058 5366 1250 5424; x_wconf 83' lang='lat' dir='ltr'><strong>regere</strong></span> <span class='ocrx_word' id='word_1_514' title='bbox 1288 5367 1398 5406; x_wconf 92' lang='lat' dir='ltr'><strong>non</strong></span> <span class='ocrx_word' id='word_1_515' title='bbox 1429 5363 1683 5424; x_wconf 89' lang='lat' dir='ltr'><strong>poterant</strong></span> <span class='ocrx_word' id='word_1_516' title='bbox 1713 5357 2001 5416; x_wconf 88' lang='lat' dir='ltr'><strong>Ecclesias.</strong></span> 
     </span>
    </p>
   </div>
   <div class='ocr_carea' id='block_1_72' title="bbox 385 5433 2006 5520">
    <p class='ocr_par' dir='ltr' id='par_1_72' title="bbox 385 5433 2006 5520">
     <span class='ocr_line' id='line_1_72' title="bbox 385 5433 2006 5520; baseline 0.012 -33"><span class='ocrx_word' id='word_1_517' title='bbox 385 5433 491 5488; x_wconf 85' lang='lat' dir='ltr'><strong>Nos</strong></span> <span class='ocrx_word' id='word_1_518' title='bbox 517 5453 739 5508; x_wconf 91' lang='lat' dir='ltr'><strong>quoque</strong></span> <span class='ocrx_word' id='word_1_519' title='bbox 761 5439 934 5494; x_wconf 86' lang='lat' dir='ltr'><strong>vicem</strong></span> <span class='ocrx_word' id='word_1_520' title='bbox 971 5441 1115 5496; x_wconf 90' lang='lat' dir='ltr'><strong>beati</strong></span> <span class='ocrx_word' id='word_1_521' title='bbox 1145 5442 1290 5497; x_wconf 89' lang='lat' dir='ltr'><strong>Petri</strong></span> <span class='ocrx_word' id='word_1_522' title='bbox 1347 5447 1604 5516; x_wconf 89' lang='lat' dir='ltr'><strong>apostoli,</strong></span> <span class='ocrx_word' id='word_1_523' title='bbox 1637 5458 1796 5520; x_wconf 90' lang='lat' dir='ltr'><strong>prout</strong></span> <span class='ocrx_word' id='word_1_524' title='bbox 1826 5452 2006 5506; x_wconf 89' lang='lat' dir='ltr'><strong>homi-</strong></span> 
     </span>
    </p>
   </div>
   <div class='ocr_carea' id='block_1_73' title="bbox 390 5523 2007 5601">
    <p class='ocr_par' dir='ltr' id='par_1_73' title="bbox 390 5523 2007 5601">
     <span class='ocr_line' id='line_1_73' title="bbox 390 5523 2007 5601; baseline 0.012 -26"><span class='ocrx_word' id='word_1_525' title='bbox 390 5523 552 5577; x_wconf 89' lang='lat' dir='ltr'><strong>nibus</strong></span> <span class='ocrx_word' id='word_1_526' title='bbox 584 5525 745 5580; x_wconf 85' lang='lat' dir='ltr'><strong>istius</strong></span> <span class='ocrx_word' id='word_1_527' title='bbox 766 5530 1030 5598; x_wconf 87' lang='lat' dir='ltr'><strong>temporis</strong></span> <span class='ocrx_word' id='word_1_528' title='bbox 1053 5531 1318 5601; x_wconf 91' lang='lat' dir='ltr'><strong>possibile</strong></span> <span class='ocrx_word' id='word_1_529' title='bbox 1339 5543 1440 5600; x_wconf 91' lang='lat' dir='ltr'><strong>est,</strong></span> <span class='ocrx_word' id='word_1_530' title='bbox 1474 5535 1528 5589; x_wconf 91' lang='lat' dir='ltr'><strong>in</strong></span> <span class='ocrx_word' id='word_1_531' title='bbox 1550 5536 1791 5594; x_wconf 87' lang='lat' dir='ltr'><strong>Ecclesia</strong></span> <span class='ocrx_word' id='word_1_532' title='bbox 1813 5547 2007 5596; x_wconf 89' lang='lat' dir='ltr'><strong>tenen-</strong></span> 
     </span>
    </p>
   </div>
   <div class='ocr_carea' id='block_1_74' title="bbox 391 5619 2005 5688">
    <p class='ocr_par' dir='ltr' id='par_1_74' title="bbox 391 5619 2005 5688">
     <span class='ocr_line' id='line_1_74' title="bbox 391 5619 2005 5688; baseline 0.014 -21"><span class='ocrx_word' id='word_1_533' title='bbox 391 5620 494 5681; x_wconf 91' lang='lat' dir='ltr'><strong>tes,</strong></span> <span class='ocrx_word' id='word_1_534' title='bbox 527 5623 729 5672; x_wconf 91' lang='lat' dir='ltr'><strong>statuta</strong></span> <span class='ocrx_word' id='word_1_535' title='bbox 779 5619 996 5676; x_wconf 91' lang='lat' dir='ltr'><strong>illorum</strong></span> <span class='ocrx_word' id='word_1_536' title='bbox 1056 5631 1469 5681; x_wconf 88' lang='lat' dir='ltr'><strong>antecessorum</strong></span> <span class='ocrx_word' id='word_1_537' title='bbox 1511 5635 1820 5686; x_wconf 90' lang='lat' dir='ltr'><strong>nostrorum</strong></span> <span class='ocrx_word' id='word_1_538' title='bbox 1871 5646 2005 5688; x_wconf 89' lang='lat' dir='ltr'><strong>con-</strong></span> 
     </span>
    </p>
   </div>
   <div class='ocr_carea' id='block_1_75' title="bbox 2100 3584 3722 3659">
    <p class='ocr_par' dir='ltr' id='par_1_75' title="bbox 2100 3584 3722 3659">
     <span class='ocr_line' id='line_1_75' title="bbox 2100 3584 3722 3659; baseline -0.006 -10"><span class='ocrx_word' id='word_1_539' title='bbox 2100 3593 2364 3653; x_wconf 89' lang='lat' dir='ltr'><strong>ctionem,</strong></span> <span class='ocrx_word' id='word_1_540' title='bbox 2417 3589 2532 3643; x_wconf 90' lang='lat' dir='ltr'><strong>sive</strong></span> <span class='ocrx_word' id='word_1_541' title='bbox 2589 3588 2660 3642; x_wconf 87' lang='lat' dir='ltr'><strong>sit</strong></span> <span class='ocrx_word' id='word_1_542' title='bbox 2725 3587 3044 3659; x_wconf 86' lang='lat' dir='ltr'><strong>episcopus,</strong></span> <span class='ocrx_word' id='word_1_543' title='bbox 3101 3592 3196 3640; x_wconf 90' lang='lat' dir='ltr'><strong>aut</strong></span> <span class='ocrx_word' id='word_1_544' title='bbox 3240 3585 3545 3656; x_wconf 84' lang='lat' dir='ltr'><strong>presbyter,</strong></span> <span class='ocrx_word' id='word_1_545' title='bbox 3605 3584 3722 3640; x_wconf 88' lang='lat' dir='ltr'><strong>sive</strong></span> 
     </span>
    </p>
   </div>
   <div class='ocr_carea' id='block_1_76' title="bbox 2098 3676 3715 3752">
    <p class='ocr_par' dir='ltr' id='par_1_76' title="bbox 2098 3676 3715 3752">
     <span class='ocr_line' id='line_1_76' title="bbox 2098 3676 3715 3752; baseline -0.007 -11"><span class='ocrx_word' id='word_1_546' title='bbox 2098 3684 2336 3741; x_wconf 90' lang='lat' dir='ltr'><strong>clericus</strong></span> <span class='ocrx_word' id='word_1_547' title='bbox 2356 3697 2734 3752; x_wconf 84' lang='lat' dir='ltr'><strong>cujuscunque</strong></span> <span class='ocrx_word' id='word_1_548' title='bbox 2781 3679 3013 3746; x_wconf 86' lang='lat' dir='ltr'><strong>ordinis,</strong></span> <span class='ocrx_word' id='word_1_549' title='bbox 3061 3679 3176 3733; x_wconf 85' lang='lat' dir='ltr'><strong>sive</strong></span> <span class='ocrx_word' id='word_1_550' title='bbox 3207 3677 3378 3732; x_wconf 86' lang='lat' dir='ltr'><strong>laicus</strong></span> <span class='ocrx_word' id='word_1_551' title='bbox 3407 3676 3715 3745; x_wconf 85' lang='lat' dir='ltr'><strong>cujuscun-</strong></span> 
     </span>
    </p>
   </div>
   <div class='ocr_carea' id='block_1_77' title="bbox 2105 3776 3723 3853">
    <p class='ocr_par' dir='ltr' id='par_1_77' title="bbox 2105 3776 3723 3853">
     <span class='ocr_line' id='line_1_77' title="bbox 2105 3776 3723 3853; baseline -0.007 -17"><span class='ocrx_word' id='word_1_552' title='bbox 2105 3795 2213 3853; x_wconf 86' lang='lat' dir='ltr'><strong>que</strong></span> <span class='ocrx_word' id='word_1_553' title='bbox 2263 3778 2428 3833; x_wconf 91' lang='lat' dir='ltr'><strong>fuerit</strong></span> <span class='ocrx_word' id='word_1_554' title='bbox 2477 3776 2801 3850; x_wconf 87' lang='lat' dir='ltr'><strong>dignitatis;</strong></span> <span class='ocrx_word' id='word_1_555' title='bbox 2831 3776 2960 3847; x_wconf 89' lang='lat' dir='ltr'><strong>quia</strong></span> <span class='ocrx_word' id='word_1_556' title='bbox 2997 3783 3186 3830; x_wconf 90' lang='lat' dir='ltr'><strong>sancta</strong></span> <span class='ocrx_word' id='word_1_557' title='bbox 3225 3780 3538 3828; x_wconf 87' lang='lat' dir='ltr'><strong>sanctorum</strong></span> <span class='ocrx_word' id='word_1_558' title='bbox 3564 3777 3723 3826; x_wconf 87' lang='lat' dir='ltr'><strong>ante—</strong></span> 
     </span>
    </p>
   </div>
   <div class='ocr_carea' id='block_1_78' title="bbox 2106 3862 3723 3935">
    <p class='ocr_par' dir='ltr' id='par_1_78' title="bbox 2106 3862 3723 3935">
     <span class='ocr_line' id='line_1_78' title="bbox 2106 3862 3723 3935; baseline -0.005 -9"><span class='ocrx_word' id='word_1_559' title='bbox 2106 3885 2384 3926; x_wconf 87' lang='lat' dir='ltr'><strong>cessorum</strong></span> <span class='ocrx_word' id='word_1_560' title='bbox 2418 3877 2730 3925; x_wconf 91' lang='lat' dir='ltr'><strong>nostrorum</strong></span> <span class='ocrx_word' id='word_1_561' title='bbox 2783 3868 2998 3922; x_wconf 89' lang='lat' dir='ltr'><strong>solvere</strong></span> <span class='ocrx_word' id='word_1_562' title='bbox 3059 3866 3542 3935; x_wconf 60' lang='lat' dir='ltr'><strong>nolumusfpeque</strong></span> <span class='ocrx_word' id='word_1_563' title='bbox 3568 3862 3723 3918; x_wconf 86' lang='lat' dir='ltr'><strong>vale-</strong></span> 
     </span>
    </p>
   </div>
   <div class='ocr_carea' id='block_1_79' title="bbox 2105 3957 3720 4034">
    <p class='ocr_par' dir='ltr' id='par_1_79' title="bbox 2105 3957 3720 4034">
     <span class='ocr_line' id='line_1_79' title="bbox 2105 3957 3720 4034; baseline -0.005 -15"><span class='ocrx_word' id='word_1_564' title='bbox 2105 3980 2251 4020; x_wconf 90' lang='lat' dir='ltr'><strong>mus.</strong></span> <span class='ocrx_word' id='word_1_565' title='bbox 2286 3964 2394 4018; x_wconf 92' lang='lat' dir='ltr'><strong>Sed</strong></span> <span class='ocrx_word' id='word_1_566' title='bbox 2435 3961 2713 4034; x_wconf 92' lang='lat' dir='ltr'><strong>quomodo</strong></span> <span class='ocrx_word' id='word_1_567' title='bbox 2746 3961 2824 4015; x_wconf 88' lang='lat' dir='ltr'><strong>illi</strong></span> <span class='ocrx_word' id='word_1_568' title='bbox 2854 3976 3130 4016; x_wconf 88' lang='lat' dir='ltr'><strong>consensu</strong></span> <span class='ocrx_word' id='word_1_569' title='bbox 3160 3975 3385 4015; x_wconf 91' lang='lat' dir='ltr'><strong>suorum</strong></span> <span class='ocrx_word' id='word_1_570' title='bbox 3420 3957 3720 4028; x_wconf 89' lang='lat' dir='ltr'><strong>episcopo-</strong></span> 
     </span>
    </p>
   </div>
   <div class='ocr_carea' id='block_1_80' title="bbox 2109 4046 3723 4112">
    <p class='ocr_par' dir='ltr' id='par_1_80' title="bbox 2109 4046 3723 4112">
     <span class='ocr_line' id='line_1_80' title="bbox 2109 4046 3723 4112; baseline -0.005 -4"><span class='ocrx_word' id='word_1_571' title='bbox 2109 4070 2226 4108; x_wconf 89' lang='lat' dir='ltr'><strong>rum</strong></span> <span class='ocrx_word' id='word_1_572' title='bbox 2280 4068 2345 4108; x_wconf 88' lang='lat' dir='ltr'><strong>ac</strong></span> <span class='ocrx_word' id='word_1_573' title='bbox 2399 4052 2570 4107; x_wconf 91' lang='lat' dir='ltr'><strong>totius</strong></span> <span class='ocrx_word' id='word_1_574' title='bbox 2615 4051 2750 4106; x_wconf 82' lang='lat' dir='ltr'><strong>cieri</strong></span> <span class='ocrx_word' id='word_1_575' title='bbox 2809 4050 3235 4112; x_wconf 89' lang='lat' dir='ltr'><strong>constituerunt,</strong></span> <span class='ocrx_word' id='word_1_576' title='bbox 3291 4046 3386 4102; x_wconf 84' lang='lat' dir='ltr'><strong>ﬁat</strong></span> <span class='ocrx_word' id='word_1_577' title='bbox 3433 4063 3499 4102; x_wconf 83' lang='lat' dir='ltr'><strong>ex</strong></span> <span class='ocrx_word' id='word_1_578' title='bbox 3531 4061 3723 4103; x_wconf 89' lang='lat' dir='ltr'><strong>eorum</strong></span> 
     </span>
    </p>
   </div>
   <div class='ocr_carea' id='block_1_81' title="bbox 2108 4141 3724 4216">
    <p class='ocr_par' dir='ltr' id='par_1_81' title="bbox 2108 4141 3724 4216">
     <span class='ocr_line' id='line_1_81' title="bbox 2108 4141 3724 4216; baseline -0.004 -16"><span class='ocrx_word' id='word_1_579' title='bbox 2108 4145 2336 4216; x_wconf 88' lang='lat' dir='ltr'><strong>pariter,</strong></span> <span class='ocrx_word' id='word_1_580' title='bbox 2369 4150 2423 4198; x_wconf 91' lang='lat' dir='ltr'><strong>et</strong></span> <span class='ocrx_word' id='word_1_581' title='bbox 2453 4151 2645 4198; x_wconf 88' lang='lat' dir='ltr'><strong>nostro</strong></span> <span class='ocrx_word' id='word_1_582' title='bbox 2665 4143 2888 4198; x_wconf 90' lang='lat' dir='ltr'><strong>decreto</strong></span> <span class='ocrx_word' id='word_1_583' title='bbox 2929 4141 3147 4197; x_wconf 88' lang='lat' dir='ltr'><strong>ﬁrmum</strong></span> <span class='ocrx_word' id='word_1_584' title='bbox 3178 4148 3343 4212; x_wconf 86' lang='lat' dir='ltr'><strong>atque</strong></span> <span class='ocrx_word' id='word_1_585' title='bbox 3371 4145 3724 4212; x_wconf 88' lang='lat' dir='ltr'><strong>perpetuum.</strong></span> 
     </span>
    </p>
   </div>
   <div class='ocr_carea' id='block_1_82' title="bbox 2105 4227 3722 4304">
    <p class='ocr_par' dir='ltr' id='par_1_82' title="bbox 2105 4227 3722 4304">
     <span class='ocr_line' id='line_1_82' title="bbox 2105 4227 3722 4304; baseline -0.004 -15"><span class='ocrx_word' id='word_1_586' title='bbox 2105 4233 2435 4304; x_wconf 83' lang='lat' dir='ltr'><strong>Quicunque</strong></span> <span class='ocrx_word' id='word_1_587' title='bbox 2465 4239 2647 4286; x_wconf 87' lang='lat' dir='ltr'><strong>autem</strong></span> <span class='ocrx_word' id='word_1_588' title='bbox 2697 4231 2943 4302; x_wconf 85' lang='lat' dir='ltr'><strong>episcOpi</strong></span> <span class='ocrx_word' id='word_1_589' title='bbox 2997 4247 3099 4301; x_wconf 89' lang='lat' dir='ltr'><strong>per</strong></span> <span class='ocrx_word' id='word_1_590' title='bbox 3152 4230 3381 4296; x_wconf 90' lang='lat' dir='ltr'><strong>amicos,</strong></span> <span class='ocrx_word' id='word_1_591' title='bbox 3439 4229 3554 4283; x_wconf 90' lang='lat' dir='ltr'><strong>sive</strong></span> <span class='ocrx_word' id='word_1_592' title='bbox 3583 4227 3722 4283; x_wconf 89' lang='lat' dir='ltr'><strong>clam</strong></span> 
     </span>
    </p>
   </div>
   <div class='ocr_carea' id='block_1_83' title="bbox 2104 4318 3726 4397">
    <p class='ocr_par' dir='ltr' id='par_1_83' title="bbox 2104 4318 3726 4397">
     <span class='ocr_line' id='line_1_83' title="bbox 2104 4318 3726 4397; baseline -0.005 -15"><span class='ocrx_word' id='word_1_593' title='bbox 2104 4342 2205 4397; x_wconf 90' lang='lat' dir='ltr'><strong>per</strong></span> <span class='ocrx_word' id='word_1_594' title='bbox 2224 4326 2462 4397; x_wconf 86' lang='lat' dir='ltr'><strong>aliquam</strong></span> <span class='ocrx_word' id='word_1_595' title='bbox 2495 4324 2767 4390; x_wconf 89' lang='lat' dir='ltr'><strong>fraudem,</strong></span> <span class='ocrx_word' id='word_1_596' title='bbox 2810 4323 3107 4395; x_wconf 88' lang='lat' dir='ltr'><strong>aliquando</strong></span> <span class='ocrx_word' id='word_1_597' title='bbox 3164 4321 3414 4392; x_wconf 86' lang='lat' dir='ltr'><strong>ejusdem</strong></span> <span class='ocrx_word' id='word_1_598' title='bbox 3443 4318 3726 4396; x_wconf 86' lang='lat' dir='ltr'><strong>dignitatis</strong></span> 
     </span>
    </p>
   </div>
   <div class='ocr_carea' id='block_1_84' title="bbox 2105 4411 3723 4488">
    <p class='ocr_par' dir='ltr' id='par_1_84' title="bbox 2105 4411 3723 4488">
     <span class='ocr_line' id='line_1_84' title="bbox 2105 4411 3723 4488; baseline -0.003 -16"><span class='ocrx_word' id='word_1_599' title='bbox 2105 4417 2388 4488; x_wconf 90' lang='lat' dir='ltr'><strong>petierint,</strong></span> <span class='ocrx_word' id='word_1_600' title='bbox 2413 4417 2526 4472; x_wconf 90' lang='lat' dir='ltr'><strong>sive</strong></span> <span class='ocrx_word' id='word_1_601' title='bbox 2559 4415 2838 4488; x_wconf 89' lang='lat' dir='ltr'><strong>petierunt</strong></span> <span class='ocrx_word' id='word_1_602' title='bbox 2868 4415 3238 4488; x_wconf 89' lang='lat' dir='ltr'><strong>privilegium,</strong></span> <span class='ocrx_word' id='word_1_603' title='bbox 3276 4414 3400 4469; x_wconf 91' lang='lat' dir='ltr'><strong>illos</strong></span> <span class='ocrx_word' id='word_1_604' title='bbox 3425 4411 3723 4484; x_wconf 87' lang='lat' dir='ltr'><strong>suspendi-</strong></span> 
     </span>
    </p>
   </div>
   <div class='ocr_carea' id='block_1_85' title="bbox 2101 4502 3724 4576">
    <p class='ocr_par' dir='ltr' id='par_1_85' title="bbox 2101 4502 3724 4576">
     <span class='ocr_line' id='line_1_85' title="bbox 2101 4502 3724 4576; baseline -0.003 -15"><span class='ocrx_word' id='word_1_605' title='bbox 2101 4521 2224 4561; x_wconf 89' lang='lat' dir='ltr'><strong>mus</strong></span> <span class='ocrx_word' id='word_1_606' title='bbox 2263 4505 2330 4560; x_wconf 89' lang='lat' dir='ltr'><strong>ab</strong></span> <span class='ocrx_word' id='word_1_607' title='bbox 2351 4521 2416 4560; x_wconf 86' lang='lat' dir='ltr'><strong>ea</strong></span> <span class='ocrx_word' id='word_1_608' title='bbox 2465 4504 2786 4576; x_wconf 87' lang='lat' dir='ltr'><strong>dignitate;</strong></span> <span class='ocrx_word' id='word_1_609' title='bbox 2835 4505 2966 4576; x_wconf 87' lang='lat' dir='ltr'><strong>quia</strong></span> <span class='ocrx_word' id='word_1_610' title='bbox 3019 4503 3265 4560; x_wconf 89' lang='lat' dir='ltr'><strong>illicitum</strong></span> <span class='ocrx_word' id='word_1_611' title='bbox 3317 4502 3634 4572; x_wconf 87' lang='lat' dir='ltr'><strong>judicamus</strong></span> <span class='ocrx_word' id='word_1_612' title='bbox 3662 4510 3724 4556; x_wconf 92' lang='lat' dir='ltr'><strong>ut</strong></span> 
     </span>
    </p>
   </div>
   <div class='ocr_carea' id='block_1_86' title="bbox 2103 4591 3722 4666">
    <p class='ocr_par' dir='ltr' id='par_1_86' title="bbox 2103 4591 3722 4666">
     <span class='ocr_line' id='line_1_86' title="bbox 2103 4591 3722 4666; baseline -0.002 -18"><span class='ocrx_word' id='word_1_613' title='bbox 2103 4594 2304 4666; x_wconf 82' lang='lat' dir='ltr'><strong>aliquis</strong></span> <span class='ocrx_word' id='word_1_614' title='bbox 2332 4594 2647 4664; x_wconf 88' lang='lat' dir='ltr'><strong>episcopus,</strong></span> <span class='ocrx_word' id='word_1_615' title='bbox 2679 4593 2802 4648; x_wconf 92' lang='lat' dir='ltr'><strong>sine</strong></span> <span class='ocrx_word' id='word_1_616' title='bbox 2851 4593 3021 4649; x_wconf 88' lang='lat' dir='ltr'><strong>totius</strong></span> <span class='ocrx_word' id='word_1_617' title='bbox 3050 4608 3165 4647; x_wconf 67' lang='lat' dir='ltr'><strong>ante</strong></span> <span class='ocrx_word' id='word_1_618' title='bbox 3225 4591 3525 4663; x_wconf 58' lang='lat' dir='ltr'><strong>provincia</strong></span> <span class='ocrx_word' id='word_1_619' title='bbox 3557 4599 3722 4662; x_wconf 89' lang='lat' dir='ltr'><strong>atque</strong></span> 
     </span>
    </p>
   </div>
   <div class='ocr_carea' id='block_1_87' title="bbox 2104 4681 3724 4756">
    <p class='ocr_par' dir='ltr' id='par_1_87' title="bbox 2104 4681 3724 4756">
     <span class='ocr_line' id='line_1_87' title="bbox 2104 4681 3724 4756; baseline -0.002 -18"><span class='ocrx_word' id='word_1_620' title='bbox 2104 4681 2580 4756; x_wconf 77' lang='lat' dir='ltr'><strong>suﬂ‘raganeorum</strong></span> <span class='ocrx_word' id='word_1_621' title='bbox 2607 4698 2832 4738; x_wconf 88' lang='lat' dir='ltr'><strong>suorum</strong></span> <span class='ocrx_word' id='word_1_622' title='bbox 2864 4697 3160 4748; x_wconf 88' lang='lat' dir='ltr'><strong>consensu,</strong></span> <span class='ocrx_word' id='word_1_623' title='bbox 3202 4682 3432 4754; x_wconf 90' lang='lat' dir='ltr'><strong>pallium</strong></span> <span class='ocrx_word' id='word_1_624' title='bbox 3474 4681 3589 4739; x_wconf 90' lang='lat' dir='ltr'><strong>sive</strong></span> <span class='ocrx_word' id='word_1_625' title='bbox 3619 4682 3724 4736; x_wconf 83' lang='lat' dir='ltr'><strong>sli-</strong></span> 
     </span>
    </p>
   </div>
   <div class='ocr_carea' id='block_1_88' title="bbox 2105 4768 3718 4844">
    <p class='ocr_par' dir='ltr' id='par_1_88' title="bbox 2105 4768 3718 4844">
     <span class='ocr_line' id='line_1_88' title="bbox 2105 4768 3718 4844; baseline -0.003 -17"><span class='ocrx_word' id='word_1_626' title='bbox 2105 4772 2256 4844; x_wconf 92' lang='lat' dir='ltr'><strong>quod</strong></span> <span class='ocrx_word' id='word_1_627' title='bbox 2285 4772 2793 4843; x_wconf 86' lang='lat' dir='ltr'><strong>archiepiscopatus</strong></span> <span class='ocrx_word' id='word_1_628' title='bbox 2820 4770 3170 4843; x_wconf 87' lang='lat' dir='ltr'><strong>privilegium</strong></span> <span class='ocrx_word' id='word_1_629' title='bbox 3202 4787 3234 4825; x_wconf 88' lang='lat' dir='ltr'><strong>a</strong></span> <span class='ocrx_word' id='word_1_630' title='bbox 3258 4770 3505 4827; x_wconf 81' lang='lat' dir='ltr'><strong>Romano</strong></span> <span class='ocrx_word' id='word_1_631' title='bbox 3535 4768 3718 4840; x_wconf 88' lang='lat' dir='ltr'><strong>ponti-</strong></span> 
     </span>
    </p>
   </div>
   <div class='ocr_carea' id='block_1_89' title="bbox 2027 4862 2878 4938">
    <p class='ocr_par' dir='ltr' id='par_1_89' title="bbox 2027 4862 2878 4938">
     <span class='ocr_line' id='line_1_89' title="bbox 2027 4862 2878 4938; baseline -0.001 -18"><span class='ocrx_word' id='word_1_632' title='bbox 2027 4868 2076 4938; x_wconf 70' lang='grc' dir='ltr'><strong>Ο</strong></span> <span class='ocrx_word' id='word_1_633' title='bbox 2098 4862 2203 4920; x_wconf 77' lang='lat' dir='ltr'><strong>tice</strong></span> <span class='ocrx_word' id='word_1_634' title='bbox 2233 4863 2520 4936; x_wconf 83' lang='lat' dir='ltr'><strong>acquirere</strong></span> <span class='ocrx_word' id='word_1_635' title='bbox 2559 4871 2878 4933; x_wconf 69' lang='lat' dir='ltr'><strong>praesumat.</strong></span> 
     </span>
    </p>
   </div>
   <div class='ocr_carea' id='block_1_90' title="bbox 2868 5000 2934 5056">
    <p class='ocr_par' dir='ltr' id='par_1_90' title="bbox 2868 5000 2934 5056">
     <span class='ocr_line' id='line_1_90' title="bbox 2868 5000 2934 5056; baseline 0.03 -2"><span class='ocrx_word' id='word_1_636' title='bbox 2868 5000 2934 5056; x_wconf 91' lang='lat' dir='ltr'><strong>Il.</strong></span> 
     </span>
    </p>
   </div>
   <div class='ocr_carea' id='block_1_91' title="bbox 2169 5087 3645 5162">
    <p class='ocr_par' dir='ltr' id='par_1_91' title="bbox 2169 5087 3645 5162">
     <span class='ocr_line' id='line_1_91' title="bbox 2169 5087 3645 5162; baseline -0.005 -17"><span class='ocrx_word' id='word_1_637' title='bbox 2169 5092 2523 5159; x_wconf 78' lang='lat' dir='ltr'><strong>Privilegium</strong></span> <span class='ocrx_word' id='word_1_638' title='bbox 2561 5090 2836 5145; x_wconf 82' lang='lat' dir='ltr'><strong>Benedicti</strong></span> <span class='ocrx_word' id='word_1_639' title='bbox 2856 5107 3037 5162; x_wconf 71' lang='lat' dir='ltr'><strong>papae,</strong></span> <span class='ocrx_word' id='word_1_640' title='bbox 3069 5090 3212 5159; x_wconf 85' lang='lat' dir='ltr'><strong>quod</strong></span> <span class='ocrx_word' id='word_1_641' title='bbox 3231 5088 3381 5141; x_wconf 83' lang='lat' dir='ltr'><strong>dedit</strong></span> <span class='ocrx_word' id='word_1_642' title='bbox 3403 5087 3645 5155; x_wconf 86' lang='lat' dir='ltr'><strong>episcopo</strong></span> 
     </span>
    </p>
   </div>
   <div class='ocr_carea' id='block_1_92' title="bbox 2563 5162 3248 5240">
    <p class='ocr_par' dir='ltr' id='par_1_92' title="bbox 2563 5162 3248 5240">
     <span class='ocr_line' id='line_1_92' title="bbox 2563 5162 3248 5240; baseline -0.001 -24"><span class='ocrx_word' id='word_1_643' title='bbox 2563 5163 2883 5216; x_wconf 77' lang='lat' dir='ltr'><strong>Theoderico</strong></span> <span class='ocrx_word' id='word_1_644' title='bbox 2922 5162 3248 5240; x_wconf 78' lang='lat' dir='ltr'><strong>Trevirensi.</strong></span> 
     </span>
    </p>
   </div>
   <div class='ocr_carea' id='block_1_93' title="bbox 2742 5255 3072 5328">
    <p class='ocr_par' dir='ltr' id='par_1_93' title="bbox 2742 5255 3072 5328">
     <span class='ocr_line' id='line_1_93' title="bbox 2742 5255 3072 5328; baseline -0.009 -17"><span class='ocrx_word' id='word_1_645' title='bbox 2742 5258 2913 5328; x_wconf 80' lang='lat' dir='ltr'><strong>(Anno</strong></span> <span class='ocrx_word' id='word_1_646' title='bbox 2929 5255 3072 5318; x_wconf 72' lang='lat'><strong>973.)</strong></span> 
     </span>
    </p>
   </div>
   <div class='ocr_carea' id='block_1_94' title="bbox 2537 5344 3288 5418">
    <p class='ocr_par' dir='ltr' id='par_1_94' title="bbox 2537 5344 3288 5418">
     <span class='ocr_line' id='line_1_94' title="bbox 2537 5344 3288 5418; baseline -0.003 -18"><span class='ocrx_word' id='word_1_647' title='bbox 2537 5347 2743 5418; x_wconf 69' lang='lat' dir='ltr'><strong>[MANSL</strong></span> <span class='ocrx_word' id='word_1_648' title='bbox 2773 5347 2972 5402; x_wconf 83' lang='lat' dir='ltr'><strong>Concil.</strong></span> <span class='ocrx_word' id='word_1_649' title='bbox 3005 5345 3138 5410; x_wconf 78' lang='lat' dir='ltr'><strong>XIX,</strong></span> <span class='ocrx_word' id='word_1_650' title='bbox 3178 5344 3288 5415; x_wconf 73' lang='grc'><strong>45]</strong></span> 
     </span>
    </p>
   </div>
   <div class='ocr_carea' id='block_1_95' title="bbox 2181 5457 3717 5532">
    <p class='ocr_par' dir='ltr' id='par_1_95' title="bbox 2181 5457 3717 5532">
     <span class='ocr_line' id='line_1_95' title="bbox 2181 5457 3717 5532; baseline -0.001 -19"><span class='ocrx_word' id='word_1_651' title='bbox 2181 5460 2515 5517; x_wconf 69' lang='lat' dir='ltr'><strong>Baseniarus</strong></span> <span class='ocrx_word' id='word_1_652' title='bbox 2559 5461 2873 5532; x_wconf 83' lang='lat' dir='ltr'><strong>episcOpus,</strong></span> <span class='ocrx_word' id='word_1_653' title='bbox 2904 5474 3092 5512; x_wconf 89' lang='lat' dir='ltr'><strong>servus</strong></span> <span class='ocrx_word' id='word_1_654' title='bbox 3118 5474 3400 5513; x_wconf 87' lang='lat' dir='ltr'><strong>servorum</strong></span> <span class='ocrx_word' id='word_1_655' title='bbox 3433 5458 3550 5524; x_wconf 92' lang='lat' dir='ltr'><strong>Dei,</strong></span> <span class='ocrx_word' id='word_1_656' title='bbox 3584 5457 3717 5512; x_wconf 85' lang='lat' dir='ltr'><strong>cha-</strong></span> 
     </span>
    </p>
   </div>
   <div class='ocr_carea' id='block_1_96' title="bbox 2110 5547 3714 5621">
    <p class='ocr_par' dir='ltr' id='par_1_96' title="bbox 2110 5547 3714 5621">
     <span class='ocr_line' id='line_1_96' title="bbox 2110 5547 3714 5621; baseline 0.001 -19"><span class='ocrx_word' id='word_1_657' title='bbox 2110 5549 2338 5604; x_wconf 90' lang='lat' dir='ltr'><strong>rissimis</strong></span> <span class='ocrx_word' id='word_1_658' title='bbox 2360 5552 2520 5606; x_wconf 91' lang='lat' dir='ltr'><strong>nobis</strong></span> <span class='ocrx_word' id='word_1_659' title='bbox 2557 5550 2611 5604; x_wconf 87' lang='lat' dir='ltr'><strong>in</strong></span> <span class='ocrx_word' id='word_1_660' title='bbox 2636 5549 2844 5603; x_wconf 80' lang='lat' dir='ltr'><strong>Christo</strong></span> <span class='ocrx_word' id='word_1_661' title='bbox 2906 5548 3164 5603; x_wconf 87' lang='lat' dir='ltr'><strong>fratribus</strong></span> <span class='ocrx_word' id='word_1_662' title='bbox 3186 5548 3459 5603; x_wconf 87' lang='lat' dir='ltr'><strong>universis</strong></span> <span class='ocrx_word' id='word_1_663' title='bbox 3489 5547 3714 5621; x_wconf 87' lang='lat' dir='ltr'><strong>episco-</strong></span> 
     </span>
    </p>
   </div>
   <div class='ocr_carea' id='block_1_97' title="bbox 2107 5636 3710 5711">
    <p class='ocr_par' dir='ltr' id='par_1_97' title="bbox 2107 5636 3710 5711">
     <span class='ocr_line' id='line_1_97' title="bbox 2107 5636 3710 5711; baseline 0.001 -19"><span class='ocrx_word' id='word_1_664' title='bbox 2107 5637 2191 5708; x_wconf 89' lang='lat' dir='ltr'><strong>pis</strong></span> <span class='ocrx_word' id='word_1_665' title='bbox 2221 5654 2284 5694; x_wconf 93' lang='lat' dir='ltr'><strong>ac</strong></span> <span class='ocrx_word' id='word_1_666' title='bbox 2314 5639 2481 5694; x_wconf 91' lang='lat' dir='ltr'><strong>totius</strong></span> <span class='ocrx_word' id='word_1_667' title='bbox 2535 5637 2838 5711; x_wconf 83' lang='lat' dir='ltr'><strong>dignitatis,</strong></span> <span class='ocrx_word' id='word_1_668' title='bbox 2884 5646 2938 5693; x_wconf 93' lang='lat' dir='ltr'><strong>et</strong></span> <span class='ocrx_word' id='word_1_669' title='bbox 2981 5637 3197 5694; x_wconf 90' lang='lat' dir='ltr'><strong>ordinis</strong></span> <span class='ocrx_word' id='word_1_670' title='bbox 3245 5637 3532 5694; x_wconf 89' lang='lat' dir='ltr'><strong>catholicis</strong></span> <span class='ocrx_word' id='word_1_671' title='bbox 3560 5636 3710 5701; x_wconf 87' lang='lat' dir='ltr'><strong>viris,</strong></span> 
     </span>
    </p>
   </div>
  </div>
