4042 6156
423 203 444 255 Ἰ
457 200 560 258 083

1732 215 1860 272 BEN
1866 216 2080 272 EDICTl
2121 218 2184 274 Vl
2228 217 2434 274 ΡΑΡᾸΕ.

3615 237 3751 293 1084

416 324 785 424 praesentibus
813 327 1026 385 scilicet
1057 340 1111 387 et
1137 331 1353 400 futuris,
1385 346 1706 408 perpetuam
1765 340 2021 397 salutem.
2052 346 2098 412 Α
2129 343 2302 396 alieni
2351 348 2532 410 erunt,
2571 345 2780 401 dicente
2828 349 3051 403 Domino
3082 367 3095 404 :
3125 351 3230 418 Qui
3284 369 3375 408 vos
3404 358 3632 424 spernit,
3671 376 3750 414 me

490 416 642 483 Quia,
674 418 800 475 licet
827 419 1472 496 indigni,divinzetamen
1491 431 1833 505 dignationis
1856 435 2030 507 gratia

419 501 771 593 disponente,
802 509 946 566 beati
980 513 1122 567 Petri
1156 519 1529 586 apostolorum
1553 501 1820 593 principis
1847 501 2030 578 sacra-

415 589 683 648 tissimam
716 597 926 664 sedem,
961 601 1387 676 universalequc
1441 607 1496 661 in
1532 589 1646 664 toto
1676 589 1812 664 orbe
1845 611 2026 684 magi-

415 688 644 744 sterium
671 694 1037 765 suscepimus,
1086 715 1310 756 necesse
1354 709 1436 756 est
1473 703 1719 759 omnium
1753 707 2026 762 Ecclesia-

417 795 558 849 rum,
591 790 650 838 ut
696 785 1172 857 diligentissimam
1224 793 1656 851 sollicitudinem
1707 797 1782 852 ita
1840 801 2024 854 conti-

415 876 612 925 nenter
712 873 1029 944 habeamus,
1124 896 1194 936 ne
1277 898 1465 938 earum
1518 885 1645 954 jura
1704 889 2026 944 auctoritate

412 957 660 1025 ejusdem
693 964 1066 1032 apostolorum
1101 968 1389 1040 principis,
1430 981 1868 1047 caeterorumque
1899 994 2026 1032 suc-

412 1061 691 1105 cessorum
753 1053 873 1121 ejus
924 1059 1320 1114 venerabilium
1377 1063 1596 1120 Patrum
1627 1065 2024 1124 inviolabiliter

411 1145 631 1208 statuta,
660 1150 715 1197 et
743 1147 1084 1216 confirmata,
1117 1160 1304 1209 nostro
1334 1157 1654 1212 minuantur
1699 1176 1762 1214 ac
1799 1168 2024 1230 pereant

412 1237 691 1304 tempore;
715 1239 810 1292 sed
843 1243 1025 1311 potius
1054 1247 1409 1304 corroborata
1430 1250 1690 1306 decenter
1721 1261 2024 1328 augeantur

409 1329 574 1394 atque
605 1327 911 1396 proficiant.
959 1335 1087 1390 Ideo
1109 1347 1344 1392 vestram
1414 1356 1577 1396 nosse
1611 1327 1864 1399 volumus
1894 1362 2024 1401 san-

404 1411 648 1467 ctitatem
681 1419 846 1487 quod,
877 1420 1588 1486 Theodericodilectissimo
1641 1431 1806 1488 fratre
1832 1443 2022 1492 nostro

401 1501 754 1586 Trevcrensis
814 1512 1066 1570 Ecclesia:
1133 1519 1547 1592 archiepiscopo
1614 1524 1837 1580 Romam
1879 1527 2015 1582 diri-

2128 438 2332 504 spernit
2360 435 2521 504 (Lue.
2564 454 2618 502 x,
2649 439 2756 508 16.)
2816 440 2961 495 lnter
2987 443 3108 498 haec
3137 459 3367 516 quoque
3397 449 3608 516 omnia,
3627 467 3742 522 qua

2129 523 2198 578 ad
2253 523 2621 594 supradictam
2693 526 3085 586 Treverensem
3137 529 3438 590 Ecclesiam
3498 537 3640 593 intra
3692 547 3742 594 et

2129 623 2277 670 extra
2295 615 2569 670 civitatem
2619 618 2896 687 pertinere
2929 621 3222 690 gvidentur,
3280 625 3331 678 id
3363 634 3448 681 est
3481 627 3743 684 Ecclesias

2127 723 2251 762 cum
2284 708 2557 764 universis
2588 710 2752 765 rebus
2804 711 2909 767 sibi
2968 715 3353 784 attinentibus,
3401 735 3500 772 seu
3559 737 3742 776 mona-

2126 796 2293 850 steria
2335 805 2444 851 tam
2486 798 2880 854 monachorum
2926 818 3090 872 quam
3150 804 3452 876 virginum,
3521 825 3643 880 qua:
3680 827 3739 865 ex

2128 889 2439 958 praeceptis,
2485 889 2600 942 sive
2628 890 2850 960 scriptis
2905 907 3118 965 regum,
3161 911 3260 949 seu
3313 898 3735 967 imperatorum,

2125 979 2240 1034 sive
2294 981 2614 1034 eorumdem
2663 980 3010 1045 fundatorum
3043 987 3371 1043 auctoritate
3392 989 3462 1042 ad
3486 1006 3545 1045 se
3575 994 3739 1061 perti-

2126 1078 2258 1125 nent
2287 1078 2343 1126 et
2368 1073 2642 1142 pertinere
2697 1073 2924 1142 debent,
2967 1083 3022 1130 et
3053 1077 3328 1148 quidquid
3381 1081 3612 1136 omnino
3655 1083 3741 1137 illa

2124 1163 2244 1233 ipsa
2283 1163 2522 1218 Ecclesia
2551 1163 2779 1236 ubique,
2808 1173 2863 1220 et
2889 1183 3113 1238 quoquo
3154 1169 3355 1224 merito
3386 1171 3638 1240 possidet
3693 1181 3742 1227 et

2125 1252 2459 1324 coepiscopo
2491 1261 2700 1318 nostro,
2729 1256 2956 1328 suisque
2984 1260 3400 1314 successoribus
3437 1262 3506 1315 ad
3542 1278 3741 1334 perpe-

2125 1351 2274 1398 tuam
2313 1350 2516 1399 sanctae
2571 1345 2925 1401 Treverensis
2989 1349 3248 1404 Ecclesia:
3305 1351 3741 1408 dominationem

2125 1447 2290 1509 atque
2323 1438 2610 1506 ditionem,
2644 1456 2744 1510 per
2773 1441 2937 1508 hujus
3004 1450 3204 1498 nostra:
3245 1445 3570 1514 apostolicae
3600 1446 3746 1501 sedis

2119 1526 2507 1596 praeceptionis
2552 1528 2774 1595 seriem,
2829 1529 2932 1584 hac
2963 1531 3270 1600 praesentit
3325 1532 3660 1596 indictione,
3695 1542 3746 1589 et

404 1607 568 1667 gente
596 1600 934 1677 legatarium,
967 1610 1033 1663 ad
1079 1620 1392 1668 sanctorum
1416 1619 1789 1686 apostolorum
1819 1621 2015 1677 limina
2045 1649 2094 1717 Β
2117 1634 2297 1689 usque
2325 1618 2380 1672 in
2429 1617 2594 1672 ﬁnem
2636 1620 2823 1674 saeculi
2871 1622 3182 1677 valituram.
3236 1622 3435 1678 Contra
3494 1642 3664 1696 quam
3697 1628 3740 1680 si

405 1689 712 1717 nnA:..:....-.-
765 1697 836 1717 -2;
889 1709 900 1717 .
989 1703 1021 1717 ,ο
1238 1706 1287 1717 .-
1529 1709 1562 1717 ..
1665 1712 1676 1717 -
1798 1713 1806 1717 .
2199 1711 2209 1717 .
2828 1713 2837 1717 -
3156 1716 3163 1717 ,
3207 1716 3213 1717 ,

402 1689 736 1762 audivimus,
763 1697 906 1753 sicut
953 1703 1115 1757 etiam
1171 1706 1381 1774 pridem
1437 1709 1738 1778 audiendo,
1796 1713 1906 1768 imo
1965 1721 2018 1768 et

405 1779 643 1855 legendo
672 1797 1011 1858 compertum
1062 1794 1376 1864 habuimus,
1419 1802 1671 1854 eamdem
1707 1802 1878 1872 ipsam
1907 1821 2017 1873 prie

404 1878 619 1932 caeteris
690 1881 985 1939 Galliarum
1058 1889 1315 1945 Ecclesiis
1381 1895 1662 1950 catholica:
1734 1897 2020 1970 religionis

406 1972 716 2063 exordium,
758 1985 811 2030 et
843 1978 1132 2037 Chistianae
1156 1985 1440 2058 religionis
1472 1991 1863 2063 catholicaeque
1889 1993 2016 2050 ﬁdei

407 2059 717 2116 rudimenta
755 2065 932 2134 prima
956 2073 1265 2142 percepisse
1294 2092 1391 2144 per
1434 2086 1744 2135 sanctorum
1775 2059 2016 2140 virorum

402 2149 676 2219 Eucharii,
701 2153 920 2224 Valerii,
960 2160 1209 2230 Materni,
1265 2172 1319 2219 et
1347 2177 1671 2225 caeterorum
1727 2176 2014 2249 evangeli-

402 2254 519 2293 cam
553 2241 878 2314 doctrinam,
902 2265 1043 2319 quos
1082 2261 1330 2324 tempore
1353 2272 1452 2312 suo
1485 2261 1777 2328 praedictus
1809 2241 2018 2320 beatis-

401 2330 791 2421 simusPetrus
831 2342 1111 2409 apostolus
1158 2346 1434 2402 ordinavit
1478 2357 1534 2404 et
1584 2352 1859 2421 instruxit,
1915 2374 2018 2413 nec

400 2429 511 2468 non
535 2417 660 2474 illuc
707 2424 774 2476 ad
819 2428 1228 2495 praedicandum
1276 2435 1490 2491 direxit.
1529 2439 1682 2494 Unde
1730 2417 1898 2498 totius
1923 2460 2018 2500 or-

404 2505 550 2562 dinis
573 2520 775 2568 nostra:
805 2518 955 2572 sedis
986 2524 1300 2591 apostolicae
1347 2530 1623 2596 consultu,
1667 2535 2016 2608 gratuitoque

403 2615 627 2657 assensu
673 2605 798 2674 jura
853 2611 1288 2687 privilegiorum,
1343 2635 1466 2690 qua;
1497 2637 1528 2676 a
1564 2631 1750 2679 sancta
1774 2605 2017 2683 Romana

403 2695 573 2743 matre
604 2692 844 2750 Ecclesia
870 2700 1108 2768 praefatis
1167 2709 1392 2774 sanctis,
1447 2725 1748 2783 eorumque
1785 2715 2015 2786 reliquis

398 2785 832 2876 successoribus,
889 2791 942 2844 id
999 2801 1082 2849 est
1129 2797 1358 2871 Agritio,
1400 2801 1713 2869 Maximino,
1757 2785 2011 2876 Paulino,

398 2867 624 2937 Severo,
679 2874 930 2933 almiﬁcis
968 2889 1024 2936 et
1077 2867 1398 2954 apostolicis
1453 2889 1604 2957 viris,
1647 2908 1676 2945 a
1709 2867 2013 2964 primordio

395 2971 569 3052 usque
601 2977 749 3018 nunc
775 2968 1094 3026 authentice
1123 2989 1386 3031 concessa
1411 2985 1556 3046 sunt,
1588 2997 1824 3052 quaeque
1847 2985 2009 3040 etiam

397 3047 569 3118 ipsius
600 3054 834 3112 civitatis
865 3063 1102 3128 excidio,
1146 3066 1406 3124 incendio
1435 3070 1687 3142 aliquove
1719 3090 1848 3129 casu
1877 3091 2010 3132 con-

395 3151 616 3213 sumpta
656 3151 1048 3218 approbantur,
1120 3155 1304 3212 eidem
1377 3159 1696 3218 Treverensi
1759 3166 2013 3224 Ecclesia:

393 3234 766 3309 praedictoque
815 3241 965 3297 fratri
1026 3254 1213 3303 nostro
1270 3250 1630 3321 Theoderico,
1682 3263 1852 3328 etper
1879 3275 2004 3316 eum

391 3331 604 3385 cunctis
654 3339 1064 3394 successoribus
1125 3343 1240 3397 suis
1286 3345 1696 3418 reconfirmare,
1755 3369 2006 3411 recorro—

390 3416 584 3513 borare
615 3433 669 3479 et
711 3429 862 3483 omni
895 3432 1059 3487 modo
1117 3435 1403 3492 restituere
1433 3416 1689 3513 dignum?
1723 3444 2001 3511 duximus,

390 3505 775 3604 decernentes,
795 3524 928 3584 etc.,
965 3517 1390 3579 utTreverensis
1423 3505 1623 3596 praesul
1652 3539 1776 3600 post
1810 3505 2009 3604 quem;

391 3596 526 3654 libet
545 3603 887 3661 ordinarium
939 3608 1175 3682 legatum
1224 3617 1541 3684 apostolica:
1586 3596 1735 3676 sedis
1783 3596 1843 3678 in
1886 3625 2010 3680 Gal-

392 3686 543 3753 liam,
568 3690 984 3752 Germaniamve
1006 3699 1362 3770 destinatum,
1393 3706 1630 3775 primum
1673 3710 1819 3765 inter
1870 3713 2009 3769 alios

390 3777 682 3845 pontiﬁces
727 3781 911 3838 locum
965 3787 1211 3842 obtineat
1274 3791 1336 3845 Et
1399 3793 1445 3847 si
1489 3796 1687 3851 missus
1742 3799 2000 3857 Romanae

392 3862 646 3922 Ecclesiae
668 3869 926 3939 defuerit,
977 3876 1230 3932 similiter
1274 3887 1397 3949 post
1454 3882 2003 3954 imperatorem,sive

391 3974 577 4054 regem
618 3967 873 4034 sedendi,
915 3973 1242 4028 sententiam
1288 3977 1564 4046 edicendi,
1619 3990 1674 4036 et
1738 3986 2002 4054 synodale

382 4050 654 4121 judicium
705 4057 970 4112 canonice
1021 4064 1406 4139 promulgandi
1451 4069 1746 4138 primatum
1773 4050 1997 4131 habeat.

388 4149 578 4213 utpote
604 4144 662 4199 in
692 4144 798 4199 illis
828 4148 1076 4217 partibus
1103 4151 1341 4208 vicarius
1369 4163 1570 4212 nostrae
1596 4159 1745 4214 sedis
1775 4171 2001 4231 aposto-

383 4234 504 4292 licte
527 4238 723 4294 merito
779 4242 1130 4300 constitutus.
1183 4246 1374 4318 Neque
1413 4250 1560 4304 enim
1591 4252 1822 4326 dignum
1843 4261 1999 4311 estut

386 4329 533 4386 illius
553 4332 811 4389 Ecclesiae
880 4339 1082 4406 praesul
1130 4339 1317 4411 aliquo
1369 4348 1614 4413 tempore
1643 4349 1858 4404 caeteris
1887 4366 1996 4405 non

384 4421 648 4478 habeatur
677 4427 957 4496 pmlatus,
989 4430 1146 4498 cujus
1178 4431 1358 4488 honor
1385 4434 1440 4487 in
1471 4435 1578 4491 illis
1625 4439 1872 4508 partibus
1897 4443 1999 4496 sub

389 4513 511 4582 ipso
538 4517 914 4584 apostolorum
945 4521 1194 4594 principe
1227 4525 1441 4580 exstitit
1490 4529 1820 4597 primitivus.
1879 4533 1997 4588 Pari

387 4620 626 4676 namque
654 4611 818 4665 modo
884 4614 1180 4683 sancimus,
1240 4632 1438 4672 omnes
1488 4619 1544 4674 in
1575 4622 1852 4690 parochiis
1880 4624 2000 4692 ejus

385 4695 675 4770 degentes,
699 4700 814 4754 sive
845 4704 1250 4762 ordinationem
1284 4716 1337 4763 et
1389 4711 1787 4778 promotionem
1812 4713 1996 4782 cujus-

383 4787 898 4846 libetecclesiastici
929 4798 1130 4865 gradus
1177 4815 1208 4853 a
1267 4801 1528 4870 pontifice
1583 4803 1790 4875 ipsius]
1813 4806 1993 4874 perci-

382 4881 620 4952 pientes,
669 4885 851 4939 eidem
910 4886 1013 4957 ipsi
1060 4892 1271 4948 matrici
1328 4894 1587 4950 Ecclesiae
1617 4897 1993 4970 episcopoque

382 4976 526 5030 illius
545 4977 748 5032 debere
778 4979 1042 5034 canonice
1075 4981 1292 5050 placere
1339 4985 1595 5058 obsequi,
1629 4997 1684 5042 et
1707 4989 1832 5057 jure
1859 4991 1994 5045 obe-

383 5067 520 5122 dire.
556 5067 610 5121 Si
640 5069 865 5140 quidem
897 5071 1120 5129 decreto
1150 5075 1295 5131 beati
1318 5077 1615 5134 Clementis
1640 5098 1796 5152 papae
1828 5099 1998 5154 super

381 5157 483 5213 hoc
538 5159 610 5213 ita
656 5167 878 5216 cautum
958 5166 1178 5222 Videtur
1227 5171 1470 5237 (epistola
1534 5172 1586 5226 3.
1631 5173 1698 5227 ad
1731 5174 1989 5229 Ruﬁnum

375 5245 616 5317 (Toran.)
650 5251 747 5305 :Si
769 5254 914 5308 vobis
943 5258 1183 5326 episcopi
1209 5272 1316 5312 non
1345 5259 1638 5326 obedirent,
1666 5277 1844 5317 omnes
1869 5279 1993 5333 pre-

378 5337 594 5405 sbyteri,
609 5341 844 5409 diaconi,
875 5347 1200 5402 subdiaconi
1229 5365 1291 5404 ac
1321 5351 1524 5420 reliqui
1560 5355 1743 5408 clerici
1789 5358 1988 5421 cuncti,

376 5441 657 5498 omnesque
679 5434 958 5503 principes
1001 5441 1113 5491 tam
1141 5439 1369 5508 majoris
1419 5441 1625 5495 ordinis
1655 5460 1819 5511 quam
1847 5446 1990 5510 infe-

375 5519 558 5581 rioris,
617 5523 780 5590 atque
837 5524 1037 5593 reliqui
1078 5528 1295 5597 populi,
1354 5530 1525 5584 tribus
1571 5535 1619 5584 et
1648 5532 1849 5598 lingua:
1885 5549 1992 5588 non

380 5605 878 5678 obtemperaverint,
922 5629 958 5668 a
1017 5615 1283 5673 limitibus
1339 5623 1538 5674 sancta
1594 5621 1842 5676 Ecclesiae
1901 5625 1991 5676 Dei

2019 4391 2074 4458 D

2119 1711 2244 1782 quis
2269 1727 2432 1786 agere
2457 1713 2882 1782 praesumpserit,
2913 1721 2966 1767 et
3020 1716 3171 1785 quod
3197 1716 3344 1784 juste
3374 1725 3430 1771 et
3471 1719 3742 1774 canonice

2121 1819 2151 1856 a
2181 1803 2346 1858 nobis
2371 1803 2651 1858 decretum
2683 1811 2768 1859 est
2800 1804 2854 1858 in
2876 1805 3063 1876 aliquo
3097 1806 3399 1879 infringere
3429 1812 3740 1873 tentaverit,

2119 1893 2256 1947 sciat
2312 1891 2391 1955 se?
2430 1908 2495 1946 ex
2535 1892 2960 1963 Omnipotentis,
3017 1901 3072 1948 et
3125 1896 3373 1965 praedicti
3428 1896 3742 1953 beatissimi

2120 1985 2494 2057 apostolorum
2552 1986 2819 2057 principis
2874 1988 3240 2058 omniumque
3296 1999 3638 2056 sanctorum,
3683 2008 3744 2047 ac

2120 2080 2328 2134 deinde
2357 2089 2542 2135 nostra
2571 2081 2890 2136 auctoritate
2921 2082 3303 2137 damnandum
3336 2091 3390 2137 et
3418 2086 3746 2140 anathema-

2121 2171 2425 2236 tizandum,
2458 2188 2579 2226 cum
2630 2172 2889 2227 omnibus
2941 2174 3130 2244 impiis
3175 2175 3396 2229 aeternis
3451 2177 3746 2246 suppliciis

2119 2260 2520 2329 deputandum.
2580 2261 2681 2325 Qui
2741 2278 2870 2317 vero
2922 2264 3027 2318 hoc
3084 2263 3433 2338 privilegium
3493 2273 3743 2321 nostrum

2117 2354 2413 2409 observare
2463 2351 2699 2408 ﬁdeliter
2739 2355 3008 2421 statuerit,
3067 2356 3478 2411 benedictionis
3509 2358 3742 2428 gratiam

2118 2451 2172 2497 et
2204 2443 2596 2498 misericordiae
2653 2443 3053 2513 plenitudinem
3089 2445 3145 2497 in
3187 2444 3512 2499 coelestibus
3544 2447 3738 2501 castris

2119 2537 2260 2591 inter
2288 2536 2586 2590 electorum
2619 2552 2908 2591 numerum
2961 2535 3262 2592 efficaciter
3299 2555 3330 2591 a
3353 2538 3591 2593 Domino
3623 2537 3735 2593 Deo

2121 2628 2388 2699 consequi
2419 2635 2713 2682 mereatur.

2185 2724 2454 2794 Scriptum
2487 2740 2587 2792 per
2609 2739 2832 2777 manum
2888 2723 3151 2794 Stephani
3200 2725 3425 2791 notarii,
3459 2725 3736 2780 scriniarii

2115 2823 2318 2870 sanctae
2348 2815 2497 2869 sedis
2533 2813 2869 2884 apostolicae,
2926 2814 2981 2869 in
3012 2831 3204 2870 mense
3261 2816 3528 2871 Januario
3588 2816 3737 2870 indi-

2115 2905 2296 2960 ctione
2322 2921 2357 2959 ι.

2035 3018 2085 3087 C
2184 3016 2316 3069 Data
2342 3031 2393 3070 Vl
2423 3015 2538 3069 Kal.
2580 3014 2862 3070 Februarii
2921 3031 3016 3086 per
3055 3033 3278 3071 manum
3329 3017 3588 3072 Widonis
3615 3020 3735 3088 epi-

2115 3110 2267 3181 scopi
2295 3117 2350 3165 et
2367 3111 2772 3166 blbliothecarii
2795 3117 2996 3166 sanctae
3021 3112 3173 3166 sedis
3193 3113 3543 3182 apostolicae,
3566 3129 3729 3177 anno,

2115 3211 2226 3266 Deo
2264 3212 2524 3282 prOpitio,
2586 3211 2936 3281 pontiﬁcatus
2964 3213 3153 3267 domui
3186 3213 3478 3269 Benedicti
3507 3215 3730 3269 sanctis-

2113 3300 2235 3355 simi
2268 3300 2578 3372 summique
2621 3300 2920 3371 pontiﬁcis,
2971 3308 3026 3356 et
3064 3301 3402 3356 universalis
3471 3303 3537 3356 VI
3576 3320 3730 3374 papa:

2105 3392 2305 3462 primo,
2339 3392 2557 3464 imperii
2625 3399 2806 3448 autem
2860 3393 3047 3449 domni
3114 3393 3326 3450 Ottonis
3369 3395 3600 3462 majoris
3630 3411 3727 3459 xu,

2112 3485 2344 3541 minoris
2374 3494 2556 3540 autem
2589 3503 2662 3540 γι.

2861 3639 2950 3694 Ill.

2077 3790 2420 3856 Benedictus
2454 3829 2467 3843 .
2515 3831 2525 3841 .
2573 3831 2583 3842 .
2630 3827 2640 3838 .
2690 3829 2702 3841 .
2741 3787 2840 3858 [Vl]
2892 3802 3040 3856 papa
3081 3786 3235 3840 Petro
3298 3789 3731 3841 reverentissimo

2175 3861 2364 3914 abbati
2382 3861 2693 3914 monasterii
2719 3857 2906 3914 Sanrti
2931 3858 3207 3912 Benedicti
3234 3861 3284 3910 et
3315 3857 3531 3911 Sancta
3559 3859 3730 3912 Scho-

2178 3932 2402 3998 lasticce,
2444 3933 2723 4000 conﬁrmat
2769 3931 2951 3983 omnia
2979 3931 3136 3992 bona,
3197 3931 3340 3981 inter
3365 3944 3483 3997 qua
3513 3929 3728 3982 domum

2175 4007 2225 4056 et
2252 4003 2525 4057 ecclesiam
2556 4003 2745 4057 Sancti
2807 4003 2917 4054 Viti
2971 4002 3148 4055 Roma
3196 4001 3257 4051 in
3313 4002 3526 4065 regione
3553 4016 3649 4064 vn,
3680 4004 3731 4051 et

2175 4075 2562 4128 monasterium
2585 4074 2769 4128 Sancti
2798 4073 3040 4134 Erasmi,
3072 4074 3121 4123 et
3149 4073 3541 4123 monasterium
3575 4072 3725 4126 San—

2175 4149 2383 4198 ctorum
2419 4146 2614 4199 Cosmus
2641 4147 2690 4197 et
2720 4144 2997 4206 Damiani,
3038 4157 3156 4195 cum
3184 4144 3324 4194 casis
3350 4145 3401 4194 et
3425 4146 3574 4194 curta
3604 4158 3723 4194 ma-

2166 4214 2284 4283 jori
2311 4220 2360 4268 et
2385 4215 2604 4268 ecclesia
2624 4216 2780 4280 infra
2809 4228 2881 4276 se,
2929 4227 3047 4281 qua
3087 4217 3163 4265 est
3220 4214 3280 4264 in
3311 4212 3511 4264 honore
3549 4214 3728 4265 samti

2173 4287 2444 4340 Benedicti
2499 4290 2549 4339 et
2603 4289 2801 4339 sancta:
2853 4284 3211 4343 Scholasticas.
3271 4283 3418 4351 quod
3483 4284 3599 4348 fuit
3661 4284 3728 4334 de

2169 4359 2376 4410 Joanne
2404 4357 2702 4426 presbitero
2732 4356 2864 4409 duce
2911 4355 3121 4409 castelli
3165 4354 3517 4426 Albanensis,
3548 4356 3730 4421 posita

2175 4429 2350 4482 Romae
2376 4424 2588 4495 regione
2643 4427 2823 4489 tertia,
2864 4428 2924 4480 in
2970 4427 3077 4479 loco
3127 4427 3225 4494 qui
3279 4424 3490 4478 dicitur
3547 4427 3731 4479 Massa

2174 4501 2417 4552 Iuliana.

2741 4623 2919 4692 (Anno
2960 4618 3106 4690 9'73.)

2421 4739 2741 4809 [Mona-rom,
2771 4738 2965 4806 Antiq.
2997 4735 3121 4791 Ital.
3154 4735 3220 4800 ν,
3251 4735 3402 4806 774.]

2168 4930 2181 4943 .
2227 4929 2240 4942 .
2286 4928 2298 4940 .
2331 4886 2603 4956 Scriptum
2651 4901 2747 4955 per
2802 4899 3021 4938 manum
3081 4881 3366 4936 Benedicti
3437 4881 3723 4936 scriniarii

2095 4985 2298 5034 sancta:
2321 4993 2548 5032 summae
2571 4983 2624 5031 et
2673 4975 2992 5048 apostolicae
3044 4973 3214 5040 sedis,
3243 4988 3438 5028 mense
3483 4973 3724 5026 Novem-

2096 5071 2240 5136 brio,
2281 5069 2584 5124 indictione
2629 5085 2684 5121 ιι.
2748 5069 2892 5122 Bene
2937 5065 3144 5120 Valete.
3189 5066 3320 5118 Data
3359 5080 3412 5115 vr
3447 5062 3732 5116 Kalendas

2095 5165 2410 5221 Decembris
2439 5180 2538 5236 per
2564 5179 2787 5217 manum
2815 5161 3044 5218 Joannis
3075 5163 3185 5215 Deo
3217 5157 3477 5213 amabilis
3521 5157 3728 5227 primi-

2094 5257 2225 5311 cerii
2257 5271 2484 5311 summa:
2535 5252 2849 5323 apostolicae
2898 5251 3071 5318 sedis,
3101 5263 3268 5315 anno,
3318 5249 3434 5301 Deo
3465 5246 3715 5317 propitio

2095 5344 2449 5416 pontiﬁcatus
2489 5340 2678 5397 domui
2736 5339 3017 5394 Benedicti
3061 5337 3260 5392 summi
3295 5335 3554 5407 praesulis
3581 5334 3725 5388 sexti

2095 5451 2253 5508 papae
2287 5436 2342 5490 in
2374 5433 2744 5489 sacratissima
2779 5431 2915 5485 sede
2952 5429 3095 5484 beati
3161 5427 3303 5481 Petri
3336 5424 3579 5496 apostoli
3607 5423 3729 5493 pri-

2096 5543 2211 5594 mo,
2283 5528 2585 5598 imperante
2635 5524 2839 5578 domno
2898 5521 3094 5578 Ottonc
3148 5517 3378 5590 pissimo
3445 5523 3728 5586 perpetuo

2093 5620 2334 5694 Augusto
2360 5637 2392 5675 a
2423 5620 2531 5677 Deo
2551 5622 2809 5676 coronato
2843 5613 3071 5688 pacifico
3104 5612 3461 5685 imperatore.
