4062 6164
357 254 498 310 1085

357 479 634 534 Benedicti
657 478 720 532 Vl
753 477 1108 547 privilegium
1129 493 1230 546 pro
1258 477 1580 532 monasterio
1616 477 1966 532 Vizeliacensi

988 566 1160 636 (Anno
1195 567 1345 635 9'73.)

710 725 719 733 ι
756 658 1083 728 [1)Ἀοιιιιιιι,
1107 659 1296 728 Spiczl.
1334 658 1398 719 ll,
1429 657 1535 712 504
1562 657 1577 728 ]

431 751 763 804 Βεμεῡιοτυδ
831 749 1129 819 epise0pus
1163 791 1176 816 ,
1257 765 1445 802 servus
1497 763 1774 803 servorum
1826 749 1968 813 Dei,

360 839 612 892 ELDRADO
668 837 924 910 religioso
981 837 1166 890 abbati
1217 836 1391 890 sancti
1447 836 1808 891 Vizeliacensi
1860 851 1973 891 coc-

359 929 508 985 nobii
537 928 801 1000 omnique
834 927 1253 1002 congregationi
1284 929 1529 996 ejusdem
1563 927 1883 984 monasterii
1915 929 1969 982 in

358 1030 684 1096 perpetuum
695 1063 708 1076 .

430 1111 656 1177 Quoties
696 1109 787 1164 illa
819 1109 984 1164 tribui
1012 1125 1042 1162 a
1085 1109 1244 1164 nobis
1281 1116 1558 1180 optantur,
1610 1127 1733 1181 quae
1777 1109 1971 1165 rationi

360 1204 740 1258 incunctanter
778 1202 1136 1268 conveniunt,
1184 1201 1371 1257 animo
1402 1217 1503 1257 nos
1557 1201 1725 1256 debet
1778 1202 1972 1257 libenti

360 1291 689 1355 concedere,
713 1298 769 1343 et
791 1290 1095 1360 petentium
1117 1289 1412 1344 desideriis
1437 1305 1740 1365 congruum
1769 1289 1976 1360 imper-

362 1381 447 1437 tiri
479 1379 822 1454 suﬂ'ragium.
867 1381 1043 1450 Atque
1094 1380 1220 1435 ideo
1257 1381 1385 1452 quia
1425 1381 1710 1451 postulasti
1750 1397 1780 1435 a
1812 1380 1974 1436 nobis

361 1479 635 1544 quatenus
674 1471 1024 1544 privilegium
1073 1472 1223 1526 sedis
1275 1473 1590 1542 apostolica:
1639 1473 1972 1528 monasterio

361 1560 652 1627 Vizeliaeo,
709 1560 794 1614 cui
850 1576 1085 1630 praeesse
1125 1549 1485 1632 dignosceris,
1551 1563 1697 1632 quod
1763 1569 1976 1616 constat

1578 249 1913 307 EPISTOLIE
1956 249 2032 306 ET
2073 250 2470 306 PRIVILEGIA.

3545 254 3686 311 1086

1991 391 2047 462 Α
2065 387 2225 459 jubet
2276 387 2569 459 Apostolus
2597 385 2813 442 cunctis
2841 385 3211 442 exhibendam
3252 403 3350 458 pro
3408 390 3688 459 possibili-

2073 486 2181 535 tate
2210 479 2316 535 loci
2347 487 2401 534 et
2435 481 2775 545 tacultalum,
2807 494 2918 533 non
2940 479 3105 534 modo
3139 479 3344 534 ibidem
3371 479 3490 535 ﬁeri
3534 482 3684 554 [non]

2048 577 2434 651 denegamus,
2466 592 2654 631 verum
2686 575 2849 630 etiam
2884 577 3183 630 suademus
3218 594 3230 628 :
3273 578 3369 631 sed
3400 586 3454 632 et
3491 579 3690 634 modus

2074 667 2128 721 in
2162 683 2392 723 numero
2423 667 2867 741 congregationis
2898 667 3038 722 adeo
3067 678 3447 732 conservetur,
3487 676 3548 724 ut
3587 686 3690 725 nec

2074 757 2358 828 pluralitas
2405 756 2715 826 penuriam,
2795 771 2899 810 nec
2968 755 3212 826 paucitas
3260 756 3689 812 inhabitantium

2074 845 2492 900 destitutionem
2524 844 2628 899 loci
2663 844 2923 899 inducere
2943 845 3138 898 valeat.
3161 844 3235 898 De
3273 851 3471 900 caetero
3502 854 3690 901 notum

2075 933 2191 989 ﬁeri
2223 934 2476 988 volumus
2511 933 2636 1004 quia
2667 933 3005 987 devenerunt
3035 932 3102 986 ad
3159 948 3260 987 nos
3297 933 3692 1004 deprecatorim

2077 1026 2267 1080 littera:
2297 1025 2520 1079 Gerardi
2559 1024 2807 1095 episcopi
2850 1024 3360 1094 Augustodunensis
3413 1024 3688 1093 Ecclesiae,

2073 1135 2174 1192 pro
2230 1119 2462 1174 decimis
2492 1125 2732 1189 quatuor
2776 1118 3157 1183 ecclesiarum,
3218 1119 3391 1172 sancti
3438 1119 3695 1174 videlicet

2076 1213 2240 1278 Petri,
2302 1219 2358 1266 et
2407 1211 2579 1266 sancti
2636 1211 3032 1282 Christophori,
3075 1213 3360 1283 sanctique
3410 1212 3691 1280 Germani,

2077 1324 2180 1363 nec
2235 1323 2346 1362 non
2419 1307 2591 1361 sancti
2650 1306 2991 1380 Leodegarii,
3057 1323 3166 1377 qua
3224 1307 3342 1376 ipse
3398 1308 3693 1377 praedictus

2076 1401 2248 1456 abbas
2278 1399 2347 1452 ab
2379 1399 2572 1454 eodem
2609 1399 2873 1469 episcopo
2906 1399 3315 1468 impetraverat,
3346 1398 3503 1452 sicuti
3535 1404 3692 1452 ante-

2075 1507 2324 1547 cessores
2365 1491 2485 1559 ejus
2524 1490 2592 1544 ab
2623 1491 2900 1560 episeOpis
2931 1489 3107 1560 ipsius
3155 1489 3303 1544 sedis
3345 1505 3443 1559 per
3498 1505 3690 1544 succe-

2075 1583 2262 1638 dentia
2291 1591 2539 1652 tempora
2593 1581 2860 1635 ordinatis
2891 1580 3087 1634 fecisse
3135 1586 3458 1646 noscuntur,
3499 1589 3558 1635 ut
3587 1579 3690 1634 sub

524 1669 555 1705 8.
582 1651 820 1757 001⁸δὶᾱο
850 1652 1196 1752 nobilissimo
1227 1661 1282 1706 Cl
1322 1652 1798 1757 .Cliristianiss'inio
1829 1655 1968 1717 νίιιο,
1997 1688 2050 1757 Β
2072 1651 2491 1728 conﬁrmatione
2514 1670 2684 1725 nostri
3009 1668 3513 1733 corroborat-emus,
3542 1668 3690 1739 quod

363 1757 578 1798 necnon
618 1749 672 1796 et
723 1743 882 1796 Berta
922 1758 1087 1798 uxore
1129 1743 1268 1811 ejus,
1322 1743 1376 1796 in
1409 1744 1621 1797 honore
1669 1743 1880 1798 Domini
1918 1750 1973 1799 et

363 1832 660 1888 Salvatoris
700 1832 873 1887 nostri
906 1832 1035 1887 Jesu
1067 1833 1261 1887 Christi
1294 1844 1347 1888 et
1379 1835 1738 1889 veneratione
1769 1834 1969 1890 beatis-

359 1928 512 1981 simae
541 1941 761 1997 semper
786 1927 1015 1998 virginis
1057 1925 1558 2003 Mariae'genitricis
1583 1929 1832 1998 ejusdem
1866 1930 1970 1984 Do-

361 2019 497 2074 mini
550 2020 720 2074 nostri
775 2020 901 2073 Jesu
957 2019 1152 2074 Christi
1219 2027 1625 2086 constructum;
1688 2022 1744 2075 in
1803 2037 1972 2094 regno

360 2111 572 2165 scilicet
628 2111 978 2184 Burgundize,
1027 2111 1084 2164 in
1127 2127 1268 2185 pago
1322 2112 1595 2179 Avalensi,
1654 2112 1913 2183 quodque
1945 2129 1974 2166 a

360 2203 600 2275 praefatis
628 2203 1008 2259 fundatoribus
1037 2204 1203 2259 beato
1237 2204 1390 2259 Petro
1421 2205 1789 2275 apostolorum
1821 2205 1971 2274 prin-

359 2299 469 2369 cipi
503 2299 593 2369 pia
611 2299 905 2354 devotione
935 2307 990 2354 et
1016 2300 1325 2355 testamenti
1359 2301 1560 2372 pagina
1587 2301 1843 2356 collatum
1868 2309 1972 2367 est,

361 2387 538 2442 facere
571 2387 931 2443 deberemus:
992 2388 1239 2443 inclinati
1271 2390 1528 2459 precibus
1582 2391 1688 2444 tuis
1741 2389 1977 2444 libenter

364 2477 483 2533 ﬁeri
517 2478 882 2534 decrevimus.
917 2479 1072 2534 Unde
1101 2487 1154 2534 et
1178 2481 1564 2536 constituimus
1594 2487 1647 2534 et
1673 2481 1976 2552 apostolica

363 2572 691 2626 auctoritate
724 2587 1040 2638 censemus,
1082 2579 1248 2644 atque
1290 2589 1388 2644 per
1415 2573 1519 2629 hoc
1559 2581 1808 2629 nostrum
1841 2590 1977 2645 apo-

363 2665 613 2720 stolicum
668 2663 1013 2735 privilegium
1081 2663 1489 2731 conﬁrmamus,
1543 2674 1604 2720 ut
1643 2664 1826 2719 nullus
1883 2681 1976 2720 rex

365 2764 457 2811 aut
485 2756 753 2828 pontifex,
785 2755 871 2809 vel
900 2755 1072 2809 abbas
1097 2764 1190 2811 aut
1219 2771 1423 2819 comes,
1457 2756 1544 2812 vel
1575 2757 1976 2828 qualiscunque

367 2863 568 2918 magna
596 2847 683 2900 vel
733 2861 895 2915 parva
935 2860 1192 2914 persona,
1225 2846 1468 2900 avaritiae
1499 2846 1801 2916 cupiditate
1855 2862 1978 2902 cor-

367 2948 555 3012 reptus
584 2945 677 2994 aut
707 2938 979 2994 diabolica
1022 2939 1380 3013 suggestione
1434 2939 1720 3010 deceptus,
1777 2941 1978 2995 audeat

361 3037 447 3092 vel
497 3042 791 3106 praesumat
820 3043 1010 3089 contra
1048 3041 1199 3089 tuum
1239 3034 1528 3100 honorem,
1568 3050 1600 3088 o
1645 3036 1978 3090 venerabilis

364 3127 594 3182 Eldrade
621 3125 787 3193 abba,
819 3125 1190 3197 qualicunque
1225 3126 1387 3180 modo
1444 3127 1756 3199 insurgere,
1797 3126 1853 3180 in
1885 3133 1976 3181 tua

363 3218 471 3272 vita
499 3225 594 3272 aut
618 3217 685 3272 de
723 3222 818 3272 tuo
863 3217 1073 3272 honore
1125 3216 1221 3271 tibi
1256 3214 1558 3284 Lmolestias
1615 3216 1841 3283 inferre,
1892 3217 1977 3272 vel

365 3307 435 3362 de
503 3308 762 3363 omnibus
827 3309 991 3363 rebus
1045 3309 1365 3363 monasterii
1423 3325 1547 3379 qua:
1615 3308 1714 3362 tibi
1755 3309 1972 3380 tuisque

366 3399 866 3469 praedecessoribus
921 3416 949 3452 a
1009 3399 1170 3453 nobis
1225 3399 1540 3470 nostrisque
1597 3399 1969 3454 antecessori-

367 3489 470 3543 bus
498 3505 598 3560 per
646 3488 904 3564 paginam
951 3487 1225 3562 privilegii
1265 3503 1530 3543 concessa
1568 3496 1731 3559 atque
1763 3486 1973 3542 ﬁrmata

365 3586 512 3644 sunt,
568 3578 781 3650 aliquas
818 3578 1132 3634 invasiones
1189 3577 1273 3632 vel
1325 3577 1543 3648 rapinas
1598 3577 1715 3632 sive
1763 3577 1974 3632 violen-

368 3666 472 3721 tias
529 3665 752 3728 inferre,
802 3666 849 3719 si
898 3680 1007 3720 non
1037 3665 1172 3732 vult,
1221 3667 1544 3721 auctoritate
1585 3665 1680 3720 Dei
1716 3672 1776 3728 et
1802 3666 1975 3721 sancti

368 3757 512 3812 Petri
570 3766 626 3812 et
676 3763 864 3812 nostra
918 3756 1220 3828 apostolica
1305 3757 1900 3825 excommunicatione,
1947 3774 1977 3812 a

367 3863 598 3918 corpore
651 3853 706 3902 et
759 3845 1032 3920 sanguine
1089 3846 1303 3901 Domini
1359 3847 1490 3901 Jesu
1542 3847 1736 3902 Christi
1797 3856 1854 3902 et
1907 3847 1976 3902 ab

367 3936 618 4010 ingressu
670 3935 921 3991 ecclesiae
989 3935 1320 4003 disjunctum
1371 3950 1513 3990 esse.
1587 3937 1702 3991 Hoc
1754 3952 1978 4008 quoque

367 4024 610 4095 capitulo
663 4023 1358 4095 prmsentisubjungimus,
1412 4031 1472 4078 ut
1502 4024 1678 4079 locum
1738 4025 1980 4080 avaritiae

369 4119 736 4186 secludamus,
770 4118 980 4174 nullum
1004 4119 1073 4173 de
1095 4118 1343 4191 regibus,
1372 4119 1581 4174 nullum
1603 4121 1673 4174 de
1701 4120 1981 4192 epise0pis

371 4215 457 4269 vel
509 4215 907 4282 sacerdotibus,
953 4215 1038 4270 vel
1085 4217 1155 4270 de
1214 4215 1639 4288 quibuscunque
1701 4217 1981 4285 ﬁdelibus,

370 4324 470 4362 per
528 4323 610 4373 se,
665 4311 1076 4380 suppositamve
1131 4323 1444 4381 personam,
1514 4309 1582 4363 de
1632 4309 1981 4364 ordinatione

370 4401 619 4470 ejusdem
677 4402 934 4471 abbatis,
995 4404 1080 4458 vel
1138 4403 1486 4473 clericorum,
1545 4414 1637 4463 aut
1693 4408 2058 4504 presbyte-D

374 4509 580 4560 rerum,
632 4493 719 4549 vel
768 4494 837 4548 de
903 4494 1192 4566 largitione
1246 4496 1580 4565 chrismatis,
1641 4506 1734 4553 ant
1781 4514 1980 4553 conse-

371 4584 616 4639 cratione
673 4581 941 4650 basilicae,
982 4584 1066 4638 vel
1108 4585 1176 4637 de
1218 4584 1638 4658 quibuscunque
1685 4588 1865 4642 causis
1913 4587 1981 4641 ad

379 4674 518 4729 idem
541 4675 934 4729 monasterium
966 4677 1392 4746 pertinentibus,
1423 4678 1628 4732 audere
1656 4678 1710 4732 in
1737 4679 1985 4749 qualibet

374 4764 561 4833 specie
593 4763 774 4818 exenii
808 4764 929 4819 loco
969 4765 1268 4836 quidquam
1303 4767 1575 4836 accipere,
1613 4784 1794 4838 neque
1824 4785 1982 4823 eum-

373 4853 496 4908 dem
532 4854 784 4908 abbatem
818 4870 914 4924 pro
942 4855 1292 4910 ordinatione
1322 4871 1420 4909 sua
1447 4856 1657 4927 aliquid
1689 4858 1820 4912 dare
1846 4875 1983 4928 pra:-

375 4961 617 5012 sumere,
649 4963 719 5001 ne
772 4948 875 5002 hac
903 4948 1216 5015 occasione,
1275 4965 1340 5002 ea
1370 4965 1492 5019 quae
1533 4966 1563 5003 a
1611 4950 1870 5006 ﬁdelibus
1896 4953 1987 5023 pio

375 5035 497 5091 loco
536 5034 861 5103 offeruntur,
893 5045 1308 5096 consumantur.
1342 5039 1531 5110 Neque
1555 5041 1992 5111 cpiSCOpUSCiVi-

376 5126 501 5180 tatis
532 5125 708 5196 ipsius
738 5128 1008 5197 parochia:
1040 5129 1143 5183 nisi
1176 5129 1242 5183 ab
1277 5130 1475 5185 abbate
1507 5130 1680 5202 ipsius
1713 5138 1987 5187 monaste-

375 5221 439 5275 rii
494 5221 776 5287 invitatus,
833 5221 1036 5276 ibidem
1097 5222 1348 5292 publicas
1387 5224 1581 5278 missas
1624 5231 1766 5298 agat,
1808 5239 1988 5296 neque

371 5313 640 5367 stationes
679 5312 735 5366 in
767 5313 963 5368 eodem
1020 5315 1273 5369 coenobio
1323 5314 1550 5381 indicat,
1606 5331 1675 5369 ne
1707 5331 1985 5370 servorum

374 5401 469 5455 Dei
501 5401 662 5473 quies
683 5402 1077 5473 quoquomodo
1103 5403 1355 5472 populari
1383 5411 1661 5459 conventu
1681 5405 1987 5475 perturbari

374 5495 570 5561 valeat,
625 5510 806 5565 neque
861 5501 1095 5565 paratas,
1150 5503 1242 5550 aut
1297 5497 1725 5551 mansionaticos
1786 5498 1986 5552 exinde

375 5596 668 5658 praesumat
699 5588 936 5660 exigere.
981 5589 1404 5659 Susceptionem
1437 5596 1617 5644 autem
1658 5590 1900 5646 ﬁdelium
1934 5600 1989 5647 et

377 5677 763 5752 religiosorum
804 5677 1046 5734 virorum
1101 5684 1264 5750 atque
1318 5677 1764 5747 beneﬁcentiam,
1822 5697 1983 5752 quam

2073 1767 2126 1814 et
2155 1759 2404 1822 fecimus,
2437 1757 2996 1818 excommunicantes,
3031 1763 3089 1810 ut
3128 1756 3310 1810 nullus
3341 1755 3688 1828 Augustodu-

2075 1855 2266 1908 nensis
2297 1852 2551 1908 Ecclesiae
2576 1852 2872 1921 episCOpus
2896 1851 3134 1921 aliquam
3157 1850 3488 1904 calumniam
3504 1849 3687 1903 abbati

2074 1943 2320 2010 ejusdem
2352 1941 2456 1996 loci
2489 1941 2603 1996 sive
2634 1939 2918 1995 monachis
2937 1939 3006 1993 de
3031 1939 3164 2010 ipsis
3191 1939 3390 1994 inferat
3413 1939 3685 2005 ecclesiis,

2074 2035 2190 2088 sive
2223 2033 2292 2086 de
2322 2031 2572 2098 decimis,
2607 2039 2712 2085 tam
2759 2031 2876 2100 ipse
2908 2047 3070 2100 quam
3103 2030 3287 2101 aliqua
3331 2030 3530 2084 emissa
3561 2045 3692 2099 per-

2075 2143 2210 2183 sona
2237 2125 2415 2180 valeat
2451 2123 2700 2177 minuere
2740 2131 2834 2176 aut
2883 2122 2937 2174 in
2970 2121 3129 2174 aliam
3172 2120 3466 2175 transferre
3522 2136 3693 2191 paro-

2076 2219 2254 2273 chiam
2311 2216 2366 2270 Si
2408 2215 2532 2286 quis
2562 2229 2692 2269 vero
2735 2229 2948 2286 regum,
2979 2212 3386 2282 episcoporum,
3427 2212 3686 2267 sacerdo-

2076 2318 2216 2376 tum,
2266 2308 2546 2371 abbatum,
2589 2306 2860 2376 judicum,
2905 2305 3189 2368 comitum,
3230 2309 3322 2357 aut
3347 2301 3691 2357 saecularium

2075 2419 2460 2476 personarum,
2494 2409 2683 2458 contra
2719 2403 2861 2455 hanc
2892 2409 3091 2454 nostrae
3132 2397 3491 2453 institutionis
3523 2397 3687 2471 pagi-

2077 2511 2202 2548 nam
2246 2494 2432 2548 venire
2463 2491 2771 2555 tentaverit,
2812 2505 3104 2560 percussus
3133 2487 3434 2558 apostolico
3461 2487 3689 2540 anathe-

2077 2593 2240 2652 mate,
2299 2583 2585 2655 potestatis
2657 2581 2954 2637 honorisve
3013 2580 3098 2635 sui
3157 2579 3428 2650 dignitate
3483 2583 3690 2633 careat.

2084 2691 2352 2746 reumque
2381 2690 2441 2728 se
2471 2688 2653 2728 coram
2695 2671 2883 2726 divino
2909 2669 3120 2739 judicio
3151 2673 3464 2739 cognoscat,
3494 2673 3549 2720 et
3587 2666 3692 2720 nisi

2078 2781 2144 2819 ea
2175 2780 2296 2835 quae
2327 2779 2358 2816 a
2405 2778 2464 2816 se
2494 2760 2633 2814 male
2687 2767 2808 2814 acta
2857 2765 2986 2812 sunt
3034 2756 3326 2821 deleverit,
3358 2772 3391 2809 a
3443 2753 3694 2810 saeratis-

2077 2854 2218 2907 simo
2277 2867 2505 2922 corpore
2554 2849 2768 2904 Domini
2821 2848 2995 2904 nostri
3051 2848 3181 2901 Jesu
3231 2844 3426 2898 Christi
3476 2841 3695 2896 alienus

2077 2941 2191 3007 ﬁat,
2234 2950 2396 3011 atque
2429 2947 2636 2994 mterno
2680 2937 2921 2992 examini
2957 2935 3216 2990 districtae
3243 2931 3469 2988 ultionis
3507 2929 3693 2998 subja-

2078 3043 2216 3091 ceat.
2275 3032 2494 3086 Cunctis
2523 3038 2704 3085 autem
2764 3028 2942 3082 eidem
2983 3027 3103 3081 loco
3158 3027 3304 3094 justa
3346 3021 3696 3078 servantibus

2077 3131 2148 3184 sit
2192 3145 2294 3199 pax
2326 3125 2541 3181 Domini
2569 3124 2742 3179 nostri
2771 3123 2903 3177 Jesu
2936 3120 3154 3184 Christi,
3189 3124 3464 3189 quatenus
3513 3123 3567 3169 et
3606 3114 3696 3169 hic

2078 3221 2312 3275 fructum
2341 3219 2502 3273 bona:
2533 3215 2765 3271 actionis
2796 3212 3086 3283 recipiant,
3119 3219 3173 3264 et
3211 3209 3354 3280 apud
3389 3206 3693 3262 districtum
3723 3249 3727 3254 .

2073 3313 2316 3383 judicem
2342 3309 2569 3380 praemia
2590 3317 2812 3362 zeternae
2850 3305 3001 3376 pacis
3032 3303 3335 3357 inveniant.

2146 3406 2417 3475 Scriptum
2447 3419 2546 3472 per
2585 3415 2811 3454 manum
2839 3397 3103 3467 Stephani
3151 3394 3398 3450 Nicolani
3449 3390 3698 3463 episcopi

2081 3501 2200 3572 [leg.
2233 3494 2498 3566 Stephani
2534 3491 2731 3547 notarii
2775 3488 3094 3562 regionarii]
3139 3492 3192 3540 et
3231 3483 3502 3540 scriniarii
3543 3483 3722 3572 SLR.

2081 3569 2140 3642 Et
2187 3587 2240 3642 in
2271 3598 2464 3638 mense
2515 3577 2828 3642 Novembri,
2877 3576 3067 3630 indict.
3127 3591 3184 3626 ιι.
3250 3572 3441 3625 Datum
3476 3587 3527 3623 IV
3582 3569 3697 3623 Kal.

2078 3673 2368 3731 Decembr.
2402 3686 2500 3742 per
2549 3682 2767 3721 manum
2800 3662 3026 3719 Joannis
3080 3659 3330 3732 episeOpi
3381 3657 3698 3728 [bibliothe-

2077 3766 2208 3824 carii
2240 3770 2321 3819 est
2351 3761 2501 3816 sedis
2526 3756 2862 3829 apostolicae,
2897 3769 3040 3808 anno
3074 3771 3089 3807 ι
3120 3749 3474 3824 pontiﬁcatus
3507 3747 3696 3802 domni

2077 3858 2361 3917 Benedicti
2409 3852 2740 3910 sanctissimi
2784 3850 2849 3904 Vl
2909 3864 3085 3920 papae,
3129 3848 3435 3917 imperante
3491 3842 3698 3896 domno

2080 3957 2277 4012 Ottone
2307 3970 2337 4007 a
2373 3953 2482 4006 Deo
2518 3954 2779 4004 coronato
2825 3959 3026 4017 magno
3054 3942 3410 4012 imperatore,
3451 3951 3598 3991 anno
3623 3951 3697 4001 vr,

2083 4047 2270 4104 indict.
2295 4063 2353 4100 ιι.
2853 4126 2894 4180 v

2083 4231 2402 4288 Benedictus
2449 4226 2516 4280 Vl
2567 4240 2719 4296 papa
2770 4219 3087 4276 monasterii
3139 4216 3195 4271 S.
3248 4215 3391 4269 Petri
3442 4210 3701 4267 Rodensis

2576 4312 2869 4384 privilegia
2898 4308 3199 4375 conﬁrmat.

2711 4399 2889 4470 (Anno
2914 4393 3064 4464 974.)

2371 4497 2522 4567 [Dom
2571 4495 2844 4556 Bouousr,
2882 4487 3111 4552 Recueil,
3145 4483 3229 4548 ιχ,
3259 4480 3366 4534 242
3394 4479 3410 4550 ]

2159 4614 2494 4666 Benemcrus
2549 4607 2889 4678 episcOpus,
2961 4614 3154 4654 servus
3218 4609 3501 4650 servorum
3575 4590 3693 4645 Dei.

2088 4707 2407 4760 HlLDESlNDO
2451 4699 2708 4774 religioso
2749 4692 2932 4749 abbati
2990 4687 3326 4746 venerabilis
3381 4681 3699 4751 monasterii

2088 4797 2141 4851 S.
2177 4796 2322 4851 Petri
2361 4791 2616 4865 apostoli,
2672 4786 2884 4842 fundati
2914 4785 2967 4838 in
3000 4782 3260 4838 comitatu
3309 4775 3699 4865 Petralatense,

2089 4885 2143 4939 in
2193 4861 2576 4954 monte-quem
2617 4878 2808 4932 dicunt
2839 4873 3020 4928 llodas
3067 4870 3263 4926 subtus
3289 4872 3526 4921 castrum
3559 4861 3699 4962 Ver-

2089 4977 2279 5043 dariaz,
2339 4981 2395 5029 et
2443 4989 2541 5043 per
2571 4979 2621 5025 te
2673 4969 2727 5022 in
2783 4967 2976 5022 eodem
3033 4959 3333 5020 venerabili
3367 4959 3701 5010 monasterio

2089 5064 2503 5124 successoribus
2526 5059 2816 5114 abbatibus
2847 5056 2901 5109 in
2930 5061 3276 5125 perpetuum.

2161 5155 2425 5222 Quoniam
2475 5147 2831 5204 concedenda
2862 5151 2990 5199 sunt
3037 5155 3160 5211 qua:
3193 5132 3554 5190 rationalibus
3611 5129 3701 5184 de-

2088 5245 2308 5311 sideriis
2354 5240 2629 5312 pertinere
2661 5241 2984 5296 noscuntur,
3027 5225 3197 5283 nostri
3230 5223 3570 5295 apostolatus
3603 5236 3702 5274 au-

2089 5337 2334 5400 ctoritas,
2379 5333 2446 5386 ad
2478 5327 2842 5385 roborandam
2873 5323 3017 5393 piam
3049 5316 3296 5372 ﬁdelium
3330 5313 3702 5373 devotionem,

2088 5432 2142 5486 in
2196 5425 2527 5502 praestandis
2577 5416 2877 5493 privilegiis
2931 5413 3096 5467 debet
3136 5408 3364 5463 minime
3420 5403 3702 5502 abnegari.

2089 5496 2259 5594 Igitur
2284 5512 2623 5572 excellentiae
2656 5518 2764 5563 tua;
2804 5502 3096 5561 laudabilis
3127 5496 3492 5594 mansuetudo
3516 5500 3706 5594 postu-

2089 5585 2220 5667 lavit
2253 5628 2284 5664 a
2316 5608 2478 5663 nobis
2505 5610 2773 5676 quatenus
2800 5595 3100 5668 apostolica
3131 5589 3451 5646 auctoritate
3479 5601 3578 5658 per
3598 5585 3706 5639 hoc

2088 5703 2439 5778 privilegium
2496 5697 2931 5754 concederemus
2973 5695 3026 5744 et
3086 5684 3540 5742 conﬁrmaremus
3601 5677 3703 5734 tibi
