4042 6156
331 247 470 303 ’1087

1657 247 2005 304 BENEDICTI
2044 249 2110 303 Vl
2151 247 2341 302 ΡΑΡᾸΞ

3525 253 3676 309 1088

333 371 549 443 tuisque
600 374 1015 429 successoribus
1040 374 1094 429 in
1154 381 1480 446 perpetuum
1520 390 1686 446 supra
1737 375 1943 431 dictum
1975 382 2027 448 Α
2053 375 2274 446 tuisque
2305 375 2728 431 successoribus
2765 375 3051 432 ecclesiam
3085 381 3290 431 sanctae
3323 377 3510 432 Crucis
3542 395 3673 432 cum

334 466 749 534 monasterium,
781 484 904 522 cum
936 469 1198 524 omnibus
1233 469 1348 524 suis
1385 469 1708 540 adjacentiis
1736 475 1790 523 et
1822 485 1948 540 per-

2051 463 2285 518 decimis
2315 473 2370 518 et
2401 463 2682 534 primitiis,
2717 473 2771 518 et
2824 464 2875 518 S.
2908 464 3136 520 Joannis
3170 481 3297 520 cum
3351 466 3586 520 decimis
3619 478 3678 521 et

335 555 605 623 tinentiis,
639 573 759 612 cum
801 557 1006 613 ﬁnibus
1037 560 1394 631 terminisque
1434 560 1566 614 suis.
1603 560 1664 613 Et
1691 558 1815 615 ideo
1839 559 1948 613 tuis
2049 551 2308 622 primitiis
2338 557 2391 605 et
2420 551 2822 618 oblationibus,
2872 562 3039 624 atque
3084 553 3341 607 alodibus
3395 554 3465 607 ad
3523 554 3678 624 ipsas

338 642 448 712 piis
496 643 787 699 desideriis
827 645 1093 710 faventes,
1145 655 1334 703 nostra
1365 648 1663 718 apostolica
1702 648 1948 703 auctori-
2048 643 2321 700 Ecclesias
2361 642 2793 713 pertinentibus,
2823 652 2875 698 et
2923 644 3212 699 ecclesiam
3244 645 3300 701 S.
3330 644 3575 699 Baudilii
3619 645 3677 698 in

337 739 445 788 tate
498 735 847 791 decernimus
877 738 943 792 ad
978 738 1158 809 ipsum
1200 738 1482 810 praefatum
1526 739 1582 793 S.
1635 739 1780 793 Petri
1813 754 1946 810 apo-

338 825 464 880 stoli
510 829 900 884 monasterium
963 846 1086 885 cum
1145 831 1403 886 omnibus
1462 831 1578 886 suis
1635 831 1832 886 amodo
1898 838 1954 885 et

341 931 512 985 usque
559 916 612 970 in
655 915 1037 994 ﬁnemgsaeculi
1067 919 1172 973 sub
1205 918 1515 989 patrocinio
1547 925 1600 972 et
1629 918 1953 974 defensione

338 1009 542 1058 sanctae
581 1004 838 1059 Romanae
868 1015 923 1060 et
961 1007 1277 1076 apostolicae
1318 1007 1506 1061 matris
1545 1006 1799 1062 Ecclesia:
1828 1022 1956 1078 per-

343 1097 511 1166 petim
547 1100 1004 1168 permanendum,
1035 1107 1090 1155 et
1119 1102 1220 1155 sub
1244 1101 1476 1156 tuitione
1509 1108 1712 1156 sanctae
1735 1109 1954 1168 nostrae,

343 1190 432 1244 cui
462 1192 571 1246 Deo
602 1201 822 1246 auctore
873 1193 1236 1258 deservimus,
1277 1194 1533 1250 Ecclesiae
1577 1195 1955 1260 constitutum,

344 1283 550 1338 nullius
579 1284 934 1352 alteriusjuri
976 1293 1030 1341 et
1061 1287 1256 1342 ditioni
1289 1287 1657 1352 submittatur,
1702 1287 1808 1341 nisi
1857 1286 1960 1341 sub

349 1381 438 1426 tua
467 1380 798 1444 tuorumque
827 1391 1207 1430 successorum
1236 1375 1292 1428 in
1324 1383 1672 1446 perpetuum.

421 1461 818 1516 Contirinamus
859 1479 1098 1534 namque
1130 1463 1228 1518 tibi
1274 1464 1493 1535 tuisque
1549 1464 1963 1520 successoribus

343 1550 670 1619 praedictum
721 1554 1119 1607 monasterium
1149 1570 1272 1608 cum
1326 1553 1442 1608 suis
1483 1555 1734 1610 terminis
1767 1563 1822 1609 et
1867 1554 1964 1610 ad-

2053 733 2194 789 valle
2228 731 2553 802 Tabellxaria,
2596 738 2652 786 et
2685 731 2969 786 ecclesiam
3025 733 3078 787 S.
3131 732 3396 803 Stephani
3429 749 3558 804 quae
3592 740 3680 787 est

2054 827 2110 880 in
2138 825 2282 879 valle
2325 823 2725 889 Subiradellos,
2760 831 2815 877 et
2851 824 3137 878 ecclesiam
3176 824 3231 877 S.
3279 824 3591 888 Fructuosi,
3623 832 3683 878 et

2054 917 2343 974 ecclesiam
2383 916 2440 970 S.
2490 915 2765 970 Vincentii
2806 932 2924 987 quae
2972 925 3057 970 est
3096 916 3150 970 in
3208 915 3347 970 valle
3408 915 3682 970 Lanciani

2056 1026 2180 1065 curn
2215 1007 2446 1064 decimis
2501 1015 2555 1061 et
2596 1006 2854 1077 primitiis
2891 1007 3024 1070 suis,
3059 1016 3113 1062 et
3143 1007 3432 1062 ecclesiam
3485 1007 3542 1060 S.
3579 1007 3686 1061 Ge-

2059 1100 2225 1166 nesii,
2259 1107 2312 1154 et
2361 1099 2652 1154 ecclesiam
2685 1097 2739 1151 S.
2779 1097 2918 1152 Petri
2973 1115 3100 1153 cum
3131 1098 3250 1169 ipso
3303 1107 3487 1152 castro
3518 1097 3684 1151 Mira-

2059 1194 2184 1256 lias,
2217 1200 2271 1247 et
2312 1192 2488 1262 ipsum
2518 1198 2755 1245 castrum
2789 1190 3049 1244 Virdariae
3081 1207 3201 1245 cum
3235 1191 3357 1262 ipso
3388 1189 3686 1245 castellare

2060 1288 2117 1336 et
2163 1297 2286 1336 cum
2338 1281 2458 1350 ipso
2505 1278 2706 1334 Fitorio
2764 1286 2818 1332 et
2887 1294 3012 1333 cum
3078 1278 3248 1332 Pinna
3316 1277 3504 1352 Nigra,
3553 1293 3681 1331 cum

2062 1374 2321 1429 omnibus
2356 1371 2557 1438 rochis,
2589 1370 2750 1425 terris
2780 1376 2833 1424 et
2860 1370 3045 1440 sylvis,
3091 1386 3211 1441 qua:
3243 1369 3388 1423 infra
3442 1369 3548 1423 hos
3574 1375 3689 1421 ter-

2067 1469 2247 1523 minos
2297 1475 2444 1533 sunt,
2477 1471 2706 1536 excepto
2747 1465 2920 1535 ipsam
2965 1465 3156 1518 silvam
3214 1464 3283 1518 de
3331 1470 3527 1518 sancto
3581 1463 3692 1517 Ro-

2065 1575 2252 1622 mano,
2280 1559 2422 1612 sicut
2471 1563 2691 1613 resonat
2717 1557 2772 1611 in
2806 1557 2990 1611 charta
3021 1572 3184 1628 quam
3227 1556 3485 1610 fecerunt
3515 1554 3689 1609 Gaus-

340 1645 618 1713 jacentiis,
659 1655 713 1701 et
743 1663 866 1702 cum
917 1649 1178 1705 omnibus
1233 1667 1356 1721 quae
1401 1650 1630 1706 inferius
1674 1653 1966 1708 continen-
1988 1684 2040 1752 Β
2068 1650 2259 1706 fredus
2286 1665 2472 1705 comes
2501 1658 2556 1704 et
2603 1649 2898 1720 episcOpus
2931 1647 3214 1703 Suniarius
3239 1647 3309 1702 ad
3333 1647 3450 1716 jam
3479 1648 3690 1701 dictum

348 1744 457 1800 tur,
507 1735 562 1788 id
617 1743 722 1803 est,
777 1737 845 1790 ab
890 1737 1008 1808 ipsa
1048 1739 1210 1793 meda
1249 1755 1372 1810 quae
1420 1747 1502 1794 est
1552 1739 1688 1794 infra
1748 1748 1962 1812 portum

354 1824 582 1879 Fraxani
636 1834 691 1882 et
733 1828 852 1898 ipso
903 1845 1023 1884 raso
1063 1847 1240 1901 usque
1288 1831 1342 1884 in
1407 1831 1587 1886 locum
1648 1849 1813 1903 quem
1873 1833 1965 1886 di-

357 1925 492 1971 cunt
519 1917 649 1971 Tres
681 1917 894 1985 fratres,
943 1937 973 1975 a
1029 1929 1182 1991 parte
1216 1922 1475 1978 videlicet
1520 1924 1748 1978 orientis
1792 1940 1968 1996 usque

357 2005 414 2059 in
445 2007 688 2061 medium
721 2024 900 2074 mare;
934 2016 1098 2081 atque
1139 2011 1268 2066 inde
1297 2012 1446 2066 vadit
1476 2013 1544 2065 ad
1578 2013 1756 2082 ipsum
1789 2014 1968 2068 locum

354 2106 518 2162 quem
553 2101 751 2148 vocant
780 2095 1038 2150 Melinum
1071 2097 1140 2152 de
1180 2097 1464 2166 Balaseho,
1497 2099 1740 2171 indeque
1776 2117 1970 2170 perve-

357 2185 438 2237 nit
503 2185 570 2238 ad
621 2185 790 2254 ipsam
844 2188 1098 2256 Tamarit,
1155 2197 1209 2244 et
1262 2190 1390 2244 inde
1446 2193 1625 2265 pergit
1675 2208 1853 2264 usque
1903 2193 1971 2247 ad

357 2273 530 2343 ipsam
585 2274 918 2337 Petratitam.
967 2285 1021 2332 et
1067 2295 1274 2333 serram
1314 2295 1489 2352 usque
1523 2281 1578 2335 in
1619 2283 1738 2353 ipso
1772 2283 1972 2339 Fitorio

356 2361 425 2415 de
477 2371 663 2417 monte
694 2363 965 2421 Pininello
1023 2375 1078 2421 et
1108 2368 1258 2423 vadit
1305 2370 1658 2425 ascendendo
1688 2386 1866 2441 usque
1917 2372 1973 2426 in

359 2453 673 2509 ﬁrmitatem
707 2456 882 2526 ipsius
921 2459 1146 2526 montis,
1175 2469 1342 2531 atque
1377 2461 1766 2518 descendendo
1797 2463 1976 2537 pergit

359 2565 459 2619 per
515 2547 686 2619 ipsam
751 2549 893 2603 viam
955 2567 1133 2622 usque
1189 2552 1246 2606 in
1303 2552 1482 2608 locum
1551 2570 1717 2626 quem
1775 2563 1975 2612 vocant

362 2636 678 2704 Sorberelo,
711 2645 765 2692 et
813 2638 1208 2695 descendendo
1249 2642 1573 2712 pervenitin
1622 2643 1794 2714 ipsam
1851 2644 1978 2699 Clu-

361 2745 476 2784 sam
508 2738 563 2784 et
593 2731 660 2784 ad
705 2731 881 2800 ipsum
941 2733 1177 2787 casalem
1237 2734 1307 2789 de
1347 2734 1622 2791 Friulano.
1661 2737 1792 2791 lnde
1848 2753 1976 2793 vero

359 2817 612 2872 ascendit
642 2834 739 2889 per
765 2819 878 2887 jam
906 2820 1106 2875 dictam
1148 2821 1292 2876 viam
1324 2824 1394 2877 ad
1426 2823 1604 2894 ipsum
1645 2826 1880 2880 casalem
1908 2827 1976 2880 de

360 2908 659 2976 Salvatore,
692 2918 746 2966 et
774 2910 843 2964 ad
901 2911 1081 2982 ipsum
1124 2915 1326 2968 collum
1359 2915 1633 2972 Trederici
1686 2917 1754 2971 de
1806 2917 1978 2972 Vinea

362 2997 562 3065 Vitula,
619 3007 674 3054 et
705 3008 956 3069 pervenit
1014 3018 1191 3074 usque
1238 3002 1292 3057 in
1325 3006 1696 3060 summitatem
1753 3007 1974 3072 montis,

365 3088 459 3158 qui
491 3088 696 3142 ibidem
732 3099 833 3143 est.
884 3091 1019 3145 Inde
1065 3107 1193 3148 vero
1241 3094 1391 3148 vadit
1421 3111 1521 3164 per
1565 3096 1739 3166 ipsam
1769 3112 1976 3151 serram

369 3195 547 3250 usque
597 3181 653 3234 in
701 3180 904 3235 collum
949 3182 1021 3236 de
1054 3183 1480 3252 Hermeneardo,
1526 3194 1580 3241 et
1608 3187 1859 3258 pervenit
1911 3192 1979 3243 ad

366 3269 574 3324 fontem
609 3272 721 3324 sive
752 3273 820 3325 ad
864 3273 1065 3328 collum
1099 3274 1168 3329 de
1203 3276 1453 3341 Filmera,
1486 3285 1541 3333 et
1589 3278 1718 3333 inde
1749 3280 1817 3334 ad
1867 3281 1978 3336 col-

368 3361 480 3415 lum
513 3362 567 3416 S.
603 3363 854 3430 Genesii;
887 3365 1081 3436 sicque
1111 3368 1464 3424 ascendendo
1495 3377 1552 3424 et
1589 3371 1982 3427 descendendo

369 3449 520 3504 vadit
557 3467 660 3522 per
706 3452 1078 3508 summitatem
1129 3454 1196 3509 de
1257 3456 1374 3526 ipsa
1416 3473 1566 3512 serra
1591 3475 1756 3530 quam
1788 3469 1986 3516 vocant

371 3542 558 3612 Calmi,
615 3554 670 3602 et
715 3548 968 3617 pervenit
1020 3548 1216 3604 subtus
1291 3551 1472 3622 ipsum
1528 3561 1762 3610 castrum
1817 3573 1982 3627 quem

367 3642 566 3688 vocant
595 3634 771 3690 Pinna
800 3636 963 3711 Nigra
988 3654 1167 3709 usque
1197 3640 1254 3693 in
1294 3640 1444 3712 ipsas
1472 3641 1661 3699 vineas
1688 3661 1812 3717 quae
1859 3654 1989 3702 sunt

369 3725 437 3778 de
467 3725 700 3780 Palatro.
754 3727 817 3781 Et
845 3728 997 3783 vadit
1045 3730 1237 3786 subter
1280 3731 1452 3803 ipsam
1513 3736 1701 3792 silvam
1751 3754 1875 3810 qua:
1904 3750 1989 3796 est

368 3813 436 3866 ad
483 3813 772 3869 meridiem
803 3817 997 3872 subtus
1039 3828 1275 3874 castrum
1302 3822 1562 3880 Virdarize
1590 3843 1766 3899 usque
1793 3829 1988 3886 subtus

372 3904 546 3974 ipsam
575 3906 794 3960 rocham
847 3925 1010 3979 quam
1048 3909 1238 3966 dicunt
1266 3913 1490 3983 Fitorio,
1541 3925 1595 3972 et
1623 3920 1874 3975 ascendit
1916 3921 1984 3976 ad

371 3997 568 4052 vallem
600 3998 669 4053 de
713 3999 1069 4068 Fulcimania,
1112 4010 1275 4075 atque
1307 4009 1552 4077 pervenit
1578 4013 1771 4067 subtus
1802 4013 1986 4070 fontes

375 4086 441 4140 de
473 4087 690 4142 Bevotis
743 4089 796 4144 in
824 4090 1023 4146 vallem
1074 4091 1142 4147 de
1201 4095 1455 4151 Frinone.
1491 4099 1623 4154 Inde
1651 4117 1784 4157 vero
1838 4103 1987 4158 vadit

374 4190 474 4244 per
503 4175 650 4247 ipsas
688 4179 885 4234 rochas
914 4196 1088 4251 usque
1142 4183 1197 4236 in
1247 4193 1492 4241 montem
1542 4188 1611 4243 de
1652 4190 1877 4258 Infesta,
1930 4201 1986 4248 et

378 4265 666 4322 descendit
693 4286 723 4323 a
752 4277 906 4340 parte
941 4271 1250 4329 Occidentis
1281 4293 1380 4347 per
1431 4278 1608 4348 ipsam
1637 4281 1780 4335 viam
1815 4282 1988 4352 publi-

2009 3053 2057 3121 C

2067 1741 2408 1797 coenobium.

2142 1834 2273 1888 ltem
2297 1831 2689 1887 confirmamus
2734 1830 2802 1905 ad
2835 1830 3013 1900 ipsum
3050 1828 3368 1884 coenobium
3403 1826 3461 1880 in
3490 1841 3697 1896 perpe-

2070 1931 2223 1977 tuum
2277 1928 2528 1995 stagnum
2573 1921 2643 1974 de
2696 1918 2989 1974 Castilione
3038 1933 3164 1973 cum
3218 1917 3340 1988 ipso
3397 1916 3577 1989 gradu
3627 1913 3696 1968 de

2071 2029 2220 2067 mare
2251 2021 2453 2068 etcum
2485 2011 2620 2082 ipsis
2660 2010 2875 2075 insulis,
2907 2009 3050 2064 sicut
3097 2014 3319 2064 resonat
3377 2007 3432 2060 in
3477 2021 3697 2077 praece-

2074 2113 2165 2175 pto
2213 2103 2474 2158 Ludovici
2522 2101 2690 2176 regis,
2723 2101 2840 2156 sive
2886 2100 2942 2154 in
2974 2101 3161 2155 charta
3218 2115 3384 2170 quam
3440 2098 3701 2152 fecerunt

2073 2197 2411 2253 Gauzfredus
2441 2213 2630 2252 comes
2660 2202 2714 2250 et
2744 2195 3030 2250 Suniarius
3067 2195 3365 2265 episcopus
3393 2192 3463 2247 ad
3492 2207 3700 2246 mona-

2075 2286 2305 2342 sterium
2331 2287 2445 2355 jam
2479 2286 2707 2348 dictum,
2739 2291 2795 2338 et
2825 2290 3090 2354 quantum
3125 2281 3292 2337 habet
3349 2282 3532 2352 ipsum
3579 2297 3703 2335 mo-

2076 2379 2373 2433 nasterium
2432 2376 2485 2430 in
2557 2376 2687 2430 villa
2761 2374 3092 2429 Castellione
3147 2382 3201 2428 et
3283 2374 3338 2427 in
3386 2372 3516 2428 villa
3602 2372 3710 2425 Pa-

2077 2468 2251 2523 latioli
2317 2482 2480 2538 quem
2562 2471 2763 2520 vocant
2839 2464 3154 2518 Furtianum
3239 2461 3588 2532 superiorem
3655 2469 3712 2514 et

2076 2556 2473 2614 Furtianellum
2527 2555 2832 2616 minorem,
2867 2558 2921 2606 et
2953 2551 3199 2605 villarem
3254 2550 3521 2605 lldesindi
3576 2565 3704 2604 cum

2077 2646 2214 2717 ipsis
2260 2643 2472 2716 stagnis
2521 2649 2574 2697 et
2641 2639 2974 2712 piscatoriis,
3024 2648 3079 2693 et
3153 2639 3339 2694 omnia
3414 2653 3542 2709 quae
3605 2638 3710 2691 ha-

2077 2737 2175 2791 bet
2230 2735 2284 2788 in
2339 2731 2577 2787 termino
2649 2731 2719 2785 de
2787 2731 2907 2801 ipso
2969 2730 3102 2785 Faro
3165 2736 3218 2783 et
3270 2727 3413 2782 villae
3481 2727 3705 2782 Saccari

2077 2824 2295 2881 etvilla:
2324 2838 2478 2878 novae
2529 2828 2586 2876 et
2613 2820 2806 2876 villare
2830 2819 3111 2894 Stagniolo
3159 2834 3282 2874 cum
3316 2817 3454 2888 ipsis
3492 2816 3709 2890 stagnis

2080 2925 2134 2971 et
2162 2915 2279 2970 suis
2305 2913 2705 2978 villarunculis,
2746 2919 2802 2966 et
2847 2918 3113 2983 quantum
3155 2909 3323 2963 habet
3355 2909 3410 2961 in
3442 2907 3576 2961 villa
3607 2907 3706 2962 Pe~

2079 3017 2261 3083 tralta,
2292 3021 2345 3070 et
2374 3014 2430 3067 in
2461 3013 2589 3067 villa
2615 3009 2871 3076 Oleastri,
2895 3017 2950 3064 et
2981 3011 3036 3063 in
3060 3009 3187 3063 villa
3207 3009 3262 3063 S.
3294 3008 3617 3073 Clementis,
3651 3015 3707 3062 et

2081 3106 2137 3160 in
2167 3104 2356 3158 villare
2397 3099 2692 3166 Dodolﬁni,
2727 3107 2782 3154 et
2820 3099 2874 3152 in
2910 3096 3171 3152 comitatu
3229 3095 3596 3167 Impuritano,
3651 3105 3707 3148 et

2081 3201 2347 3266 quantum
2386 3190 2550 3245 habet
2575 3191 2631 3243 in
2658 3189 2789 3245 villa
2818 3187 3099 3250 Militiano,
3136 3202 3300 3257 quem
3330 3194 3531 3240 vocant
3570 3185 3711 3239 San-

2081 3290 2230 3337 ctum
2263 3281 2502 3344 Petrum,
2535 3292 2592 3333 et
2619 3279 2676 3332 in
2709 3278 2838 3332 villa
2860 3276 3204 3330 Armentaria
3231 3292 3360 3330 cum
3390 3276 3509 3346 ipsa
3529 3275 3706 3329 eccle-

2084 3373 2166 3426 sia
2205 3372 2262 3425 S.
2292 3370 2526 3436 Martini,
2562 3376 2618 3424 et
2664 3369 2720 3423 in
2753 3368 2882 3422 villa
2909 3366 3176 3432 Mucroni,
3235 3373 3293 3422 et
3332 3365 3390 3420 in
3421 3366 3551 3419 villa
3610 3365 3714 3420 Co-

2086 3462 2281 3526 lumbi,
2312 3469 2367 3517 et
2399 3462 2454 3516 in
2494 3462 2623 3514 villa
2653 3460 2938 3517 Chaniano
2967 3473 3091 3514 cum
3119 3457 3361 3513 ecclesia
3391 3457 3444 3511 S.
3472 3457 3712 3511 Martini.

2085 3561 2140 3608 et
2170 3553 2223 3607 in
2255 3552 2384 3608 villa
2413 3551 2712 3618 Snntrana,
2755 3556 2810 3605 et
2837 3550 2892 3604 in
2923 3549 3050 3604 villa
3082 3547 3370 3611 Dalmalia,
3412 3554 3468 3602 et
3497 3547 3553 3601 in
3583 3546 3716 3601 villa

2087 3642 2400 3709 Torricella,
2441 3641 2580 3695 etin
2619 3640 2750 3694 villa
2788 3637 3055 3693 Rinbeuri
3085 3637 3308 3692 mortui.
3347 3637 3407 3690 Et
3449 3652 3504 3689 in
3533 3635 3714 3691 comi-

2087 3738 2201 3788 tatu
2234 3729 2645 3794 Bisnldunensi,
2674 3735 2936 3800 quantum
2967 3726 3133 3781 habet
3164 3725 3222 3779 in
3256 3725 3384 3780 villa
3410 3724 3594 3779 Lertio
3623 3725 3718 3780 vel

2087 3823 2143 3878 in
2167 3822 2537 3888 molendinos,
2568 3821 2655 3875 vel
2676 3820 2732 3874 in
2763 3818 3016 3890 Tapiolas
3043 3834 3180 3889 quas
3207 3824 3410 3874 vocant
3438 3818 3708 3892 Figarias.

2089 3913 2151 3968 Et
2180 3913 2236 3966 in
2265 3911 2527 3967 comitatu
2571 3908 2934 3972 Gerundensi,
2978 3907 3159 3978 ipsum
3208 3923 3463 3961 mansum
3497 3906 3592 3976 qui
3627 3913 3714 3960 est

2086 3999 2229 4055 infra
2278 4014 2465 4053 muros
2503 3997 2754 4069 ejusdem
2804 3995 3058 4060 civitatis,
3104 4002 3160 4050 et
3209 3995 3393 4050 villam
3455 3993 3708 4048 Palatioli

2085 4105 2211 4146 cum
2239 4089 2485 4144 Ecclesia
2513 4089 2567 4144 S.
2602 4089 2842 4155 Genesii,
2874 4096 2929 4143 et
2954 4085 3248 4141 ecclesiam
3279 4091 3484 4141 sanctae
3511 4084 3703 4139 Mariae

2088 4187 2142 4242 in
2178 4187 2432 4254 Blandas,
2461 4194 2516 4241 et
2540 4184 2830 4240 ecclesiam
2861 4184 3034 4239 sancti
3067 4181 3293 4248 Juliani,
3324 4189 3379 4236 et
3406 4180 3706 4235 Ecclesiam

2089 4284 2264 4338 sancti
2296 4281 2548 4356 Gaugini,
2581 4289 2636 4336 et
2661 4280 2844 4336 villam
2868 4279 3077 4351 Felgari
3115 4294 3240 4332 cum
3269 4277 3506 4331 ecclesia
3529 4275 3709 4330 sancti

376 4372 492 4469 pam
517 4375 689 4460 usque
721 4361 775 4415 in
807 4363 1028 4469 rocham
1071 4365 1386 4469 V'entosam,
1420 4377 1474 4424 et
1517 4371 1569 4424 in
1602 4372 1782 4442 ipsum
1812 4389 1987 4445 usque
2010 4379 2371 4469 D'tlypriani,
2418 4384 2471 4432 et
2501 4376 2798 4432 Ecclesiam
2829 4382 3028 4429 ssnctaa
3067 4374 3254 4437 Justus,
3282 4387 3408 4426 cum
3473 4370 3711 4425 decimis

374 4448 554 4501 locum
597 4449 692 4520 qui
729 4454 1054 4508 vocatur‘de
1083 4455 1242 4509 valde
1275 4457 1510 4530 Budiga,
1544 4467 1598 4514 et
1642 4463 1892 4517 ascendit
1922 4463 1989 4517 ad

378 4539 551 4608 ipsam
601 4555 842 4610 crucem,
875 4543 1064 4616 sicque
1101 4546 1390 4602 descendit
1416 4565 1590 4621 usque
1633 4552 1689 4606 in
1737 4553 1878 4609 viam
1921 4555 1991 4609 de

373 4626 635 4716 iamdicta
675 4645 834 4685 cruce
867 4648 964 4702 per
992 4634 1162 4706 ipsam
1193 4637 1389 4692 vallem
1422 4655 1599 4711 usque
1641 4641 1696 4694 in
1732 4643 1884 4716 reigo
1920 4643 1988 4698 de

379 4715 609 4790 Budiga.
662 4719 794 4773 Inde
826 4721 1112 4779 descendit
1158 4725 1212 4780 in
1261 4728 1464 4783 collum
1517 4732 1587 4785 de
1630 4715 1899 4798 Terrario,
1934 4743 1989 4787 et

378 4805 633 4875 pervenit
675 4807 730 4861 in
769 4812 1136 4868 summitatem
1179 4819 1384 4873 montis
1425 4837 1589 4890 quem
1641 4821 1832 4876 dicunt
1887 4822 1996 4876 Ro-

383 4898 483 4952 cha
517 4899 760 4955 Merena.
798 4901 1006 4959 Deinde
1063 4921 1095 4959 a
1143 4916 1296 4978 parte
1331 4911 1481 4966 circii
1511 4913 1903 4968 descendendo
1943 4919 1997 4967 et

381 4996 736 5053 ascendendo
793 5000 1043 5068 pervenit
1113 5002 1167 5056 in
1220 5007 1591 5063 summitatem
1661 5008 1728 5062 de
1773 5007 1997 5063 Wardia

382 5085 668 5152 Maurisca,
710 5097 766 5145 et
795 5091 976 5165 pergit
1013 5110 1113 5165 per
1149 5111 1418 5152 summam
1473 5115 1680 5154 serram
1718 5115 1894 5170 usque
1933 5098 1991 5152 in

383 5180 587 5248 parada
613 5180 681 5235 de
733 5183 1010 5253 Durando,
1055 5193 1110 5242 et
1155 5189 1404 5258 pervenit
1446 5206 1545 5261 per
1574 5207 1842 5246 summam
1874 5207 1994 5246 ser—

383 5283 496 5321 ram
529 5285 707 5340 usque
738 5271 794 5324 in
839 5275 1051 5330 rederix
1089 5277 1157 5330 de
1196 5285 1385 5333 sancto
1417 5278 1668 5335 Genesio.
1704 5280 1766 5334 Et
1808 5296 1996 5334 ascen-

385 5358 466 5413 dit
509 5377 609 5432 per
645 5378 912 5419 summam
961 5383 1167 5423 serram
1210 5370 1264 5424 in
1298 5370 1476 5441 ipsum
1511 5372 1734 5444 pugium
1775 5372 1868 5444 qui
1907 5380 1994 5428 est

389 5463 558 5519 super
603 5449 784 5520 ipsum
819 5453 1230 5524 Rovescarium,
1284 5466 1338 5514 et
1368 5459 1654 5514 descendit
1689 5477 1790 5531 per
1818 5461 1991 5531 ipsam

384 5555 591 5595 serram
638 5544 707 5598 ad
755 5545 869 5614 jam
913 5547 1113 5604 dictam
1159 5551 1375 5607 medam
1417 5568 1541 5624 qua:
1600 5561 1683 5606 est
1732 5552 1880 5606 intus
1937 5551 1993 5606 in

390 5649 560 5691 mare.
603 5636 737 5694 Item
780 5639 920 5695 infra
973 5640 1074 5696 hos
1136 5644 1399 5700 terminos
1450 5642 1843 5700 confirmamus
1894 5643 1992 5700 tibi

2094 4475 2150 4523 et
2193 4466 2449 4538 primitiis
2487 4473 2541 4520 et
2597 4463 2978 4519 oblationibus
3032 4463 3098 4517 ad
3153 4461 3380 4516 easdem
3441 4459 3711 4514 Ecclesias

2093 4554 2517 4626 pertinentibus,
2559 4562 2614 4607 et
2647 4552 2828 4622 ipsum
2861 4551 3053 4622 pinum
3077 4550 3169 4621 qui
3211 4549 3316 4603 fuit
3363 4549 3434 4602 de
3470 4547 3708 4612 Borello,

2090 4655 2144 4701 et
2193 4647 2412 4702 alaudia
2458 4644 2810 4700 Soccoronio.
2859 4643 2922 4697 Et
2964 4644 3020 4697 in
3073 4641 3337 4697 comitatu
3399 4641 3710 4695 Barchino-

2096 4740 2274 4804 nensi,
2320 4747 2375 4793 et
2409 4739 2463 4792 in
2495 4737 2754 4802 Vallensi,
2801 4737 2854 4790 in
2882 4741 3070 4790 monte
3112 4733 3325 4806 Signio,
3383 4740 3439 4788 et
3470 4735 3526 4787 in
3574 4733 3717 4788 valle

2095 4829 2365 4894 Jordaria,
2397 4834 2664 4899 quantum
2697 4825 2907 4880 ibidem
2938 4823 3120 4878 habet.
3159 4823 3218 4876 Et
3239 4823 3292 4876 in
3323 4822 3456 4876 villa
3483 4822 3718 4886 Larona,

2096 4930 2152 4976 et
2176 4921 2235 4974 in
2256 4919 2468 4994 Agello,
2501 4925 2556 4973 et
2587 4918 2642 4971 in
2668 4916 2947 4972 Terminio
2987 4915 3056 4970 de
3088 4914 3345 4968 Olerdula
3374 4914 3432 4967 in
3467 4913 3723 4968 Penades

2096 5012 2346 5067 alaudem
2395 5011 2488 5083 qui
2559 5010 2664 5065 fuit
2713 5011 2781 5064 de
2839 5008 3134 5064 Guilischo.
3207 5007 3272 5061 Et
3330 5006 3387 5060 in
3450 5006 3719 5061 comitatu

2093 5105 2332 5166 Ausona,
2389 5111 2653 5174 quantum
2703 5101 2873 5156 habet
2916 5101 2970 5155 in
3003 5100 3130 5154 villa
3178 5099 3369 5172 Berga,
3411 5113 3536 5153 cum
3599 5098 3724 5168 ipsa

2094 5193 2328 5249 ecclesia
2356 5192 2567 5246 Sanctae
2598 5191 2814 5247 Ceciliae
2845 5205 2971 5244 cum
3000 5204 3101 5242 suo
3122 5188 3340 5254 alaude,
3371 5195 3429 5242 et
3452 5186 3723 5241 alaudem

2077 5285 2259 5354 quem
2311 5282 2479 5336 habet
2528 5281 2580 5334 in
2618 5279 2875 5334 terminio
2928 5279 2998 5332 de
3055 5286 3234 5332 castro
3267 5277 3538 5339 Cardona,
3574 5276 3726 5330 etin

2096 5373 2400 5430 Correzano
2430 5373 2720 5428 ecclesiam
2769 5371 2979 5425 Sanctae
3025 5368 3204 5423 Mariae
3236 5378 3294 5422 et
3349 5367 3536 5422 Sancti
3574 5366 3724 5420 Petri

2097 5477 2221 5516 cum
2248 5477 2348 5516 suo
2387 5460 2606 5516 alaude.
2639 5461 2700 5514 Et
2739 5459 2794 5512 in
2823 5459 3084 5514 comitatu
3117 5456 3440 5519 Paliarensi,
3468 5455 3623 5522 juxta
3649 5454 3728 5508 ci—

2097 5551 2323 5606 vitatem
2356 5549 2736 5613 Liminianam,
2768 5546 3060 5603 ecclesiam
3098 5547 3150 5601 S.
3179 5544 3414 5599 Andreae
3447 5552 3502 5598 et
3531 5545 3729 5598 omnia

2099 5656 2223 5712 qua:
2254 5639 2421 5695 habet
2463 5639 2520 5694 in
2553 5639 2750 5696 eodem
2784 5637 3067 5694 comitatu.
3108 5636 3171 5690 Et
3208 5635 3264 5690 in
3301 5633 3569 5690 comitatu
3597 5634 3728 5687 Cer-
