4042 6156
333 256 474 311 1089
1553 248 1897 305 EPISTOLIE
1945 248 2030 303 ET
2067 246 2474 304 PRlVlLEGlA.
3555 254 3696 312 1090

332 379 512 434 daniaa
551 377 606 430 in
635 374 765 431 villa
805 373 986 428 Atzela
1016 371 1309 428 ecclesiam
1340 372 1394 427 8.
1451 373 1594 428 Petri
1625 380 1679 428 et
1729 373 1963 427 Sanctae
1989 373 2048 442 Α
2075 371 2597 430 misericordissimo
2654 373 2887 430 Domino
2915 375 3028 430 Deo
3073 387 3259 434 nostro
3281 380 3549 452 consequi
3580 396 3697 435 me-

335 472 610 532 Columbze
644 487 767 526 cum
827 468 1058 523 decimis
1095 476 1150 523 et
1206 469 1489 538 primitiis,
1555 476 1608 524 et
1659 466 1966 522 alaudibus
2075 471 2260 518 reatur
2287 463 2345 516 in
2377 463 2576 517 smcula
2613 463 3180 522 saeculorum.Amen.

336 559 822 628 oblationibusque
871 557 941 611 ad
987 573 1108 611 eam
1138 557 1566 627 pertinentibus,
1586 564 1639 610 et
1682 561 1963 626 quantum
2145 552 2422 622 Scriptum
2452 569 2551 622 per
2581 569 2810 607 manum
2842 553 3107 625 Stephani
3168 559 3366 612 notarii
3401 559 3700 634 regionarii

337 653 504 707 habet
542 652 595 705 in
644 649 772 703 villa
830 649 946 715 Exi,
996 648 1180 702 villam
1235 648 1505 702 Villellam
1556 648 1611 701 in
1640 646 1962 701 Conﬂuenti
2069 647 2129 694 et
2187 641 2465 696 scriniarii
2511 650 2709 696 nostrae
2756 645 3074 713 apostolicae
3124 647 3316 702 matris
3357 648 3612 704 Ecclesiae
3646 648 3703 701 in

335 758 457 797 cum
485 738 812 795 terminibus
861 737 997 792 suis.
1061 737 1122 791 Et
1178 736 1236 790 in
1272 737 1536 792 comitatu
1592 735 1960 791 Funilietensi
2065 747 2269 789 mense
2301 733 2506 804 Aprilis
2537 740 2590 788 et
2620 734 2926 790 indictione
2954 739 3218 793 secunda.
3251 740 3398 796 Bene
3425 741 3624 796 valete.

337 832 620 888 ecclesiam
653 830 707 883 S.
739 828 970 883 Andreae
997 827 1054 882 in
1097 827 1240 882 valle
1273 829 1570 895 Poziliano,
1601 837 1656 884 et
1686 835 1960 900 quantum
2804 848 2869 901 γι
2896 850 2993 917 (1),

343 923 547 977 ibidem
606 920 792 976 habet
849 919 1112 1009 Εῑὶυκῐδγ
1148 935 1338 1009 muros
1384 920 1960 1009 Νδτδοηθεντηέηευξη
2061 928 2404 995 Benedictus
2458 955 2605 1009 papa
2649 941 2718 994 V1
2767 944 3084 996 monasterii
3111 945 3168 999 S.
3223 946 3446 1002 Ceciliae
3473 946 3706 1002 Montis—

342 1027 528 1065 unum.
566 1011 625 1064 Et
684 1010 739 1064 in
793 1008 1054 1065 comitatu
1104 1008 1515 1064 Rossilionensi
1576 1008 1875 1064 ecclesiam
1905 1007 1957 1060 8.
2458 1007 3000 1081 ίεέννατὶρνίυἰίθρία
3020 1017 3319 1084 conﬁrmat.

343 1106 634 1162 Salvatoris
661 1121 787 1160 cum
810 1104 1001 1160 villare
1030 1103 1258 1168 Miliani,
1288 1113 1344 1157 et
1371 1103 1554 1158 villam
1624 1102 1877 1172 Lupiani,
1911 1107 1965 1155 et
2728 1100 2911 1169 (Anno
2932 1101 3090 1173 972.)

342 1194 629 1250 ecclesiam
657 1201 860 1248 sanctae
908 1193 1186 1249 Columbae
1243 1209 1367 1247 cum
1399 1192 1637 1248 decimis
1686 1199 1742 1246 et
1768 1189 1964 1262 primi-
2405 1186 2558 1256 [Dum
2582 1187 2854 1255 Bouousr,
2885 1192 3116 1259 Recueil,
3141 1194 3230 1256 IX,
3260 1195 3407 1264 241.]

345 1285 454 1351 tiis,
479 1291 533 1338 et
569 1285 753 1338 villam
783 1284 1139 1353 Conjunctam
1184 1300 1309 1338 cum
1343 1285 1456 1338 suis
1511 1281 1881 1350 molendinis,
1912 1287 1968 1335 et
2159 1282 2494 1336 Banamcrus
2533 1283 2845 1354 episcopus,
2901 1302 3094 1342 servus
3124 1303 3409 1344 servorum
3445 1287 3566 1351 Dei,
3607 1285 3721 1339 CE-

343 1375 523 1429 villam
554 1376 835 1430 Pollestris
862 1393 986 1431 cum
1017 1375 1255 1431 Ecclesia
1283 1377 1338 1430 8.
1372 1375 1616 1440 Martini,
1650 1389 1772 1429 cum
1816 1373 1970 1428 deci-
2072 1384 2243 1426 samo
2299 1369 2490 1425 abbati
2549 1374 2881 1428 venerabilis
2930 1377 3170 1431 ccenobii
3219 1378 3446 1434 Sanctae
3503 1375 3724 1434 Ceciliae

349 1466 452 1519 mis
481 1474 535 1521 et
565 1466 823 1536 primitiis
853 1475 1017 1537 atque
1048 1465 1362 1531 alaudibus,
1396 1472 1450 1519 et
1489 1464 1682 1518 villam
1712 1462 1973 1518 Torrilias
2073 1453 2509 1534 Μοηιὶεεθτιᾚῑῖ,
2542 1467 2596 1512 et
2625 1466 2835 1514 cuncta
2869 1471 2974 1516 tute
3031 1465 3461 1540 congregationi
3497 1482 3730 1526 succes-

350 1573 473 1611 cum
494 1557 725 1612 ecclesia
749 1557 804 1611 S.
839 1557 1005 1623 Petri,
1031 1572 1156 1612 cum
1190 1554 1451 1627 primitiis
1477 1561 1534 1608 et
1559 1551 1968 1608 oblationibus.
2075 1545 2418 1613 scribusque
2446 1544 2552 1598 ῐυίδ
2583 1555 2907 1617 perpetuam
2939 1551 2996 1604 in
3025 1552 3256 1608 Domino
3281 1555 3568 1610 salutem.

356 1647 416 1702 Et
442 1648 494 1701 in
533 1647 792 1702 comitatu
808 1647 956 1701 Valle
985 1648 1178 1716 Asperi
1207 1646 1460 1700 alaudem
1486 1644 1559 1699 de
1585 1642 1901 1712 Campellos
1923 1650 1976 1697 et
2005 1687 2052 1753 Β
2107 1639 2422 1753 “Quoniam
2441 1642 2796 1736 concedenda
2826 1653 2953 1699 sunt
2992 1663 3116 1716 quae
3150 1648 3613 1713 rationabilibus
3639 1659 3742 1720 de-

356 1739 424 1793 de
450 1740 588 1794 valle
617 1739 798 1806 Crosa,
827 1745 882 1793 et
902 1739 1086 1793 villam
1113 1739 1182 1793 de
1213 1738 1332 1793 rivo
1365 1737 1604 1812 Nugario
1636 1749 1761 1790 cum
1791 1735 1976 1789 ecclc-
2005 1726 2052 1753 υ
2077 1726 2306 1782 sideriis
2336 1727 2612 1795 pertinere
2634 1739 2957 1799 noscuntur,
2979 1743 3168 1790 nostra
3197 1740 3538 1807 apostolica
3563 1763 3749 1812 aucto.

355 1831 435 1885 sia
463 1831 514 1886 S.
549 1831 824 1886 Michaelis
839 1846 962 1885 cum
1002 1829 1314 1888 decimis‘iet
1344 1827 1626 1899 primitiis.
2082 1822 2241 1883 ritas.
2274 1818 2342 1872 ad
2378 1819 2740 1878 roborandam
2773 1825 2919 1894 piam
2945 1825 3189 1882 fidelium
3236 1831 3662 1914 devotionem,
3689 1852 3744 1908 in

429 1919 669 1974 Decimas
699 1925 752 1973 et
777 1919 1046 1990 primitias
1072 1927 1127 1974 et
1155 1917 1472 2010 oblationes
1521 1916 1592 1969 de
1636 1915 1777 2010 jam.
1809 1912 1975 1967 dictis
2080 1911 2413 2010 praestandis
2443 1913 2938 2010 privilegiis-debet
2967 1919 3193 1974 minime
3216 1921 3535 1999 abnegari,
3568 1911 3746 2010 [gitur

359 2010 620 2077 ecclesiis,
676 2017 729 2064 et
787 2010 1184 2065 monasterium
1242 2007 1647 2079 supradictum,
1679 2010 1733 2058 et
1765 2001 1889 2058 loca
1921 2010 1976 2057 et
2079 1997 2419 2055 excellentia
2446 2011 2537 2056 tua
2566 2005 2930 2062 etlaudabilis
2950 2013 3324 2068 mansuetudo
3364 1997 3678 2084 postulata;
3702 1997 3733 2086 ά

360 2105 538 2160 alodia
557 2121 679 2160 cum
707 2105 963 2159 omnibus
1018 2104 1247 2172 finibus,
1305 2102 1599 2166 limitibus,
1644 2097 1897 2154 terminis
1923 2105 1978 2152 et
2081 2086 2261 2181 ηοιξίε
2277 2095 2544 2159 quatenus
2574 2094 2872 2162 apostolica
2918 2099 3241 2154 auctoritate
3275 2117 3386 2170 per
3414 2105 3527 2163 hoc
3557 2116 3732 2181 privi_

361 2196 701 2266 adjacentiis,
732 2205 995 2267 quantum
1018 2197 1185 2252 hodie
1204 2197 1382 2268 ipsum
1410 2191 1816 2250 monasterium
1840 2189 1980 2244 infra

364 2287 463 2340 hos
489 2286 773 2341 comitatus
811 2286 1069 2356 superius
1117 2286 1358 2357 scriptos
1377 2283 1569 2349 habet,
1590 2289 1647 2336 et
1681 2279 1980 2334 auxiliante

364 2379 474 2433 Deo
499 2379 863 2449 acquisiturus
911 2378 1036 2444 erit,
1088 2378 1227 2447 juris
1272 2384 1478 2431 sancta:
1540 2375 1832 2434 Romanae,
1895 2368 1985 2425 cui

367 2467 477 2522 Deo
505 2475 724 2522 auctore
778 2467 1138 2533 deservimus,
1194 2466 1473 2531 Ecclesiae,
1519 2481 1550 2518 a
1583 2461 1852 2534 praesenti
1895 2475 1992 2514 se-

368 2559 546 2614 cunda
570 2558 874 2615 indictione
905 2560 1083 2629 ipsum
1119 2558 1506 2614 monasterium
1531 2554 1720 2620 villas,
1754 2559 1811 2607 et
1840 2551 1994 2606 alan-

371 2653 489 2719 des,
523 2661 575 2708 et
599 2654 882 2720 ecclesias,
914 2671 1040 2710 cum
1071 2653 1328 2710 omnibus
1358 2667 1550 2707 eorum
1604 2648 1994 2720 pertinentiis,

373 2757 434 2803 ut
454 2765 615 2819 supra
644 2749 867 2824 legitur,
897 2750 953 2803 in
981 2755 1309 2820 perpetuum
1369 2761 1468 2816 per
1506 2744 1682 2812 hujus
1710 2742 1994 2818 privilegii

374 2836 574 2892 seriem
603 2837 908 2892 stabilimus
937 2837 1037 2891 tibi
1091 2835 1310 2906 tuisque
1337 2831 1780 2895 successoribus,
1817 2829 1996 2884 desti-

375 2928 710 2994 nendum,et
735 2944 859 2983 cum
885 2929 981 2982 Dei
1011 2928 1207 2982 timore
1245 2925 1550 2998 regendum
1569 2929 1625 2976 et
1656 2921 1998 2992 dispensan-

381 3017 534 3080 dum,
569 3016 642 3070 ita
670 3023 730 3070 ut
758 3015 942 3070 nullus
969 3031 1210 3086 unquam
1242 3029 1454 3087 regum,
1485 3010 1670 3116 nullus
1696 3008 2000 3116 ep‘iscopo-
2025 3048 2075 3116 Ο

383 3121 528 3173 rum,
584 3104 878 3175 nullusque
941 3104 1228 3159 hominum
1285 3101 1345 3155 in
1389 3099 1642 3172 quolibet
1681 3098 1875 3153 ordine
1946 3107 2002 3154 et

388 3194 696 3249 ministerio
725 3193 1079 3259 constitutus,
1111 3190 1313 3246 audeat
1373 3189 1608 3244 moleste
1639 3186 1823 3241 causis
1854 3187 2010 3258 ejus-

389 3283 516 3338 dem
539 3282 862 3337 monasterii
908 3282 1249 3348 incumbere,
1272 3288 1327 3335 et
1346 3281 1468 3334 haec
1494 3277 1700 3343 omnia,
1748 3283 1808 3331 ut
1839 3294 2008 3348 supra

293 3441 302 3448 κ
385 3371 650 3440 jussimus
672 3371 731 3426 in
763 3377 1094 3442 perpetuum
1115 3368 1431 3440 persistant,
1452 3371 1756 3420 statuentes
1785 3372 2011 3433 aposto-

394 3467 499 3522 lica
516 3483 749 3523 censura
775 3467 880 3521 sub
928 3463 1100 3518 divini
1153 3461 1348 3533 judicii
1391 3458 1760 3516 obtestatione
1791 3465 1846 3512 et
1875 3475 2011 3512 ana-

399 3559 657 3613 thematis
683 3556 1074 3612 interdictione
1100 3561 1161 3609 ut
1190 3553 1374 3608 nullus
1403 3566 1644 3622 unquam
1699 3555 2009 3604 nostrorum

399 3663 780 3703 successorum
822 3645 1146 3717 pontiﬁcum
1191 3649 1486 3716 praesumat
1512 3642 1753 3713 aliquam
1780 3640 1891 3694 vim
1923 3647 2015 3694 aut

402 3737 743 3792 invasionem
794 3735 850 3790 in
898 3734 1064 3789 rebus
1102 3733 1277 3805 ipsius
1315 3730 1634 3788 monasterii
1660 3729 1858 3784 facere.
1890 3729 2016 3784 Post

403 3827 616 3883 obitum
646 3841 776 3880 vero
815 3823 1029 3879 abbatis
1090 3838 1255 3878 nemo
1310 3822 1384 3876 ibi
1436 3821 1688 3876 abbatem
1718 3820 2017 3875 constituat

405 3917 514 3972 nisi
544 3933 708 3990 quem
741 3931 1048 3972 consensus
1077 3922 1131 3970 et
1179 3911 1487 3970 communis
1515 3912 1766 3968 voluntas
1787 3908 2016 3964 fratrum

405 4024 474 4064 ex
511 4009 632 4079 ipsa
677 4008 1106 4081 congregatione
1163 4005 1392 4080 elegerit
1428 4003 1732 4059 secundum
1762 4001 1934 4056 Deum
1965 4006 2017 4054 et

409 4098 462 4152 S.
515 4087 795 4152 Benedicti
853 4097 1119 4168 regulam,
1170 4096 1496 4166 nullumque
1554 4091 1840 4164 praemium
1903 4090 2016 4145 sive

409 4191 618 4246 donum
643 4206 741 4262 pro
770 4192 1182 4246 consecratione
1207 4191 1352 4244 illius
1377 4188 1577 4260 aliquis
1603 4186 1856 4257 accipere
1883 4201 2020 4241 con-

411 4287 618 4343 tendat.
652 4287 776 4342 Etsi
799 4303 924 4340 eum
955 4287 1125 4360 gratis
1147 4286 1441 4356 episcopus
1465 4285 1720 4340 ordinare
1754 4282 2016 4348 noluerit,

413 4377 485 4431 ad
513 4379 670 4446 cujus
692 4377 976 4433 dimcesim
1007 4378 1124 4447 ipse
1150 4377 1388 4448 pertinet
1418 4377 1593 4443 locus,
1627 4374 1709 4430 vel
1743 4389 1771 4427 a
1830 4383 2017 4429 nostra

415 4465 660 4520 Romana
705 4471 895 4534 ,matre
923 4465 1162 4520 Ecclesia
1201 4465 1288 4520 vel
1331 4481 1361 4519 a
1415 4477 1744 4535 quocunque
1797 4462 2032 4518 voluerit

415 4556 682 4628 episcOpo
712 4572 813 4627 per
833 4562 1072 4611 nostram
1104 4555 1484 4610 auctoritatem
1518 4553 1690 4608 libere
1718 4551 2022 4608 ordinetur.

417 4646 474 4702 Si
513 4648 636 4719 quis
665 4647 1034 4718 autem,quod
1052 4661 1162 4701 non
1192 4652 1464 4716 optamus,
1481 4643 1688 4699 nefario
1720 4660 1858 4697 ausu
1885 4659 2026 4714 prae-

416 4739 718 4808 sumpserit
773 4739 908 4805 haec,
964 4753 1086 4809 quae
1124 4755 1155 4792 a
1207 4737 1366 4793 nobis
1421 4737 1488 4791 ad
1547 4733 2023 4796 honorificentiam

419 4827 637 4882 Domini
681 4827 853 4882 nostri
900 4827 1033 4882 Jesu
1074 4825 1265 4880 Christi
1295 4841 1392 4897 pro
1423 4824 1722 4879 stabilitate
1745 4825 1856 4895 jam
1891 4823 2022 4878 dicti

421 4918 743 4972 monasterii
782 4923 1140 4991 statutasunt,
1177 4914 1507 4988 transgredi,
1540 4915 1677 4970 sciat
1706 4929 1764 4968 se
1795 4914 2031 4968 anathe-

421 5009 584 5063 matis
603 5009 825 5064 vinculo
855 5009 1199 5075 innodatum,
1228 5014 1282 5062 et
1328 5023 1451 5062 cum
1494 5005 1739 5074 diabolo,
1767 5013 1823 5061 et
1843 5006 2031 5062 omni-

423 5098 526 5153 bus
554 5098 738 5169 impiis
769 5099 961 5154 zeterni
992 5098 1236 5153 incendii
1261 5097 1601 5153 atrocissime
1629 5097 1903 5168 supplicio
1934 5097 2032 5152 de-

424 5199 696 5261 putatum.
723 5195 786 5248 At
811 5210 939 5250 vero
970 5194 1063 5264 qui
1093 5193 1185 5264 pio
1214 5192 1413 5248 intuitu
1431 5199 1614 5248 custos
1645 5193 2031 5249 etobservator

425 5294 617 5334 eorum
648 5280 932 5347 exstiterit,
973 5281 1302 5337 omnimodw
1345 5281 1752 5338 benedictionis
1777 5281 2028 5356 gratiam.

426 5369 788 5439 omniumque
814 5369 1188 5441 {peccatorum
1233 5383 1454 5425 suorum
1515 5370 1944 5436 absolutionem,
1978 5378 2034 5426 et

429 5456 665 5511 caelestis
685 5457 807 5513 vitae
855 5457 1248 5514 beatitudinem
1270 5475 1394 5516 cum
1420 5460 1626 5516 sanctis
1680 5469 1735 5515 et
1773 5459 1966 5516 electis
2001 5476 2032 5514 a

508 5600 578 5670 (1)
617 5599 873 5655 Dubium.

2037 4333 2096 4402 D

2081 2177 2304 2252 legium
2333 2183 2823 2239 concederemusct
2854 2187 3309 2244 conlirmaremus
3357 2194 3457 2248 tibi
3500 2177 3727 2272 tuisque

2085 2271 2515 2326 successoribus
2545 2273 2598 2327 in
2645 2283 2969 2344 perpetuum
3001 2279 3385 2347 snpradictum
3428 2271 3722 2344 monaste-

2091 2359 2269 2426 rium,
2303 2377 2423 2415 cum
2453 2364 2708 2419 omnibus
2734 2366 3054 2434 adjacentiis
3092 2376 3145 2422 et
3175 2371 3556 2440 pertinentiis,
3594 2394 3720 2433 cum

2092 2449 2310 2506 ﬁnibus
2336 2455 2696 2530 terminisque
2721 2459 2855 2513 suis.
2885 2459 2947 2513 Et
2978 2460 3103 2515 ideo
3139 2462 3248 2516 tuis
3280 2464 3387 2533 piis
3418 2465 3719 2525 desideriis

2093 2538 2370 2608 faventes,
2395 2552 2580 2600 nostra
2626 2548 2926 2618 apostolica
2979 2551 3307 2607 auctoritate
3361 2553 3716 2614 decernimus

2094 2629 2166 2684 ad
2199 2629 2382 2700 ipsum
2415 2634 2698 2702 praefatum
2741 2638 2951 2694 Sanctae
3019 2639 3240 2696 Ceciliae
3296 2645 3719 2715 monasterium,

2096 2738 2227 2778 cum
2267 2724 2381 2779 suis
2411 2728 2659 2783 terminis
2711 2736 2763 2782 et
2801 2729 3145 2798 adjacentiis,
3188 2739 3244 2787 et
3299 2748 3423 2788 cum
3461 2735 3726 2791 omnibus

2098 2833 2230 2888 quae
2255 2817 2484 2874 inferius
2532 2823 2902 2878 continentur.
2964 2825 3041 2879 lta
3095 2842 3230 2882 sane
3278 2834 3337 2882 ut
3380 2828 3566 2883 nullus
3597 2847 3713 2896 rex,

2099 2907 2576 2981 archiepiscopus,
2633 2913 2946 2983 episcOpus,
3012 2931 3223 2984 comes,
3277 2919 3364 2974 vel
3412 2919 3727 2976 vicecomes

2100 3013 2207 3052 seu
2228 2999 2639 3078 aliqua‘magna
2667 3021 2942 3077 parvaque
2991 3023 3233 3078 persona
3263 3009 3365 3065 sub
3382 3010 3508 3079 jure
3538 3018 3593 3066 et
3625 3012 3730 3068 do-

2108 3088 2287 3145 minio
2313 3105 2414 3145 suo
2442 3094 2766 3161 praedictum
2799 3098 3197 3152 monasterium
3259 3099 3481 3154 mittere
3505 3099 3732 3168 audeat,

2107 3186 2164 3234 et
2190 3193 2304 3234 non
2351 3181 2549 3239 habeat
2610 3192 2935 3256 potestatem
2978 3187 3063 3240 vel
3095 3188 3373 3244 licentiam
3420 3188 3726 3245 inalienare

2107 3268 2366 3324 eumdem
2397 3273 2602 3342 locum,
2627 3278 2713 3332 vel
2733 3277 2837 3331 sub
2854 3278 3081 3332 alterius
3118 3280 3443 3335 monasterii
3472 3279 3734 3336 domina-

2109 3357 2262 3414 tione
2289 3362 2615 3420 submittere
2648 3385 2662 3432 ;
2705 3369 2804 3422 sed
2870 3385 3091 3439 semper
3144 3371 3377 3427 liberum
3410 3381 3466 3426 et
3494 3374 3734 3431 solidum

2110 3447 2352 3505 retineas
2373 3459 2481 3506 tuae
2501 3470 2566 3509 ac
2599 3455 2855 3511 Romanae
2897 3457 3145 3513 ecclesia:
3205 3461 3460 3532 potestati
3490 3480 3502 3514 :
3536 3471 3590 3518 et
3607 3465 3737 3519 nul-

2114 3542 2201 3595 lus
2230 3544 2561 3612 mortalium,
2608 3564 2732 3618 quae
2762 3548 2839 3603 ibi
2893 3559 3022 3604 sunt
3054 3552 3220 3608 modo
3246 3553 3331 3608 vel
3358 3563 3544 3623 erunt,
3583 3558 3743 3617 inva-

2117 3631 2249 3684 dere
2274 3633 2359 3687 vel
2381 3651 2646 3706 usurpare
2678 3645 2992 3709 praesumat,
3023 3647 3117 3696 aut
3155 3641 3351 3698 fratres
3383 3644 3590 3700 ibidem
3619 3665 3738 3704 ser-

2112 3723 2326 3814 vientes
2354 3726 2666 3798 inquietare
2717 3748 2731 3797 ;
2775 3730 2850 3784 ita
2895 3738 2956 3786 ut
3004 3733 3192 3788 nullus
3239 3752 3480 3808 unquam
3511 3755 3731 3814 regum,

2118 3812 2303 3867 nullus
2332 3815 2748 3888 episcOporum,
2777 3818 3071 3892 nullusque
3087 3822 3369 3879 hominum
3397 3825 3451 3879 in
3481 3812 3735 3898 quolibet

2117 3905 2313 3960 ordine
2345 3910 2724 3968 etministerio
2752 3914 3087 3970 constitutus
3130 3916 3334 3973 audeat
3361 3920 3589 3973 moleste
3608 3936 3736 3975 cau-

2117 3993 2195 4048 sis
2231 3997 2480 4065 ejusdem
2502 4003 2822 4059 monasterii
2855 4005 3197 4073 incumbere,
3222 4023 3323 4063 nec
3356 4009 3743 4067 hominesillo-

2118 4106 2236 4145 rum
2264 4107 2363 4162 per
2390 4092 2557 4148 ullam
2588 4111 2806 4151 causam
2849 4097 3202 4172 distringere.
3241 4102 3301 4156 Et
3330 4103 3509 4173 ipsum
3543 4121 3742 4162 mona-

2118 4182 2370 4250 sterium,
2398 4183 2555 4238 villas
2575 4192 2631 4239 et
2659 4186 2869 4254 alodes,
2903 4188 3147 4244 decimas
3179 4197 3234 4245 et
3265 4192 3554 4262 primitias,
3597 4213 3736 4267 quas

2120 4267 2329 4324 dudum
2360 4271 2552 4326 habuit
2591 4281 2645 4328 et
2683 4274 2741 4328 in
2784 4282 2956 4332 antea.
2995 4279 3336 4350 acquisierit,
3377 4289 3432 4336 et
3480 4285 3744 4341 ecclesias
3831 4291 3836 4294 ’

2130 4381 2255 4422 cum
2283 4369 2542 4424 omnibus
2564 4387 2755 4428 eorum
2810 4374 3181 4444 pertinentiis,
3211 4384 3271 4432 ut
3306 4379 3563 4449 superius
3607 4381 3749 4454 legi-

2130 4464 2234 4520 tur,
2279 4459 2334 4513 in
2360 4466 2686 4530 perpetuum
2719 4478 2818 4530 per
2869 4464 3186 4532 hujusmodi
3228 4467 3502 4542 privilegii
3541 4471 3743 4526 seriem

2128 4548 2435 4603 stabilimus
2485 4551 2586 4604 tibi
2629 4551 2847 4624 tuisque
2895 4546 3309 4611 successoribus
3354 4558 3741 4628 detinendum,

2127 4655 2190 4693 ac
2220 4639 2314 4694 Dei
2347 4656 2470 4694 cum
2521 4648 2758 4698 tremore
2802 4644 3129 4716 regendum,
3181 4652 3237 4700 et
3279 4646 3739 4718 dispensandum.

2131 4728 2190 4782 Et
2221 4729 2340 4784 haec
2379 4731 2592 4796 omnia,
2640 4738 2700 4786 ut
2751 4748 2918 4803 supra
2969 4734 3254 4804 jussimus,
3305 4743 3420 4792 tota
3448 4738 3504 4791 in
3537 4754 3743 4808 perpe-

2127 4828 2280 4875 tuum
2306 4820 2630 4890 persistant.
2681 4820 3001 4876 Statuentes
3042 4824 3346 4894 apostolica
3377 4841 3611 4880 censura
3641 4827 3742 4880 sub

2131 4909 2304 4965 divini
2330 4909 2524 4979 judicii
2573 4909 2940 4967 obtestatione
2995 4920 3050 4968 et
3094 4915 3458 4970 anathematis
3508 4915 3748 4970 interdi-

2131 5001 2335 5066 ctione,
2359 5008 2418 5056 ut
2467 5001 2648 5055 nullus
2689 5018 2934 5074 unquam
2984 5015 3296 5062 nostrorum
3355 5021 3742 5062 successorum

2131 5089 2455 5162 pontificum
2497 5098 2790 5161 praesumat
2837 5093 3077 5165 aliquam
3127 5094 3235 5148 vim
3274 5103 3370 5148 aut
3399 5094 3741 5150 invasionem

2131 5184 2188 5237 in
2212 5183 2377 5237 rebus
2404 5182 2580 5252 ipsius
2634 5185 2959 5240 monasterii
2983 5185 3182 5239 facere.
3215 5184 3344 5239 Post
3373 5186 3582 5240 obitum
3610 5202 3744 5243 vero

2131 5275 2345 5330 abbatis
2374 5288 2537 5330 nemo
2559 5274 2638 5328 ibi
2669 5275 2923 5331 abbatem
2950 5274 3266 5343 constituat,
3295 5275 3403 5331 nisi
3431 5293 3597 5349 quem
3617 5293 3746 5332 con-

2132 5385 2329 5425 sensus
2358 5375 2412 5423 et
2436 5369 2687 5426 voluntas
2724 5369 3036 5426 communis
3085 5368 3308 5424 fratrum
3343 5387 3408 5425 ex
3449 5371 3571 5442 ipsa
3601 5387 3740 5427 con-

2133 5457 2452 5532 gregatione
2508 5459 2739 5533 elegerit
2775 5457 3080 5513 secundum
3136 5459 3232 5513 Dei
3267 5460 3522 5515 timorem
3568 5465 3624 5514 et
3681 5459 3735 5512 8.
