3974 5392
302 298 777 310 -ηηησ-σο-ε-ι-ν
880 298 1372 311 νοῇ-...ψ’
1506 300 2077 311 mw
2146 302 3241 325 mm_—-«m

237 302 3506 374 Cum

1430 474 1599 519 ANNO
1644 475 1877 522 DOMINI
1923 478 2297 526 DCCCCLXVI.

873 614 2870 838 FLODOABDUS

1423 904 1873 970 CANONICUS
1912 906 2334 972 REMENSIS.

430 1085 1068 1266 ’ΝΟΤΙΤΙΑ
1150 1166 1812 1263 ΗΙΞΤΟΒΙ(

1916 1200 1943 1260 ι
2030 1173 2174 1262 ΙΝ
2266 1174 3292 1280 FLODOARDUM.

1026 1322 1191 1387 (Apud
1223 1320 1405 1375 Habiti.
1427 1324 1551 1373 Acta
1575 1323 1665 1374 SS.
1687 1322 1790 1372 ord.
1815 1322 1865 1371 S.
1893 1321 2105 1383 Bened.,
2131 1326 2250 1375 tom.
2277 1324 2386 1389 Vll,
2411 1339 2526 1391 pag.
2552 1329 2688 1394 325.)

283 1552 652 1610 Flodoardum
700 1554 1074 1628 presbyterum
1101 1553 1447 1622 Remensem,
1485 1554 1821 1626 praecipuum
1849 1554 1898 1614 Α
1925 1553 2120 1609 vellem
2163 1556 2456 1625 proﬁcisci.
2492 1560 2754 1635 Fecitque
2803 1582 2892 1624 me
2940 1569 3040 1626 sub
3081 1574 3328 1631 custodia
3373 1577 3514 1633 deti-

219 1648 395 1705 szeculi
444 1664 482 1704 ι
540 1656 959 1716 ornamentum,
1025 1648 1309 1705 monachis
1370 1657 1664 1704 accensent
1716 1646 1819 1701 viri

220 1741 358 1797 docti
407 1756 518 1797 non
544 1740 705 1812 pauci
735 1751 857 1813 post
901 1739 1267 1813 Sigebertum,
1295 1755 1434 1811 quos
1482 1740 1624 1795 inter
1664 1736 1818 1794 Guil—

219 1833 412 1890 lelmus
466 1832 730 1890 Marlotus
781 1834 837 1890 in
888 1832 1168 1905 Metropoli
1210 1831 1453 1889 Remensi
1500 1841 1556 1889 et
1609 1830 1821 1887 Natalis

219 1925 529 1981 Alexander
558 1926 613 1982 in
656 1926 899 1983 Historia
945 1927 1126 1983 saeculi
1171 1944 1225 1983 χ.
1253 1927 1622 1993 'Flodoardus,
1657 1942 1819 1998 quem

220 2017 360 2074 idem
408 2018 733 2091 Sigebertus
761 2018 1099 2077 Flawaldum
1136 2030 1319 2088 vocat,
1364 2035 1643 2091 nunquam
1685 2019 1821 2076 satis

220 2110 498 2179 laudatus,
527 2128 629 2169 nec
658 2113 774 2169 scio
825 2128 895 2170 an
938 2113 1036 2170 ulli
1081 2122 1387 2185 temporum
1420 2114 1637 2169 illorum
1679 2113 1817 2169 scri-

221 2204 369 2274 ptori
421 2207 731 2275 secundus,
784 2204 1065 2278 Sparnaco
1116 2206 1313 2279 oppido
1363 2210 1430 2263 ad
1475 2206 1817 2274 Matronam,

223 2295 385 2368 vulgo
425 2296 694 2370 Epernay,
727 2307 887 2355 natus
911 2307 995 2354 est
1018 2314 1163 2355 anno
1201 2298 1339 2368 894,
1370 2299 1636 2369 siquidem
1676 2314 1822 2356 anno

222 2384 322 2441 963
372 2389 825 2460 septuagenarius
870 2397 1009 2457 erat,
1061 2404 1132 2446 ex
1176 2390 1348 2462 ipsius
1381 2390 1671 2448 Chronico.
1713 2389 1817 2445 Ar-

226 2476 444 2533 chivum
481 2479 729 2537 ecclesiae
771 2481 1058 2538 Remensis
1104 2481 1225 2554 ejus
1272 2498 1419 2539 curze
1465 2484 1817 2540 commissum

223 2576 490 2625 eratcum
512 2580 704 2643 crypta
729 2586 827 2628 seu
861 2572 1065 2643 capella
1089 2574 1261 2630 sancti
1288 2573 1435 2631 Petri
1461 2589 1534 2637 ex
1563 2573 1818 2630 Historias

226 2675 354 2728 sua,
384 2661 485 2718 lib.
516 2678 579 2727 ιι,
612 2678 736 2736 cap.
766 2665 853 2731 l9,
879 2666 971 2722 ubi
1004 2668 1073 2723 de
1097 2667 1280 2724 Ebone
1322 2670 1452 2741 agit,
1482 2670 1569 2727 his
1591 2670 1812 2727 verbis:

230 2769 248 2801 ι
276 2751 583 2809 Archivum
624 2755 870 2813 ecclesiae
900 2758 1185 2815 tutissimis
1222 2760 1487 2830 aediﬁciis,
1518 2778 1643 2818 cum
1687 2778 1813 2835 cry-

220 2852 311 2913 pta
334 2845 391 2899 in
414 2845 625 2902 honore
646 2847 827 2904 sancti
853 2847 1001 2906 Petri
1039 2851 1391 2923 omniumque
1420 2854 1811 2925 apostolorum,

1925 1647 2062 1713 neri,
2108 1648 2302 1706 ablatis
2331 1666 2361 1706 a
2391 1666 2477 1709 me
2504 1656 2688 1726 rebus,
2719 1673 2856 1729 quas
2896 1662 2964 1717 de
3007 1663 3323 1736 episcopatu
3362 1676 3511 1724 tene-

1922 1739 2067 1806 bam,
2098 1755 2223 1797 cum
2263 1744 2495 1802 ecclesia
2544 1764 2706 1819 quam
2753 1753 3008 1824 regebam
3052 1756 3105 1813 in
3147 1756 3514 1819 Culmisciaco

1921 1827 2233 1905 (Cormicy),
2263 1836 2452 1907 sicque
2484 1840 2660 1909 plenis
2684 1843 2925 1914 quinque
2963 1848 3245 1906 mensibus
3270 1866 3391 1907 sum
3417 1853 3517 1908 de-

1922 1927 2123 1977 tentus.
2154 1943 2173 1976 ι
2207 1924 2353 1980 Idem
2382 1927 2436 1982 in
2479 1929 2730 1988 Historia:
2754 1974 2768 2001 ,
2799 1934 2897 1991 lib.
2939 1952 3014 2004 1v,
3048 1954 3167 2010 cap.
3191 1939 3262 1998 28
3288 1958 3301 1996 :
3338 1960 3355 1994 ι
3385 1941 3519 1999 Mihi

1919 2026 2137 2085 quoque
2155 2017 2447 2076 ecclesiam
2473 2020 2820 2082 Culmisciaci
2842 2027 2948 2084 vici
2975 2031 3198 2088 abstulit
3221 2050 3344 2089 cum
3370 2044 3515 2092 terra

1918 2103 2191 2175 beneﬁcii,
2239 2124 2402 2178 quam
2432 2121 2560 2169 tunc
2605 2118 2867 2188 temporis
2897 2121 3173 2179 tenebam.
3213 2124 3328 2197 Ego
3364 2127 3518 2182 deni-

1920 2210 2026 2265 que
2075 2198 2369 2269 disponens
2422 2207 2688 2265 orationis
2737 2212 2913 2282 gratia
2962 2217 3278 2286 sepulcrum
3332 2221 3514 2277 visere

1918 2289 2093 2343 sancti
2124 2289 2367 2359 Martini,
2394 2306 2638 2355 retentus
2666 2316 2786 2357 sum
2829 2305 2898 2359 ab
2927 2305 3066 2375 ipso,
3091 2307 3232 2362 clam
3280 2325 3368 2364 me
3396 2312 3516 2380 qui-

1918 2378 2148 2436 busdam
2192 2388 2440 2454 personis
2491 2390 2934 2451 insimulantibus
2981 2399 3126 2467 apud
3182 2414 3329 2468 eum,
3368 2378 3517 2473 quod

1918 2472 2003 2527 sui
2029 2487 2195 2530 causa
2235 2481 2547 2536 nocumenti
2577 2480 2662 2539 vel
2704 2482 2800 2540 ﬁlii
2844 2486 2930 2542 sui
2957 2488 3151 2545 vellem
3201 2492 3516 2561 proﬁcisci:

1917 2572 1973 2619 et
1992 2566 2118 2636 quia
2146 2570 2467 2627 renutabam
2494 2587 2582 2630 me
2595 2573 2724 2632 huic
2744 2575 2918 2635 electo
2938 2588 3129 2637 nostro
3149 2584 3518 2651 committere,

1916 2660 2167 2716 nesciens
2220 2672 2402 2719 utrum
2455 2666 2567 2723 Deo
2628 2669 2873 2739 placeret
2924 2676 3215 2745 praesulem
3267 2690 3519 2733 nostrum

1919 2746 2060 2805 fore.
2095 2750 2294 2825 Sicque
2337 2754 2515 2827 plenis
2548 2760 2791 2833 quinque
2833 2765 3113 2823 mensibus
3142 2769 3284 2838 apud
3312 2767 3515 2826 fratres

1917 2848 2136 2897 nostros
2158 2843 2235 2913 (id
2273 2855 2348 2900 est
2397 2850 2679 2906 canonicos
2704 2851 3033 2927 Remenses),
3065 2857 3181 2928 ipso
3206 2860 3405 2916 comite
3433 2861 3493 2931 ju

222 2924 545 3010 martyrum,
575 2940 949 2999 confessam.“
997 2958 1063 2999 ac
1104 2918 1375 3017 νίτείηιξιη
1415 2918 1688 3014 δὲάίρθιθ,
1719 2918 1812 3005 υδῇ
1839 2918 1891 2981 Β
1916 2931 2083 2990 bente
2129 2936 2232 2994 sub
2259 2941 2508 2996 custodia
2556 2945 2759 3013 partim
2796 2947 2971 3006 libera
3009 2965 3132 3006 sum
3176 2953 3450 3010 detentus.
3478 2976 3515 3017 η»

219 3025 330 3082 Deo
352 3028 595 3099 propitio
621 3029 898 3089 deservire
924 3033 1193 3103 videmur,
1230 3050 1397 3108 opere
1438 3037 1654 3095 decenti
1683 3053 1813 3095 con-

220 3117 438 3172 struxit.
473 3136 494 3169 ι
520 3117 745 3188 Ibidem,
776 3120 1141 3190 Gundacrum,
1190 3125 1547 3198 Canonicum,
1580 3140 1811 3203 utputo,

219 3206 547 3267 Bemensem
574 3251 593 3279 ,
636 3212 963 3271 nutritorem
1016 3232 1174 3273 suum
1232 3230 1408 3285 vocat,
1452 3223 1646 3279 matris
1697 3223 1814 3293 ejus

221 3305 513 3360 avunculus
545 3317 666 3364 erat
694 3306 1012 3366 Flawardus
1043 3313 1273 3382 nomine,
1305 3315 1397 3385 qui
1424 3314 1555 3371 duos
1584 3316 1725 3385 ﬁlios
1756 3317 1813 3374 in

222 3396 398 3453 sancti
433 3397 617 3454 Basoli
658 3402 993 3458 monasterio
1036 3404 1246 3471 habuit,
1277 3422 1443 3463 unum
1470 3406 1809 3475 Tetbertum,

219 3490 307 3557 qui
350 3491 627 3563 presbyter
678 3493 903 3561 dudum,
947 3495 1144 3567 inquit,
1193 3500 1335 3571 apud
1373 3517 1468 3556 nos
1520 3502 1668 3557 obiit.
1714 3502 1813 3558 Ar-

223 3579 367 3637 taldo
391 3572 809 3658 archiepiscopo
846 3586 1101 3656 Romam,
1127 3593 1312 3648 nescio
1337 3594 1491 3665 cujus
1522 3595 1601 3651 rei
1621 3611 1810 3663 causa,

222 3673 498 3741 profectus
521 3679 624 3734 sub
650 3695 855 3735 annum
880 3680 1007 3748 956,
1041 3698 1071 3738 a
1100 3681 1280 3741 Leone
1308 3701 1447 3757 papa
1484 3685 1574 3743 Vll
1605 3689 1810 3759 perho-

225 3766 452 3825 noriﬁce
490 3781 753 3843 exceptus
797 3782 901 3831 est.
943 3774 1021 3830 Ita
1069 3778 1215 3833 enim
1253 3777 1369 3849 ipse
1408 3781 1555 3836 canit
1600 3782 1656 3837 in
1703 3783 1813 3840 ﬁne

223 3856 343 3916 libri
405 3863 621 3921 metrici
699 3865 769 3923 de
824 3866 1092 3927 Romanis
1147 3871 1496 3941 pontiﬁcibus
1519 3914 1537 3939 ,
1599 3876 1691 3932 ubi
1743 3877 1812 3933 de

222 3948 401 4010 Leone
424 3953 519 4010 VII

280 4064 373 4177 gini
395 4080 478 4117 me
500 4070 745 4145 vlsentem
775 4074 982 4149 aetherei
1008 4081 1085 4141 pia
1107 4080 1273 4132 limina
1298 4083 1435 4157 Petri

311 4129 504 4177 ocunde
528 4145 800 4177 excrciem-
831 4149 994 4177 ammn
1020 4146 1222 4177 numqua
1245 4146 1429 4177 ιωηωη

311 4129 504 4209 (ἔφερες
528 4134 802 4209 circi-piens,
813 4139 994 4209 .animo
1008 4129 1463 4209 :qiiaesitaﬁbe—nié‘uo

279 4190 515 4264 Ws“,
540 4190 758 4264 favitque
779 4190 881 4262 pie,
914 4190 1127 4264 studuitq
1136 4190 1463 4261 561.366.3321

282 4249 643 4335 regit-32399
659 4249 1558 4335 serens,'epulisrecreavit—ﬁliisque

279 4312 685 4403 (Prporis'atqug
706 4312 897 4384 animas,
915 4312 1200 4403 'beuedisit,
1209 4312 1659 4403 “et'oscula‘fl‘i‘b'ans,

281 4376 352 4446 ές
373 4376 633 4446 geminans
653 4379 784 4433 dono
815 4376 1489 4446 cumulatum,munerisvalrni

277 4435 508 4503 Periere
524 4438 775 4496 letantem
796 4435 1027 4509 amplexu
1042 4435 1459 4509 diuisit-honoro:

287 4561 445 4620 Anno
502 4564 610 4622 940
650 4567 879 4640 Hugone
934 4572 1204 4633 Heriberti
1244 4581 1665 4646 Vermandensis
1713 4607 1808 4648 co-

222 4651 363 4710 mitis
397 4654 530 4721 ﬁlio,
577 4658 646 4713 ad
696 4661 881 4717 sedem
912 4663 1198 4725 Remensis
1235 4671 1489 4733 Ecclesiae
1523 4680 1573 4735 in
1622 4681 1805 4739 locum

219 4741 421 4846 drtaldi
473 4753 912 4825 superordinato,
955 4757 1292 4820 Flodoardus
1335 4766 1542 4825 factum
1593 4774 1804 4846 impro—

220 4833 367 4904 bans,
395 4842 894 4914 peregrinationem
917 4851 983 4905 ad
1011 4851 1193 4908 limina
1220 4860 1393 4915 sancti
1426 4861 1644 4922 Martini
1663 4833 1805 4937 pra:-

218 4932 407 5001 texuit,
436 4935 538 4990 sed
575 4936 646 4993 ab
688 4938 972 5001 Heriberto
1000 4956 1243 5005 retentus
1284 4964 1386 5010 est.
1435 4956 1569 5014 Rem
1613 4932 1807 5015 narrat

215 5020 398 5081 iisdem
427 5042 576 5099 pene
602 5018 783 5088 verbis
804 5033 1134 5097 Flodoardus
1164 5041 1279 5113 ipse
1311 5056 1424 5104 tum
1453 5050 1506 5106 in
1528 5049 1805 5109 Chronico

210 5117 272 5173 ad
311 5119 469 5176 illum
508 5136 735 5191 annum,
777 5134 887 5183 tum
928 5130 979 5186 in
1030 5132 1271 5194 Historia
1300 5141 1587 5200 Hennensi.
1619 5147 1800 5202 Verba

205 5208 316 5279 ejus
347 5210 652 5268 referenda
676 5226 819 5283 sunt,
847 5229 905 5274 ut
946 5235 1207 5295 appareat
1235 5236 1485 5290 eumdem
1514 5238 1803 5308 utriusque

201 5303 382 5372 operis
427 5316 563 5358 esse
611 5312 904 5365 auctorem.
944 5311 1036 5369 Sic
1078 5315 1263 5387 itaque
1296 5323 1351 5379 in
1391 5324 1665 5385 Chronico
1712 5303 1803 5383 ha-

1835 4287 1885 4353 Ω

1916 3024 2056 3082 Tum
2099 3027 2207 3085 alia
2256 3031 2383 3088 inde
2413 3046 2708 3092 consecuta
2738 3039 2942 3108 subdit,
2974 3057 3169 3115 nempe
3204 3060 3264 3101 se
3290 3047 3513 3104 absolu-

1914 3125 2031 3173 tum
2061 3135 2091 3175 a
2118 3121 2362 3179 custodia
2402 3144 2419 3177 ι
2450 3128 2570 3197 ipsa
2606 3128 2697 3187 die
2741 3135 3118 3205 conceptionis
3146 3152 3204 3193 et
3244 3141 3517 3210 passionis

1915 3210 2129 3269 Domini
2159 3216 2335 3272 nostri
2353 3217 2484 3275 Jesu
2506 3219 2736 3291 Christi,
2765 3225 2835 3281 ad
2856 3227 3052 3283 urbem
3075 3228 3463 3289 Suessonicam
3492 3256 3512 3287 ι

1916 3318 2038 3361 cum
2091 3322 2190 3364 suo
2224 3308 2398 3367 electo
2428 3315 2758 3385 perrexisse,
2807 3317 2902 3376 ubi
2947 3319 3193 3394 Hugonis
3238 3326 3515 3383 ordinatio

1915 3396 2237 3453 conﬁrmata
2265 3409 2350 3454 est
2375 3401 2429 3456 in
2461 3413 2733 3462 conventu
2772 3408 3175 3483 episcoporum.
3209 3433 3229 3467 ί
3257 3415 3336 3472 lbi
3359 3431 3513 3489 ergo,

1913 3485 2110 3557 inquit,
2132 3488 2287 3561 Hugo
2316 3493 2568 3568 princeps
2623 3505 2754 3555 tunc
2798 3516 2887 3559 me
2945 3518 3044 3574 per
3139 3522 3363 3564 manum
3422 3485 3508 3565 ac?

1913 3580 2143 3650 cipiens,
2181 3583 2307 3639 huic
2336 3584 2548 3659 Hugoni
2580 3592 2766 3662 nepoti
2808 3608 2910 3651 suo
2947 3597 3016 3651 ad
3059 3598 3509 3658 benefaciendum

1913 3674 2211 3742 commisit,
2242 3677 2446 3747 quique
2475 3681 2610 3735 mihi
2639 3682 2931 3739 ecclesiam
2973 3697 3179 3743 sanctae
3213 3689 3399 3746 Mariae
3428 3694 3516 3748 de-

1914 3769 1994 3825 dit
2018 3769 2075 3824 in
2098 3768 2317 3825 Colrido
2346 3771 2562 3845 (Coroy)
2599 3773 2763 3830 sitam
2791 3793 2805 3830 :
2836 3784 3041 3833 terram
3088 3796 3304 3852 quoque
3344 3800 3513 3854 quam

1913 3872 2073 3934 pater
2099 3877 2230 3919 suus
2253 3865 2386 3919 mihi
2411 3866 2715 3923 abstulerat
2738 3869 2994 3939 reddidit,
3025 3880 3082 3928 et
3107 3873 3269 3929 aliam
3296 3876 3349 3930 in
3377 3892 3511 3947 prse—

1915 3957 2058 4013 dicta
2084 3957 2223 4037 _villa
2247 3958 2634 4029 superadiecit.
2667 3982 2687 4016 ι
2718 3963 2800 4020 Ex
2824 3965 2911 4022 his
2936 3977 3174 4037 constat,
3203 3969 3511 4031 Flodoardo

1914 4058 2041 4105 ante
2077 4030 2280 4105 annum
2317 4052 2422 4108 940
2464 4056 2815 4115 commissam
2845 4059 3015 4116 fuisse
3047 4078 3236 4118 curam
3264 4067 3511 4125 ecclesia:

1921 4141 2399 4203 Culmisciacensis
2435 4161 2451 4201 :
2485 4162 2550 4203 ac
2591 4151 2821 4220 proinde
2848 4164 2978 4211 ante
3019 4155 3247 4227 Agapeti
3291 4162 3512 4230 pontiﬁ-
3564 4217 3573 4221 -

1914 4246 2120 4303 catum,
2178 4239 2268 4309 qui
2322 4256 2464 4295 anno
2508 4241 2613 4297 946
2654 4246 2848 4302 sedere
2894 4249 3079 4319 coepit,
3124 4252 3506 4326 presbyterum

1915 4326 2100 4384 fuisse.
2140 4329 2293 4398 Quod
2322 4348 2484 4402 quam
2530 4335 2601 4391 ob
2647 4352 2873 4394 causam
2918 4340 3008 4398 hic
3047 4350 3253 4413 notem,
3281 4346 3510 4405 inferius

1912 4420 2203 4476 videbitur.
2261 4423 2417 4480 Anno
2460 4424 2559 4481 94-1
2610 4426 2950 4488 Flodoardus
2993 4432 3239 4506 Hugonis
3294 4456 3313 4489 ι
3349 4438 3507 4508 jussu

1910 4511 2145 4579 primum
2172 4513 2240 4570 de
2273 4517 2467 4572 exsilio
2495 4529 2772 4575 evocatur.
2804 4541 2824 4573 ι

1980 4603 2127 4659 ldem
2193 4608 2402 4677 synodo
2464 4607 2794 4667 Virdunensi
2855 4630 2998 4672 anno
3063 4615 3168 4674 947
3217 4619 3507 4688 interfuit,

1909 4704 1970 4750 ut
1997 4710 2065 4752 ex
2091 4712 2157 4752 eo
2202 4698 2495 4772 colligitur,
2523 4704 2668 4771 quod
2700 4715 2825 4776 post
2854 4709 3145 4780 synodum,
3177 4712 3504 4779 Mansimus,

1908 4786 2004 4850 ait,
2037 4804 2155 4842 cum
2188 4787 2440 4848 Rotberto
2482 4791 2801 4864 Trevirensi,
2834 4816 3030 4872 nempe
3069 4801 3191 4871 ipse
3226 4814 3283 4861 et
3322 4804 3507 4859 Artol-

1907 4877 2026 4932 dus.
2056 4878 2187 4946 Quae
2215 4882 2385 4938 verba
2437 4884 2726 4957 utrobique
2758 4891 2954 4948 eadem
3009 4893 3270 4962 leguntur
3299 4904 3413 4949 tum
3453 4892 3509 4945 in

1905 4966 2175 5028 Chronico
2222 4972 2291 5026 ad
2347 4977 2665 5043 praedictum
2714 4993 2944 5050 annum,
2997 4990 3113 5037 tum
3153 4986 3212 5041 in
3250 4981 3511 5046 Historia,

1905 5059 2001 5115 lib.
2037 5078 2111 5129 1v,
2143 5079 2269 5134 cap.
2304 5066 2398 5123 '55.
2426 5069 2505 5126 De
2532 5085 2599 5126 eo
2626 5069 2764 5125 nihil
2807 5075 3041 5147 amplius
3071 5073 3276 5145 legitur
3307 5075 3377 5130 ad
3397 5088 3509 5142 ,an-

1905 5166 2033 5205 num
2055 5151 2179 5224 969,
2212 5168 2321 5223 quo
2353 5173 2498 5216 anno
2519 5159 2673 5232 Hugo
2701 5162 3152 5237 archiepiscopus
3175 5166 3230 5221 in
3259 5163 3511 5221 ordinem

1903 5245 2174 5315 redactus,
2235 5254 2402 5318 atque
2448 5250 2733 5308 Odalricus
2758 5253 2881 5323 ejus
2930 5255 3049 5309 loco
3096 5255 3358 5313 suﬁ‘ectus
3402 5260 3511 5307 est.
3586 5251 3590 5254 ⁴

1901 5334 2155 5392 Chronici
2186 5339 2307 5392 haec
2328 5342 2498 5392 Verba
2526 5349 2690 5392 sunt:
2729 5359 2750 5392 ι
2780 5342 3058 5392 Eleoimus
3086 5347 3156 5392 atl
3194 5348 3511 5392 enim-mium
