3974 5392
472 237 538 295 u
1466 235 1927 295 reoooaaous
1964 200 2352 296 cssoivtcus
2389 238 2756 298 REMENSIS.
3678 251 3748 307 is

470 352 868 424 occupaverant
890 350 1166 420 Ecclesiae,
1195 351 1381 408 vocari
1410 350 1561 409 fecit.
1594 353 1706 425 Ego
1736 364 1886 420 vero,
1926 357 2048 411 sub-
2083 362 2133 422 Α
2158 354 2354 415 inelior
2384 360 2572 416 abbas.
2606 360 2688 416 Ab
2716 361 2948 433 Agapitb‘
2973 370 3112 436 papa
3138 363 3317 423 iactus
3345 366 3449 422 fuit
3471 367 3749 428 sacerdos.-

470 445 551 501 dit
588 446 941 513 Flodoardus,
986 444 1191 501 fractus
1232 453 1418 513 astate,
1458 454 1513 501 et
1564 448 1785 502 attritus
1828 447 2057 503 inﬁrmi-

473 545 602 603 tate,
634 537 937 593 ministerio
975 553 1061 611 me
1110 535 1357 592 abdicavi
1395 535 1699 607 praelaturos
1747 551 1931 592 coram
1962 552 2053 593 co-

470 631 591 688 dem
623 631 853 702 praesule
886 630 1126 701 :quique
1170 645 1256 685 me
1301 629 1405 685 hoc
1457 629 1746 686 absolvens
1765 628 1922 703 iugo,
1955 631 2056 685 im-

466 724 647 796 posuit
675 723 804 778 illud
834 738 931 793 per
960 722 1280 779 eiectionem
1321 716 1554 779 fratrum
1598 734 1841 778 meorum
1873 724 2052 793 nepoti

468 833 590 873 meo
634 816 937 872 Flodoardo
979 819 1378 889 septuagesimo
1422 816 1601 873 artatis
1641 822 1777 873 mete
1821 830 1991 873 anno.
2028 836 2048 870 ι

466 909 741 967 Hactenus
765 896 1100 967 Flodoardus
1130 911 1197 965 de
1223 911 1424 982 seipso.

462 1009 481 1058 t
535 1004 791 1072 Quaenam
819 1005 889 1059 sit
914 1005 1003 1059 ilia
1033 1004 1345 1075 prwlatura,
1382 1020 1545 1075 quam
1580 1004 1872 1070 abdicavit,
1898 1003 2054 1060 valde

464 1095 757 1153 obscurum
785 1105 887 1151 est.
940 1096 1057 1152 Hoc
1088 1096 1307 1153 nomine
1356 1098 1473 1152 sine
1507 1097 1668 1153 dubio
1714 1097 2048 1168 intelligitur,

463 1205 573 1246 non
617 1191 845 1261 simplex
890 1191 1138 1247 canonici
1183 1192 1395 1258 titulus,
1441 1194 1534 1248 sed
1564 1193 1647 1248 vel
1694 1194 2051 1264 praepositum

463 1278 707 1337 ecclesiai
759 1279 1044 1338 Bernensis
1131 1282 1299 1352 (nan‘i
1353 1282 1408 1337 et
1460 1282 1800 1353 prrepositos,
1858 1276 2049 1340 saltem

362 1362 363 1369 “
462 1373 937 1437 monasteriorum,
965 1373 1255 1443 aliquando
1280 1373 1526 1443 praelatos
1550 1374 1845 1445 appellatos
1871 1375 2051 1446 legere

461 1461 742 1535 memini),
795 1462 880 1517 vel
912 1463 1146 1535 dignitas
1176 1464 1482 1520 abhatialis.
1518 1465 1783 1522 Abhatem
1829 1467 2047 1538 quippe,

459 1556 569 1611 imo
597 1564 654 1612 et
682 1556 1009 1610 monachum
1038 1555 1207 1613 fuisse
1241 1557 1598 1630 Flodoardqu
1628 1559 1860 1629 probant
1889 1575 2051 1630 argu-

460 1656 641 1703 menta
679 1656 735 1702 et
759 1646 956 1702 indicia
982 1662 1090 1702 non
1116 1664 1306 1719 pauca.
1336 1626 1518 1703 l’rimo
1545 1648 1598 1702 id
1626 1649 1849 1719 praecise
1886 1649 2050 1704 tradit

456 1738 681 1811 epistola
702 1736 925 1810 Adelagi
954 1753 1047 1794 seu
1078 1739 1335 1812 Adelgagi
1363 1739 2045 1814 Bremensisarchiepisco—

454 1828 507 1903 pi
524 1841 580 1888 et
601 1824 911 1902 apostolicae
926 1826 1071 1887 sedis
1085 1832 1249 1901 legati
1263 1833 1327 1889 ad
1344 1822 1725 1898 Flodoardum,
1744 1849 1850 1904 qua
1868 1835 2046 1904 ipsum

454 1925 786 1992 consolatur,
817 1927 960 1997 quod
990 1927 1056 1981 ad
1083 1926 1401 1982 cathedram
1430 1927 1671 1983 ecclesiae
1717 1925 2047 1984 Noviomen—

453 2005 528 2073 sis
561 2017 788 2082 eiectus,
820 2005 1112 2095 ulcherio
1143 2018 1338 2073 cedere
1375 2028 1594 2073 coactus
1625 2018 1715 2075 sit.
1756 2016 2045 2089 Inscriptio

451 2098 692 2177 epistola:
718 2108 794 2162 sic
824 2092 1030 2163 habet:
1063 2096 1376 2162 Frudoardo
1420 2105 1574 2161 Patri
1623 2106 1884 2175 Remensi,
1932 2124 2047 2163 ver-

452 2198 575 2270 bum
599 2199 764 2270 pacis.
796 2184 1054 2255 Fortasse
1103 2178 1413 2269 legendum,
1453 2198 1752 2270 presbytero
1780 2196 2042 2256 Remeusi.

448 2268 508 2344 ln
539 2268 641 2345 bac
684 2298 864 2346 autem
911 2290 1139 2360 epistola
1164 2268 1307 2363 "quae
1344 2268 1567 2347 omnino
1612 2268 1824 2347 sincera
1862 2300 1919 2348 et
1944 2308 2042 2364 ge-

452 2380 617 2437 nuina
652 2381 887 2448 videtur,
930 2381 1292 2439 Flodoardum
1317 2423 1335 2449 ,
1380 2403 1399 2436 ι
1442 2383 1707 2441 beneﬁcio
1777 2385 2044 2455 deposito,

449 2466 506 2528 in
547 2470 894 2528 solitudinem
928 2480 983 2526 et
1012 2474 1331 2527 monasterii
1376 2468 1645 2528 latebram
1685 2493 1704 2525 ι
1753 2476 2044 2531 secessisse

447 2555 680 2618 testatur
730 2558 1073 2632 Adelgagus,
1129 2558 1222 2632 qui
1280 2562 1422 2617 hanc
1474 2562 1759 2634 epistolam
1824 2564 2047 2634 scripsit

447 2670 587 2709 anno
628 2646 754 2721 951,
799 2644 939 2724 prid.
970 2650 1197 2707 Kalend.
1232 2644 1495 2708 Octobris.
1527 2655 1611 2708 An
1654 2664 1781 2710 tunc
1827 2664 2045 2724 pastore

447 2734 706 2801 destituta
732 2738 899 2801 fuerit
926 2742 1156 2800 ecclesia
1186 2742 1586 2812 Novibmensis,
1614 2762 1725 2802 non
1753 2746 1888 2802 satis
1915 2762 2045 2803 con-

445 2829 557 2894 atat
585 2853 651 2894 ex
682 2830 978 2893 Flodoardi
1001 2834 1295 2905 Chronico,
1332 2836 1390 2893 in
1420 2853 1528 2909 quo
1558 2837 1774 2894 Rodulﬁ
1805 2838 2043 2913 episcopi

446 2930 714 2991 ordinatio
748 2932 969 3004 ponitur
1013 2947 1158 2989 anno
1210 2933 1342 2999 950,
1393 2941 1448 2988 et
1476 2932 1692 2999 deinde,
1731 2932 1879 2987 nulla
1927 2932 2047 3002 ejus

445 3012 625 3080 obitus
668 3025 945 3080 mentione
990 3012 1154 3091 facta,
1201 3042 1220 3075 ‹
1258 3020 1542 3080 Fulcarius
1588 3024 1828 3079 decanos
1858 3038 2044 3078 mona-

2158 452 2239 506 Ex
2285 453 2403 523 ejus
2431 452 2670 508 Historia
2703 453 2872 509 multa
2904 471 3041 512 nova
3069 460 3230 526 scies,
3258 468 3312 516 et
3355 460 3412 515 in
3460 460 3552 517 illa
3581 470 3751 519 totam

2157 545 2536 614 antiquitatem
2588 546 2827 606 hauries.
2882 569 2903 603 ι
2937 549 3082 607 Belle
3131 553 3373 618 omnino,
3421 552 3518 608 sed
3569 561 3751 610 tamen

2156 634 2380 690 verbum
2430 636 2583 703 aubé,
2626 638 2772 707 quod
2820 639 2874 693 in
2905 647 3061 694 sexto
3092 653 3250 695 versu
3299 639 3518 711 legitur,
3553 656 3663 696 non
3695 640 3751 696 id

2155 725 2464 795 signiﬁcare
2503 736 2653 798 puto,
2686 730 2829 799 quod
2880 728 3218 786 Flodoardus
3265 731 3522 786 sacerdos
3570 730 3750 788 factus

2155 818 2226 874 ςὶι
2255 818 2323 873 ab
2374 819 2624 891 Agapito,
2660 822 2753 890 q'ui
2807 830 2951 877 anno
3000 820 3106 878 946
3155 822 3346 879 sedere
3390 824 3574 893 erepit.
3609 823 3748 879 Nam

2154 918 2281 963 ante
2300 923 2504 964 annum
2527 910 2632 967 940
2655 910 2988 967 Flodoardus
3013 911 3259 968 ecclesim
3278 911 3752 969 Culmisciacensis

2153 1011 2336 1057 rector
2361 1010 2501 1068 erat,
2534 1019 2602 1059 ex
2630 1003 2790 1060 dictis
2824 1020 2971 1059 num.
3001 1004 3057 1070 9,
3094 1020 3160 1060 ac
3203 1005 3429 1075 proinde
3472 1006 3747 1062 sacerdos.

2155 1093 2302 1148 Aubé
2338 1094 2458 1150 sine
2495 1095 2659 1150 dubio
2685 1095 2827 1151 idem
2856 1103 2940 1151 est
2984 1111 3048 1151 ac
3098 1094 3292 1152 Latine
3322 1095 3552 1151 albatus.
3606 1096 3749 1165 Quid

2155 1196 2335 1243 autem
2384 1189 2709 1245 vocabulum
2775 1190 2919 1246 istud
2973 1191 3077 1246 hoc
3142 1191 3263 1248 loco
3319 1191 3592 1262 signiﬁcet
3641 1206 3751 1248 non

2154 1280 2328 1354 capio.
2362 1278 2636 1353 Quidquid
2675 1283 2765 1351 sit,
2797 1296 2863 1339 ex
2892 1282 2978 1340 his
3004 1284 3278 1350 versibus,
3316 1284 3409 1354 qui
3438 1300 3545 1341 non
3589 1283 3750 1356 longe

2153 1373 2223 1428 ab
2255 1374 2363 1430 illis
2394 1375 2728 1445 temporibus
2764 1374 2955 1446 scripti
3002 1385 3150 1443 sunt,
3201 1376 3434 1443 elicitur,
3486 1376 3750 1432 Flodoar-

2154 1467 2305 1535 dum,
2360 1468 2617 1524 Historia:
2666 1468 2955 1525 Remensis
3007 1470 3352 1540 scriptorem,
3413 1470 3741 1525 monachum

2151 1555 2323 1614 fuisse
2353 1566 2410 1613 et
2443 1559 2717 1617 abbatem.
2751 1558 2808 1614 Id
2845 1559 2989 1629 quod
3035 1575 3146 1615 non
3191 1559 3364 1615 solum
3398 1558 3739 1631 Sigebertns,

2152 1652 2247 1706 sed
2289 1652 2455 1706 etiam
2497 1651 2759 1723 Adelgagi
2805 1650 3032 1723 epistola
3078 1656 3436 1722 contestatur,
3471 1669 3590 1725 qua:
3617 1669 3745 1711 mox

2071 1725 2120 1785 Β
2148 1744 2361 1817 integra
2390 1743 2675 1802 referenda
2708 1755 2813 1802 est.

2223 1836 2400 1892 Unum
2448 1846 2640 1894 contra
2714 1830 2857 1894 hanc
2923 1840 3206 1910 epistolam
3264 1837 3461 1913 opponi
3526 1830 3743 1911 potest,

2147 1942 2342 1996 nempe
2380 1929 2524 1998 quod
2576 1929 2630 1983 in
2680 1945 2743 1985 ea
2781 1929 2996 2002 legitur,
3050 1922 3412 1988 Flodoardum
3448 1922 3561 2001 jam
3613 1928 3746 1988 θηιὲ

2151 2034 2351 2075 annum
2387 2020 2481 2077 951
2538 2020 2851 2092 deposuisse
2899 2014 3260 2092 beneﬁcium;
3307 2040 3431 2081 cum
3462 2039 3531 2080 ex
3572 2020 3750 2081 Cbro-i

2148 2114 2254 2170 nici
2282 2125 2558 2186 postremo
2583 2115 2702 2172 loco
2725 2114 2975 2187 superius
3004 2110 3176 2174 relato
3207 2127 3441 2184 constet,
3479 2126 3602 2174 eum
3632 2112 3741 2174 non

2147 2207 2253 2264 nisi
2300 2224 2443 2264 anno
2488 2207 2591 2264 964
2641 2209 2988 2281 praelaturam
3035 2210 3339 2267 abdicasse.
3393 2198 3501 2266 Sed
3550 2209 3741 2282 reponi

2147 2310 2349 2375 potest,
2384 2288 2619 2373 beneﬁcii
2648 2303 2866 2359 nomine
2894 2303 2963 2359 ab
2991 2292 3263 2374 Adelgago
3291 2288 3517 2375 intelligi
3554 2298 3743 2358 curaui

2148 2382 2393 2450 ecclesiae
2420 2390 2916 2464 CulmisCiacensis,
2948 2406 3004 2451 et
3035 2392 3246 2451 titulum
3291 2402 3451 2467 quem
3483 2394 3537 2450 in
3567 2393 3743 2452 ectle-

2153 2486 2235 2542 sia
2268 2476 2524 2543 Remensi
2576 2488 2887 2557 possidebat
2937 2504 2953 2543 :
3008 2480 3065 2544 at
3114 2486 3418 2560 praelatum
3475 2486 3741 2543 vocabulo

2146 2576 2445 2648 signiﬁcari
2495 2578 2821 2633 abbatialem'
2869 2570 3193 2650 dignitatem
3237 2596 3401 2653 quam
3452 2574 3739 2637 Odalricus

2152 2686 2172 2721 ι
2205 2682 2302 2739 per
2323 2656 2639 2722 electionem
2665 2658 2910 2733 fratrum,
2944 2689 2964 2722 ι
2988 2666 3041 2725 id
3069 2678 3154 2725 est
3175 2664 3585 2742 monachorum,
3609 2662 3740 2728 Flo-

2147 2751 2333 2814 doardi
2364 2752 2547 2831 nepoti
2577 2754 2881 2829 cognomini
2916 2758 3250 2830 imposuerit.

2218 2842 2384 2920 Cujus
2441 2848 2592 2922 ergo,
2625 2849 2824 2920 inquis,
2872 2846 3206 2918 monasterii,
3251 2842 3299 2908 si
3343 2840 3571 2924 usquam
3621 2867 3740 2909 mo-

2147 2939 2357 2996 nachus
2381 2950 2436 2996 et
2465 2939 2631 2997 abbas
2652 2934 2794 2996 fuit?
2828 2934 3085 2998 Marlotus
3112 2958 3178 2997 ex
3209 2936 3479 2998 communi
3515 2940 3735 2999 Sentené

2149 3026 2222 3087 tia
2252 3024 2462 3097 scribit,
2497 3047 2621 3087 eum
2660 3034 2998 3088 monasticen
3029 3028 3271 3090 induisse
3298 3030 3439 3105 apud
3479 3042 3733 3090 sanctum

445 3112 599 3172 sterii
672 3114 847 3171 sancti
921 3108 1165 3171 Medardi
1230 3112 1671 3170 Noviomensium
1752 3097 2111 3184 episcopusC
2142 3107 2487 3192 Remigium,
2563 3114 2913 3178 Colvenerius
2982 3104 3182 3179 ibidem
3242 3097 3411 3179 etiam
3478 3118 3735 3179 abbatem

445 3192 632 3264 Remis
653 3207 938 3264 ordinatus
970 3226 989 3260 ι
1025 3198 1226 3264 dicitur
1249 3222 1393 3262 anno
1419 3204 1544 3262 954.
1577 3206 1634 3261 Si
1663 3207 1863 3262 mendo
1891 3214 2042 3262 caret

443 3289 501 3357 in
530 3298 784 3374 praedicta
813 3290 1042 3371 cpistola
1087 3299 1214 3354 anni
1244 3294 1569 3372 designatio,
1602 3297 1887 3355 dicendum
1933 3306 2038 3364 est,

444 3380 735 3450 Rodull’um
790 3408 933 3449 anno
980 3394 1048 3450 ab
1102 3390 1221 3466 ejus
1267 3393 1612 3451 ordinatione
1655 3393 1905 3464 proximo
1934 3384 2033 3447 951

443 3482 647 3540 bbiisse
678 3499 693 3538 :
734 3478 928 3541 deinde
955 3485 1011 3540 in
1046 3480 1298 3557 eligendo
1325 3499 1645 3541 successore
1669 3484 1840 3538 divisa
1873 3481 2041 3537 fuisse

443 3566 724 3648 suffragia,
760 3576 881 3630 aliis
912 3570 1218 3633 Flo‘doardo
1259 3576 1592 3641 faventibus,
1639 3574 1762 3629 aliis
1791 3572 2041 3629 Fulcario

443 3682 540 3725 seu
585 3662 896 3737 Fulcberio,
930 3661 1021 3739 qui
1057 3669 1272 3725 tandem
1299 3670 1548 3741 superior
1591 3666 1881 3724 exstiterit.
1929 3665 2041 3723 Nec

445 3754 644 3833 aliquis
686 3758 852 3829 dicat,
912 3761 1079 3815 alium
1131 3778 1249 3818 esse
1303 3747 1469 3829 hunc,
1502 3761 1570 3817 de
1600 3764 1707 3831 quo
1754 3760 1933 3831 agitur
1982 3754 2040 3814 in

444 3846 670 3928 epistola
698 3852 978 3926 praedicta,
1010 3855 1373 3911 Fiodoardum
1404 3873 1414 3909 :
1447 3871 1569 3911 cum
1598 3866 1830 3925 tempus,
1866 3853 2038 3921 locus,

442 3940 750 4020 cmteraque
792 3948 975 4004 omnia
1007 3938 1353 4003 conveniant.
1397 3949 1556 4003 Certe
1599 3949 1741 4018 apud
1784 3947 2040 4017 Sigeber-

442 4030 585 4111 ium,
616 4050 897 4099 auctorem
925 4036 1043 4110 ejus
1067 4056 1380 4112 supparem,
1412 4040 1468 4094 in
1495 4055 1615 4110 cap.
1640 4038 1738 4093 151
1773 4036 1839 4093 de
1867 4037 2041 4107 scrip-

446 4130 655 4194 taribus
689 4134 1095 4203 ecclesiasticis,
1126 4108 1434 4191 Il‘lawaldus
1464 4116 1757 4201 Remensis,
1783 4134 1871 4203 qui
1897 4141 2042 4203 gesta

443 4224 751 4302 pontiﬁcum
781 4226 1115 4284 Remensium
1144 4227 1372 4297 scripsit,
1400 4227 1687 4282 monachus
1719 4222 2037 4297 appellatur.

443 4310 512 4378 Et
539 4322 594 4377 in
623 4330 840 4378 vetusto
883 4320 1159 4392 ‘epitaphio
1208 4314 1432 4377 Gallicis
1489 4319 1758 4390 rhythmis
1814 4317 2038 4389 scripto,

444 4412 589 4487 quod
618 4431 649 4470 a
682 4410 860 4472 Bulao
916 4400 1149 4471 relatum
1199 4424 1304 4483 est,
1364 4412 1506 4469 idem
1551 4413 1837 4480 asseritur,
1878 4412 1954 4466 uti
1986 4420 2042 4466 et

445 4496 737 4565 FlodOardi
780 4500 961 4579 patria
1007 4514 1064 4565 et
1116 4507 1353 4580 dignitas
1404 4507 1708 4583 abbatiaiis.
1751 4506 2039 4576 Eucpita-

444 4600 631 4669 phiam
658 4617 675 4657 :
1337 4594 1343 4599 ⁷
1612 4650 1633 4667 ,

658 4682 722 4747 Si
748 4693 789 4747 ti
814 4688 909 4747 seu
934 4672 997 4747 de
1018 4682 1150 4748 Rein
1170 4696 1347 4748 savoir
1373 4692 1411 4747 li
1442 4692 1670 4765 Eaeque,

660 4768 770 4855 Lyc
797 4782 844 4839 Ie
873 4772 1186 4856 temporaire
1211 4784 1274 4839 de
1303 4784 1545 4840 Flodoon
1572 4785 1619 4839 le
1644 4785 1806 4856 saige.

664 4866 705 4929 Y
734 4876 807 4931 les
832 4878 948 4929 mor
977 4876 1049 4930 du
1085 4864 1193 4931 tam
1219 4864 1481 4945 d’Odaqu
1512 4875 1744 4948 Eaeque,

652 4964 724 5039 Et
753 4964 834 5039 {ut
864 4960 1167 5037 d‘Epernay
1195 4972 1260 5023 ne
1283 4986 1381 5038 par
1408 4969 1729 5039 parentaige.

664 5036 850 5129 valuit
872 5068 1012 5112 caste
1039 5036 1213 5124 Clerc,
1246 5036 1345 5113 bon
1374 5036 1574 5124 bloine,
1599 5036 1808 5113 meilleu
1834 5057 1994 5123 Abbé,

664 5142 1002 5220 Etgd’Agapit
1034 5146 1086 5220 fy
1117 5146 1344 5206 Romain
1371 5136 1450 5220 fut
1480 5149 1635 5205 aubé.

666 5234 780 5296 Par
804 5261 894 5299 seu
930 5244 1145 5298 Itistoire
1172 5245 1392 5300 maintes
1425 5244 1645 5300 novelles
1679 5262 1883 5311 sauras,

661 5320 730 5385 Et
765 5350 828 5388 en
858 5335 945 5390 ille
969 5345 1135 5390 toules
1165 5339 1419 5392 antiauité
1444 5355 1624 5392 auras.

2141 3210 2328 3272 fuisse.
2362 3215 2515 3285 Quod
2548 3210 2837 3288 utrumque
2862 3231 3054 3273 vereor
3080 3227 3141 3274 ut
3168 3212 3356 3274 verum
3383 3216 3472 3273 sit.
3506 3205 3643 3271 Nam
3675 3212 3733 3272 in

2142 3317 2396 3365 accurato
2425 3326 2589 3381 quem
2628 3298 2891 3365 habemus
2932 3302 3109 3366 indice
3142 3320 3255 3365 tum
3303 3302 3558 3366 abbatum
3607 3306 3734 3387 illu-

2142 3394 2269 3457 Stris
2330 3398 2488 3459 istius
2537 3399 2795 3469 crenobii,
2851 3396 2964 3456 tum
3016 3402 3430 3469 monachorum,
3480 3398 3572 3472 qui
3628 3394 3733 3456 sub

2143 3511 2473 3567 unoquoque
2501 3488 2697 3552 abbate
2728 3494 3074 3561 deriserunt,
3108 3482 3287 3551 nullus
3315 3488 3585 3569 reperitur
3605 3478 3734 3550 Flo-

2144 3588 2398 3645 doardus.
2446 3590 2513 3644 Et
2552 3580 2769 3659 quidem
2796 3605 2826 3644 a
2854 3578 3202 3644 reStitulione
3247 3577 3544 3656 disciplinae
3573 3582 3733 3656 regu-

2142 3672 2275 3734 laris
2306 3676 2506 3735 ibidem
2536 3678 2698 3746 facta,
2729 3678 2938 3750 prinius
2968 3662 3137 3734 abbas
3171 3662 3272 3732 fuit
3307 3666 3633 3732 Hincmarus
3662 3668 3731 3731 ab

2144 3789 2286 3847 anno
2312 3758 2416 3828 945
2447 3772 2501 3828 in
2530 3783 2699 3828 annos
2732 3788 2846 3828 χχιι
2882 3790 2894 3827 :
2928 3786 3038 3843 quo
3077 3787 3141 3827 ex
3183 3760 3391 3826 calculo
3424 3756 3733 3825 eicluditut‘

2143 3859 2498 3920 Flodoardus.
2530 3862 2633 3917 Alii
2660 3874 2932 3918 secessum
2963 3858 3013 3918 ei
3057 3859 3305 3917 tribuunt
3350 3858 3406 3917 in
3450 3852 3729 3918 monaste-

2146 3953 2288 4010 rium
2332 3950 2505 4009 san‘cti
2549 3952 2746 4019 Basoli,
2782 3950 2875 4009 ubi
2921 3950 3089 4009 abbas
3134 3946 3322 4024 postea
3367 3961 3582 4011 creatus
3633 3950 3727 4011 sit.

2145 4043 2315 4098 Favet
2348 4042 2494 4112 quod
2525 4042 2599 4097 ibi
2627 4043 2760 4097 duos
2786 4043 3039 4097 habuerit
3070 4043 3523 4114 consanguineos,
3554 4038 3724 4098 avuné

2146 4134 2253 4189 culi
2300 4135 2384 4189 sui
2417 4132 2573 4197 ﬁlios,
2623 4140 2681 4186 ut
2711 4131 2826 4202 ipse
2867 4132 2943 4187 ait
2972 4131 3027 4187 in
3056 4120 3151 4190 lib.
3186 4134 3244 4199 ii,
3278 4142 3397 4206 cap.
3438 4130 3493 4190 3.
3524 4128 3727 4190 Verum

2146 4227 2275 4284 illud
2320 4227 2502 4283 obstat
2521 4227 2665 4297 quod
2690 4242 2834 4282 anno
2857 4225 2986 4294 952,
3019 4241 3089 4283 ex
3135 4224 3428 4293 Chronico,
3473 4208 3729 4283 Artoldus

2145 4321 2587 4393 archiepiscopus
2621 4338 2639 4372 ι
2674 4319 2729 4375 iu
2756 4319 3087 4376 monasterio
3118 4321 3292 4376 sancti
3323 4314 3504 4375 Basoli
3533 4326 3725 4403 moria-

2145 4415 2279 4471 chos
2322 4412 2583 4479 restituit,
2629 4408 2869 4483 expulsis
2915 4411 3132 4468 clericis
3167 4412 3260 4482 qui
3289 4400 3601 4468 serviebant
3629 4400 3726 4478 ibi,

2062 4473 2120 4536 Β
2146 4507 2495 4564 committens
2517 4473 2646 4560 illud
2674 4473 2967 4560 liincmaro
2988 4510 3043 4559 et
3066 4473 3330 4560 Rotinaro
3358 4498 3661 4559 abbatibus.

2144 4597 2309 4668 Atqui
2353 4606 2481 4652 ante
2530 4610 2730 4651 annum
2760 4594 2859 4651 951
2894 4594 3227 4651 Flodoardus
3262 4595 3376 4666 jam
3420 4592 3722 4649 monachus

2144 4698 2282 4753 erat,
2329 4703 2394 4743 ex
2441 4685 2698 4758 Adelgagi
2740 4685 2939 4743 litteris
2980 4686 3062 4756 (si
3097 4695 3272 4742 tamen
3302 4686 3495 4740 vitium
3539 4685 3594 4739 in
3625 4700 3728 4740 nu-

2144 4794 2323 4836 meros
2355 4794 2461 4834 non
2502 4776 2778 4849 irrepsit).
2826 4778 2943 4833 Non
2980 4792 3111 4848 ergo
3153 4777 3295 4845 apud
3341 4774 3400 4832 S.
3447 4775 3723 4841 Basolum,

2147 4873 2239 4930 sed
2272 4870 2454 4943 potius
2481 4868 2622 4939 apud
2646 4868 3098 4933 Altiviilarenses,
3126 4868 3217 4922 ubi
3246 4866 3540 4923 Rotmarns
3560 4868 3728 4945 abbas

2143 4972 2278 5019 erat.
2326 4961 2471 5015 inter
2512 4959 2806 5013 monachos
2841 4960 2958 5029 ejus
2988 4958 3247 5028 temporis
3294 4958 3726 5037 Altivillarenses

2142 5071 2308 5110 unum
2338 5053 2555 5108 invenio
2590 5050 2931 5105 Flodoldum.
2960 5051 3043 5105 An
3067 5051 3157 5106 hic
3178 5051 3554 5108 Floddardus?
3583 5050 3727 5106 Sane

2140 5145 2193 5202 id
2222 5160 2385 5199 unum
2423 5142 2578 5197 nobis
2605 5140 3001 5211 conjiciendum
3038 5149 3227 5209 restat,
3259 5143 3477 5213 quando
3500 5142 3720 5213 quidem

2140 5238 2316 5295 serius
2344 5234 2483 5307 apud
2511 5242 2756 5289 sanctum
2780 5233 3176 5291 Theodericum
3205 5234 3455 5290 monachi
3484 5230 3722 5290 restituti

2141 5339 2287 5392 sunt,
2330 5337 2389 5382 ut
2427 5325 2655 5381 inferius
2683 5325 3006 5381 videbimus.
3047 5325 3218 5380 Porro
3248 5326 3300 5380 in
3335 5322 3721 5380 Altivillarensi
