3974 5392
445 351 512 409 45
1445 342 1905 402 FLODOABDUS
1940 344 2328 401 (IANONICUS
2366 344 2727 404 REMENSIS.
3653 342 3717 402 I6

441 473 632 519 notare
673 462 818 533 quod
865 461 1001 516 dmt
1043 470 1296 525 sanctus,
1352 461 1633 531 rescripsit
1682 470 1950 516 sanctus:
1999 481 2016 513 ι
2058 468 2101 527 Α
2132 464 2350 517 dinatus
2389 471 2741 517 memoratur.
2771 457 3004 515 Jacobus
3031 460 3232 516 Vassor
3273 459 3329 514 in
3361 458 3588 516 historia
3609 457 3717 516 No-

443 556 600 612 Nune
630 571 806 612 essem
841 554 908 610 de
941 570 1170 610 numero
1199 553 1601 620 damnatorum,
1626 554 1671 609 si
1702 552 1922 608 fuissem
1955 555 2022 609 de

338 714 346 727 ,
446 667 675 706 numero
704 651 1103 720 episcoporum.
1142 667 1160 700 ‹
1193 645 1320 704 Haec
1359 648 1547 718 accipe
1577 647 1644 703 ab
1674 661 1740 703 co
1775 646 1866 716 qui
1904 655 2028 700 tuus

442 749 548 806 cst,
571 749 625 796 et
646 737 794 808 jacta
818 748 970 794 tuum
1016 739 1070 793 in
1109 738 1338 794 Domino
1368 738 1664 810 cOgitatum
1703 755 1716 792 :
1759 737 2023 808 patientia

444 841 532 888 tua
561 848 668 888 non
708 833 909 904 peribit
935 833 991 887 in
1017 832 1200 886 finem.
1231 832 1389 888 Fient
1415 832 1469 887 in
1498 831 1906 898 desolationem,
1937 847 2027 887 su-

442 922 552 977 bito
587 921 858 986 deficient,
891 922 1144 993 peribunt
1181 933 1402 994 propter
1431 923 1748 992 iniquitates
1779 937 1906 978 suas
1933 922 2025 992 qui

443 1023 494 1070 te
514 1016 764 1071 oderunt.
798 1015 1170 1087 Cognoscetur
1199 1015 1463 1071 Dominus
1479 1014 1684 1085 judicia
1712 1013 1938 1082 faciens,
1971 1022 2028 1069 et

442 1109 495 1160 in
519 1107 775 1177 operibus
817 1122 1076 1163 manuum
1127 1123 1350 1163 suarum
1381 1108 1874 1178 comprehendetur
1901 1122 2028 1178 pec-

437 1206 608 1253 cator.
638 1197 747 1253 Ora
791 1213 891 1270 pro
946 1214 1053 1254 me.
1099 1199 1373 1272 Scriptum
1421 1199 1598 1272 pridie
1660 1199 1780 1254 Kal.
1832 1198 2022 1254 Octob.

437 1303 581 1346 anno
618 1291 741 1348 951.
786 1311 806 1344 ι

511 1380 785 1440 Hactenus
838 1383 1088 1456 epistola,
1120 1384 1178 1440 in
1208 1398 1314 1455 qua
1341 1382 1555 1438 Bulreus
1585 1398 1684 1453 pro
1731 1395 1875 1436 anno
1921 1380 2021 1436 951

439 1489 642 1530 annum
671 1475 778 1532 955
806 1478 1174 1548 reponendum
1197 1485 1368 1548 putat,
1397 1492 1590 1547 nempe
1620 1485 1681 1530 ut
1707 1475 1761 1530 id
1799 1475 2029 1545 quadret

442 1579 567 1619 cum
595 1579 739 1620 anno
765 1565 892 1634 954,
928 1583 1036 1637 quo
1061 1566 1344 1624 Fulcarius
1371 1567 1514 1628 apud
1547 1566 1910 1622 Flodoarduni
1937 1580 2029 1621 or-

2136 554 2431 608 viomensis
2447 553 2703 608 Ecclesiae
2726 553 2925 608 retinet
2944 567 3144 606 annum
3167 550 3424 622 priorem.
3448 549 3720 606 Caeterum

2136 660 2321 712 neruo,
2370 653 2430 700 ut
2457 659 2638 716 spero,
2692 642 2920 699 moleste
2949 641 3108 709 feret,
3135 630 3281 712 quod
3321 641 3387 697 de
3419 640 3714 696 Flodoardi

2136 735 2463 790 monachatu
2522 733 2640 790 fuse
2689 733 3062 799 disseruerim,
3092 749 3200 788 non
3230 741 3340 787 tam
3370 730 3616 788 absolute
3652 730 3721 786 de

2134 841 2201 883 eo
2227 826 2606 898 pronuntians,
2655 841 2819 896 quam
2864 825 2954 880 alii
2997 834 3270 892 auctores,
3312 839 3542 895 quorum
3585 821 3721 878 nihil

2127 921 2375 976 interest.
2398 919 2655 990 Equidem
2674 917 2877 974 Natalis
2889 918 3306 984 Alcxander,vir
3317 917 3529 984 doctus,
3542 914 3718 973 relata

2129 1013 2386 1085 Adelgagi
2415 1013 2644 1083 epistola
2669 1013 2819 1083 (tam.
2837 1009 2956 1078 XV,
2984 1028 3105 1083 pag.
3146 1009 3290 1081 508).
3326 1029 3344 1062 ι
3375 1009 3458 1064 Ex
3481 1009 3583 1063 hac
3604 1006 3719 1079 epi-

2131 1105 2293 1172 stola,
2346 1105 2542 1176 inquit,
2594 1105 2941 1176 perspicuum
2974 1111 3060 1157 est
3107 1101 3472 1158 Flodoardum
3523 1114 3719 1154 mona-

2131 1198 2291 1253 chum
2336 1198 2521 1254 fuisse.
2560 1217 2580 1251 ι
2621 1196 2810 1267 Itaque
2849 1212 2959 1252 non
3012 1194 3284 1251 immerito
3327 1208 3588 1265 arguerer
3620 1205 3718 1248 ne-

2133 1286 2320 1358 glecta:
2367 1285 2577 1343 ordinis
2604 1287 2778 1344 nostri
2818 1285 3122 1357 dignitatis,
3165 1285 3210 1342 si
3245 1285 3456 1350 saltem,
3489 1297 3610 1354 qua:
3634 1296 3720 1336 ar—

2135 1388 2390 1451 gumenta
2440 1386 2652 1434 tantum
2713 1378 2894 1433 virum
2937 1377 3095 1433 nobis
3153 1376 3436 1432 vindicare
3497 1389 3723 1446 quoquo

2137 1473 2296 1527 modo
2350 1480 2596 1541 possunt,
2645 1485 2753 1526 non
2796 1468 3046 1525 alferrem
3095 1468 3148 1523 in
3194 1468 3454 1534 medium,
3523 1465 3722 1523 relicto

2140 1564 2312 1621 atouis
2342 1563 2637 1620 lectoribus
2663 1561 2968 1618 decretorio
2996 1561 3220 1618 iudicio.

454 1715 3722 1749 mw

1560 1853 2071 1948 NOTITIA
2138 1851 2601 1944 ALTERA

522 2034 628 2098 Ex
669 2031 851 2097 libris
878 2031 1180 2096 Historiae
1209 2031 1520 2094 Reme'nsis
1554 2028 1844 2091 Ecclesiae
1879 2037 1935 2090 et
1968 2027 2221 2094 aliunde
2257 2031 2616 2111 conscripta
2640 2050 2755 2112 per
2791 2030 3129 2114 Georgium
3162 2033 3621 2100 Colvenerium.

1231 2174 1330 2240 (Ex
1351 2181 1480 2227 torno
1501 2173 1635 2226 XVII
1661 2173 1980 2228 Bibliotheca;
2006 2173 2206 2224 Patrum
2230 2173 2351 2226 edit.
2378 2167 2626 2239 Lugdun.,
2663 2187 2777 2239 pag.
2802 2175 2936 2238 500.)

1940 2341 2259 2365 ια’...-

515 2502 588 2560 Ut
619 2516 650 2556 a
677 2499 895 2556 nomine
924 2500 1223 2568 ordiamur,
1254 2501 1523 2575 integrum
1557 2499 1797 2556 auctoris
1831 2513 2029 2554 nomen
2060 2479 2108 2539 Β
2138 2488 2330 2552 Fuisse
2367 2495 2533 2552 etiam
2561 2495 2854 2568 aliquando
2881 2503 3148 2554 rectorem
3181 2511 3276 2555 seu
3304 2509 3579 2568 pastorem
3603 2502 3729 2560 Col-

442 2595 568 2662 fuit,
594 2603 650 2650 ut
679 2594 1026 2657 arbitramur,
1050 2593 1444 2658 Flodohardus,
1469 2609 1562 2649 seu
1587 2591 1944 2656 Flodoardus,
1968 2604 2038 2643 ex

443 2703 552 2760 quo
577 2701 674 2758 per
695 2698 985 2758 syncOpem
1009 2683 1212 2739 factum
1234 2694 1317 2741 est
1335 2685 1660 2748 Flohardus,
1684 2682 2033 2737 etFloardus.

444 2777 598 2848 Quod
631 2777 904 2848 posterius
938 2776 990 2829 in
1018 2775 1222 2830 nostris
1260 2773 1374 2830 fere
1398 2772 1798 2845 exemplaribus
1828 2771 2038 2841 reperi-

444 2880 554 2938 tur,
579 2867 848 2940 quomodo
871 2867 1001 2921 item
1033 2865 1164 2936 legit
1183 2865 1420 2922 Joannes
1451 2865 1657 2921 Savaro
1683 2865 1736 2918 in
1761 2863 1906 2919 notis
1926 2862 2039 2918 suis

447 2964 516 3018 ad
559 2960 843 3017 Sidonium
883 2956 1268 3029 Apollinarem.
1321 2956 1636 3028 Sigebcrtus
1680 2953 2038 3020 Flawaldum,

446 3051 782 3106 Trithemius
819 3049 1135 3104 Flavalduni
1171 3048 1436 3103 nominat.
1486 3045 1682 3102 Petrus
1707 3044 1955 3101 Pithoeus
1985 3045 2039 3100 in

447 3141 731 3196 duodecim
756 3139 1068 3194 auctoribus
1089 3138 1249 3194 simul
1269 3138 1449 3204 editis,
1463 3135 1713 3208 Papirius
1733 3135 2040 3203 Massonus,

445 3245 646 3302 eosque
692 3238 910 3284 secutus
950 3229 1352 3285 illustrissimus
1391 3229 1685 3284 cardinalis
1722 3227 1906 3284 Caesar
1940 3226 2042 3281 Ba-

445 3322 635 3378 ronius
662 3321 1032 3376 Frodoardum
1063 3320 1354 3391 appellant.
1396 3321 1500 3376 Sed
1528 3336 1628 3391 pro
1660 3320 1839 3377 littera
1866 3319 1906 3387 ι,
1934 3334 2042 3375 non

445 3428 494 3476 r,
529 3412 583 3465 in
609 3410 786 3480 prima
810 3409 1013 3481 syllaba
1041 3409 1191 3474 facit,
1222 3409 1366 3478 quod
1393 3408 1487 3465 lib.
1516 3425 1552 3465 ιι
1582 3409 1742 3478 hujus
1766 3409 2041 3473 Ilistoriaz,

449 3517 569 3572 cap.
602 3501 657 3568 5,
685 3501 993 3555 meminerit
1037 3500 1340 3568 Flawardi,
1397 3503 1532 3570 sive,
1582 3511 1641 3556 ut
1688 3503 1854 3558 habet
1899 3501 2044 3556 aliud

449 3592 748 3662 exemplar,
776 3591 1025 3648 Flavardi
1057 3593 1309 3649 avunculi
1336 3595 1526 3650 matris
1553 3611 1683 3662 suae,
1712 3602 1767 3650 et
1791 3594 1845 3650 in
1873 3595 2048 3651 Chro-

453 3687 580 3741 nico
629 3700 748 3752 suo,
782 3701 924 3740 anno
959 3685 1094 3750 965;
1130 3686 1345 3756 nepotis
1394 3688 1476 3742 sui
1507 3687 1819 3754 Flodoardi,
1864 3697 1925 3742 ut
1971 3687 2044 3742 ibi

449 3777 580 3848 legit
608 3778 908 3833 correctius
937 3777 1216 3848 exemplar
1243 3777 1586 3835 Divionensc.
1640 3779 1794 3835 Unde
1823 3789 1877 3835 ct
1909 3795 2046 3850 pra:-

452 3844 631 3926 dictus
679 3868 922 3925 Pithqu
980 3869 1033 3924 in
1079 3844 1362 3926 Clossario
1418 3870 1808 3941 Capitularium
1861 3844 2043 3927 Kairoli
2075 3844 2119 3908 Ο

453 3961 631 4032 Magni
661 3970 715 4016 et
737 3961 993 4017 Ludovici
1018 3961 1120 4029 Pii,
1151 3962 1296 4032 quod
1324 3973 1541 4018 auctum
1569 3964 1841 4033 posterius
1871 3963 1925 4018 in
1959 3964 2042 4018 lu-

459 4069 580 4107 cem
639 4052 857 4118 emisit,
904 4062 1168 4123 perpetuo
1233 4053 1595 4109 Flodoardum
1644 4057 1906 4121 nominat,
1971 4056 2048 4112 uti

451 4155 509 4202 et
569 4143 745 4200 Josias
823 4144 1087 4201 Simlcrus
1163 4146 1216 4200 in
1283 4145 1602 4216 prasfatione
1668 4161 1762 4202 seu
1816 4149 2046 4218 epistola

454 4234 788 4292 dedicatoria
817 4234 1258 4307 Cosmograpbiae
1285 4236 1492 4293 [Ethici
1514 4278 1530 4304 ,
1564 4239 1706 4309 quod
1740 4248 1796 4295 et
1821 4256 1921 4295 nos
1957 4257 2047 4296 se-

454 4339 706 4396 quemur.
757 4323 939 4378 Patria
989 4324 1040 4378 ei
1094 4323 1194 4380 fuit
1243 4325 1579 4396 Sparnacum
1628 4329 1884 4399 oppidum
1935 4347 2042 4386 non

455 4415 646 4487 procul
697 4415 881 4472 Remis
931 4416 1206 4472 dissitum.
1270 4416 1421 4473 Vixit
1473 4419 1574 4474 sub
1625 4421 2050 4492 archiepiscopis

456 4505 819 4562 Remensibus
850 4504 1117 4573 IIaeriveo,
1161 4505 1369 4574 Seull‘o,
1416 4508 1639 4563 Artoldo
1677 4520 1732 4565 et
1775 4510 2047 4568 Odalrico.

459 4598 572 4655 Sub
597 4598 821 4654 Artoldo
847 4614 972 4655 eum
997 4599 1099 4654 hoc
1128 4615 1264 4669 opus
1295 4602 1683 4672 conscripsisse
1712 4612 1862 4674 patet
1885 4621 1951 4660 ex
1980 4605 2050 4659 li-

459 4690 560 4744 bro
586 4705 669 4757 tu,
699 4704 818 4760 cap.
848 4687 902 4744 6.
945 4689 1091 4746 Vixit
1119 4689 1218 4746 sub
1250 4691 1465 4762 regibus
1491 4692 1824 4749 Francorum
1856 4693 2051 4750 Carolo

463 4779 754 4851 Simplice,
801 4781 1070 4838 Ludovico
1096 4781 1483 4840 Transmarino
1517 4794 1572 4840 et
1600 4785 1861 4842 Lotliario
1909 4787 2052 4858 ejus-

461 4870 588 4925 dem
608 4869 864 4926 Ludovici
896 4871 1030 4937 filio,
1061 4888 1224 4942 quem
1257 4874 1309 4927 in
1342 4889 1523 4943 regem
1554 4875 1892 4931 Francorum
1919 4893 2051 4931 con-

462 4959 700 5016 secravit
727 4960 986 5017 Artoldus
1013 4979 1157 5020 anno
1185 4964 1312 5020 954.
1367 4965 1557 5022 Fuisse
1582 4970 1961 5024 nresbvterum
1998 4977 2054 5023 et

2137 2589 2377 2644 misciaci
2405 2589 2511 2644 vici
2539 2598 2767 2644 testatur
2793 2589 2908 2660 ipse
2933 2589 3072 2647 libro
3099 2606 3173 2657 tv,
3207 2607 3327 2662 cap.
3353 2592 3446 2649 28.
3479 2593 3551 2649 At
3579 2604 3733 2666 post-

2137 2681 2357 2736 modum
2389 2681 2513 2736 vitae
2552 2696 2725 2751 genus
2772 2690 3035 2747 mutasse,
3068 2692 3125 2738 et
3170 2684 3362 2741 relicto
3407 2687 3732 2744 canonicam

2138 2772 2452 2828 monastica:
2490 2771 2690 2842 regulae
2729 2786 2851 2828 sese
2890 2773 3215 2841 subdidisse,
3253 2785 3311 2830 et
3340 2777 3533 2832 deinde
3563 2779 3737 2834 abba-

2140 2871 2250 2919 tem
2289 2863 2489 2918 factum
2519 2877 2662 2928 esse,
2701 2871 2850 2918 certa
2890 2872 3018 2923 sunt
3046 2863 3368 2920 documenta
3409 2880 3479 2922 ex
3506 2867 3736 2939 epistola

2139 2953 2362 3026 Adelagi
2388 2954 2700 3011 Bremensis
2726 2953 3141 3026 archiepiscopi,
3175 2971 3337 3026 quam
3369 2957 3538 3014 habes
3564 2957 3724 3014 intra.

2141 3046 2273 3102 Item
2295 3063 2362 3102 ex
2388 3061 2454 3103 eo
2479 3045 2624 3118 quod
2651 3045 2719 3102 de
2741 3061 2800 3103 se
2828 3045 3021 3103 scribit
3052 3047 3106 3102 in
3128 3046 3400 3105 Chronico
3429 3065 3572 3107 anno
3596 3049 3700 3106 965
3717 3089 3733 3117 ,

2142 3139 2230 3194 his
2257 3139 2441 3196 verbis
2467 3157 2480 3193 :
2514 3158 2533 3192 ‹
2562 3140 2676 3212 Ego
2705 3155 2834 3196 vero
2865 3140 3074 3197 fractus
3100 3149 3281 3207 aetate,
3310 3151 3367 3199 et
3403 3144 3627 3200 attritus
3653 3143 3736 3198 in-

2143 3227 2424 3296 ﬁrmitate,
2465 3237 2521 3284 et
2547 3228 2853 3286 ministerio
2892 3244 2978 3286 me
3004 3230 3252 3287 abdicavi
3299 3233 3602 3303 praelatum
3644 3247 3737 3289 co-

2146 3334 2264 3374 ram
2295 3319 2484 3376 eodem
2515 3320 2748 3390 praesule
2791 3320 3025 3393 (scilicet
3062 3319 3335 3391 Odalrico,
3363 3324 3576 3380 Artoldi
3614 3341 3737 3380 suc-

2145 3410 2386 3483 cessore)
2439 3412 2642 3482 quique
2675 3428 2762 3469 me
2791 3413 2895 3469 hoc
2938 3413 3224 3470 absolvens
3267 3413 3430 3488 jugo,
3480 3415 3741 3486 imposuit

2146 3504 2276 3560 illud
2301 3519 2400 3575 per
2427 3502 2748 3561 electionem
2796 3505 3028 3561 fratrum
3077 3520 3337 3572 meorum,
3389 3507 3571 3578 nepoti
3617 3521 3742 3563 meo

2112 3644 2114 3648 ,
2149 3598 2478 3664 Flodoardo,
2501 3599 3097 3670 septuagesimomtatis
3122 3614 3255 3654 meae
3277 3613 3439 3654 anno.
3472 3617 3492 3651 ι
3527 3597 3618 3653 Sic
3641 3598 3738 3653 ibi.

2117 3689 2292 3772 Idem
2324 3688 2865 3761 confirmant_versus
2891 3689 3106 3756 Gallici,
3158 3689 3214 3744 in
3259 3689 3448 3745 codice
3498 3688 3742 3760 peranti-

2151 3796 2259 3852 quo
2292 3797 2396 3836 ms.
2429 3780 2654 3850 reperti,
2684 3795 2715 3833 a
2744 3781 2900 3836 nobis
2932 3780 2985 3834 in
3014 3779 3352 3850 frontispicio
3391 3779 3575 3850 positi,
3607 3795 3744 3851 quo-

2151 3889 2272 3928 rum
2301 3874 2418 3928 haec
2446 3881 2530 3928 est
2573 3871 2984 3942 interpretatio:
3019 3889 3038 3924 ‹
3071 3870 3130 3928 Si
3155 3872 3239 3928 vis
3267 3872 3410 3929 scire
3444 3871 3742 3929 Remenses

2152 3965 2454 4035 episcopos,
2492 3953 2942 4036 lcgeilhronicon
2969 3963 3258 4021 Flodoardi
3303 3964 3468 4020 docti.
3514 3963 3565 4020 Is
3597 3979 3744 4020 mor-

2153 4066 2278 4112 tuus
2324 4065 2407 4111 est
2465 4065 2711 4126 tempore
2758 4055 2995 4112 Odalrici
3051 4057 3312 4129 episcopi,
3361 4057 3624 4114 oriundus
3675 4074 3743 4114 ex

2154 4147 2452 4216 Sparnaco.
2484 4145 2635 4201 Vixit
2683 4157 2871 4203 castus
2920 4148 3173 4213 clericus,
3215 4149 3390 4206 bonus
3419 4151 3739 4217 monachus,

2153 4237 2346 4293 melior
2373 4237 2562 4303 abbas,
2589 4239 2657 4293 ab
2683 4238 2913 4310 Agapito
2943 4254 3079 4312 papa
3109 4239 3210 4296 fuit
3237 4240 3417 4298 factus
3461 4242 3740 4300 sacerdos.

2155 4333 2235 4386 Ex
2262 4332 2378 4402 ejus
2411 4332 2640 4386 historia
2673 4332 2842 4387 multa
2873 4349 3012 4389 nova
3065 4334 3226 4401 scies,
3253 4344 3311 4391 et
3346 4336 3399 4391 in
3448 4335 3538 4390 illa
3573 4344 3744 4393 totam

2153 4428 2531 4497 antiquitatem
2560 4426 2801 4482 hauries.
2834 4447 2852 4480 ι
2899 4427 3047 4483 Idem
3080 4429 3316 4501 denique
3364 4431 3632 4501 probatur
3675 4444 3746 4486 ex

2158 4518 2468 4574 testimonio
2504 4519 2768 4574 Dominici
2805 4518 3052 4575 Grimani
3080 4521 3392 4587 cardinalis,
3424 4522 3569 4591 quod
3605 4521 3745 4576 infra

2153 4612 2452 4680 posuimus.
2521 4609 2646 4664 Fuit
2683 4620 2862 4667 autem
2892 4613 3195 4669 monachus
3243 4621 3300 4668 et
3335 4613 3502 4669 abbas
3533 4611 3746 4668 ordinis

2155 4699 2211 4755 S.
2239 4699 2516 4755 Benedicti
2546 4699 2731 4755 Remis
2783 4699 2836 4754 in
2887 4702 3219 4757 monasterio
3271 4702 3442 4758 sancti
3491 4699 3745 4772 Remigii.

2155 4789 2338 4858 Quare
2369 4806 2474 4847 non
2503 4789 2728 4856 fallitur,
2761 4806 2862 4847 nec
2891 4791 3091 4863 injuste
3119 4792 3270 4847 illum
3301 4808 3400 4848 suo
3423 4792 3602 4848 ordini
3630 4793 3748 4849 vin-

2155 4881 2303 4937 dicat
2327 4881 2684 4950 Trithemius,
2719 4881 3068 4954 Sigebertum
3103 4893 3346 4950 secutus,
3395 4883 3535 4939 libro
3585 4899 3626 4942 tt
3671 4884 3750 4940 De

2157 4975 2304 5024 Viris
2341 4975 2643 5024 illustribus
2691 4976 2898 5024 ordinis
2943 4976 3115 5024 sancti
3152 4976 3452 5024 Benedicti.
3507 4991 3630 5024 nan-
3657 4975 3746 5024 68-
