3974 5392
245 366 313 420 17
1066 426 1069 429 ,
1132 427 1133 432 η
1542 369 1819 426 ΝΟΤΙΤΙΑ

1961 372 2160 429 TERA.
2775 397 2782 402 -
2865 397 2868 400 ο
2916 399 2918 402 ν
3054 418 3059 424 .
3449 365 3519 422 18

247 476 564 533 Froooardo
614 477 951 534 solummodo
1000 479 1242 536 tribuens
1272 479 1601 547 Chronicon,
1631 483 1698 537 de
1724 497 1833 553 quo
1860 487 1912 544 Α
1939 491 2026 539 tur
2054 484 2198 539 dicto
2227 497 2314 538 an.
2349 484 2484 549 845,
2524 495 2812 539 recensens
2843 483 3040 539 ibidem
3071 481 3306 553 diploma
3337 467 3521 536 Caro“

249 567 412 635 inl'ra,
448 567 758 624 Flodoardo
788 579 970 626 autem
1002 572 1144 627 hanc
1171 572 1518 629 Remensium
1548 575 1832 646 episcopo-

247 674 365 716 rum
391 659 692 716 Historiam
717 677 729 715 :
761 663 854 717 sed
867 677 987 732 quae
1009 662 1065 717 in
1089 664 1386 734 appendice
1401 665 1644 720 nonnihil
1661 665 1836 721 corri-

249 749 346 820 git.
380 749 651 807 Similiter
695 751 872 808 dictus
903 751 1061 810 Wion
1115 754 1169 809 in
1216 755 1484 826 adjunctis
1513 757 1580 811 ad
1607 754 1836 827 Lignum

249 841 406 908 Vitaa,
451 857 576 914 pag.
611 842 739 909 909,
772 842 1135 900 Flodoardum
1184 859 1214 900 a
1243 845 1502 901 Flavaldo
1546 862 1653 902 non
1694 854 1840 903 recte

250 933 556 1002 distinguit.
621 933 892 992 Praeterea
943 935 1150 994 fallitur
1178 938 1430 1010 Papirius
1459 937 1742 995 Massonus
1785 940 1838 994 in

251 1024 512 1098 Catalogo
539 1036 846 1096 auctorum,
877 1029 1074 1100 quibus
1101 1047 1232 1086 usus
1260 1040 1344 1086 est
1384 1032 1436 1086 in
1467 1031 1581 1086 suis
1613 1033 1840 1087 Annali-

250 1120 375 1185 bus,
421 1120 551 1174 dum
577 1128 740 1176 vocat
783 1137 908 1176 eum
938 1121 1264 1178 Remensem
1309 1124 1640 1194 pontificem.
1689 1122 1842 1191 Quod

253 1218 473 1265 secutus
520 1219 605 1266 est
650 1209 919 1268 Baronius
971 1229 1116 1270 anno
1165 1214 1292 1282 955,
1349 1216 1452 1270 nisi
1507 1217 1561 1270 in
1612 1216 1844 1271 Barouio

252 1300 508 1356 mendum
541 1302 634 1368 sit,
656 1311 710 1358 et
734 1317 835 1373 pro
864 1303 1107 1360 Rememi
1129 1307 1538 1378 archiepiscopo,
1566 1306 1845 1378 legendum

252 1395 340 1459 sit,
373 1393 652 1450 Remensis
703 1396 1144 1469 archiepiscopus,
1191 1409 1250 1454 ut
1289 1399 1354 1454 ad
1380 1400 1662 1456 Artaldutn
1711 1400 1848 1456 refe-

251 1495 428 1542 ratur.
463 1486 601 1543 Nam
629 1502 772 1544 anno
801 1489 908 1544 948
937 1500 1097 1546 vocat
1130 1507 1254 1548 eum
1282 1492 1565 1548 Remensis
1597 1493 1850 1548 Ecclesiae

249 1581 658 1652 presbyterum,
688 1581 830 1636 sicut
857 1589 914 1638 et
937 1582 1053 1653 ipse
1075 1583 1343 1654 Papirius,
1377 1585 1469 1640 lib.
1489 1602 1549 1653 ll,
1576 1587 1630 1641 in
1658 1587 1850 1643 Carolo

251 1671 534 1743 Simplice,
559 1683 620 1729 ut
647 1688 746 1745 per
779 1674 1232 1733 inadvertentiam
1282 1677 1592 1748 pontiﬁcem
1627 1693 1852 1735 vocasse

248 1765 528 1820 videatur.

1937 576 2108 640 Calvi,
2163 591 2270 646 quo
2317 575 2481 630 edicit
2536 584 2595 629 ut
2620 573 2912 630 Hincmaro
2940 573 3294 629 restituantur
3338 570 3520 627 omnia

1937 671 2077 724 bona
2131 669 2478 740 episcopatus
2509 668 2817 733 Remensis,
2847 668 2990 739 quod
3030 667 3262 722 habetur
3308 665 3404 720 lib.
3439 681 3522 728 l:.',

1939 776 1988 815 c.
2019 760 2075 814 4.
2127 760 2203 815 De
2231 775 2338 830 quo
2367 775 2474 814 non
2515 759 2632 813 sine
2675 760 2886 814 ratione
2926 759 3002 814 ait
3026 758 3272 813 Pithoeus
3299 757 3352 812 in
3381 755 3526 812 dicto

1941 851 2242 918 Glossario,
2293 854 2461 908 verbo
2497 850 2844 920 Beneﬁciario
2888 850 3014 921 jure
3057 868 3069 902 :
3115 848 3292 905 Nolim
3349 849 3525 904 virum

1941 945 2124 1000 multa:
2174 945 2422 1001 lectionis
2467 961 2530 1000 es
2580 943 3034 1014 interpretatione
3061 941 3289 1006 Gallica,
3336 940 3529 996 alienis

1945 1051 1975 1091 a
2019 1050 2180 1091 sensu
2222 1037 2431 1103 verbis,
2470 1037 2572 1091 hoc
2617 1035 2758 1090 idem
2811 1034 3046 1104 diploma
3110 1033 3379 1088 retulisse.
3431 1031 3533 1085 Ve-

1946 1144 2066 1183 rum
2097 1129 2164 1184 ab
2195 1145 2283 1184 an.
2316 1127 2420 1184 865
2450 1128 2638 1198 incipit
2682 1127 2799 1196 ipsa
2829 1128 2995 1181 verba
3026 1124 3218 1179 Latina
3242 1121 3532 1178 Flodoardi

1947 1221 2202 1291 allegare,
2231 1222 2326 1276 sed
2355 1236 2422 1274 ex
2451 1220 2610 1275 unico
2636 1217 2954 1289 exemplari,
2983 1231 3156 1286 eoque
3183 1230 3326 1285 saepe
3354 1213 3535 1267 incor-

1948 1320 2096 1368 recto
2137 1322 2192 1367 et
2221 1314 2534 1384 depravato,
2563 1321 2624 1366 ιιι
2659 1311 2846 1366 eodem
2897 1324 3060 1374 anno,
3101 1309 3227 1362 item
3257 1305 3383 1370 871,
3409 1303 3534 1363 877.

1949 1403 2076 1467 892,
2100 1405 2223 1468 895,
2253 1413 2309 1458 et
2333 1404 2460 1458 alibi
2491 1403 2672 1457 videre
2687 1409 2789 1457 est.
2807 1400 3076 1456 Caeterum
3110 1413 3216 1453 non
3240 1398 3357 1453 sine
3380 1395 3538 1450 laude

1951 1498 2119 1568 ipsius
2147 1497 2412 1562 meminit,
2447 1505 2506 1551 ut
2539 1513 2628 1551 an.
2663 1498 2788 1563 933,
2817 1513 3022 1554 vocans
3050 1504 3365 1552 accuratum
3396 1491 3541 1547 illius

1954 1589 2214 1660 temporis
2257 1589 2598 1659 scriptorem,
2648 1589 2736 1644 cui
2788 1597 2992 1643 tantam
3025 1587 3187 1642 ﬁdem
3239 1583 3447 1649 tribuit,
3484 1591 3544 1634 ut

1954 1695 2100 1736 anno
2136 1679 2241 1735 954
2279 1695 2346 1735 ex
2389 1694 2454 1734 eo
2492 1679 2627 1735 alios
2677 1694 2868 1735 omnes
2908 1678 3180 1734 mendacii
3230 1676 3539 1744 redarguat.

1956 1773 2184 1841 Quanta:
2227 1786 2358 1827 vero
2409 1771 2748 1828 auctoritatis
2803 1769 3006 1835 fuerit,
3053 1785 3116 1826 ex
3175 1783 3241 1823 eo
3285 1765 3545 1820 discimus

317 1857 458 1915 Illud
490 1859 711 1915 interim
731 1875 920 1917 verum
947 1869 1054 1929 est,
1082 1871 1296 1919 mortuo
1320 1862 1569 1929 Rodolfo,
1597 1863 1666 1919 ab
1696 1872 1847 1922 utro-
1877 1847 1924 1907 Β
1953 1865 2098 1936 quod
2129 1863 2196 1918 ad
2226 1862 2527 1932 legationes
2556 1872 2613 1919 et
2639 1862 2855 1933 publica
2885 1862 3101 1933 negotia
3149 1857 3421 1914 interdum
3451 1854 3544 1908 ad-

253 1963 359 2020 que
408 1949 670 2020 capitulo,
719 1949 1066 2008 Noviomensi
1114 1962 1172 2010 et
1228 1953 1582 2021 Tornacensi,
1642 1956 1729 2010 die
1776 1956 1848 2010 20

255 2038 379 2096 Julii
408 2057 554 2098 anno
577 2041 686 2099 950
719 2043 952 2100 electum
1003 2043 1174 2102 fuisse
1225 2047 1279 2101 in
1308 2047 1620 2118 episcopum
1650 2045 1849 2102 Novio-
1889 2048 1898 2054 ‘

262 2147 509 2189 mensem
540 2142 597 2190 et
621 2133 1048 2194 Tornacensem.
1076 2137 1191 2193 Non
1219 2137 1322 2193 fuit
1353 2146 1533 2194 tamen
1563 2139 1853 2195 confirma-

260 2231 364 2290 tus,
415 2225 546 2295 quia
577 2225 887 2284 Ludovicus
938 2229 1362 2287 Transmarinus
1389 2246 1484 2287 rex
1513 2230 1852 2290 Francorum

263 2315 507 2381 subdole,
535 2316 681 2372 clam
704 2327 759 2373 et
779 2317 867 2373 via
893 2319 1328 2376 extraordinaria
1358 2321 1414 2376 in
1442 2321 1626 2377 sedem
1654 2323 1856 2378 utrius-

264 2421 368 2477 que
399 2406 661 2463 Ecclesia:
708 2407 930 2464 intrusit
977 2416 1033 2465 et
1066 2409 1371 2466 introduxit
1419 2411 1696 2482 impurum
1739 2428 1856 2468 mo-

263 2503 495 2558 nachum
545 2511 602 2558 et
645 2502 1008 2560 simoniacum
1051 2503 1311 2560 clericum
1353 2503 1682 2560 Fulcherum
1707 2545 1724 2572 ,
1772 2507 1856 2561 sui

264 2591 612 2663 archimagiri
672 2591 1054 2650 Kentiifilium
1106 2595 1352 2650 nothum.
1409 2594 1563 2662 Quod
1616 2597 1856 2652 resciens

263 2683 558 2756 Adelagus,
587 2684 696 2751 vel,
744 2695 804 2740 ut
826 2693 988 2742 vocat
1011 2684 1268 2742 Albertus
1312 2684 1604 2742 Krantzius
1653 2688 1710 2743 in
1758 2703 1858 2746 sua

264 2777 596 2849 metropoli,
642 2777 955 2850 Adaldagus
1012 2779 1325 2837 Bremensis
1393 2778 1856 2853 archiepiscopus,

268 2869 578 2942 apostolicae
624 2871 771 2928 sedis
831 2872 1062 2944 legatus,
1107 2873 1164 2928 in
1198 2874 1315 2930 haec
1351 2878 1520 2931 verba
1564 2876 1854 2947 prorupit:

269 2959 625 3034 Cognoscetur
650 2963 910 3019 Dominus
942 2964 1152 3034 judicia
1180 2965 1400 3036 faciem.
1429 2966 1635 3024 Deinde
1661 2983 1858 3025 conso-

269 3052 518 3109 latoriam
563 3053 847 3126 epistolam
876 3054 1051 3111 eidem
1090 3057 1390 3114 transmisit
1425 3057 1567 3130 (vide
1612 3076 1776 3129 supra
1804 3060 1859 3114 in

271 3149 456 3203 notitia
491 3165 558 3204 ea:
585 3147 943 3221 Mabillonio.)
982 3149 1108 3208 Haec
1137 3167 1205 3208 ex
1237 3168 1370 3208 mss.
1413 3153 1620 3222 Quibus
1659 3155 1862 3211 habent

275 3255 511 3296 consona
557 3241 626 3298 de
658 3241 926 3301 Fulchcro
953 3240 1186 3300 Jacobus
1212 3244 1462 3320 Meyerps
1514 3256 1569 3303 et
1596 3247 1864 3305 Antonius

275 3331 642 3390 Demochares
689 3334 743 3390 in
772 3335 971 3393 tabulis
1017 3338 1400 3409 episcoporum
1434 3339 1864 3399 Tornacensium

275 3424 362 3480 his
410 3425 636 3482 verbis:
667 3443 686 3478 ι
715 3426 806 3482 u.
835 3426 1133 3484 Fulcharus
1183 3431 1299 3488 sive
1329 3431 1631 3490 Fulcherus
1677 3449 1866 3490 mona-

277 3517 413 3574 chus
437 3516 850 3576 Suessionensis
878 3522 1056 3577 sancti
1083 3521 1343 3592 Medardi,
1372 3525 1614 3596 sepultus
1646 3527 1699 3582 in
1731 3537 1864 3583 tem-

277 3607 366 3679 plo
393 3609 570 3665 sancti
599 3608 772 3683 Elegii
807 3619 962 3668 extra
1001 3627 1188 3669 muros
1225 3615 1462 3672 civitatis
1493 3615 1868 3674 Noviomensis

279 3701 343 3755 de
371 3715 481 3771 quo
510 3702 702 3758 scribit
730 3701 978 3776 Meyorus
1023 3720 1167 3761 anno
1195 3705 1320 3763 955.
1371 3705 1672 3765 Fulcherus
1704 3711 1868 3766 homo

278 3794 520 3864 spurius,
547 3794 692 3851 ﬁlius
715 3796 1058 3853 existimatus
1083 3798 1344 3870 principis
1371 3814 1668 3871 coquorum
1694 3800 1874 3857 Ludo-

279 3885 386 3942 vici
445 3885 609 3958 regis,
658 3885 1150 3960 Noviomagensem
1182 3889 1340 3946 malis
1393 3891 1603 3946 artibus
1650 3892 1874 3962 adeptus

281 3975 677 4046 episcopatum,
703 3976 888 4032 omnia
933 3975 1066 4034 fecit
1094 3977 1398 4046 deteriora,
1450 3979 1876 4035 administravit-

1953 1956 2160 2014 liibitus
2185 1956 2274 2011 sit.
2326 1954 2484 2011 Unde
2525 1955 2667 2010 libro
2708 1955 2906 2026 primo,
2938 1953 3114 2023 capite
3147 1950 3241 2017 20,
3270 1964 3329 2005 se
3358 1945 3549 2003 scribit

1909 2035 2020 2102 'ab
2049 2046 2275 2102 Artaldo
2323 2046 2579 2116 episcopo
2627 2044 2852 2100 missum
2895 2050 3119 2113 propter
3167 2053 3258 2096 res
3284 2035 3546 2109 quasdam

1953 2137 2240 2193 Remensis
2263 2136 2522 2192 Ecclesiae
2546 2136 2614 2191 ad
2637 2132 2931 2191 Otthonem
2958 2147 3141 2204 regem
3164 2140 3219 2188 et
3239 2126 3548 2186 Conradum

1955 2232 2168 2286 ducem.

2029 2322 2102 2378 Ut
2125 2336 2254 2378 vero
2298 2320 2365 2376 ad
2394 2319 2595 2390 scripta
2638 2319 2756 2388 ejus
2781 2319 3086 2374 veniamus.
3117 2313 3362 2383 Quatuor
3390 2308 3553 2378 huius

1956 2415 2139 2486 operis
2175 2413 2343 2468 libros
2383 2425 2504 2466 esse
2531 2411 2873 2466 demonstrat
2911 2407 3153 2463 auctoris
3191 2405 3467 2474 prologus,
3495 2401 3553 2455 in

1958 2522 2066 2580 quo
2096 2514 2256 2561 vocat
2283 2503 2646 2576 quadriﬁdam
2683 2502 2880 2554 laboris
2911 2500 2994 2553 sui
3027 2514 3179 2568 opus.
3210 2496 3554 2565 Quapropter

1958 2597 2101 2654 male
2124 2594 2482 2658 Trithemius,
2509 2603 2566 2648 et
2591 2592 2685 2662 qui
2711 2605 2835 2647 eum
2864 2595 3186 2659 sequuntur,
3215 2594 3328 2640 tres
3355 2582 3558 2638 solum-

1958 2691 2121 2748 modo
2147 2696 2458 2746 numerant.
2486 2686 2693 2742 Praeter
2719 2685 2820 2740 hos
2847 2690 3083 2754 quatuor
3104 2679 3275 2735 libros
3302 2674 3559 2732 Historiae

1957 2782 2248 2841 Remensis
2296 2779 2580 2845 Ecclesiae,
2611 2778 2725 2833 sive
2769 2783 2830 2830 ut
2873 2773 2966 2830 alii
3012 2779 3228 2836 vocant,
3258 2769 3337 2825 De
3370 2765 3556 2823 Gestis

1960 2874 2313 2932 Remensium
2356 2871 2694 2944 pontiﬁcum,
2743 2870 2800 2924 in
2852 2868 3054 2939 quibus
3107 2863 3280 2920 multa
3329 2861 3435 2917 alia
3494 2859 3562 2913 de

1961 2965 2168 3024 sanctis
2195 2973 2253 3020 et
2279 2962 2630 3019 monasteriis
2667 2961 2912 3032 ejusdem
2950 2957 3194 3014 civitatis
3222 2962 3279 3010 et
3308 2951 3563 3010 dimcesis

1963 3057 2261 3115 interserit.
2332 3054 2566 3125 Scripsit
2631 3052 2795 3108 etiam
2847 3049 3159 3107 Chronicon
3213 3045 3391 3103 aetatis
3451 3056 3566 3099 suae

1965 3149 2372 3208 exactissimum
2422 3149 2490 3203 ab
2539 3160 2680 3201 anno
2709 3144 2925 3200 Domini
2955 3142 3060 3198 919
3101 3154 3276 3210 usque
3315 3137 3384 3193 ad
3435 3133 3565 3200 966,

1971 3243 2117 3318 quod
2155 3244 2212 3299 in
2247 3243 2424 3298 lucem
2472 3238 2700 3312 protulit
2722 3238 2918 3294 Petrus
2942 3235 3190 3291 Pithoeus
3241 3233 3386 3288 inter
3433 3228 3569 3283 duo—

1970 3337 2147 3395 decim
2195 3335 2490 3406 scriptores
2528 3339 2835 3388 coaataueos
2876 3327 3168 3384 Annalium
3215 3333 3272 3380 et
3320 3320 3568 3379 historia;

1967 3428 2328 3483 Francorum.
2367 3425 2641 3480 Excusum
2693 3429 2779 3477 est
2825 3434 2963 3492 Opus
3009 3419 3065 3474 in
3113 3423 3307 3474 octavo
3342 3411 3571 3469 Parisiis

1969 3518 2131 3584 1588,
2163 3524 2220 3571 et
2261 3512 2606 3571 Francofurti
2654 3511 2816 3568 1594.
2862 3508 3103 3565 Tametsi
3149 3507 3204 3563 in
3252 3502 3572 3578 praefatione
3659 3494 3672 3505 ’

1971 3611 2182 3668 dubitet
2221 3609 2364 3664 idem
2405 3607 2654 3662 Pithoeus
2700 3605 2843 3662 sitne
2890 3603 3133 3676 ejusdem
3183 3598 3440 3656 auctoris.
3479 3594 3574 3650 Sic

1969 3701 2116 3758 enim
2147 3699 2254 3755 ait:
2291 3716 2310 3751 ‹
2337 3695 2458 3754 Jam
2489 3697 2556 3752 de
2585 3693 2883 3750 Frodoardi
2910 3691 3182 3748 Chronico
3211 3689 3350 3761 (sive
3377 3687 3424 3741 is
3445 3683 3572 3738 Fla-

1973 3793 2167 3849 valdus
2203 3791 2288 3846 vel
2313 3789 2581 3846 Floardus
2612 3787 2685 3842 sit
2721 3785 3012 3840 Remensis
3039 3781 3297 3837 Ecclesia:
3341 3775 3572 3849 presby-

1976 3892 2082 3946 ter,
2110 3881 2202 3950 qui
2237 3878 2774 3948 archiepiscoporum
2809 3885 3035 3928 suorum
3055 3869 3212 3926 Vitas
3247 3883 3279 3922 a
3305 3866 3367 3920 B.
3393 3863 3576 3920 Remi-

1977 3975 2065 4049 gio
2100 3972 2168 4028 ad
2197 3971 2506 4037 Artaldum,
2551 3969 2767 4025 diverso
2803 3965 2966 4037 plane
3009 3963 3150 4035 ston
3178 3957 3489 4030 descripsit)
3519 3963 3576 4012 et

283 4082 391 4139 que
417 4082 635 4124 menses
667 4069 892 4125 omnino
917 4069 1022 4125 18ε
1053 4071 1247 4126 morbo
1294 4071 1612 4142 absumptus
1656 4072 1876 4144 pedicu-
1975 4065 2082 4121 hoc
2107 4079 2331 4121 monere
2361 4063 2536 4119 visum
2562 4071 2677 4126 εει,
2707 4074 2776 4158 ea
2805 4073 2926 4128 qua?
2955 4057 3023 4158 ίξά
3056 4050 3575 4158 νῖξάυῐξςηξθειθβμ

280 4161 386 4218 lari
410 4173 469 4218 et
485 4162 803 4233 phtbiriasi,
828 4178 1086 4235 magnum
1115 4163 1424 4234 exemplum
1444 4164 1617 4235 puniti
1642 4143 1878 4223 ambitus
1979 4171 2172 4230 scopos
2194 4157 2488 4249 pertinent,
2510 4153 2606 4210 sed
2631 4161 2686 4208 et
2709 4149 3080 4249 alin—quaedam
3096 4143 3580 4249 virgulisinclusa,

282 4266 339 4316 et
363 4260 634 4326 simoniac,
669 4260 715 4316 si
744 4274 846 4316 nos
869 4260 1074 4331 posteri
1107 4261 1424 4316 timeremus
1447 4260 1640 4315 Deum.
1681 4279 1702 4313 ›
1980 4265 2049 4308 ex
2088 4249 2263 4304 tribus
2299 4247 2460 4302 unius
2488 4261 2608 4301 esse
2633 4245 2778 4344 quod
2807 4242 3140 4344 Divionense
3168 4237 3579 4344 appellavimus,

357 4351 484 4407 Fuit
508 4367 674 4424 porro
697 4328 1038 4414 Flodoardus
1061 4353 1147 4408 vir
1171 4353 1368 4409 litteris
1390 4361 1445 4408 et
1469 4352 1709 4409 moribus
1732 4367 1882 4425 egre-
1982 4355 2326 4434 quanquam“
2355 4337 2617 4434 Viridl'l‘i
2668 4334 2848 4406 Ροῑῖυε
2890 4332 3246 4434 -ἀθεοτῖρξιιιξι
3306 4328 3580 4434 νίίξεξδωιξ

285 4447 371 4518 sie
414 4455 735 4514 exornatus,
768 4454 829 4501 ut
864 4443 1145 4503 declarant
1195 4445 1528 4510 testimonia,
1571 4460 1694 4516 quae
1739 4423 1882 4499 infra
1984 4433 2242 4504 Quisquis
2273 4431 2364 4487 ille
2386 4431 2491 4486 fuit
2514 4429 2767 4501 scriptor,
2794 4427 2994 4482 multas
3019 4423 3460 4518 profecto‘nobis
3495 4423 3582 4476 sui

287 4514 700 4612 subjungemus,
739 4547 794 4596 et
827 4539 971 4611 quod
1008 4539 1063 4594 in
1107 4537 1369 4593 historico
1396 4514 1730 4608 prmcipuum
1773 4543 1880 4601 est,
1913 4572 1961 4632 D
1987 4527 2168 4584 saeculi
2206 4525 2446 4581 historiae
2488 4523 2738 4578 tenebras
2778 4519 3107 4632 discutietur
3142 4525 3248 4621 etc.
3275 4514 3356 4568 De
3375 4515 3492 4632 rhac
3519 4526 3582 4568 re

286 4603 452 4690 varia:
486 4603 762 4698 lectionis,
791 4603 1004 4705 magna;
1032 4630 1324 4702 diligentiae
1353 4603 1415 4685 et
1441 4603 1694 4685 imlel'essi
1723 4627 1877 4683 labo-
1913 4603 1961 4632 υ
1985 4623 2258 4678 Pithoeum
2304 4634 2412 4673 non
2461 4616 2558 4708 abs
2609 4631 2668 4670 re
2702 4614 2992 4708 dubitasse
3042 4610 3117 4664 ait
3166 4603 3581 4708 in-praefationo

290 4724 381 4780 ris.
399 4723 538 4780 Hinc
563 4724 642 4778 ait
669 4723 724 4778 in
746 4693 1062 4794 praefatione
1084 4693 1244 4792 hujus
1271 4719 1542 4784 Historiae,
1566 4738 1586 4771 ‹
1612 4734 1749 4790 opus
1777 4718 1883 4773 hoc
1988 4710 2332 4805 Sirmondus,
2373 4707 2614 4805 adhibitp
2644 4705 2809 4805 etiam
2836 4703 2940 4805 1:90
2968 4693 3486 4805 argufnentor

290 4817 648 4886 undecunque
660 4790 943 4871 collectum
958 4828 1111 4871 esse:
1138 4790 1424 4868 {videlicet
1436 4827 1504 4868 ex
1525 4809 1882 4881 scriptoribus
1987 4812 2172 4860 vetere
2199 4797 2526 4855 Kalendario
2563 4797 2624 4851 S.
2647 4794 2829 4886 Mariae
2856 4793 3153 4886 Remensis-
3192 4790 3485 4886 adnotatur;
3510 4790 3592 4886 sit

289 4908 462 4964 sacris
487 4916 544 4963 et
567 4905 834 4979 profanis,
865 4907 1032 4978 gestis
1063 4911 1366 4975 martyrum
1395 4911 1451 4959 et
1481 4901 1621 4958 Vitis
1650 4903 1881 4958 aliorum

291 5009 629 5064 sanctorum,
680 4997 817 5054 actis
860 4997 1233 5063 conciliorum,
1282 5006 1337 5050 et
1379 4995 1621 5066 epistolis
1667 4991 1886 5066 pontiﬁ-

293 5107 432 5161 cum,
483 5091 792 5164 pmsertim
822 5088 1192 5152 Remensium,
1236 5102 1371 5156 quas
1411 5103 1478 5144 ex
1514 5087 1752 5142 archivis
1778 5084 1881 5139 Ec-

291 5185 466 5242 clesiae
496 5198 615 5240 sua:
642 5181 991 5251 deprompsit.
1047 5179 1192 5234 Sane
1221 5191 1250 5230 a
1281 5180 1553 5247 praedictis
1581 5193 1704 5234 eum
1735 5189 1884 5232 com-

290 5278 548 5332 mendant
581 5273 757 5328 nostri
785 5274 963 5330 stcculi
994 5269 1298 5328 doctissimi
1323 5271 1611 5327 Annalium
1647 5269 1886 5339 scripto-

293 5384 368 5392 ---
400 5367 681 5392 n-_-..:....
725 5375 771 5392 Α.
798 5367 1041 5392 τὶ-..2..3--..

1073 5365 1350 5392 ὶιΛσθΛηιιη
1421 5365 1507 5392 nun:
1553 5379 1678 5392 ιιι-ΛΑ
1715 5364 1887 5392 Anna-

1989 4894 2168 4951 obitus
2214 4889 2300 4945 his
2337 4887 2562 4943 verbis:
2596 4902 2686 4942 xvr
2712 4884 2985 4940 Kalendas
3021 4882 3219 4938 Iunias
3251 4875 3592 4932 Flodoardul

1989 4985 2258 5058 presbyter
2285 4989 2331 5035 et
2357 4981 2678 5045 canonicus;
2714 4993 2838 5032 cum
2869 4984 3146 5033 auctorem
3173 4963 3594 5058 Chronichi’lo‘

1986 5051 2248 5133 doardum
2281 5084 2314 5123 v
2342 5068 2617 5125 Kalendas
2641 5067 2975 5137 Aprilesvita
2989 5064 3236 5119 iunctum
3269 5069 3393 5111 esse
3415 5051 3597 5108 Chro-

1985 5165 2096 5224 nici
2113 5159 2380 5235 appendix
2396 5162 2609 5217 doceat.
2640 5158 2843 5216 Verum
2873 5160 3013 5215 scire
3028 5155 3366 5225 oportetnon
3396 5141 3592 5198 iisdem

1989 5259 2201 5324 diebus,
2217 5252 2418 5324 quibus
2433 5253 2624 5325 aliquis
2643 5268 2710 5308 ex
2737 5252 2840 5306 hac
2866 5254 2978 5306 vita
2999 5240 3251 5304 discedit,
3280 5239 3598 5325 anniversa-

1991 5353 2132 5392 riam
2179 5321 2762 5392 commemorationem
2804 5343 2985 5392 obitus
3024 5334 3198 5392 insius
3233 5325 3502 5384 celebrari
3537 5321 3596 5380 in
