3974 5392
254 353 310 412 t5
782 354 1126 417 HlSTORl-E
1165 358 1517 416 ECGLESIAE
1563 353 1904 413 REMENSIS
1945 355 2119 411 LIBRI
2156 355 2510 423 QU.\TUOR.
2551 389 2618 398 —
2645 354 3035 413 PREFATIO.
3457 357 3528 418 26

251 475 534 532 Chesneau
560 477 748 532 curavi
775 478 912 532 meis
949 479 1251 548 sumptibus
1289 477 1540 540 describi,
1571 487 1624 530 ct
1654 483 1840 546 postea
1873 476 1916 532 Α

249 575 427 622 exacte
453 566 650 639 relegi.
680 568 878 623 Verum
915 569 1325 638 deprehendens
1365 568 1686 638 quibusdam
1711 567 1843 620 locis

247 655 499 712 nonnulla
531 657 750 724 deesse,
778 674 1023 728 quzerere
1065 660 1202 728 coepi
1249 658 1352 712 alia
1391 659 1727 728 exemplaria
1773 672 1839 712 ex

245 748 433 818 quibus
464 749 685 821 impleri
711 761 930 822 possent
980 752 1094 808 istae
1131 752 1353 807 lacunre.
1396 752 1530 806 Tum
1592 753 1838 822 mihiop-

241 848 492 909 portune,
515 855 683 910 opera
697 843 824 899 dicti
852 845 1053 899 domini
1069 843 1220 909 Witi,
1249 844 1353 898 duo
1381 844 1481 898 alia
1505 843 1834 913 exemplaria

239 938 447 1002 Integra
488 932 682 989 Remis
727 936 1044 992 transmissa
1103 944 1248 1002 sunt,
1295 953 1459 991 unum
1494 953 1560 992 ex
1600 936 1834 991 archivis

236 1023 480 1079 ecclesiae
530 1027 962 1097 metropolitana:
1018 1027 1078 1082 Β.
1132 1027 1351 1095 Mariae,
1408 1029 1460 1082 in
1515 1029 1828 1082 membrana

235 1114 459 1184 antiqua
513 1131 680 1172 manu
707 1129 1010 1184 exaratum,
1054 1119 1194 1189 quod
1239 1121 1511 1190 signanius
1540 1120 1716 1174 littera
1755 1136 1826 1184 m,

231 1209 465 1265 alterum
493 1213 725 1279 recenti,
769 1228 911 1266 anno
959 1213 1208 1269 videlicet
1233 1213 1390 1278 1596,
1416 1214 1745 1282 descriptum
1772 1212 1824 1265 in

230 1304 438 1368 charta,
493 1319 565 1360 ex
604 1304 793 1359 eodem
839 1305 1010 1360 veteri
1069 1304 1363 1376 exemplari
1397 1319 1494 1374 per
1547 1304 1821 1358 dominum

229 1394 523 1468 Georgium
570 1397 912 1470 Montgerard
961 1398 1196 1467 priorem
1242 1396 1471 1452 emnobii
1508 1397 1564 1451 S.
1608 1397 1821 1450 .‘llartini

229 1486 649 1556 Sparnacensis,
682 1489 879 1558 partim
928 1490 1212 1553 correctis,
1239 1489 1438 1560 partim
1482 1490 1706 1543 mutatis
1736 1488 1824 1541 hic

225 1586 280 1632 et
339 1577 416 1631 ibi
481 1577 668 1633 verbis
717 1578 1056 1647 quibusdam.
1099 1577 1390 1649 Siguamus
1440 1577 1616 1632 littera
1676 1595 1722 1641 δ,
1769 1586 1822 1631 et

229 1675 519 1738 utrumque
554 1667 668 1722 fere
698 1667 1132 1738 semperjunctis
1182 1669 1322 1723 notis
1351 1685 1450 1723 ms.
1483 1667 1820 1737 quandoqui-

225 1759 341 1812 dem
374 1767 428 1814 et
453 1773 556 1829 pro
579 1774 687 1814 uno
715 1759 1012 1829 exemplari
1039 1759 1283 1815 habenda
1313 1760 1419 1813 sint
1448 1760 1564 1813 haec
1598 1760 1724 1822 duo,
1753 1773 1818 1812 eo

223 1853 366 1924 quod
395 1854 673 1924 posterius
711 1869 779 1909 ex
802 1854 969 1925 priori
997 1855 1067 1908 sit
1089 1853 1452 1922 desumptum.
1487 1853 1601 1908 Duo
1635 1860 1814 1906 tamen

220 1959 603 2006 numeramus,
635 1944 762 2015 quia
789 1944 974 1999 multis
1003 1944 1136 1999 locis
1169 1944 1436 1999 correctio
1465 1951 1558 1998 aut
1585 1943 1816 1997 mutatio

216 2034 354 2091 facta
382 2045 488 2091 est.
523 2036 619 2093 llis
649 2037 887 2107 acceptis
908 2036 1130 2106 integris
1158 2035 1578 2106 exemplaribus,
1623 2036 1816 2104 depre-

212 2127 376 2184 hendi
433 2128 490 2182 in
534 2127 832 2196 exemplari
881 2127 1005 2182 dicti
1062 2125 1276 2182 Domini
1333 2124 1604 2180 Chesneau
1655 2123 1812 2179 facile

210 2215 402 2272 deesse
433 2226 692 2288 quartam
733 2226 940 2288 partem
983 2217 1186 2287 operis.
1217 2217 1561 2287 Quapropter
1606 2215 1812 2271 deseri-

208 2313 321 2382 ptis
346 2311 484 2367 locis
527 2311 755 2383 singulis
801 2326 920 2382 qua:
962 2311 1208 2376 deerant,
1237 2325 1377 2366 novo
1401 2311 1583 2365 labore
1617 2317 1806 2373 totum,

207 2405 493 2474 exemplar
541 2420 723 2460 meum
783 2405 857 2459 ita
883 2403 1185 2474 suppletum
1232 2404 1453 2466 contuli,
1499 2412 1555 2458 et
1599 2403 1809 2472 integre

206 2493 374 2566 relegi
401 2510 526 2550 cum
553 2493 828 2565 prmdictis
862 2493 1073 2550 duobus
1115 2493 1341 2564 integris
1381 2493 1805 2562 exemplaribus,

204 2594 262 2641 et
302 2587 650 2657 postmodum
699 2600 860 2656 quam
911 2584 1025 2640 fieri
1065 2583 1241 2654 potuit
1284 2583 1695 2639 accuratissime
1728 2583 1808 2637 di-

204 2677 427 2747 spunxi.
471 2677 553 2732 Ad
586 2677 704 2732 haec
732 2691 832 2746 pro
872 2675 1064 2744 maiori
1092 2675 1210 2731 luce
1240 2675 1404 2731 etiam
1435 2674 1502 2729 ad
1533 2673 1808 2744 exemplar

204 2767 477 2825 Gallicum
498 2769 682 2823 omnia
710 2769 982 2834 recensui,
1013 2775 1068 2823 et
1097 2782 1164 2822 ex
1193 2783 1257 2823 eo
1288 2767 1608 2838 plerumque
1629 2767 1805 2838 patria

200 2858 389 2931 lingua
411 2859 733 2915 obscuriora
775 2859 993 2914 nomina
1027 2859 1244 2930 propria
1279 2860 1330 2913 in
1364 2860 1607 2928 margine
1637 2859 1805 2915 adno-

201 2951 335 3016 tavi,
365 2949 556 3006 lectori
587 2959 796 3022 gratum
842 2949 894 3005 id
957 2948 1072 3005 fore
1095 2963 1200 3004 non
1230 2949 1501 3004 dubitans.
1527 2950 1604 3004 Ex
1631 2949 1804 3004 omni-

198 3043 304 3099 bus
331 3052 513 3098 autem
534 3041 834 3098 correctius
857 3041 1034 3096 visum
1059 3049 1144 3096 est
1170 3041 1450 3110 exemplar
1484 3041 1800 3096 monasterii

199 3135 262 3190 S.
301 3133 557 3205 Remigii,
608 3148 677 3190 ex
704 3147 811 3203 quo
836 3131 1113 3203 exemplar
1151 3131 1580 3202 metropolitanum
1624 3131 1798 3187 eccle-

2018 472 2070 526 ln
2101 475 2484 545 orllmgraphia
2539 475 2668 530 nihil
2701 477 2862 530 etiam
2904 475 3249 540 mutavimus,
3280 475 3382 531 nisi
3411 471 3524 544 eas,

1947 580 2066 634 qua:
2099 565 2385 620 insolentes
2413 576 2467 620 et
2492 569 2797 636 depravata:
2825 575 3137 632 censentur,
3170 568 3526 638 utdompnus,

1942 657 2266 726 dampnatio,
2303 675 2572 726 sompnus,
2613 667 2957 727 contempnet,
2987 657 3347 727 solempnitas,
3372 659 3527 713 ebdo-

1939 766 2071 812 mas,
2112 751 2422 817 patrochus,
2468 750 2764 818 parrochia,
2821 761 2990 812 curta,
3037 750 3378 816 stunmitlere,
3419 750 3525 804 Ni-

1938 837 2174 900 cltolaus,
2211 835 2514 900 Nichasius,
2553 838 2828 903 subiciens,
2868 840 3120 905 adiciens,
3171 841 3432 906 exenium,
3467 850 3524 898 et

1935 928 2159 984 sin‘iiles.
2194 928 2249 981 ln
2281 929 2399 982 aliis
2422 928 2624 999 placuit
2655 929 2977 998 scripturam
3009 929 3097 984 illo
3143 939 3382 1000 tempore
3413 931 3525 985 usi-

1937 1030 2100 1075 tatam
2167 1021 2396 1091 relinqui
2459 1023 2510 1075 in
2571 1022 2797 1092 gratiam
2863 1023 3234 1093 antiquitatis,
3305 1034 3364 1080 ut
3413 1024 3523 1080 Ka-

1936 1113 2113 1178 rolus,
2153 1112 2576 1179 Karlomannus,
2642 1113 2929 1184 Pippinus,
2995 1113 3355 1180 Theodulfus,
3413 1115 3522 1171 Ro-

1932 1204 2134 1259 dulfus.

2001 1294 2191 1350 Omnia
2235 1296 2528 1366 Scriptura:
2571 1297 2688 1352 lora
2737 1312 2856 1368 quae
2897 1298 3154 1364 citantur,
3203 1299 3522 1372 plerumque

1925 1388 2090 1443 etiam
2115 1403 2176 1443 ea
2202 1389 2268 1443 ad
2289 1405 2408 1458 qua:
2437 1390 2741 1458 respicitur,
2768 1389 3326 1460 marginiadjecimus.
3357 1391 3520 1447 Simi-

1926 1480 2047 1535 liter
2089 1489 2143 1535 et
2188 1495 2252 1534 ea
2303 1496 2420 1550 qua:
2479 1497 2542 1535 ex
2594 1482 2714 1536 aliis
2765 1482 3002 1536 citantur
3031 1484 3362 1549 auctoribus,
3396 1500 3516 1556 qure

1924 1573 2102 1627 omnia
2163 1571 2228 1626 ad
2278 1571 2559 1642 originalia
2613 1572 2958 1638 contulimus,
3005 1581 3060 1626 et
3100 1575 3297 1644 saepius
3345 1590 3412 1630 ex
3450 1575 3517 1630 iis

1921 1663 2350 1718 emendavimus.
2385 1663 2639 1728 Quzetlam
2672 1673 2849 1718 tamen
2899 1665 3124 1734 reperiri
3175 1681 3281 1720 non
3327 1675 3515 1737 potuc-

1921 1765 2065 1812 runt.
2097 1756 2211 1823 Qua
2236 1756 2443 1810 ratione
2469 1756 2722 1809 nonnulla
2748 1765 2872 1810 sunt
2897 1757 3204 1819 emendata,
3232 1773 3351 1826 qua:
3373 1758 3510 1812 alio-

1848 1837 1892 1896 B
1920 1849 2009 1918 qui
2042 1848 2130 1900 vix
2159 1847 2434 1902 emendari
2462 1847 2781 1917 potuissent,
2807 1861 2929 1901 cum
2958 1847 3288 1917 exemplaria
3327 1858 3514 1904 aucto-

1921 1942 1995 1996 ris
2025 1942 2206 1996 multis
2257 1942 2388 1997 locis
2409 1941 2611 1999 fuerint
2637 1942 2948 2012 depravata,
2995 1952 3050 1999 et
3087 1959 3198 2014 pra:
3221 1950 3507 2011 vetustate,

1919 2033 2207 2106 legentium
2243 2034 2426 2089 oculos
2455 2033 2735 2105 fugientia.

1987 2124 2117 2192 Qua:
2148 2127 2306 2180 tertio
2336 2126 2474 2179 libro
2521 2125 2788 2180 habentur
2811 2126 2926 2196 (qui
2954 2133 3098 2180 totus
3137 2134 3221 2181 est
3249 2127 3314 2182 de
3341 2127 3509 2196 gestis

1917 2224 1973 2271 et
2023 2217 2242 2286 scriptis
2271 2215 2572 2287 Hincmari)
2603 2217 2802 2271 contuli
2847 2216 2915 2271 ad
2959 2216 3216 2287 opuscula
3251 2225 3305 2272 et
3343 2219 3504 2288 epist.

1913 2307 2152 2377 ejusdem
2178 2305 2476 2372 Hincmari,
2509 2316 2618 2361 tam
2641 2323 2668 2361 a
2700 2307 2765 2361 Β.
2790 2307 2849 2362 Ρ.
2875 2306 3085 2363 Joanne
3113 2307 3504 2380 Busmo,quam

1914 2414 1944 2452 a
1973 2397 2179 2452 Joanne
2200 2396 2460 2453 Cordesio
2506 2397 2764 2454 Ecclesia:
2792 2397 3196 2456 Lemovicensis
3243 2402 3504 2458 canonico

1912 2488 2080 2542 edita.

1979 2579 2059 2633 Ad
2089 2579 2203 2634 hazc
2231 2579 2446 2635 collatio
2478 2579 2618 2634 facta
2649 2587 2734 2634 cst
2753 2579 2819 2633 ad
2850 2586 3026 2636 tomos
3053 2579 3420 2637 Conciliorum
3447 2591 3502 2638 ct

1909 2672 2162 2742 epistolas
2202 2671 2568 2726 Romanorum
2635 2672 2972 2741 pontificum,
3005 2673 3094 2728 ubi
3144 2675 3210 2729 de
3259 2677 3502 2734 conciliis

1907 2765 2102 2836 agitur.
2155 2764 2285 2819 ltem
2333 2779 2455 2819 cum
2501 2764 2802 2820 Annalibus
2855 2765 3240 2824 ecclesiasticis
3270 2767 3500 2825 Caesaris

1904 2853 2145 2918 Baronii,
2191 2863 2245 2908 et
2270 2855 2558 2926 prmcipuis
2593 2855 2780 2911 Gallia:
2834 2872 2900 2912 ac
2943 2858 3110 2930 Belgii
3144 2860 3498 2931 historiogra-

1906 2949 2048 3020 phis,
2098 2948 2359 3020 Gregorio
2425 2949 2766 3016 Turonensi,
2823 2952 3112 3018 Aimoino,
3181 2953 3494 3025 Sigeberto,

1903 3039 2215 3096 Christiano
2271 3042 2528 3107 Massam,
2587 3042 2790 3098 Jacobo
2835 3043 3075 3115 Meyero,
3101 3044 3319 3114 Papirio
3352 3045 3494 3099 Mas-

1904 3149 2055 3197 sono,
2076 3143 2131 3188 et
2160 3134 2300 3188 aliis.
2331 3134 2407 3188 Ex
2433 3135 2629 3204 quibus
2660 3137 2974 3191 auctoribus
3003 3137 3318 3208 plerumque
3343 3147 3492 3192 certa

196 3227 314 3293 site,
362 3226 567 3296 alioqui
599 3226 733 3281 satis
783 3232 1116 3290 correctum,
1154 3223 1340 3278 multis
1380 3223 1514 3278 locis
1554 3223 1792 3294 suppleri
1821 3207 1868 3271 (Ἰ
1901 3228 2160 3297 temporis
2213 3241 2474 3298 cujusque
2527 3230 2607 3285 rei
2667 3240 2832 3300 gesta:
2883 3207 3015 3286 nota
3059 3240 3143 3287 est
3189 3231 3398 3301 adjecta
3439 3234 3491 3287 in

197 3317 403 3384 debuit,
463 3332 570 3372 non
624 3325 834 3374 tantum
882 3315 936 3370 in
975 3315 1178 3382 verbis,
1235 3315 1328 3370 sed
1377 3315 1539 3369 etiam
1569 3315 1792 3385 integris

193 3409 504 3477 sententiis,
531 3423 652 3479 quae
680 3409 896 3468 omissae
927 3408 1162 3462 fuerant.
1199 3407 1449 3462 Sciebam
1489 3405 1712 3462 Parisiis
1738 3416 1794 3461 et

193 3500 322 3555 alibi
380 3500 540 3569 plura
593 3508 810 3555 exstare
849 3499 1056 3553 calamo
1111 3497 1383 3568 descripta
1437 3497 1785 3567 exemplaria.

190 3590 600 3648 Commemorat
653 3591 797 3646 enim
844 3589 1094 3660 Papirius
1123 3589 1405 3646 Massonus
1438 3589 1529 3644 lib.
1575 3605 1611 3643 ιι
1665 3604 1789 3644 suo-

191 3699 310 3738 rum
360 3682 672 3746 Annalium,
721 3697 782 3738 se
817 3681 1024 3752 aliquot
1049 3680 1165 3750 ejus
1207 3680 1540 3750 exemplaria
1589 3681 1788 3736 vidisse

190 3773 440 3829 Lutetiae.
471 3772 579 3829 Sed
599 3773 729 3845 quia
754 3773 1003 3844 puriores
1028 3787 1096 3828 ex
1128 3773 1245 3842 ipso
1273 3771 1420 3828 fonte
1457 3771 1666 3826 hauriri
1700 3788 1786 3828 so-

187 3866 298 3922 lent
319 3882 498 3939 aqum,
524 3867 728 3924 idcirco
765 3881 832 3923 ex
874 3866 1110 3923 archivis
1135 3865 1495 3922 Remensibus
1516 3879 1578 3920 ea
1605 3865 1782 3935 potius

187 3963 425 4032 petenda
449 3977 573 4018 esse
596 3961 855 4034 judicavi,
893 3975 992 4032 pro
1022 3960 1218 4031 quibus
1257 3973 1482 4030 magnas
1515 3973 1615 4028 ago
1653 3974 1780 4029 gra-

189 4052 286 4106 tias
315 4052 679 4107 thesaurariis
706 4059 762 4107 et
801 4051 1144 4106 archivorum
1167 4049 1322 4104 dicta:
1350 4048 1780 4118 metropolitana:

185 4144 432 4200 ecclesiae
478 4144 776 4212 magistris,
815 4143 905 4213 qui
955 4157 1019 4198 ea
1049 4141 1278 4197 duorum
1312 4156 1576 4196 annorum
1604 4141 1781 4211 spatio

186 4237 312 4291 mihi
374 4237 576 4293 utenda
623 4235 1110 4291 communicarent.
1158 4233 1438 4290 Praedictis
1467 4235 1778 4296 {exantlatis

184 4325 480 4395 laboribus,
501 4327 821 4398 prodiithoc
849 4342 984 4397 opus
1013 4327 1131 4382 sine
1157 4327 1280 4382 ullis
1311 4337 1487 4385 tamen
1515 4331 1656 4385 notis
1685 4340 1779 4385 aut

185 4420 422 4476 scholiis.
477 4418 704 4474 Parisiis
746 4435 885 4473 anno
917 4417 1073 4483 1611,
1127 4435 1252 4472 cum
1300 4429 1348 4473 et
1383 4420 1558 4473 studio
1599 4418 1666 4473 R.
1707 4417 1770 4472 I’.

184 4509 362 4565 Jacobi
386 4510 658 4565 Sirmondi
679 4508 799 4563 Soc.
830 4507 961 4563 Iesu
983 4508 1289 4580 presbyteri.
1323 4509 1476 4576 Quod
1498 4509 1774 4579 exemplar

185 4617 370 4663 nactus
399 4608 597 4672 denuo,
641 4620 672 4660 a
722 4605 899 4676 capite
945 4603 1010 4658 ad
1061 4603 1289 4665 calcem,
1325 4605 1505 4658 omnia
1553 4620 1673 4658 cum
1707 4619 1772 4657 eo

186 4699 341 4771 relegi
374 4714 387 4752 :
427 4708 483 4753 et
513 4699 662 4753 sicut
704 4697 848 4751 illius
876 4711 977 4766 0pc
1011 4711 1117 4749 non
1165 4709 1366 4764 paucas
1402 4695 1625 4750 mendas
1655 4711 1774 4750 sus-

189 4791 297 4854 tuli,
330 4791 409 4846 sic
445 4789 518 4845 ibi
561 4788 868 4859 complures
893 4802 1014 4842 esse
1030 4785 1315 4842 derelictas
1337 4787 1693 4857 deprehendi,
1718 4794 1774 4841 et

185 4897 571 4952 nonnunquam
603 4881 844 4950 integras
892 4878 1060 4934 lineas
1087 4877 1295 4935 deesse.
1330 4877 1442 4934 Hoc
1489 4878 1770 4949 exemplar

185 4984 422 5030 notamus
450 4975 634 5030 littera
670 4972 711 5027 Ι.

249 5065 513 5122 Caeterum
567 5062 704 5120 nihil
746 5071 830 5120 est
881 5078 912 5118 a
955 5063 1112 5120 nobis
1169 5063 1534 5130 immutatum,
1582 5063 1669 5121 vel
1712 5061 1766 5116 in

187 5169 319 5216 textu
351 5161 614 5232 positum,
645 5157 788 5228 quod
835 5172 939 5211 non
968 5163 1090 5212 erat
1127 5156 1179 5213 in
1224 5157 1643 5227 exemplaribus,
1683 5154 1768 5210 vel

419 5252 632 5278 μαιξι..υ-
700 5249 753 5278 :n
804 5251 867 5278 εει.
924 5265 1041 5278 ιιι-κδ
1079 5248 1290 5278 Al=nln:'.\
1346 5251 1583 5278 A:IAI\Iu-
1658 5248 1763 5278 νιἶοῖ

1896 3318 2160 3389 margine,
2216 3319 2301 3374 vel
2357 3319 2409 3374 in
2460 3320 2682 3377 scholiis
2736 3329 2860 3392 post
2915 3322 3118 3378 calcem
3172 3324 3352 3393 operis
3397 3324 3492 3378 ad-

1896 3411 2112 3481 positis.

1962 3504 2090 3559 llaec
2115 3504 2258 3559 enim
2305 3503 2510 3560 scholia
2533 3505 2757 3560 omnino
2802 3506 3110 3562 necessaria
3137 3521 3258 3562 esse
3278 3506 3487 3575 judica-

1888 3592 2067 3647 vimus
2099 3611 2112 3646 :
2149 3601 2262 3647 tum
2293 3593 2437 3663 quod
2463 3595 2702 3650 auctoris
2730 3596 2895 3652 dictio
2922 3597 2992 3652 ob
3022 3597 3127 3652 hoc
3169 3595 3486 3665 frequenter

1888 3681 2122 3739 obscura
2153 3674 2248 3750 sit,
2275 3685 2418 3754 quod
2448 3684 2634 3756 longas
2667 3694 2813 3741 texat
2851 3688 3124 3757 periodos,
3163 3703 3282 3757 qum
3309 3688 3482 3758 impli-

1885 3785 2082 3833 cantur
2106 3776 2375 3832 varietate
2403 3785 2457 3832 et
2487 3778 2834 3836 multitudine
2864 3795 3053 3836 eorum
3089 3795 3210 3851 quae
3239 3781 3484 3850 congerit

1883 3877 1939 3925 et
1964 3869 2242 3924 interserit
2266 3886 2281 3935 ;
2314 3878 2424 3922 tum
2455 3870 2620 3925 etiam
2649 3873 2792 3941 quod
2819 3873 3088 3926 interdum
3111 3879 3296 3926 utatur
3314 3887 3480 3926 voea-

1881 3959 2022 4014 bulis
2052 3959 2143 4014 illo
2177 3957 2394 4028 quidem
2417 3973 2532 4012 aevo
2562 3959 2882 4025 tritissimis,
2929 3961 3022 4015 sed
3049 3976 3168 4031 qua:
3196 3961 3309 4032 jam
3333 3961 3480 4016 abie-

1882 4059 2009 4106 runt
2039 4051 2093 4106 in
2134 4051 2562 4108 desuetudinem.
2599 4052 2740 4128 Illaec
2787 4053 2963 4110 iudice
3004 4062 3258 4125 separato
3288 4034 3511 4108 recens

1879 4142 2106 4198 suimus.
2161 4143 2403 4213 Denique
2450 4157 2548 4212 per
2595 4142 2700 4198 hoc
2753 4143 2980 4199 multam
3035 4144 3247 4200 auctori
3299 4143 3476 4199 lucem

1878 4233 2124 4289 attulisse
2162 4234 2458 4299 credimus,
2483 4233 2626 4303 quod
2659 4233 2714 4288 in
2748 4234 2833 4288 his
2885 4232 3114 4290 schol‘iis
3137 4250 3477 4306 quaecunque

1876 4335 2099 4397 possent
2148 4326 2202 4380 in
2257 4323 2478 4381 dubium
2521 4325 2661 4380 verti
2716 4325 3168 4397 explicuerimus;
3213 4325 3476 4397 pleraque

1875 4419 2040 4474 etiam
2054 4418 2292 4474 auctoris
2311 4417 2454 4473 dicta
2470 4417 2699 4473 aliorum
2727 4417 3038 4473 testimonio
3053 4418 3472 4486 firmaverimus,

1875 4521 1930 4566 et
1957 4512 2099 4567 unde
2126 4510 2282 4582 plura
2311 4511 2364 4567 in
2395 4527 2516 4568 eam
2537 4529 2653 4569 rem
2683 4513 2751 4569 de
2771 4527 2876 4584 qua
2901 4513 3080 4584 agitur
3109 4513 3220 4586 peti
3242 4516 3472 4586 possint,

1877 4607 2317 4662 indicaverimus.
3421 4661 3428 4668 θ

1948 4697 2232 4754 Postremo
2266 4696 2570 4768 catalogum
2603 4697 2844 4752 omnium
2888 4697 3242 4754 Remensium
3292 4698 3480 4753 archi-

1877 4787 2256 4860 episcoporum
2281 4785 2591 4854 adiecimus,
2618 4801 2724 4841 non
2740 4786 2853 4842 sola
2868 4788 3086 4842 nomina
3099 4796 3448 4844 recensentes
3462 4831 3478 4855 ,

1876 4880 1971 4936 sed
2017 4889 2073 4935 et
2117 4887 2328 4948 tempus
2371 4877 2631 4934 sessionis
2659 4893 2848 4935 eorum
2893 4887 2950 4935 et
2998 4881 3275 4946 decessus,
3305 4897 3475 4953 quam

1876 4972 2149 5043 potuimus
2196 4980 2345 5024 certa
2393 4970 2520 5037 fide,
2551 4979 2606 5026 et
2645 4973 2961 5044 principalia
2991 4989 3176 5031 eorum
3208 4983 3379 5044 gesta.
3417 4974 3474 5030 Si

1874 5075 2053 5119 tamen
2090 5066 2141 5118 in
2173 5071 2452 5132 tempore,
2504 5063 2560 5118 in
2610 5072 2756 5119 tanta
2796 5072 3087 5131 vetustate,
3137 5065 3465 5132 scriptorum

1869 5157 2116 5222 raritate,
2143 5163 2198 5211 et
2243 5156 2561 5224 Opinionum
2613 5156 2950 5223 diversitate,
3005 5171 3227 5227 scopum
3262 5155 3466 5225 ubique

1869 5264 1973 5278 unum
1998 5248 2271 5280 adﬁni-nnc
2327 5250 2538 5280 Irnn:nm
2571 5247 2715 5280 Ᾱοιῖιῖο
2744 5263 2927 5280 manna
2956 5247 3128 5280 ΙΛΛΙΛΙ*
3151 5252 3202 5280 ΩΙ
3232 5246 3464 5280 non-“th-
