3974 5392
491 233 557 292 51
1564 244 1958 302 FLODOARN
1997 245 2317 302 CANONICI
2360 250 2701 308 REMENSIS

3731 261 3816 320 52

489 353 703 414 otlenis
729 362 1017 410 armaturae
1031 353 1310 422 Numidas,
1339 356 1637 414 funditores
1663 359 2080 430 sagittariosque
2110 361 2160 422 Α
2249 359 2587 436 ῼριξωεξβρηε
2612 365 2767 436 ﬂens
2808 365 3068 436 inggy‘rum
3103 367 3332 436 Sequana
3357 368 3525 436 frenis,

490 457 711 522 pontem
742 449 994 514 traducit,
1023 458 1187 519 atque
1221 451 1286 504 ad
1313 467 1406 506 eos
1436 453 1732 508 contendit.
1767 453 1981 508 Acriter
2028 454 2082 508 in

490 554 556 595 eo
584 537 704 594 loco
731 548 1022 610 pugnatum
1073 550 1174 594 est.
1237 541 1433 597 Ilostes
1488 544 1774 612 impeditos
1828 546 1995 600 nostri
2032 547 2082 600 in

489 630 709 687 flumine
731 632 992 703 aggressi,
1022 649 1274 705 magnum
1305 651 1494 690 eorum
1547 653 1830 692 numerum
1869 639 2084 693 occide-

492 733 638 782 runt.
669 725 773 781 Per
803 742 989 781 eorum
1018 729 1510 800 corpora:reliquos
1525 731 2081 787 audacissimetraus-

492 817 573 872 ire
601 825 864 872 conantes
886 859 899 881 ,
934 819 1277 875 multitudine
1321 822 1548 876 telorum
1579 831 1634 877 et
1659 825 1882 878 audacia
1920 841 2082 896 repu-

487 909 699 966 lerunt:
728 911 935 981 primos
949 912 1038 982 qui
1066 914 1410 980 transierant,
1428 917 1669 986 equitatu
1686 917 2084 974 circumventos

491 1005 904 1064 interfecerunt.
944 1027 961 1058 ›
989 1007 1120 1063 ltem
1155 1009 1207 1062 in
1233 1010 1418 1064 eadem
1453 1010 1690 1066 llistoria
1715 1011 1852 1066 libro
1877 1013 2080 1067 tertio:

497 1115 515 1149 ‹
538 1095 720 1152 Cmsar
739 1097 1074 1153 Labienuum
1093 1099 1325 1170 legatum
1352 1102 1404 1156 in
1435 1103 1712 1168 Treviros,
1734 1104 1824 1174 qui
1850 1104 2082 1172 proximi

462 1234 465 1237 .
493 1188 686 1245 Rheno
709 1200 861 1257 sunt,
889 1207 1012 1246 cum
1045 1193 1288 1263 equitatu
1323 1195 1508 1249 mittit.
1554 1195 1688 1250 Huic
1723 1199 1944 1252 mandat
1979 1197 2084 1251 Re-

493 1295 613 1335 mos
641 1281 988 1352 reliquosque
1012 1283 1205 1355 Belgas
1231 1284 1411 1350 adeat,
1439 1294 1600 1356 atque
1629 1287 1680 1340 in
1711 1286 1887 1343 cilicio
1912 1289 2084 1344 conti—

489 1381 638 1428 neat.
663 1393 680 1426 ι
701 1372 834 1429 Item
863 1375 918 1429 in
942 1391 1008 1429 v:
1045 1395 1062 1426 ‹
1095 1376 1323 1431 Tantam
1351 1378 1590 1433 omnium
1618 1379 1911 1434 voluntatis
1937 1396 2085 1435 com-

491 1465 869 1530 mutationem,
886 1465 1071 1521 Caesar
1096 1469 1328 1534 scilicet,
1357 1470 1556 1536 attulit,
1574 1479 1635 1526 ut
1656 1481 1854 1541 praeter
1869 1472 2084 1528 Heduos

489 1565 544 1612 et
569 1557 770 1613 Remos
798 1574 934 1629 quos
959 1561 1236 1631 praecipuo
1263 1577 1477 1633 semper
1504 1564 1712 1618 honore
1767 1563 1949 1620 Czesar
1990 1566 2086 1620 ha-

490 1650 639 1715 buit;
671 1651 874 1706 alteros
899 1667 997 1723 pro
1041 1660 1221 1709 vetere
1249 1670 1312 1708 ac
1338 1663 1599 1724 perpetua
1649 1670 1779 1726 erga
1827 1657 2081 1726 populum

489 1741 794 1800 Romanum
827 1745 960 1812 fide;
1001 1746 1200 1803 alteros
1247 1762 1347 1816 pro
1378 1748 1688 1803 recentibus
1724 1748 1850 1804 belli
1893 1749 2083 1805 Gallici
2118 1733 2161 1793 Β

491 1832 683 1890 ciliciis
711 1835 855 1890 nulla
883 1835 996 1890 fere
1022 1837 1214 1892 civitas
1241 1835 1402 1892 fuerit
1429 1852 1534 1891 non
1574 1848 1824 1908 suspecta
1869 1840 2044 1896 nobis.
2066 1861 2084 1894 ›

488 1923 623 1980 Item
660 1924 712 1979 in
739 1941 827 1982 vi:
867 1946 884 1978 ‹
919 1926 1191 1984 Carnutes
1213 1927 1442 2000 legatos,
1479 1930 1802 2002 obsidesque
1846 1933 2088 2000 mittunt,

490 2016 574 2070 ttsi
599 2017 1072 2086 deprecationibus
1095 2020 1303 2087 Remis,
1321 2022 1376 2076 iu
1399 2038 1628 2092 quorum
1646 2034 1801 2081 erant
1817 2024 2088 2081 clientela.

491 2105 694 2162 Eadem
721 2105 1204 2180 feruntresponsa,
1237 2127 1358 2183 quae
1383 2113 1634 2170 videlicet
1674 2114 1940 2183 Senones,
1995 2117 2094 2173 ob-

493 2197 702 2254 sidibus
730 2199 1032 2270 imperatis.
1071 2221 1089 2253 ι

563 2332 936 2406 Principatum
979 2352 1194 2409 quoque
1233 2339 1434 2396 Remos
1469 2341 1773 2412 antiquitus
1817 2342 1961 2399 inter
1991 2344 2092 2400 sibi

494 2426 753 2482 finitimos
795 2429 1034 2486 tenuisse
1062 2440 1294 2488 constat.
1337 2431 1443 2488 Sed
1473 2442 1526 2489 et
1559 2434 1698 2504 apud
1732 2433 2010 2491 Romanos
2042 2436 2093 2512 id

493 2516 669 2587 ipsum
718 2517 1040 2587 obtinuisse,
1089 2531 1417 2592 auctumque
1465 2524 1568 2577 sibi
1618 2524 1816 2594 legitur
1860 2527 1914 2580 in
1956 2542 2096 2595 pra:—

493 2607 658 2661 missa
681 2649 695 2672 ,
724 2617 832 2662 tam
857 2608 984 2680 jus,
1013 2625 1174 2680 quam
1207 2611 1372 2667 decus
1391 2653 1405 2677 ,
1437 2612 1664 2668 historia
1686 2655 1700 2676 ,
1732 2623 1790 2668 ut
1818 2615 1871 2668 in
1901 2617 2091 2671 eodem

492 2694 634 2752 libro
654 2713 704 2751 vr
727 2715 738 2751 :
763 2716 782 2749 ‹
805 2698 1044 2770 Sequani
1066 2701 1428 2772 principatum
1446 2703 1798 2771 dimiserant;
1826 2705 1879 2760 in
1903 2721 2092 2760 eorum

494 2785 670 2842 locum
704 2787 857 2844 Remi
885 2801 1282 2848 successerant.
1314 2813 1332 2846 ι
1361 2793 1591 2866 Semper
1615 2797 1782 2863 enim,
1812 2806 1866 2852 et
1893 2797 1944 2853 in
1975 2813 2096 2852 om-

491 2878 651 2934 nibus
678 2879 834 2935 bellis
862 2879 1018 2938 Remi
1049 2882 1209 2939 fidem
1240 2884 1500 2942 Romanis
1529 2897 1900 2946 servaverant.
1939 2890 2008 2945 Et
2037 2891 2092 2945 in

489 2985 587 3038 vn,
621 2973 787 3029 etiam
814 2968 1030 3045 quando
1057 2977 1221 3032 totius
1249 2993 1385 3049 pene
1413 2979 1596 3036 Gallias
1623 2981 1802 3052 populi
1829 2983 2090 3039 adversus

490 3062 765 3121 Romanos
776 3067 1137 3137 conspirasse,
1156 3070 1548 3142 conciliumque
1565 3071 1818 3129 Bibracte
1831 3073 2089 3131 habuisse
2116 3094 2162 3157 ο

489 3153 762 3227 leguntur,
796 3157 871 3212 illi
903 3159 1210 3216 nullatenus
1240 3163 1434 3219 adesse
1459 3162 1702 3232 voluere,
1730 3167 1873 3236 quod
1901 3167 2091 3224 amici-

490 3246 632 3301 tiam‘
670 3248 1041 3306 Romanorum
1111 3253 1500 3323 sequebantur.
1565 3256 1625 3312 In
1677 3260 2092 3316 necessitatibus

490 3348 672 3396 autem
695 3343 878 3413 copias
895 3358 989 3400 eos
1003 3343 1371 3405 Romanorum
1395 3357 1730 3406 sustentasse
1741 3353 1895 3422 prodi
1905 3360 2010 3417 tur,
2036 3362 2097 3409 ut

492 3428 549 3484 in
569 3431 760 3500 quinto
781 3432 939 3503 hujus
968 3435 1206 3492 historiae
1223 3435 1393 3494 libro:
1419 3458 1436 3492 ι
1459 3439 1577 3507 Quo
1599 3457 1740 3497 anno
1762 3442 2094 3499 frumentum

489 3529 711 3590 propter
741 3522 1013 3581 siccitates
1049 3527 1328 3597 angustius
1355 3541 1932 3599 provenerat,coactus
1945 3543 2046 3600 est,
2070 3553 2090 3587 ι

489 3610 674 3668 Caesar
699 3614 934 3680 scilicet,
973 3636 992 3669 ι
1030 3618 1191 3674 aliter
1221 3635 1285 3676 ac
1316 3623 1688 3692 superioribus
1717 3627 1902 3691 annis,
1935 3643 2094 3683 exer-

488 3705 655 3762 citum
696 3708 750 3763 in
792 3709 1034 3767 hibernis
1072 3712 1378 3781 collocare,
1424 3715 1772 3789 legionesque
1815 3720 1868 3776 in
1908 3720 2090 3791 plures

488 3797 736 3856 civitates
763 3801 1112 3860 distribuere.
1138 3804 1215 3860 Ex
1241 3807 1329 3863 bis
1352 3821 1515 3862 unam
1540 3809 1596 3864 in
1622 3809 1862 3868 Morinos
1890 3812 2092 3869 ducen-

492 3890 639 3958 dam,
671 3890 729 3946 C.
763 3893 933 3949 Fabio
967 3895 1171 3967 Legato
1195 3897 1380 3966 dedit;
1419 3899 1648 3956 alteram
1677 3903 1732 3956 in
1761 3902 1990 3971 Nervios
2019 3907 2088 3975 ρ.

487 3982 766 4050 Ciceroni;
810 3985 1027 4040 tertiam
1058 3987 1113 4041 in
1147 3987 1350 4044 Essuos
1380 3989 1444 4046 L.
1475 3989 1710 4057 Roscio;
1748 4006 1996 4063 quartam
2031 3998 2088 4053 in

488 4073 674 4129 Remis
700 4089 824 4129 cum
859 4075 923 4130 T.
961 4075 1203 4134 Labieno
1231 4079 1286 4134 in
1322 4080 1561 4136 confinio
1592 4079 1939 4140 Trevirorum
1969 4087 2088 4143 hie-

485 4179 637 4221 mare
661 4165 842 4236 jussit.
878 4185 895 4219 ›
928 4167 1063 4224 Item
1096 4169 1149 4225 in
1179 4187 1254 4226 vn
1283 4189 1296 4226 :
1332 4191 1351 4226 ‹
1384 4171 1446 4229 C.
1478 4173 1706 4230 Fabium
1733 4187 1790 4232 et
1813 4175 1877 4230 L.
1909 4177 2084 4235 Minu-

487 4254 622 4310 tium
658 4270 781 4310 cum
820 4255 1126 4328 legionibus
1161 4261 1370 4318 duabus
1419 4263 1474 4319 in
1522 4263 1712 4320 Remis
1756 4265 2001 4323 collocat.
2059 4289 2078 4322 ι

486 4343 711 4414 Insuper
731 4353 787 4402 et
811 4361 982 4417 usque
1005 4351 1072 4404 ad
1101 4350 1526 4408 internecionem
1585 4368 1723 4425 pene
1752 4355 1952 4412 Remos
1983 4374 2083 4429 pro

2250 415 2312 471 Et
2331 415 2498 472 docilis
2522 432 2683 475 rector
2708 415 3078 487 rostrativlielga
3102 415 3280 482 additi;

2809 489 2987 541 Lucan.
3012 493 3084 541 De
3106 493 3240 544 Bello
3258 493 3408 559 civili,
3433 493 3522 546 lib.
3547 511 3581 546 ι.

2802 592 3030 649 CAPUT
3069 597 3154 651 lli.

2488 682 2564 738 De
2595 685 2778 754 primis
2813 686 2972 757 Imjus
3009 688 3152 744 urbis
3186 691 3460 762 episcopis.

2254 769 2363 827 Nec
2389 772 2564 830 solum
2591 775 2733 845 apud
2760 777 3010 832 ethnicos
3034 787 3163 834 tunc
3191 783 3450 851 temporis
3472 783 3611 837 tanti
3639 782 3820 838 habi-

2186 870 2298 917 ttun
2335 863 2627 920 Remorum
2657 866 2936 937 populum,
2959 869 3088 940 quin
3118 878 3173 924 et
3201 871 3342 942 apud
3368 873 3575 942 primos
3599 872 3820 929 Eccle-

2185 956 2278 1011 sim
2303 957 2397 1012 Dei
2423 967 2834 1028 propagatores,
2860 969 3024 1030 atque
3046 977 3144 1032 per
3164 965 3517 1037 Evangelium
3545 967 3599 1022 in
3631 965 3822 1022 Chri-

2185 1057 2270 1102 sto
2313 1057 2536 1118 patres,
2588 1051 2778 1120 primae
2824 1052 2984 1125 hujus
3036 1056 3332 1124 provinciae
3389 1066 3590 1114 nostra:
3648 1059 3819 1114 sedis

2184 1140 2467 1209 pontifices
2492 1150 2704 1197 constat
2729 1157 2944 1214 semper
2972 1145 3178 1203 honore
3202 1149 3508 1215 decoratos,
3535 1152 3689 1207 adeo
3751 1160 3822 1206 ut

2185 1233 2300 1304 ipse
2340 1235 2687 1292 beatissimus
2732 1237 2986 1294 Ecclesiae
3021 1237 3224 1296 Christi
3263 1243 3546 1316 princeps,
3590 1244 3821 1301 Petrus

2185 1327 2482 1397 apostolus,
2523 1330 2644 1384 urbi
2685 1339 2886 1385 nostrae
2919 1330 3137 1387 beatum
3179 1333 3391 1390 Sixtum
3451 1353 3483 1390 a
3520 1352 3579 1394 se
3617 1337 3825 1394 archi-

2184 1421 2500 1492 episcopum
2545 1422 2880 1488 ordinatum,
2924 1425 3533 1498 cumsun‘raganeorum
3582 1427 3822 1484 auxilio

2185 1511 2459 1566 censuerit
2487 1511 2871 1582 delegandum,
2902 1510 3127 1570 idoneos
3177 1516 3227 1570 ei
3271 1532 3332 1572 ac
3363 1519 3724 1574 necessarios
3761 1519 3821 1574 in

2183 1602 2374 1657 eadem
2401 1602 2684 1674 provincia
2710 1602 2990 1658 destinans
3023 1607 3222 1674 socios,
3248 1618 3495 1665 sanctum
3524 1610 3823 1666 Sinicium

2186 1693 2474 1761 videlicet,
2503 1693 2842 1752 Suessonicae
2887 1699 3032 1754 sedis
3073 1699 3273 1769 primo,
3306 1710 3552 1757 nostrum
3599 1713 3823 1773 postea

2195 1785 2504 1857 praesulem,
2529 1803 2595 1842 ac
2617 1788 2835 1843 beatum
2861 1789 3197 1856 Memmium,
3221 1791 3588 1849 Catalaunicae
3643 1793 3823 1848 urbis

2196 1889 2492 1936 rectorem.
2541 1879 2777 1937 Sanctus
2825 1896 2956 1938 vero
3008 1881 3195 1939 Sixtus
3240 1883 3533 1939 Remorum
3581 1885 3825 1955 primus

2195 1971 2502 2043 episcopus,
2527 1973 2693 2028 etiam
2720 1971 3102 2029 Suessonieam
3129 1973 3386 2031 fundasse
3412 1976 3586 2030 fertur
3625 1975 3826 2033 eccleo

2195 2062 2362 2129 siam,
2400 2072 2455 2118 et
2491 2065 2707 2120 beatum
2740 2064 3007 2120 Sinicium
3035 2065 3488 2122 collaboratorcm
3515 2074 3571 2122 et
3597 2083 3825 2140 coope-

2195 2165 2434 2211 ratorem
2457 2172 2613 2211 suum
2637 2157 2766 2211 inibi
2788 2157 3168 2226 constituisse;
3193 2159 3392 2230 quique
3411 2169 3533 2230 post
3549 2159 3823 2232 ejusdem

2196 2248 2370 2303 sancti
2403 2247 2541 2302 Sixti
2569 2247 2874 2315 decessum,
2907 2259 3100 2319 nepote
3131 2265 3252 2316 suo,
3284 2259 3346 2307 ut
3379 2251 3580 2318 ferunt,
3605 2260 3824 2309 sancto

2197 2338 2468 2395 Divitiano
2500 2338 2757 2395 Suessoni
2789 2355 2817 2393 a
2849 2354 2907 2394 se
2943 2339 3198 2410 pontifice
3221 2339 3505 2408 ordinato,
3536 2342 3821 2412 quoniam

2197 2429 2411 2484 noviter
2456 2429 2703 2485 instituta
2754 2428 3042 2485 Remensis
3089 2428 3356 2497 ecclesia,
3403 2429 3544 2487 lacte
3591 2430 3819 2498 adhuc,

2200 2529 2385 2577 tenera
2411 2519 2552 2575 forte
2577 2519 2792 2575 fovebat
2828 2520 3055 2590 pignora
3075 2561 3090 2586 ,
3121 2521 3354 2576 necdum
3386 2520 3453 2575 ad
3481 2535 3620 2576 onus
3664 2536 3822 2592 pon-

2197 2608 2397 2664 tificale
2435 2607 2814 2679 perferendum
2846 2610 3072 2664 robusta
3093 2648 3108 2676 ,
3140 2608 3326 2664 Remis
3357 2609 3821 2680 archiepiscopa-

2198 2698 2301 2755 lem
2337 2698 2433 2770 (ea
2463 2709 2690 2769 cogente
2725 2697 3085 2766 necessitate)
3119 2698 3285 2753 subiit
3311 2698 3647 2753 cathedram.
3698 2699 3820 2756 Ubi

2195 2805 2297 2862 pro
2329 2790 2636 2845 animarum
2666 2790 2844 2845 salute
2876 2789 3110 2845 ﬁdeliter
3134 2788 3452 2854 elaborans,
3484 2789 3821 2862 bonumque

2195 2891 2476 2938 certamen
2507 2882 2818 2947 decertans,
2847 2896 2971 2936 cum
2999 2879 3306 2946 decessore,
3336 2889 3398 2935 ut
3425 2880 3478 2934 in
3508 2879 3689 2948 caelis,
3733 2883 3818 2937 ita

2195 2974 2360 3030 etiam
2411 2974 2612 3030 meruit
2655 2973 2709 3027 in
2761 2972 2925 3028 terris
2973 2970 3174 3026 habere
3215 2971 3589 3036 consortium,
3632 2973 3816 3028 unius

2194 3063 2545 3135 ejusdemque
2569 3063 2752 3134 templi
2769 3062 3070 3133 tumbteque
3085 3061 3310 3116 sortitus
3331 3075 3454 3115 cum
3468 3061 3626 3116 beato
3639 3059 3814 3117 Sixto

2206 3157 2536 3226 sepulcrum.
2566 3153 2805 3223 Quorum
2832 3153 3175 3224 postmodum
3205 3150 3415 3207 meritis
3439 3149 3676 3207 basilica:
3709 3152 3815 3207 do-

2201 3263 2323 3304 mus
2367 3248 2606 3318 ipsorum
2649 3246 2813 3302 claris
2858 3246 3128 3301 illustrata
3173 3244 3472 3313 miraculis,
3522 3243 3812 3300 nonnullis

2198 3337 2384 3393 dotata
2419 3337 2624 3392 ditatur
2649 3336 2986 3403 muneribus,
3017 3335 3164 3407 agris
3194 3350 3409 3406 quoque
3439 3335 3809 3407 domibusque

2197 3445 2262 3485 ac
2290 3429 2466 3484 vineis
2496 3429 2823 3500 locupletata
2841 3470 2855 3494 ,
2889 3428 3212 3484 clericorum
3239 3429 3444 3500 pariter
3468 3427 3663 3482 enituit
3692 3427 3804 3482 mi-

2197 3521 2438 3578 nisteriis
2477 3520 2757 3577 decorata.
2801 3519 3042 3589 Quorum
3075 3534 3461 3590 nonnunquam
3487 3519 3802 3585 duodecim,

2195 3631 2580 3687 nonnunquam
2597 3616 2783 3672 decem
2801 3655 2817 3682 ,
2836 3622 2896 3668 ut
2923 3613 3102 3670 domui
3117 3612 3362 3669 Sonnatii
3389 3610 3632 3683 praesulis
3658 3619 3804 3667 tem-

2192 3722 2358 3779 pore,
2397 3708 2596 3763 ibidem
2629 3705 2896 3777 reperitur
2910 3705 3381 3777 congregationem
3411 3703 3593 3768 fuisse,
3623 3704 3802 3759 donec

2194 3799 2456 3853 moderno
2473 3807 2734 3868 tempore,
2748 3797 3056 3852 abundante
3073 3796 3358 3866 iniquitate
3372 3803 3426 3851 et
3437 3794 3524 3850 ref
3524 3794 3804 3866 rigescen-

2193 3897 2247 3945 te
2289 3889 2578 3956 charitate,
2602 3889 2835 3946 deﬁcere
2850 3888 2959 3944 Deo
2975 3888 3104 3944 inibi
3131 3887 3477 3942 militantium
3490 3887 3713 3952 chorus,
3744 3891 3802 3940 et

2191 3982 2352 4038 unius
2367 3983 2543 4054 ipsum
2556 3981 2720 4052 ccepit
2731 3994 2849 4036 esse
2865 3979 3121 4051 templum
3133 3975 3434 4049 presbyteri
3451 3975 3544 4048 (al.
3556 3977 3802 4047 ,presby-

2189 4072 2336 4144 teriij
2353 4071 2832 4139 titulus.Quocirca
2847 4072 3010 4126 etiam
3027 4071 3264 4140 ipsorum
3281 4083 3454 4139 nuper
3465 4067 3659 4125 abinde
3670 4081 3798 4122 ossa

2194 4163 2456 4220 translata
2478 4205 2491 4229 ,
2519 4163 2573 4219 in
2599 4163 2831 4220 ecclesia
2855 4163 3000 4220 beati
3023 4163 3255 4234 Remigii
3281 4169 3404 4233 post
3425 4162 3596 4217 altare
3621 4159 3797 4217 sancti

2187 4253 2364 4320 Petri,
2397 4255 2714 4311 eorumdem
2742 4255 3125 4328 praeceptoris,
3166 4263 3455 4310 servantur
3488 4253 3790 4310 recondita.

2187 4347 2297 4403 Nec
2344 4363 2438 4405 eos
2481 4348 2781 4406 Ecclesium
2828 4360 3073 4406 nostram
3124 4347 3498 4404 tantummodo
3542 4349 3610 4402 ab
3658 4347 3793 4400 urbe

488 4437 662 4494 salute
690 4437 1061 4496 Romanorum
1089 4450 1350 4512 certasse,
1379 4443 1602 4500 Orosius
1634 4446 1799 4502 etiam
1829 4447 1970 4505 libro
2001 4465 2080 4517 vt,
2116 4466 2168 4526 ι)
2195 4441 2365 4497 Roma
2401 4450 2616 4498 conslal
2646 4442 2903 4500 habuisse
2941 4451 3123 4513 patres
3165 4441 3252 4496 vel
3294 4439 3632 4507 inﬁtiatores.
3674 4452 3794 4510 qua

489 4530 846 4603 astipulatur,
877 4547 943 4588 eo
968 4533 1157 4602 prtelio
1183 4535 1326 4604 quod
1355 4534 1653 4602 Bellovaci,
1697 4547 1820 4606 post
1859 4549 2087 4596 caetero-

492 4636 616 4677 rum
641 4622 916 4678 Gallorum
937 4665 951 4687 ,
980 4625 1071 4696 qui
1104 4639 1255 4680 arma
1286 4633 1474 4682 contra
1508 4627 1782 4684 Romanos
1815 4630 2083 4696 tulerant,

488 4713 763 4769 devictum
801 4717 1138 4781 exercitum,
1173 4717 1650 4785 instauraverant,
1690 4734 1941 4789 magnam
1986 4721 2091 4776 Re-

492 4815 705 4858 morum
732 4817 955 4859 manum
976 4847 990 4872 ,
1018 4822 1139 4876 quae
1169 4807 1369 4862 auxilio
1398 4808 1658 4865 Romanis
1687 4820 1806 4865 erat
1835 4828 2088 4869 asserens

493 4891 841 4948 trucidatum.
871 4894 1070 4951 Remos
1095 4895 1330 4968 denique
1360 4899 1561 4969 praeliis
1594 4899 1760 4958 fortes
1780 4944 1794 4967 ,
1822 4904 2084 4974 optimos-

490 4999 597 5054 que
623 4983 792 5042 fuisse
813 4986 1142 5057 iaculatores
1171 5006 1184 5043 :
1215 4992 1310 5046 sed
1341 4999 1397 5046 et
1422 4992 1490 5047 ad
1517 4993 1656 5048 bella
1687 4995 1864 5051 civilia
1893 4997 2090 5066 quibus

488 5074 745 5148 Pompeio
788 5088 1079 5148 superato,
1130 5085 1502 5140 monarehiam
1549 5087 1749 5154 totius,
1783 5095 1842 5142 ut
1876 5087 2086 5156 fertur,

492 5169 641 5224 orbis
673 5171 929 5237 obtinuit,
966 5171 1181 5229 Caesare
1220 5175 1482 5234 invitante
1509 5180 1804 5250 profectos,
1831 5180 2085 5236 Lucanus

493 5258 636 5316 libro
661 5261 840 5331 primo
868 5269 1100 5320 testatur
1154 5264 1242 5324 his
1269 5268 1521 5326 versibus
1551 5288 1566 5325 :

2197 4533 2529 4604 martyribus
2563 4535 2728 4589 etiam
2762 4534 3011 4589 redimita
3034 4573 3048 4600 ,
3077 4547 3376 4603 eorumque
3407 4541 3625 4587 sacrata
3664 4546 3789 4586 san-

2197 4625 2360 4698 guine
2386 4634 2550 4696 atque
2585 4625 2894 4694 triumphis,
2927 4625 3028 4680 sub
3054 4624 3172 4694 ipso
3201 4622 3525 4679 Neroniana:
3540 4637 3790 4694 persecu-

2197 4717 2360 4773 tionis
2388 4717 2635 4785 articulo,
2668 4718 2924 4773 decorata
2955 4717 3240 4786 probatur.

2814 4829 3044 4886 CAPUT
3083 4829 3174 4887 IV.

2433 4923 2510 4978 De
2547 4923 2730 4994 primis
2759 4923 2991 4993 ejusdem
3021 4923 3340 4994 martyribus
3380 4921 3544 4977 urbis.

2267 5017 2468 5074 Beatus
2498 5017 2763 5087 siquidem
2792 5015 3142 5081 Timotheus,
3175 5015 3243 5070 ab
3273 5015 3512 5072 Orientis
3549 5013 3787 5086 partibus

2197 5109 2266 5165 ad
2303 5109 2442 5164 hanc
2476 5110 2794 5164 Remensem
2826 5107 3015 5161 urbem
3048 5108 3391 5176 perveniens,
3421 5105 3552 5161 Jesu
3593 5101 3786 5161 Christi

2199 5200 2413 5256 Domini
2437 5198 2650 5268 publice
2679 5213 2784 5252 non
2812 5197 3021 5251 veritus
3045 5205 3131 5251 est
3157 5195 3456 5267 praedicare
3485 5195 3782 5252 veritatem.

2201 5293 2354 5350 Unde
2381 5302 2436 5348 et
2463 5309 2492 5346 a
2524 5292 2750 5361 praeside
2777 5289 3093 5359 Lampadio,
3125 5290 3218 5359 qui
3251 5298 3378 5344 tunc
3405 5284 3786 5388 praeeratbuic
