3974 5392
172 357 240 413 53
773 345 1114 405 lllSTORl/E
1153 345 1509 404 ECCLESL‘E
1550 343 1896 401 REMENSIS
1935 344 2114 397 Lllilh
2155 343 2511 410 QUATIJUR.
2549 373 2617 383 -——
2655 343 2782 398 ΗΒ.
2823 344 2864 398 l.
3391 340 3463 400 54

177 471 409 532 dinatori
439 471 658 543 gratiae,
697 468 991 540 rependere
1024 484 1130 523 non
1171 468 1376 533 timuit,
1414 467 1644 531 divitiae,
1692 467 1778 520 in-
1809 468 1854 527 Α
1882 462 2050 517 coelos
2103 470 2340 530 apertos,
2374 471 2427 516 et
2457 463 2664 517 audivit
2689 475 2935 534 angelum
2986 465 3254 523 dicentem
3305 467 3409 524 sibi
3449 486 3462 501 ·

178 567 389 639 quiens,
436 571 546 618 tuae
585 571 764 618 tecum
803 560 911 617 sint
934 560 989 614 in
1026 559 1406 630 perditionem,
1437 568 1493 613 et
1522 558 1624 614 ibis
1655 573 1776 612 cum

184 657 313 728 ipsis
335 655 391 710 in
415 654 605 726 ignem
623 661 883 708 aeternum
910 651 1049 722 (Act.
1071 665 1190 716 vtn,
1213 649 1324 718 20).
1354 649 1612 704 Dominus
1633 647 1776 702 enim

185 765 334 807 meus
377 746 543 804 Jesus
563 745 817 802 Christus
845 743 1012 800 Filius
1051 743 1174 805 Dei,
1207 741 1321 812 ipse
1361 750 1412 797 te
1436 741 1778 812 iudicaturus

185 850 282 898 est.
316 839 474 894 Tunc
504 852 706 909 pmses
736 836 818 893 ira
855 834 1123 906 repletus,
1156 832 1316 902 jussit
1353 848 1475 889 eum
1517 831 1776 902 torqueri.

185 935 249 990 Et
281 933 413 990 dum
450 931 734 987 Christum
775 936 1087 984 constanter
1132 926 1276 981 inter
1321 927 1433 997 ipsa
1479 923 1776 981 cruciatum

187 1029 537 1087 confiteretur
579 1035 852 1083 tormenta
874 1066 888 1091 ,
922 1025 1162 1079 inlcrens
1197 1021 1338 1077 inter
1375 1029 1603 1086 caetera,
1635 1018 1779 1089 quod

188 1123 280 1187 illi,
318 1136 460 1192 quos
499 1134 703 1190 praeses
730 1133 828 1189 pro
855 1115 1056 1173 Christi
1087 1115 1306 1172 nomine
1341 1129 1399 1169 se
1433 1113 1656 1184 putabat
1682 1128 1776 1168 oc-

188 1218 384 1281 cidere,
403 1215 509 1285 ipsi
526 1211 815 1283 poenaliter
829 1226 952 1267 eum
966 1208 1258 1280 judicaturi
1278 1216 1460 1263 essent
1476 1225 1489 1260 :
1506 1215 1562 1262 et
1579 1221 1778 1276 praeses

187 1307 391 1362 diceret
421 1323 436 1360 :
471 1305 616 1376 Ergo
658 1312 713 1358 tu
747 1303 912 1375 judex
954 1303 1064 1358 eris
1096 1301 1238 1357 mei?
1274 1300 1387 1372 Ego
1417 1311 1468 1356 te
1497 1300 1773 1365 occidam;

189 1407 241 1454 et
262 1397 385 1468 quis
411 1397 520 1453 erit
544 1396 635 1466 qui
672 1404 723 1450 te
751 1393 947 1466 eripiat
972 1394 1038 1448 de
1066 1393 1318 1448 manibus
1344 1391 1518 1448 meis?
1547 1389 1778 1445 Sanctus

183 1486 508 1542 Timotheus
535 1483 818 1554 respondit
851 1501 864 1537 :
900 1483 1158 1541 Dominus
1182 1498 1334 1540 meus
1362 1482 1445 1538 cui
1473 1481 1658 1546 credo,
1684 1495 1780 1550 po-

191 1584 292 1631 test
323 1572 564 1629 liberare
603 1588 720 1638 me;
760 1573 811 1628 in
851 1581 906 1628 te
935 1583 1114 1629 autem
1152 1573 1330 1629 debita
1371 1578 1636 1626 tormenta
1673 1570 1777 1625 im-

190 1666 386 1722 mittet.
426 1662 664 1728 lterum,
709 1664 836 1718 dum
884 1679 981 1734 per
1024 1663 1283 1734 supplicia
1332 1663 1498 1717 multa
1543 1661 1777 1718 cruciari

181 1753 363 1822 jussus
396 1753 610 1819 fuisset,
639 1754 714 1808 ait
741 1753 808 1808 ad
827 1752 1064 1824 judicent
1099 1769 1112 1806 :
1144 1753 1358 1821 Quanto
1398 1765 1451 1808 tu
1488 1753 1618 1810 mihi
1658 1767 1776 1807 am-

1879 551 2078 608 Beatus
2105 567 2165 607 es
2186 592 2200 617 ,
2238 551 2599 622 Apollinaris,
2629 554 2717 623 qui
2751 555 3058 622 credidisti,
3091 557 3233 613 beati
3277 575 3468 617 omnes

1878 643 1980 713 qui
2004 643 2156 699 tiucti
2185 644 2386 698 suntin
2411 659 2576 714 aqua,
2603 645 2659 699 in
2687 660 2793 716 qua
2820 655 2874 700 tu
2900 648 3214 717 puriﬁcatus
3239 665 3318 707 es.
3343 652 3472 720 Qui-

1879 749 2092 805 cunque
2123 735 2226 791 hac
2251 746 2412 792 nocte
2442 737 2529 792 hic
2557 738 2864 807 baptizatus
2894 738 3078 809 fuerit,
3107 744 3349 800 crastina
3380 745 3469 801 die

1879 827 1932 883 in
1969 829 2221 899 paradiso
2265 830 2610 900 suscipietur.
2661 831 2774 888 Hoc
2815 842 2999 889 autem
3035 832 3238 890 dictum
3279 851 3469 894 omnes

1879 918 1971 989 qui
2011 918 2208 975 ibidem
2248 921 2473 976 aderant
2508 922 2830 988 audierunt,
2871 935 2925 980 et
2958 939 3132 998 genua
3169 927 3467 997 ﬂectentes,

1879 1009 2188 1066 dixerunt:
2228 1011 2399 1067 Parce
2450 1014 2640 1080 nobis,
2690 1013 2919 1074 Domine
2964 1019 3106 1076 Deus
3158 1030 3359 1088 noster,
3415 1031 3471 1079 ct

1878 1111 2076 1171 przesta
2118 1103 2545 1160 misericordiam
2588 1114 2736 1161 tuam
2775 1107 2861 1164 his
2901 1110 2990 1179 qui
3019 1110 3245 1183 diligunt
3275 1128 3468 1170 nomen

1881 1197 2052 1243 tuum.
2076 1190 2259 1247 Altera
2290 1201 2472 1250 autem
2500 1195 2587 1251 die
2603 1195 2767 1264 jussit
2791 1213 2994 1268 praeses
3015 1201 3207 1258 adduci
3230 1216 3324 1259 eos
3347 1214 3472 1260 ante

1881 1278 2118 1334 tribunal
2149 1296 2327 1336 suum.
2362 1283 2679 1340 Astantibus
2711 1296 2890 1343 autem
2923 1287 3027 1344 illis
3057 1305 3260 1359 praeses
3289 1292 3427 1348 dixit
3455 1311 3470 1348 :

1880 1369 2040 1427 Stulti
2069 1373 2335 1439 homines,
2361 1391 2480 1445 qua:
2508 1392 2596 1433 res
2624 1393 2719 1434 vos
2749 1378 3125 1448 circumvenit,
3151 1392 3210 1438 ut
3237 1383 3476 1442 credatis

1879 1462 1934 1517 in
1961 1464 2234 1520 hominem
2262 1467 2602 1536 cruciﬁxum,
2631 1471 2723 1540 qui
2752 1473 2852 1528 sub
2881 1471 3076 1529 Pontio
3105 1474 3280 1532 Pilato
3306 1478 3474 1532 multa

1879 1569 2168 1626 perpessus
2190 1566 2296 1623 est,
2322 1560 2612 1616 novissime
2643 1571 2824 1618 autem
2853 1566 3146 1623 cruciﬁxus
3177 1568 3477 1625 asseritur?

1881 1646 2034 1705 Tunc
2079 1650 2152 1704 illi
2203 1651 2616 1723 responderunt,
2662 1656 2947 1712 dicentes:
2979 1657 3224 1736 Vidimus
3267 1660 3320 1716 in
3372 1662 3476 1717 hac

1881 1749 2040 1796 nocte
2074 1742 2320 1812 angelum
2364 1743 2458 1800 Dei
2490 1744 2799 1816 loquentem
2839 1765 2962 1804 cum
3002 1752 3208 1807 sanctis
3245 1768 3383 1823 quos
3420 1763 3474 1808 tu

185 1845 352 1914 pliora
386 1854 661 1902 tormenta
693 1844 960 1910 intuleris,
996 1853 1145 1900 tanto
1173 1846 1403 1916 amplius
1433 1843 1776 1918 refrigerium

1885 1840 2034 1888 tenes
2082 1833 2137 1888 in
2182 1849 2404 1891 carcere
2443 1855 2456 1889 :
2509 1847 2564 1892 et
2609 1839 2711 1908 ipsi
2759 1839 2936 1912 angeli
2985 1842 3241 1899 dixerunt
3294 1845 3472 1912 nobis,

185 1937 465 2010 praestabit
493 1937 787 2003 Dominus,
815 1937 905 1992 cui
933 1935 1115 1992 credo.
1153 1937 1218 1992 Et
1254 1953 1376 1993 cum
1415 1938 1717 1992 caederetur
1746 1951 1778 1990 a

183 2029 484 2097 ministris,
513 2029 837 2085 exclamavit
865 2042 996 2084 voce
1025 2043 1214 2100 magna
1233 2069 1247 2094 ,
1280 2029 1464 2084 dicens
1497 2046 1509 2082 :
1544 2029 1741 2099 Aspice
1762 2070 1777 2096 ,

182 2122 431 2189 Domine,
455 2131 512 2178 et
529 2122 656 2178 vide
676 2137 798 2194 quae
819 2119 984 2176 infert
1008 2120 1252 2177 diabolus
1278 2137 1434 2178 ser-vo
1463 2129 1575 2188 tuo,
1601 2137 1668 2176 ne
1692 2137 1780 2178 me

185 2214 556 2286 derelinquas,
588 2229 658 2270 ne
684 2214 866 2270 dicant
893 2213 1141 2268 homines
1167 2231 1180 2267 :
1216 2212 1316 2270 Ubi
1347 2222 1432 2269 est
1457 2213 1599 2272 Deus
1624 2213 1778 2283 ejus?

183 2303 394 2380 Praestas
441 2305 679 2378 denique
718 2305 880 2375 jussit
918 2305 1068 2361 calce
1116 2305 1232 2360 viva
1275 2315 1329 2360 et
1367 2314 1521 2362 aceto
1566 2307 1779 2378 aspergi

183 2397 368 2469 plagas
406 2397 598 2468 ipsius.
645 2395 878 2453 Sanctus
912 2412 1043 2452 vero
1082 2397 1397 2452 Timotheus
1435 2397 1571 2452 dixit
1609 2415 1623 2451 :
1663 2398 1780 2468 Ago

187 2488 279 2542 tibi
303 2488 537 2559 gratias,
569 2487 798 2543 Domine
825 2486 950 2543 Jesu
977 2487 1212 2552 Christe,
1243 2487 1334 2556 qui
1362 2486 1497 2541 mihi
1523 2487 1620 2542 das
1646 2485 1782 2542 tole-

187 2578 420 2634 rantiam
447 2588 509 2634 ut
537 2579 656 2634 hac
683 2578 882 2649 possim
914 2576 1158 2634 sufferre.
1189 2577 1266 2632 Ita
1298 2578 1440 2634 istud
1469 2577 1670 2634 factum
1698 2589 1782 2636 est

187 2669 240 2725 in
263 2685 500 2741 corpore
526 2683 680 2736 meo,
712 2679 969 2738 tanquam
998 2668 1122 2724 oleo
1146 2679 1440 2739 perunctus
1467 2669 1588 2724 sim.
1630 2667 1780 2728 Unus

190 2767 366 2817 autem
394 2758 462 2813 de
493 2756 660 2829 ipsius
687 2757 1040 2822 caedentibus,
1065 2757 1283 2813 nomine
1312 2757 1661 2828 Apollinaris,
1695 2761 1778 2814 vi-

190 2848 264 2903 dit
299 2849 438 2904 duos
479 2847 940 2918 angelossuntes
977 2849 1044 2904 ad
1081 2848 1221 2905 latus
1258 2848 1396 2918 ejus,
1438 2859 1494 2905 et
1535 2851 1780 2907 dicentes

189 2940 260 2995 illi
286 2939 660 3006 :Confortare,
678 2939 988 3007 Timothee;
1021 2941 1169 2996 missi
1199 2950 1380 2996 autem
1409 2958 1595 2999 sumus
1609 2944 1675 2999 ad
1705 2954 1780 3012 te,

191 3044 246 3088 ut
282 3034 637 3090 ostendamus
667 3032 765 3089 tibi
797 3033 1084 3088 Dominum
1122 3031 1304 3090 Jesum
1343 3034 1653 3106 Christum,
1684 3052 1782 3107 pro

1880 1923 2038 1981 hodie
2061 1925 2232 1983 ituros
2251 1942 2372 1984 esse
2396 1928 2448 1983 in
2471 1930 2806 2000 paradisum,
2824 1942 2879 1991 et
2900 1945 3223 2004 accepturos
3244 1943 3476 1994 coronas

1878 2031 2014 2086 quas
2043 2017 2119 2071 tui
2146 2018 2289 2073 oculi
2318 2019 2504 2076 videre
2534 2036 2640 2077 non
2683 2025 3055 2080 merebuntur.
3099 2025 3308 2084 Prmses
3345 2044 3477 2086 vero

1878 2105 2162 2162 iracundia
2189 2109 2402 2179 plenus,
2427 2109 2592 2180 jussit
2617 2123 2844 2171 cunctos
2871 2114 2992 2189 [ms.
3017 2118 3064 2188 j,
3096 2118 3360 2193 singulos]
3383 2120 3478 2178 de-

1881 2197 2088 2253 collari.
2123 2198 2368 2271 Cumque
2403 2202 2734 2261 ducerentur
2774 2210 2948 2264 sancti
2988 2218 3139 2266 extra
3175 2211 3474 2282 civitatem,

1879 2287 2230 2360 signaverunt
2255 2306 2315 2348 se
2344 2292 2622 2365 signaculo
2648 2296 2847 2355 Christi
2872 2339 2889 2366 ,
2921 2309 2975 2354 et
3015 2301 3096 2357 sic
3132 2304 3472 2374 martyrizati

1879 2389 2034 2448 sunt,
2085 2383 2408 2441 conﬁtentes
2454 2386 2706 2456 Patrem,
2757 2401 2813 2446 et
2839 2391 3067 2461 Filium,
3114 2403 3172 2450 et
3215 2394 3476 2466 Spiritum

1879 2481 2147 2528 sanctum.
2180 2473 2426 2534 Fuerunt
2463 2489 2645 2536 autem
2690 2497 2880 2538 omnes
2918 2485 3013 2554 qui
3051 2485 3303 2541 decollati
3349 2495 3479 2544 sunt

1879 2563 2273 2711 guinquaginta
2287 2568 2390 2626 viri
2415 2571 2515 2626 sub
2537 2571 2623 2628 die
2645 2573 2932 2631 undecimo
2945 2575 3215 2635 Kalendas
3236 2578 3478 2652 Septem-

1918 2669 2013 2711 ris.

1918 2669 2013 2712 HS.

1950 2747 2136 2804 Altera
2167 2759 2350 2807 autem
2381 2751 2470 2808 die
2499 2755 2800 2824 procedens
2829 2772 3050 2827 praeses,
3081 2761 3223 2817 sedit
3251 2777 3350 2832 pro
3375 2763 3475 2818 tri-

1880 2839 2090 2907 bunali,
2136 2852 2386 2899 sanctum
2437 2860 2564 2901 vero
2613 2846 2956 2906 Timotheum
3005 2861 3060 2908 et
3107 2853 3476 2924 Apollinarem

1881 2933 2078 2988 adduci
2114 2936 2392 3006 praecepit.
2423 2936 2743 2996 Astantibus
2773 2950 2956 2997 autem
2989 2944 3124 3011 illis,
3164 2947 3241 3001 ait
3280 2948 3347 3002 ad
3385 2963 3480 3004 eos

1883 3043 2085 3098 praeses
2109 3042 2124 3081 :
2156 3027 2513 3086 lnl’elicissimi
2536 3031 2840 3102 hominum,
2867 3038 3170 3093 consentite
3194 3043 3481 3111 praeceptis

192 3123 337 3192 cujus
365 3124 586 3180 nomine
613 3123 848 3180 sustines
873 3137 1081 3194 poenas,
1107 3135 1168 3180 υι
1187 3125 1374 3180 videas
1397 3140 1518 3195 quam,
1547 3137 1784 3198 aguntur
1884 3117 2309 3187 lmperatorum,
2349 3129 2404 3175 ct
2443 3121 2666 3179 adorate
2695 3140 2788 3181 eos
2817 3141 2955 3196 quos
2986 3129 3062 3184 illi
3094 3131 3340 3187 adorant.
3383 3133 3478 3188 Ti-

192 3218 243 3272 in
270 3215 464 3272 caelis:
486 3215 648 3286 Erige
677 3223 840 3286 caput
863 3225 1033 3283 tuum,
1054 3225 1110 3270 et
1130 3216 1270 3272 vide.
1293 3217 1578 3287 Aspiciens
1600 3229 1780 3274 autem
1810 3213 1856 3278 ο
1886 3210 2138 3266 motheus
2161 3220 2213 3266 et
2233 3211 2563 3282 Apollinaris
2597 3216 2855 3274 dixerunt
2887 3237 2898 3272 :
2931 3220 3042 3278 Nos
3067 3223 3340 3282 daemones
3370 3242 3478 3282 non

193 3316 406 3362 sanctus
436 3306 762 3363 Timotheus
789 3306 922 3362 vidit
953 3306 1120 3363 caelos
1148 3317 1396 3377 apertos,
1426 3316 1481 3364 et
1504 3308 1688 3365 Jesum
1717 3312 1785 3367 ad
1884 3298 2194 3368 adoramus,
2215 3303 2308 3358 sed
2337 3303 2511 3360 s01"m
2541 3306 2827 3364 Dominum
2853 3309 3036 3369 Jesum
3059 3314 3359 3384 Chriswm,
3383 3320 3478 3388 ‘lUi

194 3398 471 3454 dexteram
497 3396 677 3452 Patris
701 3412 958 3454 coronam
991 3406 1256 3452 tenentem
1281 3414 1350 3454 ex
1372 3399 1640 3469 lapidibus
1659 3416 1785 3471 pre-

193 3487 362 3553 tiosis,
388 3501 459 3541 ac
482 3487 752 3542 dicentem
780 3487 884 3542 sibi
911 3504 926 3541 :
953 3487 1253 3552 Timothee,
1279 3489 1394 3544 hzec
1417 3505 1579 3561 quam
1610 3491 1783 3559 vides,

193 3579 280 3635 tibi
307 3586 510 3650 parata
535 3587 636 3634 est.
669 3578 924 3649 Accipies
961 3578 1107 3633 illam
1147 3581 1307 3634 tertia
1346 3581 1434 3636 die
1470 3582 1788 3640 imminente

191 3671 253 3729 de
277 3673 538 3729 manibus
559 3671 718 3728 meis.
751 3671 819 3727 Et
843 3673 1035 3743 Angeli
1063 3673 1317 3730 dixerunt
1343 3675 1391 3730 ei
1426 3694 1438 3730 :
1468 3675 1788 3733 Confortare

194 3764 496 3830 Timothee,
522 3775 577 3820 et
598 3765 851 3820 abierunt
876 3765 929 3819 in
953 3766 1140 3821 cmlos.
1165 3767 1495 3836 Apollinaris
1516 3784 1646 3826 vero
1665 3785 1788 3826 cum

193 3856 300 3911 hzec
332 3856 579 3923 vidisset,
594 3856 886 3926 procidens
899 3856 964 3911 ad
979 3857 1140 3926 pedes
1157 3857 1292 3930 ejus,
1317 3859 1514 3916 dixitei
1533 3880 1545 3915 :
1563 3862 1789 3918 Domine

194 3947 506 4015 Timothee,
534 3963 631 4003 ora
657 3963 756 4019 pro
784 3964 871 4004 me
901 3966 913 4002 :
948 3949 1061 4020 Ego
1090 3951 1234 4004 enim
1277 3951 1638 4008 libentissime
1673 3963 1786 4009 tor-

195 4041 395 4110 quebor
417 4054 521 4110 pro
569 4040 791 4095 nomine
831 4038 1053 4108 Christi,
1079 4041 1205 4112 quia
1228 4043 1335 4097 vidi
1365 4051 1540 4100 tecum
1567 4044 1790 4116 loquen-

196 4141 269 4189 tes
316 4133 468 4188 viros
522 4131 1008 4203 splendidissimos,
1057 4134 1183 4189 dum
1231 4141 1407 4190 tecum
1440 4135 1790 4206 loquerentur

194 4224 465 4297 magnalia
487 4224 586 4280 Dei
611 4223 755 4279 illius
781 4224 874 4295 qui
902 4234 1092 4296 regnat
1117 4225 1172 4282 in
1199 4226 1356 4282 cmlo.
1391 4227 1539 4284 Tunc
1568 4246 1787 4300 praeses,

196 4324 249 4370 ut
270 4315 410 4370 vidit
436 4330 498 4372 se
531 4329 652 4371 esse
679 4313 963 4370 confusum
983 4356 998 4381 ,
1031 4316 1168 4370 dixit
1199 4331 1213 4370 :
1252 4316 1490 4373 Sistatur
1513 4319 1789 4389 Apollina-

197 4410 266 4466 ris
292 4428 308 4464 :
339 4408 533 4464 afferte
561 4416 747 4464 autem
778 4408 908 4463 mihi
937 4407 1213 4482 plumbum
1244 4409 1504 4477 bulliens,
1537 4420 1592 4467 et
1621 4412 1790 4468 effun-

1884 3400 1968 3446 est
1995 3393 2139 3449 Deus
2161 3394 2315 3451 vivus
2337 3404 2392 3451 et
2411 3413 2590 3466 verus,
2617 3401 2791 3471 ipsum
2815 3416 3029 3475 oportet
3067 3410 3317 3466 conﬁteri
3360 3428 3476 3469 nos.

1885 3481 1966 3538 Tu
1988 3499 2117 3556 ergo
2143 3500 2210 3541 ne
2234 3498 2390 3558 putes
2406 3506 2506 3547 nos
2532 3492 2740 3550 artibus
2764 3497 2868 3553 tuis
2894 3501 3134 3569 separari
3159 3517 3191 3556 a
3215 3504 3482 3560 charitate

1885 3582 1990 3666 eta
2021 3590 2188 3647 regno
2211 3579 2327 3635 Dei.
2380 3581 2494 3638 Hoc
2525 3593 2704 3646 autem
2736 3588 2828 3643 tibi
2878 3600 3066 3646 notum
3097 3592 3168 3648 sit
3197 3595 3346 3665 quia,
3374 3612 3479 3666 qua

1887 3665 2021 3722 hora
2053 3684 2152 3726 nos
2177 3682 2338 3740 putas
2365 3675 2704 3744 mortiﬁcari,
2756 3687 2884 3736 tunc
2927 3682 3289 3753 viviﬁcamur,
3338 3665 3482 3744 sicut

1886 3757 1962 3814 i-lli
1985 3762 2078 3831 qui
2108 3772 2214 3818 ate
2241 3764 2496 3822 hesterna
2516 3769 2603 3824 die
2623 3770 2894 3828 interfecti
2918 3783 3065 3839 sunt,
3088 3785 3144 3830 et
3181 3778 3371 3833 vivunt
3424 3779 3478 3833 in

1888 3849 2059 3906 cmlis.
2093 3851 2168 3907 Te
2193 3868 2320 3924 ergo
2349 3871 2477 3912 vere
2497 3861 2766 3928 percutiet
2793 3859 2951 3917 Jesus
2980 3864 3255 3925 ,Christus
3296 3868 3482 3925 ulcere

1887 3941 2143 4012 pessimo.
2174 3944 2454 4017 [ratusque
2481 3964 2702 4020 przeses,
2745 3951 2886 4009 dixit
2911 3972 2925 4009 :
2954 3956 3090 4015 lsto‘s
3120 3961 3165 4016 si
3207 3977 3315 4018 non
3342 3977 3485 4018 mor-

1891 4035 2186 4103 tiﬁcavero,
2219 4039 2309 4094 alii
2336 4041 2487 4097 multi
2518 4044 2585 4098 ad
2609 4059 2802 4102 novam
2830 4058 3034 4106 sectam
3071 4055 3286 4110 venturi
3329 4067 3476 4112 sunt.

1891 4127 1983 4184 Sic
2013 4129 2158 4186 dedit
2179 4132 2439 4190 adversus
2457 4151 2551 4193 eos
2584 4142 2935 4209 sententiam,
2981 4153 3040 4200 ut
3068 4146 3245 4218 gladio
3277 4149 3484 4206 interﬁ-

1889 4233 2166 4280 cerentur.
2214 4225 2293 4281 llli
2347 4238 2527 4300 autem
2583 4248 2706 4288 cum
2754 4250 2949 4305 magna
2997 4239 3192 4294 ﬁducia
3235 4243 3483 4312 perducti

1890 4326 2014 4371 sunt
2041 4327 2196 4372 extra
2217 4319 2514 4391 civitatem,
2546 4323 2598 4379 in
2627 4326 2713 4381 via
2737 4343 2857 4398 quae
2888 4331 3188 4402 appellatur
3213 4333 3482 4402 Caesarea,

1892 4409 1946 4464 in
1977 4409 2154 4466 locum
2182 4415 2272 4484 qui
2321 4415 2549 4474 Buxitus
2598 4421 2820 4488 dicitur,
2874 4425 3058 4496 ibique
3110 4429 3487 4500 martyrizavit

197 4500 304 4557 dite
325 4500 380 4555 in
402 4516 465 4557 os
487 4499 679 4570 ipsius,
705 4508 766 4554 ut
787 4515 894 4556 non
920 4499 1047 4554 talia
1067 4501 1234 4555 verba
1259 4501 1532 4571 loquatur.
1549 4503 1791 4576 Cumque
1817 4566 1866 4586 ἢ
1891 4514 2006 4568 eos,
2051 4505 2151 4559 sub
2181 4505 2266 4562 die
2293 4507 2503 4565 decimo
2529 4510 2798 4568 Kalendas
2829 4513 3190 4586 Septembris,
3236 4499 3292 4575 et
3336 4537 3486 4577 coro-

199 4592 413 4647 allatum
443 4566 636 4648 fuisset
661 4590 943 4662 plumbum
969 4590 1230 4657 bulliens,
1263 4601 1318 4647 et
1349 4593 1574 4649 missum
1609 4595 1662 4650 in
1695 4566 1791 4652 ore
1817 4566 1868 4626 D
1893 4597 2005 4652 nati
2037 4606 2162 4652 sunt
2187 4599 2255 4654 ab
2283 4602 2510 4672 angelis,
2541 4614 2596 4660 et
2622 4620 2723 4661 vox
2760 4566 2940 4663 auditla
2969 4620 3071 4675 est,
3119 4566 3343 4668 dicens:
3377 4611 3490 4668 Ve—

201 4682 329 4752 ejus,
357 4683 555 4740 factum
582 4693 670 4738 est
699 4682 954 4752 frigidum
989 4692 1244 4754 tanquam
1274 4685 1496 4756 glacies.
1533 4687 1662 4743 Viso
1689 4704 1787 4743 au-

203 4789 303 4836 tem
334 4783 434 4837 hoc
467 4779 772 4846 miraculo,
803 4779 1087 4835 multitudo
1113 4795 1305 4852 magna
1336 4783 1565 4839 credidit
1596 4785 1648 4838 in
1681 4785 1789 4842 Do-

204 4873 395 4929 minum
443 4873 630 4932 Jesum
693 4872 990 4929 Christum.
1046 4874 1198 4930 Tunc
1248 4891 1447 4946 przeses
1510 4879 1789 4935 iracundia

205 4963 381 5033 plenus
407 4977 460 5023 et
486 4966 816 5024 confusione
843 4966 975 5020 dixit
1005 4985 1020 5021 :
1047 4966 1236 5021 Ducite
1262 4967 1380 5025 illos
1407 4968 1463 5024 in
1489 4986 1787 5037 carcerem,

208 5071 362 5127 usque
389 5060 512 5115 dum
539 5075 650 5132 ego
682 5065 984 5127 petractem
1019 5073 1124 5128 quo
1165 5060 1426 5130 supplicio
1456 5063 1790 5119 interﬁcian-

212 5152 306 5200 tur.
335 5148 462 5207 Cum
491 5160 690 5207 autem
723 5148 1066 5216 ducerentur,
1089 5148 1318 5220 plurima
1349 5151 1504 5207 turba
1530 5154 1793 5223 sequeba-

211 5244 288 5291 tur
317 5255 402 5297 eos
432 5241 571 5298 ﬂens
615 5247 678 5294 et
710 5239 894 5295 dicens
947 5257 960 5292 :
993 5238 1036 5294 0
1068 5237 1321 5307 injustum
1347 5241 1611 5312 judicium
1649 5244 1792 5313 quod

215 5325 373 5364 ἷηηῖιιῖι
412 5333 461 5364 2η
505 5331 799 5364 ηἷιιῖΐσιιοηὶ
846 5330 1000 5364 iclum
1039 5331 1050 5364 9
1083 5329 1331 5364 Dor-Ant":
1383 5343 1507 5364 anno
1557 5349 1686 5364 υΛιηΑ
1734 5335 1788 5364 ξι·-

1893 4690 2029 4755 nite,
2089 4691 2374 4749 Timothee
2401 4705 2455 4750 et
2511 4697 2859 4767 Apollinaris,
2901 4701 3238 4758 dilectissimi
3269 4704 3399 4769 mei,
3432 4715 3489 4761 et

1893 4783 2172 4836 ostendam
2202 4784 2352 4839 vobis
2379 4795 2581 4855 quanta
2605 4788 2876 4845 mirabilia
2913 4792 3191 4847 meruistis
3219 4808 3319 4864 pro
3368 4796 3488 4849 ani-

1894 4875 2085 4930 mabus
2107 4878 2322 4944 vestris,
2371 4894 2507 4949 quas
2533 4881 2805 4938 obtulistis
2854 4899 2952 4954 pro
2999 4883 3218 4941 nomine
3252 4902 3405 4954 meo;
3432 4897 3489 4944 et

1892 4964 2086 5021 scitote
2103 4981 2224 5036 quas
2236 4968 2474 5027 facturus
2486 4987 2602 5028 sum
2621 4971 2918 5045 Lampadio
2931 4977 3165 5048 praesidi.
3184 4976 3491 5048 Statimque

1889 5053 2127 5123 jaculum
2150 5057 2366 5129 igneum
2395 5063 2673 5120 descendit
2699 5065 2766 5120 de
2787 5067 2926 5123 caelo
2955 5068 3136 5122 multis
3156 5067 3487 5133 videntibus,

1893 5158 1949 5203 et
1974 5149 2280 5219 ingressum
2307 5163 2392 5209 est
2437 5156 2722 5212 humerum
2775 5159 2894 5230 ejus
2921 5160 3192 5223 dextrum,
3225 5168 3280 5212 et
3311 5173 3341 5211 a
3374 5158 3488 5213 dae-

1893 5238 2076 5293 monio
2089 5251 2339 5312 arreptus
2355 5246 2518 5302 vitam
2548 5247 2742 5302 ﬁnivit.
2757 5248 2994 5322 Corpora
3020 5264 3148 5303 vero
3171 5254 3484 5303 sanctorum]

1892 5331 2096 5364 οαηιυιιη
2131 5345 2253 5364 οη...
2279 5352 2304 5364 η
2332 5337 2655 5364 ρι...ι-.ε....ε-
2690 5342 2768 5364 -12..
2797 5359 2896 5364 ..-η
2918 5361 2931 5364 ,
2953 5341 3105 5364 v-1-..
3128 5339 3217 5364 .1..-
3249 5339 3462 5364 0--.-“
