3974 5392
710 452 715 456 .
1550 393 1945 453 FLODOARDI
1980 392 2303 454 CANONICI
2342 388 2687 453 REMENSIS
3700 396 3775 454 ιο

482 512 640 569 sione
683 511 1138 583 proficeret;.pro
1178 512 1373 567 anima:
1419 525 1661 583 pugnare
1711 512 1915 578 salute,
1966 527 2074 567 non
2102 514 2150 574 Α
2178 527 2285 582 que
2331 513 2817 583 triumphatoribus
2869 511 3115 580 sanctis,
3169 510 3397 584 adipisci
3446 510 3776 583 promeruit.

486 603 656 665 armis
680 603 1000 670 visibilibns,
1050 604 1145 661 sed
1185 603 1372 676 probis
1421 604 1622 661 docens
1669 604 1931 672 moribus,
1967 619 2075 660 non

485 700 850 772 corporalium
880 699 1074 756 ﬁducia
1102 699 1332 767 virium,
1366 700 1460 756 sed
1515 698 1840 772 spiritalium
1866 696 2080 754 exerci-

486 793 692 849 tatione
720 793 1003 849 virtutum.
1034 792 1188 849 Hanc
1211 808 1502 866 supernam
1543 792 1693 865 justo
1716 792 1810 847 Dei
1848 789 2073 861 judicio,

484 887 830 959 peccantium
867 885 1162 944 sceleribus
1190 887 1483 942 excitatam
1524 885 1904 941 demonstrans
1935 882 2078 939 indi-

486 980 820 1052 gnationem.
844 978 1065 1035 Certum
1110 977 1302 1035 salutis
1342 977 1395 1033 id
1421 977 1724 1049 praedicans
1750 989 1869 1033 esse
1897 974 2078 1032 consi-

486 1069 642 1140 lium,
688 1071 736 1127 si
763 1070 832 1127 ad
860 1070 1043 1127 divina
1089 1070 1401 1142 compnncti
1449 1068 1659 1141 flagella
1701 1074 2080 1126 converterent

488 1162 751 1228 animum,
783 1160 1143 1232 suscipientes
1186 1162 1304 1218 haec
1329 1176 1436 1217 non
1468 1160 1623 1216 inviti
1660 1168 1750 1216 aut
1792 1160 2081 1230 desperan-

486 1258 594 1317 tes,
624 1259 684 1306 ut
710 1250 1013 1323 iniquitatis
1043 1251 1172 1319 filii;
1204 1251 1334 1325 quin
1373 1252 1644 1324 patientes
1685 1265 1749 1307 ac
1789 1249 2077 1317 mansueti,

487 1336 586 1402 ceu
629 1342 727 1400 filii
776 1346 1017 1417 pietatis,
1070 1346 1340 1418 promissa
1387 1345 1540 1417 regni
1587 1343 1823 1401 caelestis
1859 1345 2078 1414 praemia

485 1436 815 1506 percepturi.
862 1437 1172 1493 Exhortans
1200 1452 1316 1504 eos,
1347 1452 1442 1508 spe
1482 1434 1673 1492 salutis
1702 1444 1919 1491 aeternae
1943 1451 2084 1506 prae-

488 1534 699 1582 sentem
727 1525 1075 1583 devotissime
1113 1526 1341 1583 suil‘erre
1369 1526 1799 1592 tribulationem,
1830 1525 2081 1597 ultroque

488 1617 696 1687 seipsos
721 1617 790 1673 ad
815 1618 955 1677 hanc
998 1616 1196 1674 oil‘erre
1239 1626 1675 1674 momentaneam
1713 1630 1924 1684 necem,
1974 1630 2082 1686 quo

489 1706 728 1763 debitam
790 1708 1036 1764 reatibus
1098 1718 1377 1781 perpetuae
1427 1708 1792 1766 damnationis
1849 1707 2081 1765 evadere

489 1789 833 1854 mererentur
882 1799 1167 1866 ultionem,
1201 1810 1471 1872 quatenus
1514 1801 1595 1857 eis
1636 1814 1783 1855 mors
1814 1814 2077 1872 praesens,

2179 605 2355 662 Fuere
2402 607 2675 678 siquidem
2721 606 2987 673 nonnulli,
3038 613 3149 661 tam
3188 620 3258 661 ex
3302 603 3479 671 clero,
3509 618 3674 676 quam
3708 618 3780 660 ex

2179 697 2357 753 laicali
2383 708 2526 755 coetu
2546 739 2561 765 ,
2589 697 2909 754 constantiae
2938 695 3098 767 hujus
3137 703 3544 753 consectatores
3586 709 3652 751 ac
3680 709 3780 751 co-

2179 792 2362 859 mites,
2386 791 2478 862 qui
2508 806 2608 862 per
2630 790 2915 862 praesentis
2948 788 3244 847 tolerantiae
3270 786 3768 861 participationem,

2178 894 2397 943 aeterna:
2431 884 2789 941 beatitudinis
2810 899 2933 939 cum
2981 883 3086 941 hoc
3122 880 3440 938 beatissimo
3480 878 3647 936 Patre
3681 893 3782 934 suo

2179 978 2441 1049 consequi
2495 985 2778 1034 certavere
2821 962 3393 1034 communicationem.
3441 972 3591 1031 inter
3642 987 3783 1043 quos

2130 1092 2139 1095 -
2179 1068 2496 1126 Florentius
2541 1068 2824 1134 diaconus,
2872 1076 2929 1123 et
2974 1068 3167 1123 beatus
3190 1064 3467 1122 Jocundus
3504 1064 3784 1121 exstitisse

2184 1157 2473 1214 clarissimi
2523 1156 2869 1225 referuntur;
2916 1171 3148 1227 quorum
3195 1154 3374 1228 capita
3424 1153 3614 1211 Remis
3656 1161 3785 1226 post

2181 1251 2352 1307 altare
2384 1259 2587 1307 sancta:
2616 1251 2713 1306 Dei
2742 1249 3024 1322 genitricis
3044 1248 3228 1305 Mariae
3257 1245 3523 1303 tumulata
3548 1260 3784 1303 servan-

2182 1354 2292 1400 tur.
2330 1343 2604 1400 Barbaros
2644 1344 2807 1415 igitur
2837 1343 2905 1399 de
2942 1341 3250 1400 constantia
3289 1339 3538 1413 virginis,
3571 1347 3629 1396 et
3657 1353 3787 1411 pro-

2180 1437 2293 1493 fani
2322 1437 2679 1508 speculatoris
2721 1436 3007 1492 subitanea
3039 1434 3394 1491 mulctatione
3421 1430 3783 1505 stupefactos,

2180 1530 2397 1601 expleta
2446 1528 2631 1596 crede,
2678 1543 2837 1585 sacro
2884 1528 3184 1584 mundante
3237 1541 3465 1592 cruore.
3517 1523 3786 1583 terribilis

2180 1638 2372 1680 omnes
2416 1623 2614 1680 horror
2651 1621 2883 1689 invasit,
2929 1620 3087 1692 quasi
3130 1619 3386 1677 rcelestes
3427 1617 3575 1675 acies
3620 1616 3787 1674 dimi-

2182 1724 2396 1778 cantes,
2431 1712 2822 1769 tantisceleris
2844 1711 3090 1769 vindices
3120 1710 3468 1784 aspicientes,
3498 1709 3616 1782 ipsa
3652 1722 3790 1780 quo-
3830 1778 3835 1781 Ἴ

2183 1819 2289 1876 que
2314 1804 2592 1865 horrendo
2618 1805 2878 1860 reboante
2897 1803 3127 1861 basilica
3157 1803 3361 1860 sonitu.
3389 1801 3616 1859 Relictis
3645 1815 3803 1873 ergo-

486 1900 597 1944 non
632 1889 974 1961 supplicium,
1002 1892 1095 1948 sed
1122 1891 1428 1948 animarum
1456 1890 1611 1948 ﬂeret
1640 1906 1880 1963 perenne
1904 1903 2077 1947 reme-
2108 1889 2154 1951 Β
2180 1896 2383 1965 passim
2423 1895 2631 1967 spoliis,
2680 1895 2869 1950 territa
2910 1893 3304 1950 Wandalorum
3351 1892 3603 1964 agmina,
3654 1892 3791 1949 dum

489 1980 659 2037 dium.
688 1980 795 2038 Pro
819 1981 1058 2039 inimicis
1083 1997 1180 2039 eos
1214 1982 1379 2038 etiam
1418 1983 1716 2039 admonens
1748 1996 1996 2049 exorare,
2023 1990 2084 2038 nt

490 2071 710 2126 tandem
774 2071 1070 2143 aliquando
1132 2071 1517 2143 resipiscerent
1574 2073 1643 2129 ab
1705 2072 2085 2143 iniquitatibus

488 2164 622 2230 suis,
674 2173 730 2220 et
776 2165 869 2235 qui
916 2164 1152 2221 ministri
1206 2173 1335 2221 tunc
1379 2164 1709 2221 videbantur
1757 2164 2081 2236 impietatis,

489 2265 714 2329 possent
742 2257 980 2314 cultores
1004 2274 1390 2331 nonnunquam
1415 2260 1658 2330 pietatis,
1682 2268 2088 2330 sectatoresque

491 2346 609 2402 fieri
641 2348 909 2405 veritatis.
940 2349 1192 2421 Seipsnm
1224 2358 1475 2421 paratum
1505 2365 1625 2408 esse
1652 2351 1996 2423 depromens,
2029 2358 2091 2406 ut

491 2438 695 2497 bonum
737 2440 896 2499 decet
925 2451 1200 2512 pastorem
1220 2483 1234 2509 ,
1266 2458 1367 2514 pro
1392 2443 1588 2500 ovibus
1618 2443 1855 2499 animam
1886 2458 2089 2516 ponere

494 2529 679 2603 (Joan.
698 2547 752 2599 κ,
780 2524 899 2604 ll),
914 2542 1343 2605 praesentemque
1364 2535 1531 2591 vitam
1554 2527 1926 2606 contemnere,
1957 2553 2091 2609 qua-

495 2628 654 2679 tenus
679 2622 779 2693 ipsi
808 2634 1159 2694 peccatorum
1179 2627 1397 2683 veniam
1420 2638 1478 2684 et
1513 2628 1745 2685 salutem
1769 2645 1952 2686 secum
1977 2644 2092 2686 me-

491 2720 748 2775 terentur
774 2720 1037 2768 aeternam
1070 2715 1339 2786 accipere.
1386 2717 1594 2773 Aderat
1620 2719 1785 2775 etiam
1827 2734 2090 2789 germana

492 2817 595 2859 sua
660 2803 820 2859 beata
883 2803 1181 2875 Eutropia,
1228 2806 1387 2879 virgo
1436 2806 1641 2864 Christi
1687 2811 2089 2874 sacratissima,

494 2910 616 2966 qua:
649 2894 721 2951 ob
743 2895 1014 2953 castitatis
1042 2897 1420 2967 munitionem,
1448 2902 1851 2969 sanctissimum
1879 2918 2093 2974 semper

496 2986 764 3045 imitando
810 2997 867 3044 et
919 2988 1246 3047 adlnerendo
1296 2991 1626 3061 sequebatur
1668 2992 2005 3065 episcopum,
2032 3002 2094 3048 ut

496 3087 552 3135 et
585 3079 654 3135 ab
700 3078 1040 3151 spiritalibus
1083 3080 1260 3139 aliena
1305 3083 1564 3154 nequitiis
1598 3099 1630 3139 a
1656 3083 1885 3142 Domino
1912 3099 2095 3143 serva-

495 3181 649 3229 retur
692 3173 905 3245 puritas
944 3176 1175 3243 mentis,
1211 3184 1267 3232 et
1314 3192 1348 3232 a
1394 3176 1698 3236 carnalium
1743 3181 2091 3252 corruptione

498 3264 924 3322 delectationum
949 3275 1224 3339 tegeretur
1238 3269 1497 3327 immunis
1518 3271 1802 3343 integritas
1821 3274 2085 3343 corporis.
2116 3251 2162 3314 (ἶ

496 3355 673 3415 Ambo
717 3357 904 3428 itaque
950 3358 1163 3430 plebem
1193 3361 1290 3417 Dei
1320 3378 1420 3433 pro
1462 3363 1671 3420 viribus
1717 3365 1785 3421 ad
1832 3380 2089 3423 coronam

494 3449 749 3520 martyrii
780 3451 886 3520 piis
914 3452 1384 3511 exhortationibus
1408 3456 1742 3527 animahant,
1776 3468 1833 3515 et
1860 3474 2089 3532 agonem

497 3540 742 3597 victoriae
788 3557 899 3599 suae
930 3543 1162 3602 Domino
1194 3547 1451 3616 precibus
1496 3550 1965 3607 commendabant.
1996 3550 2092 3607 Dei

501 3633 719 3688 tandem
746 3633 973 3692 decreto
1011 3634 1218 3704 judicio
1260 3637 1578 3710 irruptionis
1609 3640 1718 3709 die,
1757 3642 1883 3698 dum
1921 3657 2089 3714 paga-

501 3738 695 3779 norum
742 3724 1093 3782 furibundum
1140 3729 1336 3786 beatns
1374 3731 1571 3800 praesul
1607 3731 1854 3790 Nicasius
1884 3735 2093 3791 irrucre

501 3816 769 3888 comperit
791 3818 1076 3892 impetum,
1094 3822 1271 3878 sancti
1300 3822 1534 3894 Spiritus
1557 3826 1757 3883 virtute
1782 3828 2090 3897 roboratus,

503 3905 646 3962 alma
672 3908 967 3966 comitante
995 3925 1217 3979 sorore,
1245 3928 1368 3968 cum
1393 3913 1610 3985 hymnis
1637 3924 1692 3972 et
1717 3918 1943 3974 canticis
1983 3918 2093 3990 spi-

504 3999 751 4082 uitalibus
794 4002 863 4058 ad
895 4005 1096 4059 ostium
1145 4005 1386 4062 basilicae
1431 4016 1636 4063 sancta:
1679 4008 1774 4064 Dei
1814 4010 2094 4082 genitricis

504 4089 710 4160 Mariae,
732 4108 895 4163 quam
919 4096 987 4151 ab
1008 4096 1197 4152 eodem
1225 4097 1278 4151 in
1299 4097 1461 4167 hujus
1483 4099 1632 4155 urbis
1657 4114 1784 4156 arce
1811 4100 2093 4159 fundatam

505 4184 946 4252 memoravimus,
994 4186 1227 4242 traditur
1260 4190 1584 4257 occurrisse,
1616 4191 1852 4262 dumque
1897 4194 2093 4251 divina:

507 4269 720 4327 deditus
746 4271 1081 4341 psalmodite,
1110 4289 1328 4331 versum
1374 4277 1602 4334 Domino
1649 4279 1964 4336 Davidicum
2004 4283 2093 4352 pia

507 4377 643 4417 voce
673 4364 958 4431 decantat,
996 4365 1245 4436 inquiens
1274 4385 1285 4420 :
1312 4367 1547 4424 Adlta’sit
1585 4373 1877 4440 pavimento
1916 4377 2094 4430 anima

506 4469 622 4507 mea
653 4453 824 4526 (Psal.
854 4470 1047 4523 cxvm,
1073 4457 1187 4527 25),
1222 4473 1378 4527 mox,
1421 4460 1743 4531 insequente
1768 4464 1946 4536 gladio
1976 4483 2095 4522 cer-

482 4544 681 4600 .vicem
729 4545 877 4612 czesi,
925 4547 1149 4603 verbum
1198 4549 1414 4619 pietatis
1463 4552 1532 4607 ab
1574 4567 1669 4608 ore
1716 4569 1825 4609 non
1875 4555 2090 4623 defecit,

2185 1986 2428 2044 divinam
2474 1996 2724 2043 metuunt
2762 1986 3045 2055 ultionem,
3091 1984 3527 2044 irrevocabi-liter
3568 1998 3672 2057 per
3698 1983 3786 2040 ti-

2183 2093 2339 2135 versa
2371 2078 2664 2150 fugientes,
2697 2077 2939 2134 invasam
2963 2076 3163 2147 trepidi
3194 2076 3452 2132 deserunt
3478 2073 3786 2132 civitatem.

2185 2172 2304 2241 Qua
2350 2171 2442 2226 diu
2488 2170 2568 2226 sic
2611 2179 2867 2226 manente
2915 2168 3182 2235 solitaria,
3212 2165 3538 2223 Christianis
3581 2164 3681 2237 qui
3720 2164 3792 2220 ad

2185 2261 2516 2318 munitiones
2544 2261 2808 2316 montium
2852 2260 3127 2332 fugerant,
3159 2258 3498 2315 incursiones
3544 2269 3791 2328 pagano-

2187 2370 2310 2411 rum
2344 2353 2762 2426 trepidantibus,
2807 2353 3036 2425 paganis
3069 2367 3201 2408 vero
3245 2350 3499 2407 caelestes
3530 2364 3673 2421 quos
3714 2348 3790 2405 ibi

2188 2447 2524 2521 pertulerant
2567 2447 2821 2503 horrores
2868 2444 3412 2517 pertimescentibus,
3456 2443 3557 2499 sub
3601 2441 3792 2498 divina

2189 2541 2455 2598 duntaxat
2501 2537 2851 2610 angelicaque
2901 2536 3181 2603 custodia,
3229 2540 3543 2592 sanctorum
3600 2547 3794 2588 serva-

2186 2631 2387 2686 bantur
2414 2628 2546 2685 inibi
2591 2639 2893 2701 martyrum
2924 2641 3185 2698 corpora;
3225 2626 3303 2682 ita
3340 2632 3401 2681 ut
3447 2623 3504 2681 in
3533 2623 3795 2679 noctibus

2189 2737 2223 2777 a
2258 2722 2417 2792 longe
2456 2720 2703 2777 coelestia
2730 2729 3085 2776 cernerentur
3129 2719 3358 2785 lumina,
3388 2725 3445 2772 et
3473 2715 3796 2773 suavissimi

2192 2814 2422 2869 sidereis
2453 2824 2815 2883 supernarum
2857 2810 2974 2866 soni
3005 2810 3267 2865 virtutum
3302 2806 3521 2863 choreis
3552 2806 3798 2862 dulciter

2194 2903 2568 2971 reboantibus,
2602 2903 2922 2959 audirentur
2949 2916 2979 2955 a
3010 2899 3285 2956 nonnullis
3327 2898 3596 2955 carmina.
3632 2896 3796 2959 Unde

2194 3006 2252 3053 et
2282 2995 2519 3052 caelestis
2563 2994 2808 3051 victoriae
2851 2992 3182 3050 revelatione
3225 2991 3517 3048 cohiortati
3566 2991 3793 3048 tandem

2193 3086 2447 3142 concives
2467 3124 2482 3153 ,
2516 3085 2609 3157 qui
2638 3085 2705 3141 ad
2731 3084 3041 3156 sepelienda
3072 3094 3382 3140 sanctorum
3428 3096 3682 3153 corpora,
3709 3082 3794 3138 di-

2192 3177 2317 3232 vina
2351 3185 2729 3233 remanserant
2754 3176 3116 3248 providentia,
3145 3190 3269 3232 cum
3294 3187 3519 3247 precum
3543 3174 3686 3231 votis
3723 3174 3793 3230 ad

2193 3269 2383 3325 urbem
2416 3268 2807 3340 regredientes,
2853 3266 3285 3324 inaestimabilem
3329 3264 3618 3321 suavitatis
3642 3265 3793 3321 ’θόο-

2192 3374 2334 3427 rem,
2365 3360 2457 3415 ubi
2493 3368 2808 3417 sanctorum
2838 3358 3238 3415 decorabantnr
3264 3355 3479 3423 funera,
3503 3355 3788 3422 hauriunt,

2193 3452 2501 3523 gaudioque
2527 3453 2923 3525 permiscentes
2949 3452 3232 3525 gemitum,
3262 3449 3579 3522 lacrymosis
3605 3434 3790 3505 Domi-

2193 3558 2326 3599 num
2354 3542 2607 3599 laudibus
2638 3543 3013 3613 magnificam,
3039 3551 3096 3598 et
3123 3543 3192 3598 ad
3222 3540 3595 3597 tumnlandum
3628 3553 3789 3595 saera

2195 3650 2254 3692 se
2275 3646 2648 3707 praeparantes
2678 3635 2928 3708 pignora,
2966 3635 3216 3705 congruis
3242 3649 3307 3690 ea
3336 3634 3483 3690 circa
3509 3633 3788 3690 civitatem

2192 3730 2328 3788 locis
2356 3737 2682 3786 veneranter
2720 3728 3043 3785 recondunt.
3066 3727 3382 3803 Beatissimi
3411 3740 3542 3782 vero
3580 3723 3786 3781 Nicasii

2193 3818 2443 3892 praesulis
2472 3834 2535 3875 ac
2562 3818 2770 3876 sororis
2802 3819 2942 3890 ejus,
2972 3818 3343 3895 sacratissima
3382 3815 3703 3874 solemniter
3732 3815 3785 3871 in

2193 3910 2513 3967 coemeterio
2559 3909 2734 3966 sancti
2780 3908 3069 3982 Agricolae,
3096 3908 3298 3982 templo
3334 3908 3606 3980 quondam
3636 3924 3668 3963 a
3696 3904 3787 3963 Jo-

2196 4000 2352 4068 vino,
2403 4000 2870 4058 Christianissimo
2919 4000 3176 4057 Romana:
3226 3998 3782 4070 militiae-magistro,

2196 4091 2352 4163 longe
2395 4090 2604 4147 scilicet
2646 4099 2773 4147 ante
2800 4088 3048 4157 fundato,
3075 4090 3467 4162 magnificeque
3505 4088 3784 4156 decoram,

2195 4180 2463 4236 collocant
2510 4182 2774 4247 membra,
2830 4190 2889 4237 ut
2934 4189 3219 4253 appareat,
3274 4181 3534 4236 instinctu
3586 4179 3784 4236 divinat

2195 4271 2592 4343 procurationis
2617 4313 2633 4340 ,
2678 4274 2750 4328 ad
2798 4272 3129 4331 celebritatis
3182 4274 3406 4329 istorum
3463 4271 3783 4345 dignitatem

2197 4365 2404 4435 magis,
2438 4380 2601 4434 quam
2642 4366 2711 4420 ad
2750 4366 2939 4436 primae
2969 4376 3329 4437 praeparatam
3376 4365 3547 4423 fuisse
3593 4364 3784 4421 condi-

2198 4456 2361 4511 tionis
2388 4460 2783 4514 auctoritatem.
2814 4458 2967 4519 Hanc
3005 4467 3186 4516 autem
3215 4458 3495 4515 basilicam
3529 4446 3786 4530 (2)’prte-

2197 4546 2341 4602 fatns
2376 4548 2461 4603 vir
2501 4546 2747 4617 Jovinus,
2788 4549 2875 4605 his
2901 4550 3180 4617 versibus,
3226 4563 3393 4605 aureo
3436 4547 3786 4619 przetitulavit

509 4634 687 4703 capite
710 4634 763 4690 in
789 4644 988 4691 terram
1012 4638 1260 4704 cadente,
1287 4639 1710 4697 immortalitatis
1734 4645 1814 4713 (ut
1840 4647 2092 4721 traditur)
2120 4633 2178 4696 D
2201 4636 2418 4694 decore.

509 4728 832 4784 sententiam
860 4738 1148 4800 prosecute
1177 4748 1190 4785 :
1227 4729 1443 4801 Viviﬁca
1466 4750 1546 4788 me
1566 4736 1855 4793 secundum
1883 4740 2092 4795 verbum

510 4826 657 4872 tuum
686 4819 899 4891 (υἱώ),
931 4821 1209 4878 inferendo
1238 4822 1365 4895 [ms.
1393 4825 1542 4880 addit
1574 4825 1843 4902 Domine].

474 4922 483 4973 ἢ
584 4911 789 4968 Sancta
817 4928 948 4971 vero
974 4916 1231 4989 Eutropia
1262 4918 1451 4975 videns
1496 4920 1829 4994 impietatem
1859 4926 2005 4984 circa
2037 4943 2095 4985 se

524 5003 668 5064 suasi
692 5005 1019 5066 mitigatam.
1042 5015 1098 5062 et
1128 5009 1585 5067 pulchritudinem
1611 5030 1766 5068 suam
1802 5032 1899 5068 ceu
1928 5036 2095 5070 naua-

2264 4752 2405 4819 lj’elix
2423 4753 2618 4819 militiai
2646 4758 2853 4819 sumpsit
2878 4755 3052 4808 devota
3086 4756 3293 4808 Jovlnus

2264 4815 2491 4881 Cingula,
2509 4819 2738 4868 virtutum
2759 4815 2951 4868 culmen
2980 4828 3237 4881 provectus
3260 4821 3308 4869 in
3332 4817 3483 4869 altum
3508 4832 3520 4868 :

2262 4876 2445 4943 [lisque
2463 4876 2605 4929 datus
2630 4882 2821 4929 meritis
2846 4876 3086 4943 equitum,
3116 4881 3430 4943 peditumque
3456 4881 3718 4943 magister,

2264 4939 2454 5003 Extulit
2475 4947 2711 4991 aeternum
2735 4939 3023 4991 saeculorum
3064 4939 3312 4990 in'saecula
3332 4939 3535 5003 nomen,

2264 5002 2362 5070 _Sed
2388 5005 2571 5065 pietate
2595 5005 2729 5070 gravi
2755 5010 2883 5070 tanta
2908 5004 3031 5070 haec,
3050 5004 3285 5070 praeconia
3311 5005 3439 5065 vicit,
3492 5018 3502 5027 ι
