3974 5392
206 352 270 405 ιι
811 343 1154 402 HISTORIA.
1194 342 1545 398 ECCLESIE
1588 341 1932 395 REMEL‘SIS
1970 340 2150 392 lelu
2189 339 2369 403 ρωλί
2387 339 2546 393 υυιί.
2588 367 2654 378 —
2693 337 2822 392 LIB.
2865 336 2906 393 Ι.
3406 339 3477 398 43

281 465 380 522 Ubi
413 475 769 536 posteaquam
799 477 927 523 sunt
972 470 1163 523 horum
1205 468 1447 537 deposita
1476 472 1788 521 sanctorum
1815 466 1866 526 Α
1892 457 2096 528 gratias
2120 464 2360 526 agentes,
2387 464 2678 511 nocturnas
2698 457 2883 512 ineunt
2910 455 3114 514 laules.
3138 456 3344 526 Quibus
3361 460 3476 530 jam

209 567 514 628 martyrum
545 573 798 627 corpora,
827 559 1313 614 innumerabilibus
1333 557 1520 612 eadem
1549 553 1792 610 Ecclesia

205 655 422 702 constat
469 647 855 702 miraculorum
891 648 1058 718 signis
1105 648 1391 712 redimita,
1421 656 1479 701 ut
1503 655 1561 700 et
1605 657 1794 700 eorum

207 738 418 794 meritis
449 754 516 792 ac
546 741 813 808 precibus,
849 740 1132 794 tnultitudo
1161 740 1530 810 languentium
1570 753 1794 806 recupe-

207 833 443 887 rationis
498 833 631 887 inibi
682 833 944 903 percipiat
999 833 1372 897 alacritatem,
1424 843 1479 888 et
1531 830 1795 901 exemplis

207 925 450 994 ipsorum
476 925 630 994 plebs
643 927 710 978 ad
726 925 1000 979 caelestem
1024 924 1136 997 [C.,
1163 923 1378 997 devota]
1409 925 1578 978 discat
1600 937 1792 993 prope-

208 1029 330 1069 rare
363 1015 780 1069 sublimitatem.
813 1015 1054 1070 Meminit
1082 1016 1241 1086 hujus
1285 1015 1582 1070 barbaric-az
1620 1028 1799 1084 perse-

206 1103 445 1159 cutionis
503 1104 694 1160 beatus
737 1104 1096 1176 Hieronymus
1137 1105 1307 1176 (epist.
1341 1105 1428 1175 ll)
1455 1106 1700 1160 scribens
1727 1103 1796 1158 ad

208 1197 506 1264 quamdam
536 1195 986 1250 adolescentulam
1012 1196 1226 1250 viduam
1250 1195 1677 1267 Aggerunchiam
1706 1210 1798 1248 no-

211 1287 393 1350 bilem,
424 1296 486 1341 ει
513 1288 808 1341 exhortans
835 1303 953 1342 eam
981 1287 1048 1340 de
1074 1289 1472 1356 perseverantia
1495 1286 1796 1350 viduitatis,

209 1378 282 1430 ita
325 1377 688 1432 memorando
749 1377 892 1431 inter
937 1387 1130 1431 czetera
1177 1376 1696 1430 “Innumerabiles
1743 1384 1800 1430 et

211 1467 569 1522 ferocissima:
617 1469 863 1522 nationes
887 1468 1170 1523 universas
1203 1468 1403 1522 Gallias
1443 1475 1791 1537 occuparunt.

209 1557 484 1628 Quidquid
517 1558 660 1613 inter
685 1559 848 1628 Alpes
869 1568 924 1614 et
951 1559 1266 1631 Pyrenaeum
1283 1599 1297 1621 ,
1323 1559 1466 1628 quod
1491 1557 1708 1613 Oceano
1743 1564 1800 1610 et

212 1649 403 1704 Rheno
454 1650 766 1716 includitur,
815 1651 1064 1717 Quadus,
1110 1650 1440 1717 Wandalus,
1502 1650 1794 1716 Sarmata,

212 1740 402 1806 Alani,
464 1739 728 1810 Gepides,
773 1740 991 1804 Heruli,
1041 1741 1316 1806 Saxones,
1363 1741 1791 1812 Burgundiones,

1895 563 2088 616 magna
2135 559 2288 617 parte
2335 550 2596 613 decursis,
2636 553 2702 604 ad
2749 552 2940 606 horum
2993 568 3150 608 voces
3193 555 3478 629 presbyter

1895 639 2186 704 excitatur,
2211 654 2322 693 rem
2353 656 2474 695 cum
2503 642 2615 696 suis
2645 642 2966 708 admiratus,
2993 644 3222 715 hymnos
3237 646 3478 704 dicturus

1895 745 2018 784 cum
2078 731 2290 786 caeteris
2347 733 2679 801 stupefactus
2745 746 3084 805 approperat.
3152 736 3478 809 Nullumque

1897 818 2114 874 demum
2150 822 2487 878 accensionis
2518 823 2696 891 hujus,
2726 825 2810 880 vel
2846 827 3195 883 reseratiouis
3241 831 3479 899 reperire

1897 919 2102 979 queunt
2129 912 2671 978 administrationem,
2703 917 2804 970 nisi
2839 933 3108 972 summum
3146 921 3312 976 divini
3342 924 3482 979 dun-

1899 1011 2049 1057 taxat
2101 1006 2341 1060 muneris
2387 1006 2720 1077 largitorem,
2766 1010 2858 1080 qui
2893 1023 3203 1068 sanctorum
3255 1031 3476 1075 suorum

1891 1093 2008 1165 jugi
2041 1096 2296 1151 mirorum
2334 1099 2641 1169 splendore,
2669 1117 2966 1174 prepagare
3008 1122 3113 1161 non
3143 1108 3356 1166 desistit
3382 1112 3477 1169 ho-

1899 1204 2110 1243 norem.
2156 1190 2326 1260 Hujus
2375 1203 2555 1246 autem
2604 1195 2745 1250 beati
2797 1198 3068 1265 pontificis
3123 1209 3178 1256 et
3225 1205 3481 1276 martyris

1897 1281 2121 1351 pignora
2149 1284 2391 1350 qumdam
2425 1281 2925 1357 Noviomagcnsium
2949 1292 3233 1363 episcopus
3259 1297 3477 1366 quidam

1898 1371 2140 1436 obtenta,
2169 1387 2323 1426 suam
2370 1375 2589 1442 pertulit
2615 1377 2682 1430 ad
2711 1378 3002 1433 civitatem.
3038 1380 3168 1448 Qua:
3199 1392 3305 1437 tam
3337 1385 3477 1454 apud

1899 1459 2241 1526 Noviomum,
2267 1479 2428 1533 quam
2463 1473 2516 1519 et
2565 1468 2702 1536 apud
2749 1467 3051 1526 Tornacnm
3082 1483 3318 1530 castrum
3361 1475 3480 1546 (ubi

1901 1566 2043 1605 nunc
2074 1565 2286 1621 quoque
2334 1555 2538 1609 servari
2569 1558 2944 1629 perhibentur)
2975 1561 3156 1628 claris,
3190 1565 3479 1636 multisque

1899 1641 2205 1698 referuntur
2245 1644 2510 1702 illustrata
2547 1649 2840 1706 miraculis.
2876 1652 3070 1709 Postea
3115 1670 3244 1711 vero
3282 1667 3482 1713 crctcra

1898 1734 2146 1809 corporis
2199 1733 2437 1804 ejusdem
2489 1741 2745 1811 martyris
2799 1741 2965 1799 Fulco
3019 1747 3481 1818 archiepiscopus,

210 1829 520 1891 Alamanni,
546 1841 625 1895 et,
652 1847 685 1884 ο
712 1832 938 1902 lugenda
963 1832 1297 1901 respublica!
1332 1833 1512 1886 hostes
1533 1831 1795 1885 Pannonii
1832 1839 1871 1896 ιι
1900 1825 2059 1878 simul
2104 1842 2227 1881 cum
2282 1843 2510 1898 corpore
2563 1831 2734 1886 beatae
2785 1834 2990 1888 sororis
3043 1835 3160 1906 ejus
3208 1836 3481 1909 Eutropia

215 1928 587 1973 vastaverunt.
645 1920 851 1974 Etenim
903 1923 1070 1976 Assur
1119 1923 1250 1976 venit
1299 1938 1418 1975 cum
1464 1921 1568 1974 illis
1618 1920 1790 1990 (Psal.

213 2025 427 2074 Lxxxtr,
480 2010 558 2080 9).
608 2009 990 2080 Magontiacus,
1025 2012 1217 2067 nobilis
1263 2013 1532 2083 quondam
1579 2012 1791 2077 civitas,

213 2111 364 2169 capta
396 2111 564 2171 atque
589 2101 851 2156 subversa
879 2111 984 2166 est,
1013 2113 1068 2158 et
1092 2104 1144 2158 in
1179 2104 1408 2159 ecclesia
1435 2103 1600 2157 multa
1630 2103 1794 2157 millia

214 2190 490 2244 hominum
525 2190 816 2248 trucidata.
844 2191 1177 2263 Wangioues
1213 2193 1371 2263 longa
1395 2194 1677 2249 obsidione
1704 2194 1796 2248 de-

212 2283 320 2338 leti.
352 2283 651 2339 Remorum
681 2286 809 2340 urbs
834 2295 1156 2356 prapotens,
1184 2287 1453 2352 Ambiani,
1486 2287 1794 2351 Atrabatcs,
1817 2280 1840 2289 ”

216 2376 552 2444 extremique
600 2375 880 2430 hominum
929 2376 1121 2431 Morini
1149 2377 1250 2448 (3),
1278 2376 1575 2441 Tornacus,
1601 2376 1798 2431 Neme-

216 2475 327 2530 tes,
356 2466 766 2537 Argentoracus
811 2468 1084 2524 translatae
1124 2470 1176 2524 in
1218 2469 1584 2525 Germaniam.
1630 2471 1797 2538 Aqui-

217 2557 394 2620 taniae,
437 2555 754 2629 Novemque
801 2559 1114 2629 populorum
1163 2559 1554 2631 Lugdunensis,
1586 2573 1640 2617 ct
1669 2559 1798 2614 Nar-

217 2646 472 2702 bonensis
518 2649 830 2717 provincias,
877 2660 1070 2720 praeter
1113 2667 1312 2722 paucas
1359 2656 1554 2720 nrbes,
1600 2668 1795 2713 ctmcta

219 2739 468 2807 populata
521 2750 671 2808 sunt,
713 2757 849 2811 quas
894 2755 945 2797 et
992 2744 1137 2813 ipsas
1180 2744 1312 2801 foris
1357 2747 1601 2817 gladius,
1652 2749 1798 2805 intus

219 2837 395 2882 vastat
441 2828 646 2895 fames,
705 2849 725 2883 ι
757 2840 862 2886 etc.
909 2831 965 2886 In
1011 2833 1230 2903 praefata
1283 2835 1514 2906 denique
1572 2839 1795 2895 basilica

219 2920 408 2975 beatus
441 2921 718 2994 Remigius
743 2925 987 2979 morandi
1023 2927 1255 2982 traditur
1289 2928 1538 2984 habuisse
1573 2945 1798 2986 consue-

221 3019 482 3083 tudinem,
511 3029 780 3090 quatenus
807 3031 1117 3077 sanctorum
1143 3034 1438 3096 martyrum
1484 3027 1710 3090 meritis,
1740 3035 1798 3081 ut

217 3119 332 3163 erat
361 3110 557 3180 spiritu
589 3127 824 3182 semper,
854 3114 925 3168 ita
952 3114 1228 3183 proximus
1254 3116 1570 3172 redderetur
1597 3129 1653 3172 et
1677 3135 1798 3172 cor-

1897 1917 2041 1972 intra
2092 1918 2378 1976 Remensia
2429 1925 2726 1978 transvexit
2783 1927 3002 1988 momia,
3056 1937 3307 1999 retroque
3360 1939 3482 2000 post

1895 2009 2069 2064 altare
2112 2025 2314 2068 sancta:
2345 2015 2436 2069 Dei
2486 2017 2766 2086 genitricis
2798 2017 3000 2080 Mariae,
3053 2019 3141 2073 ubi
3197 2035 3260 2074 ea
3319 2021 3480 2075 modo

1898 2117 2240 2170 veneramur,
2269 2106 2424 2176 juxta
2470 2108 2611 2163 beati
2659 2125 2811 2179 papa:
2840 2109 3045 2166 Callisti
3092 2111 3357 2178 membra,
3383 2111 3482 2167 de-

1896 2191 2009 2247 bila
2047 2196 2350 2251 reconz-tidit
2377 2199 2704 2254 reverentia.

2495 2307 2723 2365 CAPUT
2746 2311 2873 2366 VIII.

2147 2397 2222 2451 De
2242 2409 2420 2453 sancto
2453 2399 2665 2456 Oriculo
2691 2413 2739 2456 et
2767 2405 3032 2459 sororibus
3069 2407 3203 2476 ejus.

1970 2482 2084 2540 Sub
2110 2488 2299 2541 eadem
2327 2488 2738 2558 Wandalorum,
2773 2494 2855 2548 vel
2881 2494 3195 2551 Httnnorum
3221 2513 3480 2568 persecué

1899 2577 2065 2646 tione,
2115 2580 2333 2649 quidam
2387 2581 2483 2636 Dei
2529 2595 2737 2650 servus,
2777 2585 3025 2642 Oriculus
3073 2591 3313 2655 nomine,
3365 2593 3475 2647 Deo

1895 2675 2142 2738 vacabat,
2173 2689 2293 2729 cum
2319 2676 2599 2732 sororibus
2626 2679 2739 2734 suis
2765 2678 2975 2734 Oricola
3005 2681 3124 2754 Lais.
3150 2684 3186 2747 i,
3215 2681 3482 2760 oricula],

1897 2775 1950 2819 et
1997 2766 2248 2834 Basilica,
2296 2767 2350 2821 in
2383 2769 2484 2823 hoc
2514 2769 2704 2824 eodem
2751 2770 3063 2840 episcopatu
3114 2772 3388 2840 Remensi,
3426 2776 3481 2830 in

1898 2871 2036 2927 pago
2089 2857 2464 2924 Dulcumensi,
2511 2863 2630 2914 viso
2677 2860 2922 2917 Sinduno
2959 2863 3010 2918 in
3059 2864 3288 2920 ecclesia
3318 2882 3480 2936 quam

1895 2953 2292 3013 construxerat,
2325 2950 2414 3004 ubi
2440 2950 2611 3004 fertur
2637 2967 2852 3023 quoque
2883 2960 3192 3024 peremptus
3223 2972 3253 3010 a
3283 2956 3483 3014 barba-

1899 3038 1974 3093 ris
2029 3053 2151 3092 cum
2200 3039 2474 3108 praedictis
2510 3043 2786 3096 sordribus
2833 3043 2965 3097 suis.
3011 3033 3265 3101 Traditur
3313 3047 3482 3102 etiam

1899 3137 2061 3199 caput
2110 3145 2288 3196 suum,
2315 3140 2599 3202 postquam
2631 3133 2924 3188 decollatus
2960 3144 3063 3203 est,
3098 3137 3210 3206 ipse
3242 3137 3294 3192 in
3347 3153 3483 3209 quo-

218 3215 366 3270 pore.
415 3201 748 3258 Ilonstratur
789 3205 966 3260 adhuc
1013 3205 1240 3260 aedicula
1286 3222 1445 3261 secus
1492 3207 1660 3263 altare
1705 3208 1794 3263 ubi

1903 3222 2024 3278 dam
2068 3221 2217 3278 fonte
2257 3199 2474 3279 lavisse.
2506 3224 2581 3280 De
2611 3228 2868 3297 sanguine
2897 3199 3236 3299 quoque-suo
3265 3199 3478 3302 signum

208 3302 429 3348 secrete
465 3293 692 3349 Domino
720 3309 937 3360 vacare,
964 3304 1018 3350 et
1046 3296 1336 3366 inspectori
1383 3313 1627 3362 summo,
1674 3298 1797 3353 bea-

218 3384 441 3438 tissima:
466 3384 849 3454 speculationis
873 3387 974 3442 hos
1001 3387 1078 3442 ias
1100 3427 1114 3450 ,
1156 3389 1328 3443 turbis
1358 3397 1594 3445 remotus
1634 3405 1800 3459 popu-

220 3473 457 3540 laribus,
499 3476 845 3532 devotissime
893 3489 1250 3534 consueverat
1308 3480 1607 3536 immolare.
1657 3482 1798 3537 Istuc

209 3565 359 3618 enim
396 3565 638 3621 intentus
659 3566 747 3621 his
773 3567 1002 3638 degebat
1030 3567 1218 3625 officiis
1237 3611 1250 3634 ,
1281 3573 1495 3640 quando
1519 3581 1798 3641 comperto

217 3653 364 3708 urbis
415 3653 683 3720 incendio,
729 3671 851 3710 cum
898 3657 1194 3713 divinitatis
1241 3659 1577 3715 invocatione
1611 3661 1800 3730 depro-

217 3758 434 3813 perans,
458 3755 769 3800 sanctorum
795 3745 960 3801 fultus
980 3747 1256 3820 suffragio,
1273 3749 1536 3819 lapidibus
1558 3752 1799 3807 ecclesiae

214 3834 482 3905 graduum
510 3836 764 3908 deinceps
789 3852 1043 3908 expressa
1075 3840 1293 3910 reliquit
1316 3842 1560 3912 vestigia.

828 3953 1054 4009 CAPUT
1090 3953 1201 4009 VII.

592 4043 668 4099 De
696 4045 967 4100 miraculis
997 4047 1159 4116 ipsius
1184 4046 1432 4101 ecclesite.

285 4134 532 4192 Diversis
555 4137 718 4192 etiam
743 4136 1053 4193 multimoda
1081 4138 1466 4194 clarificatione
1491 4135 1663 4193 fertur
1687 4140 1802 4196 haec

219 4224 490 4281 illustrata
520 4228 852 4297 temporibus
883 4229 1043 4282 aedes.
1073 4227 1180 4283 Sed
1216 4244 1313 4284 nos
1359 4243 1522 4283 unum
1570 4237 1800 4295 tantum,

221 4316 357 4383 quod
389 4316 598 4370 nostris
624 4316 739 4372 fere
770 4315 958 4372 diebus
984 4325 1183 4381 actum,
1214 4317 1568 4372 referentibus
1602 4319 1803 4373 nostris

220 4408 306 4475 qui
357 4406 659 4462 interfuere
702 4408 965 4478 patribus,
1017 4410 1357 4480 agnovimus,
1414 4409 1801 4480 propalandum

220 4498 550 4568 putavimus.
585 4497 911 4555 Solemnitas
942 4497 1157 4555 hiemali
1192 4512 1430 4570 tempore
1455 4501 1801 4570 praefatorum

219 4589 483 4658 agebatur
527 4599 825 4660 martyrum
856 4605 975 4658 qua:
1021 4589 1178 4645 solito
1220 4605 1314 4644 xtx
1358 4589 1475 4644 Kal.
1521 4589 1807 4645 Januarias

221 4679 484 4734 celebrari
535 4679 841 4736 consuevit.
890 4677 971 4734 Ad
1018 4674 1171 4750 cujus
1218 4677 1550 4736 celebritatis
1597 4679 1808 4751 vigilias

225 4769 418 4825 fratres
449 4774 746 4842 temperius
774 4777 1137 4844 exsurgentes,
1161 4773 1412 4827 custodes
1439 4773 1606 4842 ipsius
1635 4769 1809 4828 eccle-

226 4861 314 4913 sia:
363 4857 721 4927 dormientes,
771 4862 906 4915 ostia
952 4877 1165 4932 quoque
1212 4862 1498 4933 diligenter
1553 4865 1806 4918 obserata

229 4952 516 5020 reperiunt.
543 4950 787 5020 Quaeque
813 4952 1012 5006 diutius
1033 4953 1329 5008 obterendo
1355 4953 1650 5024 pulsantes,
1679 4953 1806 5008 dum

233 5043 492 5098 neminem
525 5058 786 5114 responsa
810 5045 1023 5098 dantem
1045 5044 1256 5099 deintus
1276 5045 1566 5115 accipiunt,
1591 5047 1809 5100 domdm

233 5142 520 5156 ἰ-Αιιίι-οΙ-ι.--
552 5143 740 5156 ...ι-..-.ι
771 5142 1049 5156 ἆραι..-μι---

1901 3313 2078 3369 crucis
2098 3312 2261 3384 (quod
2284 3316 2461 3370 adhuc
2495 3315 2776 3372 manifeste
2805 3334 2995 3387 parere
3021 3321 3237 3391 dicitur)
3271 3323 3321 3376 in
3348 3332 3482 3392 qua‘»

1900 3407 2022 3461 dam
2059 3416 2212 3476 petra
2247 3407 2412 3479 digito
2463 3407 2723 3479 figurasse
2763 3426 2880 3477 suo,
2907 3420 2962 3466 et
3000 3413 3274 3482 proprium
3307 3415 3485 3469 manl-

1899 3499 2000 3554 bus
2018 3509 2182 3570 caput
2210 3501 2407 3564 ferens,
2439 3501 2764 3570 sepulcrum,
2796 3503 2936 3574 quod
2965 3504 3064 3559 sibi
3088 3502 3483 3570 Construxerat,

1903 3588 2026 3662 [ηις.
2084 3592 2125 3657 i,
2179 3591 2519 3664 condiderat]
2592 3595 2901 3664 expetisse;
2973 3595 3041 3650 ad
3099 3596 3242 3666 quod
3319 3587 3488 3649 multa

1903 3682 2162 3736 miracula
2195 3681 2504 3737 referuntur
2533 3693 2771 3738 Ostensa.
2812 3684 2943 3739 Erat
2986 3685 3112 3739 olim
3146 3685 3366 3755 quidam
3395 3689 3489 3738 ru-

1903 3773 2075 3827 sticus
2105 3773 2175 3826 ibi
2214 3782 2462 3837 manens,
2494 3775 2580 3828 cui
2613 3774 2874 3829 revelatio
2906 3775 2960 3828 in
2982 3775 3186 3829 soinuis
3210 3775 3350 3828 facta
3379 3776 3489 3838 est,

1904 3871 1964 3916 ut
2018 3863 2222 3916 fontem
2253 3864 2319 3918 de
2349 3878 2456 3932 quo
2486 3873 2646 3933 caput
2679 3863 2780 3917 sibi
2818 3869 3042 3918 sanctus
3067 3864 3185 3927 Dei,
3213 3869 3309 3917 ceu
3344 3863 3488 3918 dixi~

1904 3965 2049 4016 mus,
2080 3952 2302 4016 laverat,
2339 3960 2478 4006 tecto
2505 3951 2825 4022 cooperiret.
2855 3952 2954 4018 Qui
2986 3955 3268 4022 postquam
3291 3953 3373 4006 bis
3394 3952 3493 4007 ad-

1904 4043 2142 4097 monitus
2185 4042 2366 4098 facere
2409 4041 2462 4096 id
2503 4043 2728 4108 distulit,
2761 4042 2815 4096 in
2844 4043 3234 4113 infirmitatem
3265 4029 3487 4109 decidit,

1905 4131 1960 4186 in
1996 4132 2342 4204 qttajintegro
2379 4141 2522 4188 anno
2556 4139 2824 4204 aegrotans
2861 4133 3166 4189 decubavit.
3199 4128 3331 4190 Post
3370 4135 3492 4191 haec

1907 4223 2068 4288 Votis,
2120 4233 2180 4278 ut
2220 4223 2372 4292 jussa
2413 4225 2730 4294 compleret,
2771 4226 3075 4295 promissis,
3112 4225 3408 4291 convaluit,
3438 4235 3496 4282 et

1911 4317 2117 4371 fontem
2173 4317 2366 4387 ligneis
2394 4317 2592 4372 tabulis
2621 4317 2986 4384 circumdans’,
3016 4319 3260 4388 operuit;
3291 4323 3358 4374 e'x
3383 4333 3493 4389 quo

1908 4401 2056 4464 fonte
2088 4415 2356 4479 potantes,
2398 4423 2429 4462 a
2463 4406 2690 4464 diversis
2722 4405 2876 4464 multi
2913 4418 3173 4464 curantur
3215 4406 3494 4480 languori-

1908 4503 2029 4557 bus.
2066 4503 2351 4573 Presbyter
2379 4501 2617 4569 ejusdem
2641 4500 2767 4564 loci,
2798 4501 3015 4556 nomine
3038 4499 3214 4565 Bello,
3238 4499 3492 4556 balneum

1832 4561 1885 4630 D
1914 4611 1979 4650 ex
2011 4593 2179 4664 ipsius
2218 4599 2403 4665 puteo,
2442 4608 2601 4664 quem
2642 4592 2780 4648 infra
2821 4590 3107 4649 ecclesiam
3145 4591 3233 4647 hic
3273 4601 3497 4646 sanctus

1917 4690 2124 4755 martyr
2152 4684 2386 4738 edidisse
2426 4684 2678 4750 traditur,
2717 4683 2819 4738 sibi
2849 4681 3030 4752 parari
3071 4679 3348 4752 praecepit,
3389 4693 3500 4749 quo

1915 4785 2198 4846 postquam
2231 4775 2447 4831 ablutus
2475 4785 2559 4830 est
2597 4770 2790 4830 balneo
2817 4768 2896 4829 sic
2925 4764 3182 4845 elanguit,
3217 4780 3276 4824 ut
3323 4787 3501 4840 usque

1917 4870 1982 4922 ad
2015 4867 2139 4921 anni
2172 4862 2462 4921 terminum
2489 4875 2720 4938 aegrotus
2759 4863 3020 4939 jacuisse,
3047 4881 3149 4922 nec
3172 4863 3349 4919 adhuc
3374 4869 3502 4932 per-

1915 4959 2055 5016 fecte
2087 4967 2272 5030 postea
2314 4959 2611 5029 reviguisse
2643 4954 2982 5015 constiterit.
3007 4955 3250 5026 Quorum
3290 4964 3509 5007 sancto-

1917 5067 2036 5104 rum
2103 5065 2332 5120 corpora
2389 5059 2496 5105 uno
2551 5045 2754 5106 dudum
2834 5049 3172 5122 sarcophago
3231 5043 3507 5099 recondita

2310 5137 2360 5156 lt‘
2486 5141 2537 5156 av
2617 5133 2629 5152 ⁴
2740 5143 2782 5156 .ο
2817 5133 2829 5156 l
2979 5149 2990 5156 .
3157 5151 3165 5156 .
3243 5152 3287 5156 γη,
3342 5134 3508 5156 1-...-.Α
