3974 5392
281 249 353 307 65
851 249 1195 308 HISTORIA?
1234 251 1605 311 ECCLESlsE'
1629 252 1976 311 REMENSIS
2013 252 2196 311 LlBlll
2244 254 2600 324 QUATUOR.
2643 289 2711 328 τ-
2737 258 2864 324 LIB.
2902 258 2943 317 Ι.
3432 297 3447 303 ~
3483 260 3553 330 υ

282 366 537 422 volentia:
556 365 843 426 charitate.
864 370 1182 437 populorum
1204 367 1429 423 studens
1450 370 1636 427 turbas
1663 370 1858 434 vitare,
1886 354 1937 412 Α
1963 382 2114 433 cura,
2144 368 2251 424 nisi
2284 378 2379 425 aut
2407 370 2475 427 de
2521 369 2631 427 Deo
2677 373 2730 427 in
2781 372 3037 443 lectione,
3061 382 3230 449 atque
3275 390 3550 447 sermone,

282 468 444 528 atque
464 458 740 514 solitarius
761 460 816 514 in
837 461 1138 516 reclusione
1156 460 1385 517 Domino
1399 461 1695 525 deservire,
1716 462 1861 531 quod

1963 468 2058 514 aut
2120 474 2244 513 eum
2319 460 2432 515 Deo
2495 461 2551 516 in
2616 463 2861 521 oratione
2937 465 3116 537 loqui;
3190 469 3379 540 sicque
3462 480 3551 529 at-

280 558 333 604 et
354 549 612 613 obtinuit,
642 551 953 620 habitoque,
980 561 1183 607 sanctae
1208 553 1643 609 conversationis
1670 552 1865 610 studiis
1963 556 2183 605 tcuuato
2210 553 2538 611 continuatis
2558 554 2780 625 jejuniis
2808 573 3059 630 corpore,
3086 560 3153 616 de
3198 572 3550 632 persecutore

280 636 596 695 adolescens
621 639 766 710 pius,
792 639 1114 707 inclusioue,
1140 640 1388 698 Lauduni
1417 642 1633 698 Christo
1663 642 1861 698 milita-

279 728 373 784 vit.

886 822 1114 880 CAPUT
1150 822 1245 881 XI.

334 911 414 968 De
436 913 776 970 ordinatione
802 916 967 985 ipsius
996 917 1064 971 ad
1091 917 1445 987 episcopatum
1474 913 1798 974 Rementem.

342 1006 441 1060 Ast
489 1007 582 1060 ubi
626 1007 939 1062 vicesimum
993 1007 1288 1063 secundum
1332 1008 1511 1063 aetatis
1557 1008 1721 1063 subiit
1765 1023 1863 1064 an-

273 1112 423 1162 num,
451 1097 714 1152 defuncto
760 1096 986 1168 prml'ato
1019 1099 1313 1154 venerabili
1365 1098 1639 1153 Bennatlio
1679 1100 1863 1154 archi-

273 1189 546 1258 episcopo,
581 1189 635 1243 in
668 1190 768 1245 hac
797 1191 929 1245 urbe
957 1191 1233 1257 Rcmeusi,
1264 1193 1504 1247 omnium
1536 1192 1862 1263 generaliter

272 1282 409 1336 votis
441 1282 513 1335 ad
540 1285 750 1351 apicem
780 1281 1126 1351 mttiﬁeatus
1147 1298 1252 1337 nou
1286 1291 1394 1337 tam
1421 1283 1645 1345 electus,
1693 1299 1856 1353 quam

273 1379 453 1439 raptus
474 1367 655 1426 fuisse
692 1372 1046 1441 dignoscitur.
1092 1371 1181 1426 Fit
1207 1372 1474 1442 siquidem
1503 1373 1681 1441 populi
1727 1388 1859 1429 con-

270 1474 475 1525 cursus,
503 1460 710 1517 diversi
733 1461 953 1532 quidem
998 1477 1182 1527 sexus,
1206 1464 1552 1529 conditionis,
1576 1462 1859 1535 dignitatis

269 1558 323 1605 et
360 1551 569 1616 aetatis,
595 1566 705 1607 una
739 1553 1037 1624 eademque
1064 1555 1355 1620 sententia,
1389 1555 1534 1611 hunc
1573 1571 1698 1611 vere
1750 1557 1859 1613 Dee

271 1641 505 1712 dignum,
534 1653 598 1698 et
629 1644 721 1714 qui
742 1645 954 1715 populis
983 1647 1179 1716 praefici
1212 1647 1453 1711 deberet,
1481 1648 1851 1705 acclamantis.

269 1724 660 1789 Sanctissimus
689 1734 854 1805 igitur
898 1735 1216 1791 adolescens
1261 1736 1347 1792 his
1376 1737 1664 1807 depressus
1689 1754 1859 1808 angu-

268 1820 396 1885 stiis,
434 1822 697 1889 quoniam
733 1838 833 1878 nec
878 1822 1019 1895 fugae
1072 1824 1224 1880 locus
1270 1826 1319 1882 ei
1371 1828 1581 1896 uspiam
1615 1829 1855 1896 patebat,

268 1924 364 1964 nec
399 1911 606 1980 populo
649 1920 706 1967 ut
735 1913 807 1968 ab
845 1914 1144 1971 intentione
1188 1925 1367 1987 empta
1415 1918 1719 1984 desisteret,
1750 1919 1860 1974 ullo

270 1999 419 2054 modo
471 2000 803 2057 satisfacere
866 2011 1118 2073 poterat,
1170 2020 1338 2076 super
1389 2006 1570 2063 aetatis
1628 2007 1859 2064 infirmae

268 2090 425 2160 cepit
442 2093 715 2164 conqueri
743 2102 1005 2167 tempore,
1028 2096 1247 2166 etquod
1268 2096 1643 2153 ecclesiastica
1673 2099 1857 2169 regula

269 2181 400 2237 hanc
418 2193 644 2239 aetatem
670 2185 740 2241 ad
771 2194 978 2241 tantam
1027 2202 1133 2242 non
1166 2185 1480 2242 admitteret
1514 2187 1854 2258 dignitatem,

270 2287 392 2329 'oce
416 2275 637 2344 publica
666 2276 987 2346 praedicare.
1016 2276 1124 2332 Sed
1151 2293 1277 2332 cum
1308 2277 1738 2332 irrevocabilitcr
1765 2294 1859 2347 po-

268 2362 368 2432 puli
394 2364 729 2420 acclamaret
750 2363 1078 2435 frequentia,
1108 2375 1163 2421 et
1191 2367 1274 2421 vir
1304 2365 1400 2420 Dei
1429 2380 1627 2436 magna
1655 2366 1857 2421 retine-

270 2467 408 2513 retur
452 2459 795 2526 constantia,
842 2459 1042 2531 placuit
1091 2457 1451 2529 omnipotenti
1519 2458 1626 2513 Deo
1682 2458 1859 2513 mani-

268 2550 570 2608 festissimis
604 2553 817 2608 indiciis
844 2552 1150 2623 propalare,
1178 2552 1322 2622 quod
1361 2551 1473 2622 ipse
1503 2551 1569 2606 de
1613 2566 1680 2606 eo
1716 2549 1858 2619 judi-

267 2645 398 2699 cium
443 2645 783 2717 dignabatur
827 2647 1050 2701 habere.
1100 2644 1359 2711 Traditur
1419 2645 1568 2699 enim
1617 2644 1857 2700 ccclestis

266 2736 393 2791 radii
420 2736 613 2791 lumen
637 2751 807 2808 super
836 2735 1005 2806 ipsius
1032 2742 1279 2791 sanctum
1306 2734 1489 2790 subito
1512 2733 1857 2790 descendisse

268 2825 540 2891 verticem,
576 2834 634 2882 et
656 2840 783 2883 cum
814 2826 930 2896 ipso
959 2825 1162 2880 lumine
1192 2824 1412 2879 caelitus
1451 2821 1570 2891 ejus
1617 2822 1855 2877 infusum

262 2917 416 2987 capiti
444 2917 711 2988 unguinis
735 2917 904 2973 divini
932 2916 1217 2987 liquorem,
1243 2914 1397 2983 cujus
1426 2914 1568 2971 sacri
1595 2914 1851 2979 nectaris,

1960 640 2209 695 certabat
2254 642 2494 709 inimico,
2519 642 2634 715 jugi
2680 646 3018 718 triumphare
3067 652 3347 723 martyrio.
3404 653 3553 710 inter

1962 728 2080 787 haec
2132 740 2311 789 tamen
2356 736 2538 791 omnia
2572 736 2887 795 intendebat
2937 740 3023 796 vir
3067 741 3439 811 beatissimus,
3489 753 3561 802 ut

1958 821 2126 881 etiam
2154 824 2223 879 ab
2250 823 2374 880 aliis
2396 826 2466 881 de
2493 826 2612 898 ipso
2631 827 2947 897 jamdudum
2976 832 3326 902 praedicatum
3353 835 3551 908 legitur

1961 911 2301 983 ("mc-tuus
2324 916 2455 977 ibid.
2481 918 2939 995 etionrnauus)
2971 941 2986 978 :
3012 921 3344 982 Jactuntiam
3371 926 3548 985 virtu-

1959 1006 2075 1058 tum
2122 1000 2333 1075 fugere,
2363 1007 2419 1061 in
2444 1018 2554 1078 quo
2590 1024 2697 1065 non
2728 1020 2944 1081 poterat
2971 1013 3145 1082 gratia
3175 1015 3319 1070 celsa
3356 1014 3548 1083 latere.

1960 1089 2360 1149 Praeeminebat
2386 1097 2531 1151 enim
2559 1098 2625 1152 ad
2656 1098 3070 1155 admirationem
3096 1103 3360 1167 omnium,
3384 1103 3549 1160 veluti

1959 1180 2153 1237 civitas
2180 1197 2344 1253 supra
2375 1186 2579 1242 tuentis
2610 1187 2869 1242 verticem
2902 1189 3006 1243 sita
3043 1208 3057 1243 :
3088 1206 3191 1248 nec
3226 1192 3329 1248 sub
3367 1192 3549 1253 modio

1959 1273 2131 1329 voluit
2167 1275 2427 1331 Dominus
2477 1279 2617 1335 hanc
2646 1280 2819 1335 occuli
2850 1280 3150 1348 lucernam,
3181 1299 3344 1352 quam
3382 1298 3547 1355 supra

1959 1364 2271 1421 candelabri
2337 1368 2700 1423 constituerat
2776 1371 3129 1425 eminentiam
3198 1371 3414 1444 (Matth.
3491 1389 3547 1437 ν,

1961 1452 2171 1525 14-15),
2222 1454 2346 1525 igne
2369 1455 2566 1512 divina:
2599 1458 2840 1513 tribuens
2866 1474 2986 1514 eam
3017 1461 3301 1517 charitatis
3333 1462 3546 1529 ardere,

1958 1547 2215 1619 claraque
2232 1548 2636 1620 splendidorum
2659 1550 2911 1607 Ecclesiae
2931 1568 3042 1609 sua:
3064 1554 3323 1611 virtutum
3343 1553 3549 1612 lumina

1962 1641 2296 1697 ministrare.

2562 1754 2791 1811 CAPUT
2827 1753 2937 1811 λιι.

1950 1841 2040 1898 De
2079 1842 2301 1898 diversts
2329 1844 2396 1898 ab
2423 1859 2485 1898 eo
2514 1847 2753 1928 patratis.
2778 1845 3082 1912 miraculis,
3132 1855 3181 1901 et
3214 1848 3280 1903 de
3304 1848 3547 1906 doctrin

2655 1931 2838 1984 ipsius.

2028 2004 2113 2059 Ad
2176 2004 2329 2073 cuius
2392 2006 2702 2061 sanctitatis
2748 2006 3149 2075 innocentiam,
3205 2022 3317 2079 non
3368 2008 3546 2083 solum

1961 2096 2415 2162 rationabilium,
2483 2098 2581 2153 sed
2652 2097 2819 2153 etiam
2892 2098 3345 2159 irrationabilium
3416 2117 3548 2157 con-

1958 2185 2267 2260 sueverant]
2327 2188 2560 2258 agrestia
2610 2188 2776 2244 corda
2837 2204 3250 2258 mansuescere,
3300 2193 3437 2249 adeo
3487 2200 3548 2248 ut

1958 2273 2086 2329 dum
2131 2275 2275 2329 inter
2332 2276 2661 2335 domesticos
2719 2278 2987 2334 secretius
3041 2296 3166 2334 cum
3228 2281 3548 2351 contigisset

1958 2364 2523 2431 habereconvivium,
2551 2378 2611 2424 et
2626 2367 3005 2432 delectaretur
3030 2370 3084 2425 in
3118 2370 3393 2429 hilaritate
3415 2375 3549 2430 cha-

1955 2470 2165 2523 rorum,
2191 2470 2440 2525 passeres
2472 2457 2546 2515 ad
2590 2471 2716 2513 eum
2761 2458 2882 2517 sine
2924 2460 3286 2530 trepidatione
3327 2463 3547 2519 descen-

1956 2545 2173 2612 derent,
2195 2556 2251 2601 et
2270 2562 2471 2603 mensae
2500 2546 2759 2619 reliquias
2779 2548 2851 2604 ab
2873 2547 2992 2617 ejus
3015 2565 3178 2605 manu
3205 2551 3544 2624 colligerent,

1956 2638 2300 2694 discederent
2343 2639 2436 2694 alii
2484 2640 2679 2704 saturi,
2728 2642 3057 2696 accederent
3094 2642 3186 2695 alit
3237 2645 3542 2699 saturandi.

1958 2728 2112 2796 Quod
2146 2728 2217 2785 ab
2242 2730 2432 2786 eodem
2477 2744 2822 2801 nequaquam
2846 2728 3115 2800 jactantia
3162 2732 3548 2801 propalabatur

1956 2820 2301 2887 meritorum,
2343 2821 2440 2878 sed
2486 2822 2541 2877 id
2590 2821 2851 2878 Dominus
2880 2823 2968 2894 agi
3005 2834 3157 2879 certa
3201 2825 3548 2896 disposuerat

1957 2913 2189 2971 utilitate
2213 2913 2645 2978 convivantium,
2678 2923 2738 2975 ut
2772 2913 2876 2969 hoc
2904 2914 3138 2985 aliisque
3162 2912 3547 2986 frequentissi-

266 3004 487 3073 ejusdcm
516 3014 703 3062 lotum
733 3006 1006 3061 videretur
1030 3013 1195 3074 caput
1224 3003 1497 3060 inlusione
1525 3002 1848 3060 delibutum.
1879 3041 1923 3105 Ο
1955 3006 2060 3061 mis
2088 3020 2185 3075 per
2213 3006 2357 3061 hunc
2386 3004 2589 3061 Christi
2621 2990 2883 3061 famulum
2913 3006 3044 3061 visis
3086 3007 3387 3075 miraculis,
3419 3021 3545 3067 sese

262 3092 408 3150 Omni
456 3110 600 3167 ergo
650 3095 959 3165 posthabita
1005 3093 1366 3158 dubitatione,
1415 3091 1703 3163 prmsulum
1748 3092 1852 3147 Ite-

264 3187 455 3242 mensis
481 3187 860 3242 unanimitate
886 3186 1201 3257 provincia),
1228 3185 1526 3255 pontiﬁcali
1562 3200 1851 3240 consecra-

264 3283 347 3329 tur
384 3276 793 3333 benedictione.
839 3276 921 3332 Ad
965 3275 1110 3346 quod
1154 3274 1389 3333 cilicium
1447 3274 1678 3333 mirifice
1723 3291 1850 3331 mox

266 3365 477 3423 devotus
497 3377 557 3423 et
584 3366 903 3436 aptissimus
926 3365 1174 3436 apparuit
1195 3365 1638 3436 exsequendum;
1667 3364 1851 3435 largus

271 3454 321 3511 in
342 3457 725 3531 eleemosynis,
759 3458 978 3515 sedulus
1018 3458 1070 3512 in
1099 3457 1322 3528 vigiliis,
1353 3465 1595 3512 attentus
1628 3457 1682 3513 in
1721 3473 1851 3513 ora-

268 3548 513 3618 tionihus,
552 3552 613 3606 in
656 3551 997 3607 humanitate
1026 3548 1300 3621 profusus.
1350 3549 1405 3604 in
1435 3550 1704 3606 cbaritatc
1728 3564 1852 3620 per-

271 3638 554 3717 fectus,_in
616 3642 870 3698 doctrina
933 3642 1260 3711 prtecipuus,
1322 3640 1377 3694 iu
1439 3642 1851 3696 conversatione

270 3736 654 3792 sanctissimus.
713 3733 909 3790 Mentis
959 3733 1264 3805 purissimae
1312 3733 1719 3798 sinceritatem,
1775 3733 1850 3804 pii

268 3823 434 3881 vultus
520 3822 855 3896 praeferebat
950 3823 1255 3889 alacritate,
1334 3822 1852 3891 clementissimique

268 3913 434 3968 cordis
478 3913 873 3981 benignitatem
920 3912 1189 3969 sermonis
1237 3911 1512 3968 iudicabat
1546 3910 1852 3981 tranquilli-

1954 3096 2241 3155 dominicis
2266 3095 2564 3152 ferventius
2591 3098 2872 3152 studerent
2922 3097 3237 3167 mancipare
3272 3098 3541 3159 servitiis.

2027 3185 2127 3242 llic
2166 3186 2249 3241 vir
2275 3185 2642 3255 beatissimus,
2668 3201 2792 3240 cum
2832 3201 2898 3245 ex
2932 3201 3102 3252 more,
3145 3186 3378 3258 quodam
3412 3197 3546 3251 tem-

1951 3288 2084 3342 pore
2128 3273 2387 3346 pastorali
2434 3274 2658 3337 solertia
2706 3274 2999 3346 parochias
3036 3275 3375 3343 circumiret,
3407 3287 3466 3335 ut
3493 3276 3547 3337 si

1951 3364 2289 3436 negligenter
2333 3363 2539 3433 aliquid
2594 3364 2651 3421 in
2701 3365 2902 3420 divinis
2952 3364 3191 3423 cultibus
3240 3375 3542 3438 ageretur,

1950 3455 2127 3512 ﬁdelis
2154 3455 2357 3515 Christi
2402 3470 2597 3521 servus
2635 3452 2979 3527 agnosceret,
3012 3456 3064 3511 in
3113 3457 3315 3530 vicugn,
3347 3456 3546 3519 Calmi~

1950 3546 2161 3602 eiscum
2207 3546 2448 3612 nomine,
2494 3546 2667 3617 ipsius
2717 3547 2956 3603 accessit
3008 3548 3175 3604 studii
3223 3550 3538 3609 devotione.

1952 3635 2078 3704 Ubi,
2111 3637 2238 3693 dum
2266 3637 2488 3708 quidam
2518 3652 2696 3693 caecus
2730 3638 2800 3693 ab
2831 3653 2898 3692 eo
2929 3638 3313 3695 misericordia:
3356 3650 3539 3711 postu-

1948 3727 2116 3785 lasset
2161 3744 2340 3798 opem.
2368 3728 2558 3797 cmpit,
2608 3743 2716 3799 qua
2761 3726 2967 3785 dudum
3010 3736 3204 3798 captus
3251 3725 3542 3786 exstiterat

1944 3818 2300 3876 infestatione
2339 3819 2622 3883 daemonis,
2665 3817 2955 3874 vexatione
2987 3818 3227 3889 torqueri
3272 3821 3542 3890 corporis.

1949 3910 2103 3967 Tunc
2128 3919 2353 3967 sanctus
2380 3908 2658 3979 Remigius
2685 3909 2739 3962 in
2759 3907 3029 3975 oratione,
3056 3923 3162 3980 qua
3193 3909 3303 3977 Deo
3327 3925 3546 3981 semper

270 4011 391 4060 tate.
407 4005 608 4062 Salutis
627 4014 850 4061 eterna:
869 4005 1051 4060 munia
1072 4020 1180 4060 non
1209 4004 1391 4060 minus
1411 4002 1642 4074 impleas
1661 4018 1848 4074 opere,
1949 4010 2139 4059 sancta
2190 4000 2493 4056 intentione
2536 4000 2786 4064 vacabat,
2830 4012 3091 4068 corporea
3130 4013 3194 4056 se
3241 3999 3546 4070 dejectione

270 4104 420 4161 quam
465 4096 704 4151 edocens
753 4093 1173 4164 praedicatione;
1226 4094 1565 4150 reverendus
1600 4102 1845 4165 aspectu,
1947 4092 2263 4165 prostravit,
2295 4091 2585 4161 statimque
2617 4091 2903 4161 pristinum
2949 4104 3097 4145 careo
3134 4090 3318 4146 lumen
3355 4091 3538 4146 redhi-

275 4184 594 4241 venerandus
638 4186 882 4249 incessu,
930 4184 1253 4240 metuendus
1302 4184 1611 4240 severitate.
1653 4185 1853 4255 ample;
1950 4187 2106 4251 beas,
2159 4183 2422 4243 immundi
2473 4198 2690 4253 quoque
2732 4191 2941 4252 pestem
2995 4182 3221 4253 spiritus
3258 4181 3540 4258 ell‘ugavit.

276 4274 485 4331 ctendus
530 4275 890 4346 benignitate,
921 4287 1209 4328 censuram
1255 4272 1609 4345 districtionis
1656 4273 1851 4343 permi-

1951 4276 2149 4347 triplici
2198 4276 2478 4340 remedio,
2533 4274 2790 4328 nimirum
2844 4271 2989 4327 victu
3040 4271 3223 4339 solans
3276 4286 3541 4347 egenum,

277 4362 436 4420 stione
478 4365 819 4435 temperabat
868 4362 1315 4418 mansuetudinis.
1377 4361 1569 4419 Minari
1626 4363 1844 4431 quidem
1870 4382 1923 4442 D
1951 4371 2247 4429 manemus
2272 4368 2391 4423 visu
2417 4376 2702 4431 cacatum,
2740 4364 3033 4420 restituens
3083 4362 3322 4429 libertati
3370 4364 3545 4434 capti-

276 4448 453 4507 frontis
472 4453 763 4509 videbatur
792 4452 1103 4517 austeritas,
1131 4453 1227 4507 sed
1253 4453 1436 4507 cordis
1463 4452 1843 4508 blandiebatur

280 4542 555 4611 serenitas;
584 4552 646 4597 ut
673 4558 805 4612 erga
829 4541 1054 4598 devotos
1077 4540 1271 4598 Petrus
1297 4553 1583 4614 appareret
1607 4544 1662 4598 in
1693 4544 1841 4599 vultu

280 4641 449 4689 contra
501 4635 880 4706 delinquentes
930 4633 1132 4690 Paulus
1178 4633 1454 4690 videretur
1506 4636 1559 4690 in
1610 4637 1839 4707 Spiritu;

280 4722 451 4795 sicque
476 4727 778 4798 gratiarum
810 4725 1124 4783 diversitate
1155 4725 1209 4781 in
1256 4741 1421 4781 unum
1465 4729 1843 4794 conveniente,

274 4812 415 4884 illius
443 4818 684 4889 pietatis,
738 4817 898 4888 hujus
927 4827 1047 4875 erat
1088 4819 1330 4875 imitator
1356 4820 1719 4885 auctoritatis,
1753 4836 1845 4875 ne-

246 4912 247 4915 “
286 4904 468 4976 plector
490 4909 710 4979 quietis,
742 4906 926 4980 refuga
954 4909 1268 4981 voluptatis,
1314 4911 1584 4981 appetitor
1622 4910 1845 4976 laboris,

287 4995 478 5062 patiens
519 4997 861 5070 abjectionis,
914 4997 1203 5069 impatiens
1251 4997 1495 5067 honoris,
1545 5014 1754 5071 pauper
1792 5000 1846 5054 in

274 5087 503 5152 pecunia,
554 5090 716 5161 dives
764 5087 819 5141 iu
867 5089 1232 5157 conscientia,
1266 5088 1485 5148 humilis
1513 5092 1583 5147 ad
1626 5090 1845 5156 merita,

275 5179 511 5244 superbus
548 5181 620 5237 ad
643 5179 799 5234 vitia.
825 5177 892 5234 Et
916 5190 976 5236 ut
995 5194 1122 5239 ante
1147 5196 1246 5237 nos
1267 5181 1333 5238 de
1359 5183 1474 5254 ipso
1493 5182 1844 5255 praedicatum

268 5261 439 5310 Ιισίιηιν
463 5268 827 5310 {Fls-mnuum
854 5271 902 5310 in
930 5272 1033 5310 litu-
1089 5276 1161 5310 na
1198 5269 1315 5310 Vim
1344 5276 1527 5310 ὅηοὸοηὶ

1584 5275 1663 5310 cin
1691 5272 1745 5310 in
1789 5287 1848 5310 eo

1945 4479 2095 4519 νιιιη.
3424 4502 3439 4511 .

2019 4553 2138 4609 Alio
2162 4564 2379 4624 quoque
2410 4558 2673 4621 tempore,
2701 4545 2827 4606 dum
2851 4547 3150 4619 pontiﬁcali
3177 4547 3546 4604 sollicitudine

1948 4646 2267 4719 parochiam
2315 4653 2671 4714 peragraret,
2710 4651 2935 4713 rogatus
2983 4655 3014 4694 a
3060 4640 3294 4710 quadam
3320 4641 3545 4699 sobrina

1948 4753 2067 4798 sua,
2096 4735 2314 4793 nontine
2337 4735 2515 4797 Celsa,
2539 4736 2649 4790 Deo
2672 4744 2910 4800 sacrata,
2934 4733 3119 4813 villam
3158 4733 3350 4802 ipsius,
3380 4749 3550 4793 voca-

1954 4830 2080 4886 bulo
2103 4828 2315 4885 Celtum
2332 4825 2502 4898 (Gal,
2517 4826 2769 4898 Ceruay),
2792 4828 2945 4885 adiit.
2968 4826 3043 4892 lbi
3069 4827 3196 4881 dum
3220 4827 3410 4889 beatus
3437 4830 3551 4895 vir,

1954 4920 2290 4992 spiritalibus
2314 4920 2602 4990 colloquiis
2636 4921 2759 4975 vita:
2789 4920 3045 4991 propinat
3072 4918 3273 4987 hospiti
3297 4918 3366 4977 de
3391 4935 3552 4987 more

1953 5012 2168 5082 pocula,
2210 5011 2464 5070 minister
2500 5010 2741 5085 praefata:
2777 5010 2974 5077 Celsae,
3004 5009 3124 5065 vini
3172 5007 3551 5079 s'v-tlicieutiam

1953 5102 2186 5159 domina:
2218 5116 2335 5159 sua:
2369 5104 2585 5160 nuntiat
2623 5117 2732 5159 non
2781 5105 2999 5162 adesse.
3044 5099 3127 5156 Re
3178 5097 3555 5163 huiuscemodi

1949 5192 2208 5263 cognita,
2249 5203 2476 5250 sanctus
2522 5190 2802 5264 Remigius
2853 5195 2999 5250 hanc
3037 5188 3191 5245 hilari
3237 5185 3555 5246 consolatur

1957 5288 2107 5310 _..-I---
2160 5294 2207 5310 ΑΔ
2251 5297 2372 5310 ---Α
2418 5286 2609 5310 LI-_.I-
2652 5281 2802 5310 ..η-ιε
2862 5281 3118 5310 --1--κ2ηη
3161 5277 3402 5310 ιιῖηειΙοηη
3445 5276 3550 5310 ,ΠΛ
