3974 5392
448 277 530 338 εισι
1533 282 1922 342 ηιιῡοιιιιυι
1959 284 2056 341 CA}

2160 287 2277 341 ςιίιι
2320 283 2665 341 ιιΕιιΕΝειε
3659 289 3738 358 43

448 385 599 461 miti.
629 403 694 456 lit
726 400 1006 471 designato
1053 400 1154 456 sibi
1189 412 1334 466 vase,
1374 399 1428 454 in
1477 416 1585 471 quo
1621 400 1881 455 tantillum
1915 400 2044 467 vini,
2078 407 2121 465 Α
2153 402 2589 457 interminatione
2614 402 2867 457 vindicta:
2892 401 2946 455 in
2973 416 3097 455 cum
3125 415 3246 471 qute
3266 403 3431 457 vetita
3455 402 3570 457 han:
3596 418 3743 473 prae-

471 509 569 559 pro
593 493 853 551 salvando
882 492 1090 549 scilicet
1117 492 1327 555 eodem,
1362 493 1611 547 relictum
1647 492 1843 557 fuerat,
1873 492 2048 547 claudi
2094 479 2096 481 b

469 583 726 654 praecepit
752 583 981 648 ostium,
1024 581 1283 652 iussoque
1324 583 1624 637 consistere
1672 582 1791 637 loco
1831 581 2052 636 cellera-

468 676 608 729 rium
633 691 648 740 ;
679 674 796 745 ipse
819 689 948 733 vero
979 675 1046 728 ad
1075 674 1303 727 alteram
1329 674 1594 729 accedens
1621 673 1765 728 vasis
1793 673 2048 737 frontem,

468 782 630 837 super
650 767 812 834 idem,
826 766 968 836 quod
989 774 1109 821 erat
1130 781 1233 820 non
1253 766 1474 821 modica:
1494 765 1831 834 quantitatis,
1851 764 2050 821 Christi

468 843 695 913 adnotat
720 844 960 922 crucem,
986 855 1317 927 ﬂectensque
1356 872 1530 928 genua
1576 870 1734 912 secus
1767 858 2051 926 parietem,

467 949 607 1005 ctelo
635 950 883 1004 devotam
917 949 1102 1020 dirigit
1131 962 1368 1018 precem.
1394 948 1572 1018 Cepit
1601 948 1825 1011 interea,
1854 948 2052 1001 mirum

468 1040 639 1106 dictu,
677 1038 860 1093 vinum
914 1053 1011 1109 per
1056 1038 1298 1095 foramen
1347 1038 1595 1109 superius
1644 1038 1940 1101 exanclare,
1990 1052 2056 1092 ae

468 1144 632 1198 supra
688 1128 1056 1198 pavimentum
1104 1128 1442 1183 abundanter
1485 1127 1722 1183 etiluere.
1775 1127 2056 1181 Exclamat

469 1221 576 1276 hoc
618 1220 736 1275 viso
775 1219 1109 1285 Cellerarius,
1139 1228 1365 1290 stupore
1392 1218 1692 1286 perculsus.
1725 1217 1831 1272 Sed
1868 1233 1990 1271 mox
2022 1231 2054 1271 a

469 1318 662 1366 sancto
690 1309 806 1365 viro
837 1324 1140 1380 repressus,
1166 1325 1235 1365 ne
1264 1310 1317 1365 id
1342 1309 1516 1376 palam
1544 1307 1728 1373 faciat,
1758 1308 2051 1363 inhibetur.

466 1403 541 1461 At
563 1403 691 1473 quia
718 1409 828 1456 tam
871 1401 1005 1456 clari
1035 1400 1217 1455 lumen
1256 1400 1437 1469 operis
1476 1399 1698 1454 minime
1727 1398 1895 1453 valuit
1925 1398 2054 1452 abs-

469 1496 654 1564 condi,
686 1496 775 1552 ubi
799 1495 1122 1552 consobrina
1157 1511 1255 1550 sua
1276 1495 1478 1550 factum
1501 1494 1786 1563 comperit,
1810 1492 2054 1548 eamdem

468 1588 650 1642 villam
677 1586 800 1657 ipsi,
829 1598 886 1641 et
912 1585 1165 1641 Ecclesiae
1190 1585 1359 1654 ipsius
1382 1585 1646 1656 perpetim
1676 1583 2052 1655 possidendam

471 1679 711 1746 tradidit,
742 1694 807 1734 ac
835 1678 987 1750 legali
1009 1679 1130 1749 jure
1156 1677 1514 1732 confirmavit.

2157 492 2498 563 sumpsisset,
2528 492 2778 548 inhibuit.
2815 491 2940 547 Post
2988 491 3195 562 aliquot
3232 506 3362 547 vero
3389 507 3559 547 annos
3600 494 3744 548 civis

2155 585 2399 655 quidam,
2449 583 3050 650 nomine‘Fersinctns,
3092 599 3251 639 secus
3306 585 3475 654 ipsam
3520 597 3742 658 portam

2154 690 2526 742 commaticus,
2557 675 2851 730 maceriem
2878 689 2982 746 qua
3012 677 3199 731 eadem
3223 686 3389 746 porta"
3418 675 3595 732 fuerat
3637 676 3740 733 ab-

2154 773 2379 828 structa,
2413 775 2465 819 ut
2507 780 2619 820 sua:
2648 765 2839 820 dumtts
2878 766 3005 820 hinc
3049 762 3269 832 cjiceret
3316 768 3533 831 rudera,
3563 766 3744 838 perfo-

2160 857 2322 909 ravit.
2353 854 2459 910 Sed
2487 871 2609 911 mox
2635 855 2767 910 ultio
2790 862 2938 911 tanta
2966 854 3139 910 fertur
3165 854 3281 924 ejus
3307 857 3587 912 audaciam
3615 874 3747 912 con-

2154 956 2358 1011 secuta,
2391 954 2450 1000 ut
2474 962 2580 1001 non
2605 961 2795 1016 pecus,
2815 961 2916 1002 nec
2941 948 3123 1012 homo,
3148 947 3300 1003 clade
3325 949 3752 1019 superveniente

2154 1037 2209 1093 in
2242 1039 2484 1092 eamdem
2512 1040 2832 1093 remanserit
2855 1038 3036 1094 domo.

2225 1127 2479 1194 Qnmdam
2502 1127 2674 1197 puella
2701 1127 2976 1197 praeclaris
2995 1129 3061 1182 ab
3083 1128 3217 1184 urbe
3244 1125 3438 1182 Tolosa
3469 1127 3748 1185 natalibus

2153 1228 2297 1284 orta,
2343 1219 2563 1290 maligni
2622 1219 2847 1290 spiritus
2881 1221 2951 1274 ab
3009 1218 3235 1275 infantia
3279 1221 3563 1275 tenebatur
3601 1220 3751 1275 obsi-

2154 1311 2315 1365 dione
2361 1311 2595 1380 captiva.
2638 1309 2812 1376 Quam
2853 1323 2977 1365 cum
3018 1317 3207 1365 tenero
3243 1311 3518 1381 genitores
3555 1322 3751 1364 amore

2154 1401 2462 1470 diligerent.
2493 1399 2559 1454 ad
2598 1399 2907 1470 sepulcrum
2953 1400 3125 1455 sancti
3157 1398 3307 1454 Petri
3356 1398 3583 1469 apostoli
3612 1414 3746 1455 ctua

2154 1507 2348 1562 magna
2378 1492 2666 1547 devmione
2704 1491 2996 1545 duxerunt.
3027 1489 3085 1543 lu
3114 1489 3318 1546 eisdem
3350 1505 3585 1561 namque
3609 1505 3749 1561 par-

2138 1583 2300 1651 tibus
2338 1582 2576 1637 enitebat
2623 1591 2753 1636 tunc
2798 1581 2999 1635 virtute
3037 1581 3363 1636 venerabilis
3395 1582 3751 1654 Benedictus,

2156 1675 2405 1744 plurimis
2434 1673 2696 1744 effulgens
2724 1672 3035 1727 virtutibus.
3066 1672 3238 1742 Cujus
3262 1681 3538 1743 comperta
3574 1671 3749 1735 fama,

542 1770 679 1835 Huic
720 1748 910 1825 simile
942 1748 1109 1824 ferme
1146 1768 1465 1823 miraculum
1512 1766 1581 1821 ab
1615 1768 1804 1821 eodem
1852 1767 2050 1822 domno
2083 1761 2126 1819 Β
2156 1765 2346 1836 puellae
2396 1774 2647 1835 patentes
2690 1748 2829 1818 hanc
2858 1764 2923 1817 ad
2963 1765 3213 1819 eumdem
3258 1763 3555 1834 perducere
3596 1772 3754 1831 sata:

470 1860 718 1932 Remigio
746 1860 799 1914 in
822 1860 927 1915 olei
969 1860 1141 1914 fertur
1181 1859 1392 1927 liquore
1419 1865 1711 1926 patratum.
1728 1856 1863 1911 Cum
1888 1872 2058 1926 πενο-

474 1963 560 2007 tus
585 1951 811 2020 quidam
842 1949 1060 2004 familia:
1090 1964 1195 2003 non
1230 1946 1500 2018 ignobilis,
1542 1962 1641 2001 nec
1671 1955 1849 2000 tamen
1883 1947 2057 2014 bapti-

466 2051 647 2104 zatus,
688 2055 718 2093 a
755 2047 942 2095 sancto
973 2037 1237 2109 Remigio.
1261 2052 1324 2092 se
1366 2037 1574 2091 visitari
1613 2035 1958 2106 postulasset,
2003 2046 2059 2091 et

468 2131 586 2201 jam
623 2130 766 2189 velut
808 2129 860 2185 in
892 2128 1082 2183 ultimo
1109 2128 1303 2199 spiritu
1349 2142 1408 2183 se
1434 2127 1659 2182 credere
1695 2126 1975 2192 fateretur,
2003 2134 2061 2179 et

471 2222 741 2295 baptizari
777 2219 1114 2292 deposceret,
1156 2221 1348 2275 beatus
1388 2218 1627 2291 pontifex
1666 2233 1697 2273 a
1743 2220 1965 2290 presbyt
2000 2232 2060 2274 ro

471 2312 579 2369 loci
627 2311 804 2367 oleant
868 2320 926 2366 et
969 2308 1208 2365 chrisma
1254 2310 1560 2378 requirens,
1592 2307 1814 2378 jamque
1843 2307 2060 2376 penitus

475 2403 533 2456 in
582 2399 835 2471 ampullis
880 2406 1173 2468 utrumque
1211 2396 1473 2453 defecisse
1516 2398 1859 2468 comperiens
1916 2397 2062 2469 ipsas

475 2492 744 2564 ampullas
774 2506 913 2562 pene
944 2503 1144 2547 vacuas
1172 2504 1335 2561 super
1363 2489 1537 2545 altare
1570 2490 1773 2560 posuit.
1826 2504 1893 2544 ac
1939 2505 2061 2545 sese

461 2585 531 2639 οἱιι
575 2584 821 2638 oratione
860 2583 1183 2653 prostravit.
1235 2582 1475 2653 Surgens
1505 2592 1683 2637 autem
1713 2584 1783 2636 ab
1815 2583 2061 2637 oratione

463 2674 695 2729 vascula
724 2672 879 2743 plena
917 2673 1136 2743 reperit.
1162 2680 1219 2727 et
1242 2672 1320 2727 sic
1346 2672 1618 2727 infirmum
1655 2672 1776 2727 oleo
1802 2673 2059 2727 divinitus

473 2765 603 2831 dato
620 2778 961 2835 permtgens,
987 2762 1355 2819 ecclesiastico
1380 2763 1446 2816 de
1476 2776 1628 2817 more
1660 2762 1975 2831 baptizavit,
2005 2771 2061 2817 et

457 2856 771 2926 fchrismate
816 2852 1039 2931 caelitus
1080 2852 1279 2908 collato
1306 2850 1513 2931 linivit,‘
1563 2851 1875 2921 redditaque
1917 2851 2060 2906 sani-

456 2955 611 3023 ‘tate,
644 2954 754 3002 tam
783 2944 978 3002 animae
1014 2943 1192 3000 salute
1218 2957 1379 3013 quam
1407 2942 1655 3013 corporis
1689 2940 2059 2998 incolumitate

460 3037 716 3093 donavit.

2160 1867 2312 1929 gunt,
2345 1857 2437 1925 qui
2484 1856 2665 1911 multis
2697 1853 2922 1925 jejuniis
2964 1862 3020 1909 et
3046 1854 3382 1909 orationibus
3428 1868 3539 1923 pro
3574 1853 3756 1922 ipsius

2160 1946 2543 2001 emundatione
2578 1946 2849 2011 laborans,
2883 1958 3008 1999 cum
3038 1944 3139 1998 diri
3188 1944 3461 2014 serpentis
3496 1944 3644 1997 virus
3676 1945 3754 1997 ab

2159 2047 2222 2087 ea
2261 2048 2367 2087 non
2414 2033 2670 2087 valuisset
2714 2032 2929 2102 ejicere,
2961 2033 3063 2088 hoc
3094 2042 3301 2086 tantum
3347 2032 3612 2103 responsi,
3649 2048 3754 2085 no-

2162 2125 2323 2180 minis
2349 2124 2515 2179 divini
2545 2124 2935 2188 obtestatione,
2961 2123 3029 2177 ab
3057 2123 3281 2193 antiquo
3301 2132 3626 2192 extorquere
3649 2136 3755 2192 po—

2162 2218 2266 2270 tuit
2301 2215 2475 2280 hoste,
2522 2214 2667 2283 quod
2698 2227 2971 2283 nunquam
3002 2213 3223 2266 alterius
3252 2214 3318 2266 de
3366 2214 3555 2267 eodem
3585 2212 3752 2268 habi—

2163 2309 2358 2372 taculu,
2409 2308 2511 2362 nisi
2540 2306 2697 2375 hujus
2727 2305 3026 2361 beatissimi
3056 2304 3288 2374 Remigii
3325 2304 3595 2374 pontiﬁcis
3621 2320 3755 2359 ora-

2161 2401 2397 2456 tionibus
2442 2407 2628 2471 posset
2672 2398 2889 2468 expelli.
2939 2397 3092 2451 'l‘unc
3140 2405 3392 2466 parentes
3434 2395 3590 2466 ejus,
3631 2405 3752 2451 tatis

2162 2491 2329 2561 ipsius
2359 2490 2499 2546 beati
2531 2488 2828 2553 Benedicti,
2855 2503 3017 2557 quam
3051 2487 3214 2541 etiam
3251 2484 3552 2545 Gothorum
3600 2487 3755 2555 regis

2148 2584 2358 2641 'Alarici
2417 2581 2670 2638 affatibus
2715 2580 3031 2650 snil'ragati,
3078 2594 3377 2647 eormnqtte
3425 2577 3624 2632 litteris
3677 2577 3755 2631 ad

2159 2675 2376 2730 beatum
2427 2673 2732 2743 Retniginm
2782 2673 2942 2737 datis,
3020 2681 3081 2726 ut
3131 2673 3382 2736 traditur,
3457 2671 3628 2736 freti,
3678 2672 3755 2727 ad

2158 2766 2413 2820 eutndum
2468 2773 2715 2820 sanctum
2765 2763 3064 2817 antistitem
3110 2778 3237 2818 cum
3266 2762 3513 2817 devincta
3558 2763 3758 2817 sobole

2158 2863 2537 2927 pervenerunt,
2586 2854 2837 2909 virtutem
2882 2853 3236 2924 deprecantes
3282 2851 3399 2921 ejus
3438 2852 3491 2906 in
3540 2867 3752 2927 purga-

2159 2947 2304 3002 tione
2328 2944 2497 3016 prolis
2520 2957 2833 3015 agnoscere,
2865 2959 3031 3014 quam
3063 2943 3292 2998 latronis
3309 2941 3423 3011 jam
3451 2944 3750 3013 praes’cive-

2162 3046 2284 3093 rant
2335 3035 2697 3092 confessione.
2742 3035 2814 3090 At
2863 3035 3212 3090 beatissimus
3262 3035 3558 3106 ltelnigius,
3616 3051 3747 3091 cum

540 3126 780 3185 lluntani
810 3125 1041 3197 denique
1057 3126 1287 3197 generis
1316 3125 1511 3190 hostis,
1541 3122 1829 3183 ostendere
1865 3123 2059 3194 ueqni-
2088 3111 2131 3174 C
2165 3129 2416 3184 diuturna
2451 3127 2805 3182 reluctatione
2839 3140 2899 3182 se
2932 3141 3037 3181 non
3066 3141 3185 3182 esse
3212 3127 3430 3196 digutnn
3471 3135 3750 3184 assereret

472 3220 609 3291 tiam
640 3233 748 3275 non
778 3218 1045 3275 desistens
1076 3235 1187 3274 sua:
1227 3218 1602 3290 malignitatis,
1629 3218 1815 3275 urbem
1858 3216 2057 3273 [lenm-

478 3324 626 3375 rum,
664 3307 1011 3382 surgentibus
1054 3294 1393 3365 ilammarum
1418 3308 1596 3365 subito
1622 3307 1819 3379 globis,
1847 3307 2059 3364 immis-

478 3398 635 3474 sione
679 3400 800 3457 dira
826 3400 1168 3467 succendit,
1213 3400 1529 3471 crudelique
1573 3401 1898 3465 vastatione,
1945 3398 2057 3469 jam

455 3500 689 3561 'partem
738 3491 854 3547 fere
892 3491 1108 3546 tertiam
1157 3491 1521 3547 concrematio
1548 3499 1768 3567 peracta
1805 3505 2062 3546 consum»

477 3588 663 3654 pserat
687 3597 704 3647 ;
731 3588 790 3635 et
821 3579 1269 3651 quod‘residuum
1298 3589 1416 3636 erat
1444 3582 1637 3636 victrix
1662 3580 1882 3637 ﬂamma
1924 3580 2058 3635 lam-

475 3674 657 3731 bebat.
685 3673 851 3743 Cujus
877 3674 956 3730 rei
998 3673 1243 3727 nuntium
1272 3674 1465 3729 beatus
1504 3674 1732 3729 antistes
1761 3675 2055 3745 accipiens,

476 3768 544 3821 ad
580 3767 736 3822 solita
767 3779 887 3822 sese
914 3765 1126 3822 confert
1154 3765 1418 3821 orationis
1438 3765 1720 3835 praesidia,
1746 3772 1802 3820 et
1831 3765 1883 3819 in
1914 3766 2057 3821 beati

460 3855 676 3913 ‘Nicasii
717 3856 973 3927 martyris
995 3854 1239 3920 basilica,
1262 3856 1351 3911 ubi
1370 3865 1503 3911 tunc
1519 3854 1784 3925 temporis
1810 3850 2055 3911 morandi

474 3950 922 4007 consuetudinem
965 3950 1185 4011 fecerat,
1220 3947 1426 4004 Christi
1473 3957 1780 4018 prostratus
1812 3948 2059 4018 exposcit

474 4038 746 4109 sullragia.
780 4022 1129 4108 Surgensque
1160 4037 1229 4091 ab
1256 4037 1525 4100 oratione,
1554 4036 1742 4091 oculos
1763 4037 1829 4089 ad
1857 4037 2055 4092 caelum

475 4129 694 4195 attollit,
721 4136 777 4183 et
814 4126 1129 4182 exclamans
1169 4140 1290 4179 cum
1319 4125 1544 4196 gemitu,
1572 4125 1687 4179 ait:
1719 4125 1884 4189 Deus,
1914 4126 2057 4181 Deus

474 4235 650 4287 meus,
680 4220 866 4275 adesto
896 4216 1015 4272 voci
1060 4230 1212 4270 mem.
1248 4214 1453 4285 Sicque
1486 4228 1650 4268 cursu
1697 4214 1929 4280 concito,
1958 4229 2057 4284 per

472 4312 708 4385 gradus,
771 4316 895 4364 ante
944 4307 1118 4377 ipsam
1183 4304 1449 4375 lapidibus
1504 4313 1704 4360 stratos
1767 4304 2053 4359 ecclesiam

472 4398 828 4463 descendens,
880 4394 1158 4450 civitatem
1202 4393 1392 4463 petiit;
1458 4392 1512 4447 in
1556 4392 1752 4464 quibus
1788 4393 2050 4462 graduum

2162 3229 2218 3275 et
2264 3218 2568 3274 humilitate
2590 3217 2746 3273 solita
2784 3228 3127 3289 repugnaret,
3154 3218 3406 3287 precibus
3435 3226 3517 3273 est
3558 3220 3748 3289 populi

2161 3310 2513 3382 supplicantis
2546 3310 2776 3374 evictus,
2816 3317 2877 3364 ιιι
2907 3309 3209 3364 orationem
3258 3324 3356 3380 pro
3390 3310 3506 3381 ipsa
3551 3302 3763 3366 funde;3

2160 3413 2259 3466 ret,
2290 3419 2357 3458 ac
2382 3412 2663 3473 parentum
2692 3400 2946 3473 lacrymis
2970 3399 3301 3457 condoleret.
3330 3400 3532 3458 Meritis
3562 3402 3750 3472 itaque
3814 3427 3830 3439 ο

2159 3495 2463 3550 sanctitatis
2497 3504 2762 3558 armatus,
2798 3492 2946 3546 verbi
2972 3493 3225 3562 praecepit
3253 3491 3502 3563 imperio,
3542 3507 3605 3549 ut
3637 3495 3748 3549 ini—

2159 3603 2299 3659 quus
2336 3589 2516 3658 praedo
2555 3603 2651 3658 per
2696 3586 2838 3658 quod
2884 3587 3160 3658 ingressus
3206 3584 3384 3642 fuerat
3434 3585 3742 3651 discedens,

2158 3677 2358 3732 Christi
2400 3675 2658 3731 famulam
2690 3674 2977 3731 relaxaret.
3026 3675 3225 3745 Sicque
3269 3690 3391 3730 cum
3437 3675 3606 3732 nimio
3648 3691 3745 3730 vo-

2159 3769 2293 3824 mitu
2332 3778 2389 3823 et
2427 3769 2663 3823 obsceno
2704 3769 2918 3833 faetore,
2958 3781 3055 3837 per
3094 3781 3157 3823 os
3198 3782 3305 3837 quo
3348 3766 3525 3821 fuerat
3575 3766 3745 3822 intro-

2161 3861 2381 3924 missus,
2411 3859 2692 3915 abscessit.
2727 3859 2832 3913 Sed
2870 3858 3028 3927 Iaulo
3064 3867 3205 3929 post,
3254 3852 3536 3913 recedente
3568 3859 3747 3928 ponti-

2158 3951 2283 4015 fice,
2325 3951 2452 4004 dum
2496 3948 2666 4003 nimio
2702 3948 2887 4002 labore
2937 3947 3078 4001 fessa
3129 3944 3364 4012 nutaret,
3394 3947 3514 4001 vitae
3558 3946 3744 4002 calore

2158 4042 2388 4111 privata,
2420 4041 2668 4109 spiritum
2712 4039 2927 4093 vitalem
2960 4039 3160 4093 amisit.
3208 4037 3426 4092 lteratis
3463 4052 3595 4108 ergo
3622 4053 3742 4108 prc-

2156 4131 2345 4196 cibus,
2397 4130 2553 4185 turba
2600 4129 2998 4199 supplicantem
3053 4129 3288 4183 recurrit
3332 4129 3401 4184 ad
3448 4129 3737 4183 medicum.

2158 4221 2357 4277 Beatus
2392 4229 2572 4276 autem
2618 4220 2896 4292 Remigius
2934 4232 2992 4275 se
3039 4221 3217 4290 potius
3262 4229 3481 4277 accusat
3526 4220 3734 4276 facinus

2157 4325 2532 4385 perpetrasse,
2572 4328 2734 4384 quam
2785 4314 3035 4368 sanitatis
3082 4313 3378 4369 remedium
3430 4312 3737 4376 indulsisse.

2164 4405 2546 4473 homicidiique
2574 4418 2723 4458 reum
2752 4402 3051 4467 exstitisse,
3085 4418 3187 4457 non
3222 4388 3516 4458 remedium
3552 4412 3741 4458 contu-

471 4492 761 4567 lapidibus,
799 4503 866 4544 ac
901 4487 946 4544 si
997 4502 1159 4556 supra
1208 4485 1366 4539 molle
1407 4483 1576 4540 lutum
1633 4486 1910 4555 depressa,
1958 4485 2053 4539 ho-

2160 4496 2305 4551 lissc.
2338 4470 2506 4566 Igitur
2533 4496 2598 4548 ad
2633 4493 2809 4550 sancti
2837 4493 3063 4549 Joannis
3093 4493 3390 4556 basilicam,
3423 4494 3512 4549 ubi
3539 4508 3737 4564 corpus

470 4585 689 4658 dieque,
717 4583 786 4639 ad
835 4577 1152 4637 memoriam
1203 4575 1369 4631 divini
1402 4575 1694 4639 miraculi,
1721 4576 1933 4647 signata
1972 4574 2055 4629 vi-

470 4685 664 4732 suntur
686 4672 935 4743 vestigia.
965 4670 1252 4741 Celerique
1298 4664 1647 4726 festinatione
1683 4665 2053 4741 deproperant:

448 4778 530 4819 ‘se
572 4762 804 4817 ﬂammis
852 4760 1073 4831 objecit,
1119 4760 1434 4829 statimque,
1483 4767 1545 4814 ut
1590 4767 1814 4817 extensa
1862 4768 2050 4815 contra

450 4858 650 4926 ignem
707 4854 930 4908 dextera
958 4892 973 4918 ,
1041 4852 1254 4923 signum
1300 4852 1481 4907 crucis
1526 4868 1651 4908 cum
1710 4853 2051 4909 invocatione

466 4945 673 5002 Christi
710 4945 943 5000 nominis
970 4944 1159 5010 edidit,
1198 4953 1367 4999 totum
1394 4944 1538 5000 «illud
1571 4945 1912 5011 incendium,
1942 4944 2052 4999 fra-

468 5049 559 5094 cla
596 5046 652 5094 et
685 5038 739 5093 in
769 5052 888 5093 sese
921 5037 1082 5093 relisa
1109 5037 1333 5103 virtute,
1358 5038 1579 5105 cedére,
1604 5048 1769 5109 atque
1795 5049 1920 5095 ante
1946 5041 2051 5096 viri

450 5129 565 5185 -Dei
609 5129 952 5201 praesentiam
992 5128 1148 5198 quasi
1193 5128 1379 5200 fugere
1410 5130 1608 5201 coepit.
1656 5131 1810 5198 Quod
1859 5132 2053 5188 beatus

466 5220 750 5291 Remigius
780 5212 1091 5290 insequens,
1122 5228 1179 5274 et
1217 5235 1277 5278 se
1326 5221 1470 5277 inter
1508 5223 1686 5294 ignem
1712 5234 1781 5280 et
1823 5238 1889 5281 ea
1928 5239 2052 5297 qua:

467 5310 647 5364 adhuc
699 5310 1025 5366 videbantur
1072 5310 1273 5368 intacta
1305 5353 1321 5379 ,
1368 5328 1490 5369 cum
1522 5304 1697 5386 signo
1741 5317 2050 5373 sanctitatis

2154 4586 2369 4658 jacehat
2408 4586 2675 4651 exanime,
2718 4584 2899 4656 populi
2940 4586 3196 4641 obtentus
3230 4585 3608 4655 deprecatione
3657 4602 3738 4642 re—

2157 4678 2423 4756 greditur,
2460 4676 2640 4753 ibique
2682 4693 2807 4740 cum
2855 4677 3110 4752 lacrymis
3148 4677 3214 4736 ad
3260 4678 3566 4753 pavimenta
3615 4662 3736 4734 san;

2157 4782 2366 4830 ctorum
2397 4773 2452 4828 in
2479 4774 2724 4829 oratione
2762 4782 3145 4843 prostrrmtur,
3185 4782 3241 4828 et
3287 4772 3524 4842 reliquos
3557 4782 3614 4827 ut
3665 4772 3736 4824 ita

2157 4863 2397 4920 facerent
2422 4865 2760 4920 adhortatur.
2794 4863 2929 4919 llinc
2966 4864 3137 4919 ell‘uso
3178 4863 3535 4935 lacrymarum
3566 4862 3736 4919 imbre

2154 4972 2511 5027 consurgens,
2543 4957 2826 5011 suscitavit
2854 4964 3146 5024 mortuam,
3178 4972 3339 5028 quam
3367 4957 3519 5028 prius
3541 4971 3735 5027 purga-

2155 5055 2240 5101 rat
2266 5047 2562 5102 obsessam.
2593 5044 2723 5113 Quae
2751 5047 3013 5116 protinus,
3048 5048 3382 5118 apprehensa
3414 5063 3575 5102 manu
3605 5062 3734 5118 pon—

2154 5135 2347 5199 tilicis,
2393 5149 2516 5189 cum
2560 5135 2769 5204 integra
2822 5135 3192 5191 incolumitate
3240 5137 3512 5205 surrexit,
3558 5145 3615 5193 et
3664 5136 3731 5192 ad

2152 5228 2366 5300 propria
2396 5228 2625 5284 feliciter
2652 5230 2929 5285 remeavit.

2225 5319 2390 5390 Cujus
2428 5334 2556 5374 vero
2596 5320 2876 5385 doctrinae,
2914 5321 3068 5392 cujus
3105 5322 3411 5380 sanctitatis
3438 5334 3603 5392 atque
3646 5340 3730 5381 sa-
