3974 5392
162 446 232 507 ω

753 448 1099 507 ΠΙΞΤΟΠΙᾸΞ
1138 449 1497 507 ECCLESM‘Z
1540 446 1798 506 llEllENE

1926 448 2105 505 Ltsnt
2142 450 2502 520 cuneos.
2544 485 2609 494 —
2649 453 2779 509 me.
2818 454 2859 510 ι.
3381 432 3453 507 τιό

168 581 268 635 νηρι-
318 580 454 619 eum
504 563 575 619 ad
620 564 778 619 fidem
827 564 1031 621 Cbristi
1075 579 1359 631 conversa,
1406 573 1464 620 et
1506 560 1761 633 baptismi
1790 553 1835 602 Α
1864 558 1952 616 hic
1990 558 2153 616 Pater
2174 576 2240 616 ac
2264 570 2448 631 pastor
2486 562 2661 618 almus
2686 561 2977 629 exstiterit,
3005 556 3167 633 quam
3201 552 3374 618 ﬁdelis
3397 548 3452 617 et

168 652 618 708 structitieatione
652 663 989 709 consectata.
1030 653 1321 709 'l‘estautnr
1368 653 1586 707 diversa
1638 665 1766 721 pru-

172 742 501 799 dentissime
537 743 606 798 ab
649 744 769 813 ipso
797 753 907 798 tam
948 744 1088 799 facta
1114 759 1278 814 quam
1317 743 1629 813 praedicata.
1661 740 1767 796 Te-

174 843 399 888 stautur
426 832 655 889 diversa:
689 834 860 904 ipsius
889 850 1130 904 persona:
1162 833 1441 905 temporis,
1476 847 1545 887 ex
1575 830 1773 900 quibus

174 921 419 988 Sidonii,
455 924 825 979 Arvernorum
856 925 1117 995 episcopi,
1161 923 1260 978 viri
1304 920 1679 983 eruditissimi,
1717 928 1774 974 et

175 1023 288 1069 tam
318 1028 526 1086 genere
556 1031 719 1086 quam
763 1016 1018 1089 religione
1058 1032 1123 1073 ac
1169 1031 1421 1071 sermone
1460 1012 1772 1077 clarissimi,

182 1106 474 1176 epistolam
516 1108 644 1163 huic
686 1107 998 1163 beatissimo
1039 1108 1277 1179 pontiﬁci
1319 1107 1582 1163 directam
1632 1106 1781 1161 inse-

181 1215 307 1256 tere
330 1200 541 1269 placuit
564 1199 782 1272 (Sanos.
814 1199 1095 1263 Areum,
1123 1199 1216 1253 lib.
1244 1215 1325 1263 rx,
1351 1200 1501 1269 epist.
1529 1197 1583 1268 7)
1614 1214 1631 1251 :

254 1309 279 1342 ς
330 1289 633 1356 SIDONIUS,
699 1306 882 1347 nouae
946 1305 1094 1347 pars
1156 1289 1433 1355 Βειιωο,
1508 1299 1773 1342 sswrsu.

188 1382 421 1449 Quidam
449 1382 520 1436 ab
547 1383 810 1439 Arvernis
845 1382 1113 1453 Belgicam
1137 1393 1329 1453 petens
1354 1382 1610 1452 (persona
1646 1377 1779 1433 mibi

185 1473 409 1540 cognita
450 1482 557 1538 est,
595 1488 760 1528 causa
790 1473 1086 1544 incognita,
1133 1488 1237 1529 nec
1263 1470 1470 1541 refert),
1496 1478 1780 1539 postquam

190 1561 394 1618 Remos
438 1564 760 1629 advenerat,
802 1563 1036 1619 scribam
1069 1571 1221 1618 tuum
1251 1563 1367 1617 sive
1412 1558 1779 1631 bibliopolam,

190 1654 367 1722 pretio
408 1651 527 1709 fors
554 1651 670 1707 fuat
707 1649 950 1708 otllciove
993 1652 1339 1717 demeritum,
1383 1648 1782 1722 cepiosissimo,

195 1742 324 1798 velis
348 1742 515 1810 nolis,
541 1744 997 1801 declamationum
1026 1753 1239 1798 tuarum
1268 1741 1490 1798 schedio
1514 1736 1782 1795 emunxit.

1868 650 2109 719 prudens
2139 650 2197 706 in
2228 652 2500 721 eroganda
2552 652 2765 708 Domini
2810 654 2892 708 sui
2935 654 3160 725 pecunia
3200 640 3453 725 viguerit;

1870 740 2226 809 Francorum,
2254 752 2313 798 ut
2336 743 2687 815 praetulintus,
2712 746 2781 800 ab
2807 745 2962 799 idolis
2982 746 3048 800 ad
3076 744 3243 799 Deum
3270 759 3455 799 verum

1872 832 2017 891 facta
2049 850 2146 905 per
2190 835 2362 905 ipsum
2405 840 2602 909 probat
2646 838 2953 902 conversio,
2981 838 3072 907 qui
3113 836 3346 893 Gallicas
3391 849 3459 890 eo

1874 934 2118 995 tempore
2163 926 2392 982 transito
2437 927 2625 983 lllteno
2654 927 3088 998 depredabantur
3128 927 3457 997 provincias;

1874 1025 1929 1072 et
1961 1016 2313 1087 Agrippinam
2334 1016 2444 1085 jam
2470 1017 2769 1084 Coloniam,
2795 1018 3059 1089 quasdam
3084 1030 3299 1087 quoque
3328 1016 3463 1070 alias

1876 1118 2274 1177 occupaverant
2329 1107 2518 1165 Gallia
2575 1110 2844 1165 civitates.
2893 1110 2964 1165 At
3026 1117 3312 1180 postquam
3367 1122 3463 1162 rex

1880 1197 2120 1268 ipsorum
2148 1197 2453 1254 Clodoveus
2487 1198 2778 1270 Siagrium,
2827 1200 3131 1255 Romanum
3174 1198 3465 1269 quemdam

1880 1289 2201 1360 principem,
2253 1291 2345 1361 qui
2394 1290 2586 1347 Galliis
2626 1300 2754 1348 tunc
2795 1300 3051 1362 pulserat,
3098 1291 3263 1348 evicit
3305 1296 3468 1360 atque

1882 1382 2134 1451 peremit,
2154 1383 2301 1437 omni
2325 1398 2462 1453 pene
2477 1382 2669 1439 Galliae
2686 1385 2951 1440 dominari
2970 1385 3155 1456 capit.
3178 1385 3470 1453 Comperta

1882 1473 2183 1529 beatissimi
2238 1483 2511 1545 gestorum
2559 1474 2700 1530 fama
2756 1476 3016 1546 Remigii,
3070 1476 3216 1547 quod
3265 1474 3473 1530 scilicet

1884 1563 2119 1620 eniteret
2165 1564 2364 1621 virtute
2408 1566 2716 1621 sanctitatis
2744 1580 2810 1622 ac
2842 1566 3140 1635 sapientiae,
3192 1564 3475 1621 miraculo-

1888 1669 2008 1711 rum
2056 1655 2346 1725 przeclarus
2389 1656 2755 1723 exhibitione,
2810 1658 3163 1713 reverebatur
3209 1671 3369 1719 eum,
3420 1662 3474 1709 ε’

1887 1748 2013 1806 licet
2059 1765 2324 1820 paganus,
2350 1751 2607 1822 diligebat
2633 1759 2813 1806 tamen
2850 1751 3025 1806 illam.
3057 1750 3175 1818 Quo
3201 1746 3475 1820 quondam

193 1835 294 1904 Qui
327 1836 505 1891 redux
545 1835 705 1892 nobis
730 1844 892 1907 atque
914 1835 1116 1905 oppido
1152 1833 1542 1907 gloriabundus
1565 1832 1786 1902 (quippe

1900 1855 2050 1897 secus
2084 1841 2274 1897 urbem
2312 1839 2607 1896 Remorum
2645 1841 2933 1897 transitum
2966 1839 3216 1903 faciente,
3249 1839 3475 1909 quibus—

192 1891 471 1997 perceptis
514 1935 597 1983 tot
646 1891 1426 1997 voluminibuslquzecunque
1487 1891 1785 1987 ἀοίιὴοέεἱι,

1900 1891 2048 1987 ἐξεῖιῖ
2075 1891 3478 2002 satis...'25:..‘;,.;.'a;.i;";t;i.g;"gains.‘vi...

197 2032 522 2087 quanquam
564 2018 799 2073 mercari
844 2018 1084 2089 paratis,
1129 2017 1274 2088 quod
1318 2015 1478 2080 civis.
1526 2027 1628 2070 nec
1672 2020 1794 2069 erat
1894 2020 2099 2077 mensis
2143 2020 2397 2077 Ecclesia:
2441 2035 2572 2077 vasa
2612 2020 2941 2077 referuntur.
2991 2018 3067 2074 Ea
3106 2018 3249 2074 inter
3285 2030 3481 2072 urceus

200 2108 488 2178 adustum,
522 2125 622 2181 pro
652 2123 872 2165 munere
895 2108 1142 2181 ingessit.
1166 2108 1324 2164 Cum
1350 2106 1481 2162 mihi
1506 2120 1538 2162 e
1565 2104 1794 2176 vestigio
1893 2114 2061 2171 etiam
2106 2129 2334 2186 magna;
2373 2123 2685 2182 argenteus,
2724 2121 2786 2169 et
2830 2112 3029 2168 decora
3080 2108 3481 2181 pulchr-innima

205 2200 323 2263 fuit,
366 2198 565 2269 bisque
603 2200 697 2269 qui
733 2200 971 2261 student,
1000 2215 1123 2254 cum
1167 2198 1364 2253 merito
1391 2196 1793 2259 lecturiremus.
1895 2213 2162 2275 comptus,
2200 2220 2301 2274 pro
2338 2220 2448 2274 quo
2484 2205 2684 2261 beatus
2710 2202 2990 2274 Remigius
3024 2202 3230 2273 legatos
3259 2199 3326 2255 ad
3352 2196 3481 2254 eum

203 2288 441 2359 plurima
486 2297 696 2353 tenere,
746 2297 940 2344 cuncta
980 2288 1363 2343 transcribere.
1410 2285 1667 2341 Oninium
1709 2302 1796 2342 as-

206 2395 369 2435 sensu
406 2380 816 2449 pronuntiatum
864 2395 1066 2450 paucos
1100 2395 1244 2436 nunc
1287 2395 1447 2450 posse
1483 2380 1684 2436 similia
1712 2379 1797 2435 di-

208 2478 380 2531 ctare.
415 2470 632 2531 Etenim
673 2487 829 2527 rarus
878 2481 976 2527 aut
1005 2471 1186 2527 nullus
1211 2481 1313 2533 est.
1344 2472 1429 2527 cui
1473 2472 1799 2527 meditaturo

208 2577 309 2631 par
330 2560 551 2618 assistat
574 2555 856 2632 disposiiio
874 2576 971 2632 per
997 2576 1214 2627 causas,
1236 2562 1432 2632 positio
1453 2577 1548 2629 per
1565 2561 1800 2629 litteras,

210 2651 538 2723 compositio
589 2668 689 2723 per
734 2652 989 2725 syllabas.
1038 2653 1121 2710 Ad
1168 2653 1273 2709 hoc
1320 2656 1703 2724 opportunitas
1745 2652 1803 2708 in

213 2745 503 2815 exemplis,
546 2745 680 2802 ﬁdes
720 2746 779 2802 in
826 2746 1177 2812 testimoniis,
1216 2747 1530 2816 proprietas
1579 2747 1634 2802 in
1681 2747 1803 2817 epi-

221 2838 407 2905 thetis,
450 2838 737 2895 urbanitas
781 2839 834 2898 in
884 2839 1092 2911 figuris,
1142 2840 1315 2895 virtus
1359 2840 1411 2894 in
1448 2839 1801 2911 argumentis,

215 2930 429 3001 pondus
474 2930 529 2985 in
566 2931 851 2996 sensibus,
899 2930 1098 2988 nomen
1147 2932 1201 2986 in
1250 2932 1462 2996 verbis,
1504 2931 1705 2987 fulmen
1752 2932 1805 2988 in

214 3022 499 3078 clausulis.
540 3022 825 3078 Structura
872 3038 1002 3078 vero
1047 3023 1205 3080 fortis
1249 3034 1306 3081 et
1346 3026 1526 3088 lirrna,
1575 3026 1805 3095 conjun-

215 3114 604 3182 ctionumque,
657 3113 1055 3184 perfacetarum
1109 3129 1262 3170 nexa
1292 3117 1517 3171 causaris
1554 3116 1813 3172 insolubi-

217 3204 379 3260 libus.
410 3202 523 3262 εδδ
553 3219 652 3260 nec
682 3203 810 3259 hinc
839 3204 1017 3259 minus
1043 3205 1248 3261 lubrica
1286 3215 1339 3259 et
1371 3205 1505 3262 levis
1525 3204 1587 3278 [i.
1624 3206 1807 3279 lenis],

217 3314 282 3353 ac
302 3296 765 3367 modisomnibus
784 3297 1108 3353 erotundata
1135 3314 1149 3351 :
1190 3312 1421 3368 quaeque
1461 3272 1682 3353 lectoris
1710 3272 1811 3352 lin-
1835 3272 1882 3336 (ἶ

221 3405 376 3459 gnam
416 3388 740 3446 inoffensam
788 3390 1044 3447 decenter
1074 3389 1344 3460 expediat,
1394 3403 1462 3445 ne
1503 3390 1821 3447 salebrosas

221 3497 375 3549 passa
406 3480 715 3552 iuncturas,
764 3495 860 3549 per
896 3495 1166 3537 cameram
1210 3479 1375 3550 palati
1414 3480 1651 3537 volutata
1698 3479 1812 3539 bal-

220 3572 414 3627 butiat.
450 3570 587 3627 Tota
619 3571 853 3641 denique
882 3571 1080 3642 liquida
1109 3587 1332 3643 prorsus
1365 3580 1421 3626 et
1445 3571 1684 3636 ductilis,
1715 3585 1809 3628 ve-

218 3660 312 3714 luti
341 3677 468 3714 cum
501 3660 845 3731 crystallinas
878 3670 1112 3725 crustas,
1156 3669 1250 3716 aut
1293 3660 1671 3732 onycltintinas
1704 3677 1812 3716 non

221 3753 457 3822 impacto
483 3753 723 3824 dignitas
757 3768 934 3824 ungue
968 3752 1300 3824 perlabitur:
1340 3752 1540 3823 quippe
1582 3752 1629 3808 si
1678 3750 1814 3807 nillil

218 3863 338 3902 eum
371 3844 594 3901 rimosis
627 3844 875 3901 obicibus
902 3854 1192 3915 exceptum
1224 3854 1382 3900 tenax
1402 3843 1609 3900 factura
1635 3842 1810 3918 [θήρ.

223 3938 277 3998 ἱ..
306 3934 577 4008 fractura]
616 3944 939 3991 remoretur.
969 3935 1108 4003 Quid
1141 3933 1339 4005 plura?
1367 3948 1473 3989 non
1521 3941 1701 3990 exstat
1746 3930 1814 3986 ad

223 4042 463 4098 praesens
504 4026 615 4082 vivi
644 4026 880 4081 hominis
904 4026 1101 4089 oratio,
1129 4039 1294 4095 quam
1322 4022 1516 4093 peritia
1562 4030 1657 4076 tua
1706 4035 1814 4074 non

226 4118 335 4172 sine
371 4117 566 4171 labore
600 4114 904 4187 transgredi
948 4123 1110 4186 queat
1152 4128 1217 4169 ac
1253 4112 1636 4184 supervadere.
1662 4109 1818 4166 Unde

228 4221 387 4278 prope
439 4206 728 4276 suspicor,
792 4206 989 4260 domne
1038 4218 1214 4274 papa,
1267 4211 1488 4274 propter
1541 4201 1816 4271 eloquium

229 4299 506 4359 exululans
530 4308 701 4371 atque
737 4296 1007 4353 ineffabile
1036 4296 1217 4368 (venia
1247 4296 1318 4351 sit
1342 4294 1512 4364 dicto)
1542 4303 1594 4350 te
1623 4308 1817 4365 super-

231 4388 359 4443 bire.
393 4389 504 4444 Sed
535 4389 662 4444 licet
690 4389 833 4443 bono
860 4387 1087 4457 fulgeas,
1134 4396 1194 4441 ut
1229 4386 1598 4449 conscientize,
1636 4385 1715 4440 sic
1737 4384 1821 4439 di-

232 4481 426 4537 ctionis
453 4478 903 4543 ordinatissimae;
930 4494 1028 4534 nos
1052 4486 1233 4534 tamen
1263 4476 1357 4532 tibi
1388 4476 1612 4531 minime
1632 4489 1822 4531 sumus

236 4572 552 4645 refugiendi,
605 4573 696 4642 qui
752 4572 890 4626 bene
935 4571 1139 4641 scripta
1196 4569 1500 4635 laudamus,
1549 4568 1654 4624 etsi
1698 4567 1820 4622 lau-

1897 2292 2159 2349 direxisse
2188 2293 2450 2360 traditur,
2478 2301 2546 2348 ut
2595 2292 2744 2347 illurn
2787 2292 2978 2348 saltem
3026 2291 3270 2362 recipere
3306 2298 3485 2351 merc-

1899 2392 2070 2440 retur.
2099 2383 2200 2437 Ast
2224 2383 2313 2438 ubi
2336 2383 2402 2438 ad
2431 2383 2607 2438 locum
2634 2381 2917 2438 divisionis
2939 2381 3016 2451 (ll
3039 2380 3235 2451 praeda:
3260 2387 3481 2433 ventum

1895 2487 2003 2543 est,
2036 2486 2191 2548 rogat
2225 2491 2318 2533 rex
2358 2478 2559 2533 milites
2593 2492 2743 2542 suos,
2780 2486 2838 2530 ut
2878 2477 3051 2546 ipsum
3099 2473 3202 2529 sibi
3246 2472 3377 2527 dare
3413 2476 3484 2525 n‘o

1903 2575 2136 2622 renuant
2163 2581 2405 2623 urceum.
2452 2566 2702 2622 Pluribus
2734 2565 2900 2635 igitur
2925 2562 3287 2619 annuentibus
3310 2603 3324 2628 ,
3373 2559 3486 2631 qui-

1903 2656 2028 2712 dam
2052 2656 2304 2714 Francus
2330 2656 2548 2727 bipenni
2579 2656 2888 2726 percutiens
2915 2666 3161 2719 urceum,
3194 2650 3331 2707 nihil
3360 2651 3499 2707 hinc

1904 2764 1938 2805 a
1982 2765 2109 2821 rege
2166 2749 2270 2805 nisi
2315 2757 2465 2804 sorte
2514 2747 2809 2804 tollendum
2855 2746 3172 2819 proclamat.
3222 2742 3480 2813 Obstupe-

1908 2840 2066 2898 factis
2094 2841 2195 2896 hac
2223 2840 2528 2897 temeritate
2550 2839 2789 2905 cmteris,
2818 2853 2912 2892 rex
2941 2837 3190 2909 injuriam
3222 2835 3486 2907 patientet

1907 2933 1977 2989 ad
2004 2941 2215 3001 tempus
2251 2930 2508 2995 tolerans,
2536 2932 2953 3001 apprehensum,
2983 2927 3231 2999 plurimis
3266 2924 3489 2983 faventi-

1908 3024 2031 3089 bus,
2056 3022 2330 3079 vasculum
2354 3021 2724 3079 ecclcsiastico
2752 3019 2983 3076 reddidit
3010 3019 3198 3083 misso,
3227 3017 3365 3074 iram
3380 3017 3490 3072 sub
3516 3016 3525 3020 ’

1909 3113 2075 3170 corde
2105 3121 2302 3169 tectam
2338 3125 2645 3167 reservans.
2671 3109 2900 3166 Peracto
2924 3107 3158 3177 denique
3185 3119 3329 3160 anno
3352 3104 3492 3159 cmi-

1911 3215 2058 3263 ctum
2084 3205 2169 3262 sui
2194 3203 2467 3261 exercitus
2493 3210 2808 3274 apparatum
2838 3199 2997 3256 solito
3022 3197 3240 3270 prodire
3257 3194 3411 3266 jubet
3439 3195 3494 3250 in

1912 3315 2185 3371 campum,
2215 3306 2274 3353 ut
2295 3312 2573 3353 armorum
2604 3295 2912 3367 speculetur
2936 3292 3003 3348 de
3032 3289 3450 3347 nterenltorem
3476 3300 3493 3341 :

1911 3405 2072 3461 quem
2094 3397 2438 3450 conventum,
2472 3402 2500 3440 a
2533 3385 2723 3447 Marte,
2757 3383 3009 3438 Martium
3038 3390 3229 3437 vocare
3250 3384 3503 3433 consue-‘

1913 3486 2129 3535 verant.
2154 3476 2272 3533 Rex
2297 3490 2427 3548 ergo
2456 3476 2748 3530 instructas
2775 3472 3105 3528 circumiens
3128 3464 3497 3538 rite-phalan-

1912 3586 2033 3643 ges,
2064 3569 2133 3627 ad
2167 3584 2290 3625 eum
2325 3568 2419 3638 qni
2468 3568 2666 3623 dudttm
2716 3569 3079 3635 percusserat;
3103 3572 3325 3615 urceum
3378 3571 3501 3627 per-

1916 3660 2085 3727 venit,
2126 3660 2434 3731 spretisque
2477 3656 2644 3727 ipsius
2687 3653 2875 3719 armis,
2923 3651 3042 3721 ejus
3092 3650 3309 3705 tandem
3358 3645 3501 3702 fran-

1913 3751 2113 3808 ciscam
2158 3748 2387 3820 proiecit
2431 3747 2486 3802 in
2535 3755 2756 3808 terram,
2811 3742 2878 3798 ad
2920 3736 3484 3812 quamreeipiendant

1915 3841 2174 3897 inclinato
2205 3838 2363 3893 militi
2392 3852 2484 3892 rex
2518 3836 2573 3890 in
2600 3842 2766 3903 caput
2792 3844 2947 3886 suam
2977 3828 3160 3900 deﬁgit
3190 3828 3494 3896 bipennem,

1915 3946 2077 4002 quam
2105 3928 2310 3998 pridem
2344 3926 2398 3980 in
2423 3939 2549 3979 vase
2578 3928 3004 3993 perpetcaverat,
3048 3931 3171 3973 cum
3211 3914 3491 3985 increpita-

1918 4021 2082 4078 tionis
2111 4017 2429 4080 acerbitate.
2458 4028 2833 4071 rememorans
2867 4008 3361 4079 praesumptionem.
3384 4005 3509 4073 Quo

1917 4110 1998 4167 sic
2026 4109 2369 4178 interempto,
2405 4106 2566 4163 timor
2586 4105 2775 4175 ingens
2802 4101 2945 4173 regis
2968 4101 3071 4156 hac
3095 4114 3258 4170 super
3277 4096 3504 4157 ultione.

1917 4210 2239 4258 ceterorum
2281 4194 2598 4268 perstringit
2638 4192 3202 4251 cordsFrancorum.
3246 4188 3317 4243 At
3357 4195 3506 4258 post-

1918 4305 2081 4363 quam
2107 4288 2409 4345 Clodoveus
2431 4284 2784 4356 Thoringiam
2812 4283 2914 4339 sibi
2947 4280 3282 4352 provinciam
3318 4276 3533 4347 subju--

1917 4385 2087 4456 gavit,
2112 4389 2169 4438 et
2196 4395 2422 4453 regnum
2450 4378 2535 4435 vel
2570 4378 2828 4433 ditionem
2858 4392 3013 4431 suam
3042 4373 3310 4438 dilatavit,
3343 4371 3508 4427 etiam

1921 4474 2253 4540 Rothilditu,
2318 4472 2484 4528 ﬁliam
2529 4470 2865 4541 Gltilperioiv,
2927 4469 3113 4524 fratris
3155 4465 3509 4523 Gundebandi

1924 4567 2363 4641 Burgundionum
2391 4565 2557 4637 regis,
2588 4566 2641 4620 in
2671 4564 3076 4620 matrimonium
3100 4561 3349 4634 sumpsit.
3378 4559 3512 4628 ch

238 4621 552 4645 --πο-νη-.
609 4621 696 4642 γ-
936 4621 1139 4641 ---τῇ
1199 4621 1499 4635 msh—VM.
2452 4621 2484 4637 υ
2544 4621 2556 4631 .
3225 4621 3240 4634 .
3391 4621 3423 4628 τ

235 4662 407 4718 danda
459 4678 564 4718 non
596 4660 910 4719 scribimus.
942 4660 1205 4729 Quocirca
1249 4659 1433 4715 desine
1464 4660 1517 4714 in
1543 4621 2048 4729 posteruchurn
2104 4668 2250 4716 esset
2290 4658 2601 4715 Christiana
2645 4665 2701 4711 et
2749 4655 2887 4712 tllios
2932 4670 3001 4711 ex
3055 4668 3182 4724 rege
3230 4660 3514 4721 susceptos

240 4765 420 4811 nostra
461 4753 738 4809 declinare
757 4750 983 4823 judicia,
1025 4766 1146 4820 qua:
1194 4749 1327 4805 nihil
1370 4750 1634 4812 mordax,
1674 4744 1815 4803 nibil
1920 4752 2249 4824 baptismate
2277 4748 2609 4814 consecrari,
2651 4746 2847 4801 marito
2889 4750 3105 4816 Quoque
3150 4741 3389 4806 nolente,
3437 4740 3516 4794 fe-

241 4857 450 4913 quoque
492 4843 774 4898 minantur
821 4840 1267 4912 increpatorium.
1297 4837 1550 4908 Alioquin
1578 4837 1626 4894 si
1648 4836 1798 4892 distu‘

1921 4845 2108 4908 cisset,
2136 4844 2304 4899 etiam
2327 4841 2506 4921 virum
2532 4838 2603 4895 ad
2624 4836 2827 4893 ChriSti
2853 4838 3011 4895 tidem
3035 4833 3333 4906 perducere
3352 4847 3518 4888 cona-

243 4932 367 4987 leris
391 4942 625 4989 nostram
656 4930 1006 4988 sterilitatem
1039 4928 1287 4993 factmdis
1317 4927 1608 4985 fecundare
1653 4926 1823 4995 collo-
1923 4934 2104 4989 batur.
2149 4932 2257 4989 Sed
2305 4930 2545 4986 animum
2591 4927 2812 4983 barbari
2860 4926 3055 4983 mulier
3082 4924 3152 4980 ad
3188 4923 3517 4981 eredcndmn

245 5022 400 5093 quiis,
431 5024 827 5096 aucupabimnr
870 5021 1136 5078 nundinas
1181 5018 1540 5085 involantum,
1589 5028 1644 5074 et
1682 5017 1824 5074 ultro
1923 5024 2141 5083 nectere
2173 5039 2280 5081 non
2311 5020 2550 5079 valebat.
2578 5019 2793 5076 Interea
2838 5020 3040 5077 bellum
3069 5015 3298 5073 Francis
3333 5015 3521 5069 adver-

248 5117 435 5174 scrinia
464 5126 574 5185 tua,
611 5114 1033 5174 conniventibus
1076 5112 1237 5171 nobis
1279 5127 1344 5169 ac
1375 5110 1820 5174 subornantibus,
1928 5136 2022 5175 sus
2048 5118 2378 5174 Atemamms
2405 5115 2627 5179 accidit,
2661 5118 2720 5166 et
2745 5110 2977 5173 Francis
3007 5109 3154 5167 ρερᾼθ
3176 5110 3365 5165 nimia
3398 5112 3524 5163 σοι’·
