3974 5392
214 337 291 400 δι
808 344 1152 404 HISTORLE
1195 349 1544 406 ECCEJ‘JSLE
1585 353 1924 410 REMENSIS
1969 357 2142 413 LIBRI
2183 360 2536 427 QUATL'OR.
2578 399 2586 404 -
2621 400 2643 404 -η
2682 371 2805 425 UB.
2848 373 2886 427 l.
3423 377 3493 432 ει

213 455 462 510 devotis.
516 453 796 510 Exercitus
843 465 1024 512 autem
1071 475 1198 529 pars
1245 476 1434 531 magna
1473 461 1804 519 Francorum
1835 449 1879 508 Α
1911 483 2045 536 pene
2073 471 2448 542 desperatum,
2505 476 2697 533 blande
2730 481 2994 536 consolari
3045 485 3279 553 satagit,
3311 485 3494 544 dolere

214 548 462 602 necdum
509 548 579 602 ad
633 548 790 602 fidem
821 548 1021 605 Christi
1067 566 1346 616 conversa,
1400 571 1521 609 cum
1569 558 1802 626 quodam

209 633 539 706 Raganario
577 638 818 706 principe
853 679 868 703 ,
919 650 1069 696 trans
1111 642 1366 697 Somnam
1403 645 1619 700 ﬂuvium
1677 658 1801 718 post

211 725 546 793 aliquandiu
569 727 622 781 in
669 728 982 784 infidelitate
1013 743 1223 786 versata
1251 743 1352 798 est,
1382 736 1554 791 donec
1575 753 1806 808 superna

203 813 554 881 disponente
604 817 794 886 gratia,
825 819 1050 887 praefato
1090 837 1218 890 rege
1270 823 1539 880 Ludovico
1560 829 1808 894 gloriosis

209 905 398 972 potito
419 905 688 971 victoriis,
724 909 863 962 idem
901 911 1235 978 Raganarius
1286 914 1609 986 ﬂagitiorum
1635 930 1810 975 secta-

211 1005 303 1048 tor
333 1012 403 1050 ac
443 999 862 1068 turpitudinum,
907 1003 1120 1059 vinctus
1149 1022 1176 1058 a
1203 1006 1427 1064 Francis
1451 1013 1678 1067 traditus
1703 1023 1807 1080 est,

209 1094 267 1138 et
320 1085 715 1156 interemptus,
761 1092 1046 1162 omnisque
1093 1095 1430 1152 Francorum
1481 1103 1709 1171 populus
1741 1105 1808 1159 ad

203 1175 424 1231 Christi
481 1182 666 1243 tidem,
722 1198 817 1250 per
857 1185 1073 1240 beatum
1131 1188 1438 1260 Ilemigium
1477 1199 1811 1254 convertitur

208 1285 274 1323 ac
303 1271 648 1340 baptizatur.
1636 1277 1643 1286 ’

813 1392 1040 1447 CAPUT
1081 1395 1214 1448 XIV.

208 1473 289 1528 De
330 1478 635 1545 possession
661 1480 752 1533 bus
794 1499 922 1551 quas
962 1488 1022 1606 ei!
1049 1505 1137 1540 rea:
1183 1488 1472 1544 Ludovicus
1515 1501 1562 1546 et
1610 1491 1809 1550 Franci

847 1568 998 1606 τυιιίιι
1024 1569 1189 1606 erum.

847 1568 1189 1611 cottlrtlerum.

191 1669 194 1671 λ
284 1636 407 1691 Rex
447 1639 644 1709 igitur,
683 1641 1126 1716 Francorumqne
1162 1659 1429 1718 potentes,
1457 1652 1719 1722 plurimas
1744 1655 1806 1710 Β.

210 1724 470 1797 Remigio
498 1734 871 1800 possessiones
897 1751 992 1804 per
1019 1737 1261 1793 diversas
1292 1743 1566 1798 contulere
1593 1745 1808 1813 provin-

1907 572 1966 612 se
1997 569 2326 628 protestatus,
2351 579 2456 618 non
2489 575 2595 620 tam
2617 568 2683 623 de
2710 580 3019 639 perpetrato
3048 572 3306 637 facinore,
3327 592 3492 644 quam

1907 651 2048 716 quod
2081 650 2167 706 ille
2192 654 2258 706 de
2290 655 2499 710 Dmniui
2540 657 2824 714 videbatur
2862 663 3192 734 benignitate
3217 665 3492 730 dillidcre,

1909 741 1993 794 cui
2026 752 2236 797 constat
2274 746 2408 800 nihil
2437 750 2580 816 quod
2615 749 2843 806 voluerit
2867 753 3230 824 impossibile:
3253 757 3342 825 qui
3375 759 3492 810 nul-

1909 830 2018 885 lutn
2051 835 2116 887 ad
2144 850 2201 889 se
2239 848 2597 895 revertentem
2630 853 2970 911 peccatorem
2995 844 3244 914 despicit,
3271 849 3363 916 qui
3394 864 3492 918 pro

1908 923 2281 990 peccatoribus
2314 927 2476 981 etiam
2505 931 2822 1001 sanguinem
2851 948 3008 986 suum
3048 932 3203 989 fudit.
3249 935 3490 990 Diversis

1908 1012 2090 1082 itaque
2118 1015 2198 1069 vir
2224 1004 2492 1088 benignus]
2511 1030 2564 1074 et
2591 1023 2828 1091 prudens
2849 1024 3062 1094 erigere
3085 1024 3293 1093 lapsura
3319 1036 3493 1081 certat

1906 1104 2200 1172 exemplis,
2247 1109 2391 1176 quod
2438 1113 2578 1180 apud
2618 1113 2784 1168 Deum
2813 1114 3021 1170 scilicet
3065 1115 3259 1182 facile,
3309 1127 3492 1173 reatus

1907 1195 2066 1263 hujus
2097 1197 2306 1252 veniam
2339 1199 2542 1256 valeret
2568 1203 2832 1267 obtinere,
2861 1205 2908 1259 si
2939 1205 3128 1277 dignos
3161 1207 3492 1275 pmnitentia:

1909 1285 2116 1340 fructus
2150 1288 2257 1342 Deo
2283 1293 2525 1346 studeret
2553 1292 2768 1349 offerre.
2799 1296 2893 1350 Sic
2919 1297 3135 1352 demum
3179 1298 3357 1368 dignis
3398 1312 3490 1352 ex.

1908 1375 2306 1434 hortationibus
2337 1382 2524 1437 indicit
2554 1385 2792 1440 animato
2821 1389 3192 1456 paenitentiam
3211 1429 3225 1453 ,
3257 1397 3492 1444 structa-

1907 1483 2012 1538 que
2043 1471 2442 1535 mansiuneula,
2468 1472 2761 1533 fenestellis
2789 1479 2970 1547 parvis
3004 1479 3336 1544 illuminata,
3368 1496 3490 1534 cum

1908 1559 2148 1613 oratorio
2192 1558 2350 1629 (quae
2377 1563 2556 1618 adlme
2583 1578 2740 1620 secus
2778 1566 3062 1622 ecclesiam
3093 1568 3265 1622 sancti
3293 1567 3494 1622 Juliani

1905 1662 2129 1702 manere
2175 1647 2452 1722 feruntur)
2484 1653 2643 1707 inea
2686 1657 3034 1725 pmnitent’em
3065 1659 3340 1715 concludit
3381 1661 3494 1730 epi-

1911 1751 2152 1808 scopum.
2191 1739 2320 1808 Ejus
2356 1757 2571 1812 quoque
2611 1762 2704 1813 per
2732 1762 2902 1802 annos
2931 1757 3138 1818 septem
3184 1751 3495 1820 gubernans

209 1819 348 1879 eius,
384 1838 450 1874 ex
477 1823 676 1891 quibus
706 1825 814 1890 ille,
859 1837 964 1881 tam
1015 1829 1354 1896 Remensem,
1385 1850 1545 1903 quam
1578 1837 1799 1906 reliqua:

1913 1829 2246 1898 parochiam.
2275 1847 2435 1888 unam
2471 1834 2655 1890 Remis
2686 1837 3039 1905 Dominicam,
3068 1840 3310 1897 Lauduni
3347 1843 3493 1897 cete:-

209 1911 505 1965 nonnullas
535 1911 782 1969 Francia
821 1917 1025 1972 dctavit
1062 1919 1181 1992 luis.
1198 1923 1249 1992 j,
1277 1923 1490 1997 ditavit]
1529 1927 1808 1983 ecclesias.

210 1999 328 2055 Non
381 2003 651 2058 modicam
702 2023 910 2063 necnon
966 2013 1274 2067 earumdem
1319 2025 1527 2084 partem
1593 2033 1808 2088 rerum,

207 2099 464 2154 ecclesia:
508 2112 712 2158 sancte
744 2106 924 2160 .‘llarim
967 2108 1209 2166 [.auduni
1252 2112 1478 2181 clavati,
1526 2117 1810 2173 Remensis

207 2191 490 2257 parochire
511 2196 701 2259 castri,
733 2196 822 2249 ubi
847 2201 1084 2256 nutritus
1112 2201 1311 2270 fuerat,
1343 2206 1562 2262 tradidit
1589 2226 1600 2262 :
1628 2210 1809 2279 ibique

206 2281 630 2352 Genebaudum,
675 2304 841 2344 carne
872 2291 1100 2348 nobilem
1132 2296 1326 2363 virt‘tm,
1382 2307 1599 2369 tamque
1636 2305 1809 2359 sacris

210 2390 374 2442 quam
400 2379 760 2437 saecularibus
789 2383 985 2439 litteris
1021 2389 1313 2454 eruditum,
1345 2393 1435 2461 qui
1471 2393 1650 2448 relicta
1683 2412 1806 2449 cou-

202 2464 358 2536 juge,
392 2471 565 2524 sancti
608 2470 859 2542 Remigii,
893 2491 991 2530 ceu
1027 2479 1280 2546 traditur,
1310 2491 1470 2551 nepte
1501 2486 1806 2555 religiosam

205 2556 455 2610 subierat
484 2559 652 2613 vitam
674 2601 689 2625 ,
715 2563 984 2620 ordinavit
1027 2568 1335 2640 episcOpum
1353 2612 1368 2637 ,
1411 2576 1807 2648 comitatusque

207 2641 592 2704 Lauduucnsis
637 2651 813 2706 eidem
851 2664 1028 2711 castro
1057 2658 1283 2726 subjecit
1325 2665 1654 2732 parochiam.
1703 2669 1804 2736 Qui

205 2732 573 2794 Genebaudus
607 2742 675 2795 de
714 2753 840 2799 ante
866 2757 987 2801 acta
1031 2749 1138 2804 vita
1192 2752 1451 2819 nimium,
1497 2732 1805 2830 gradusque

204 2826 547 2884 sublimitate
575 2833 880 2902 conlidens,
912 2839 979 2893 ab
999 2855 1169 2895 uxore
1191 2858 1352 2912 quam
1381 2826 1690 2918 reliquerat,
1717 2826 1805 2906 in-

205 2932 388 2983 c:au:e,
423 2923 581 2990 quasi
631 2941 731 2994 pro
767 2927 1079 2985 instruenda
1118 2949 1204 2998 ca,
1233 2951 1292 2990 se
1319 2939 1563 2996 crebrius
1591 2943 1802 3000 visitari

204 3011 473 3078 permisit.
510 3014 616 3069 Sed
661 3025 720 3070 ut
758 3019 934 3073 divina
979 3031 1246 3078 testantur
1287 3027 1536 3104 eloquia:
1578 3032 1801 3104 Lapides

203 3117 460 3158 arcuerint
483 3125 658 3177 aqum,
681 3121 730 3163 et
752 3110 1010 3169 alluvione
1034 3126 1174 3170 terra
1196 3103 1519 3176 consumitur
1535 3166 1549 3190 ,
1581 3137 1629 3180 ct
1656 3131 1799 3192 rupis

205 3191 407 3265 [rupes]
444 3199 768 3267 transfertur
791 3202 856 3255 de
878 3203 992 3258 loco
1016 3224 1112 3260 suo
1137 3208 1258 3279 (Job
1287 3227 1400 3278 xw,
1425 3214 1544 3285 l9);
1574 3217 1644 3271 ita
1670 3235 1799 3289 quo-

205 3298 306 3350 que
336 3285 466 3340 huic
494 3290 747 3359 conligit,
779 3301 838 3346 ut
865 3293 1174 3364 frequentes
1197 3301 1434 3358 mulieris
1463 3285 1796 3366 visitationes

206 3371 509 3446 blandaque
544 3379 839 3451 colloquia,
877 3385 1066 3440 durum
1097 3389 1436 3462 validumque
1460 3407 1646 3452 contra
1679 3399 1796 3455 libi-

205 3465 380 3520 dinem
409 3479 600 3538 pectus
629 3473 935 3528 emollirent
963 3477 1226 3549 episcopi,
1257 3493 1310 3538 et
1333 3487 1483 3555 quasi
1517 3505 1700 3559 rupem
1730 3492 1796 3548 de

206 3557 320 3614 loco
348 3563 658 3620 sanctitatis
683 3567 750 3620 ad
780 3583 994 3624 cmnum
1019 3573 1390 3632 transferrent
1416 3557 1662 3635 luxuriae.
1691 3583 1793 3649 Qui

206 3652 456 3706 suasione
503 3655 772 3711 diabolica
821 3658 872 3713 in
924 3660 1161 3718 libidinis
1207 3665 1450 3723 ﬂammas
1491 3675 1794 3743 exagitatus

205 3743 399 3809 erupit,
429 3746 710 3816 veterique
741 3763 800 3803 se
829 3751 1062 3809 miscens
1091 3755 1281 3820 sodali,
1312 3759 1478 3815 filium
1507 3777 1572 3817 ex
1604 3765 1793 3822 eadem

206 3837 534 3903 progenuit,
568 3853 730 3908 quem
785 3843 931 3896 velut
985 3847 1036 3900 in
1083 3846 1370 3905 latrocinio
1410 3866 1748 3922 procreatum
1776 3898 1790 3923 ,

208 3920 500 3980 Latronem
531 3929 801 3985 nominari
826 3936 1102 4006 prtecepit.
1130 3937 1194 3990 Et
1216 3940 1342 4008 quia
1369 3920 1524 4013 culpa
1553 3920 1793 4012 pluribus

209 4012 383 4081 ignota
418 4015 514 4083 (ne
540 4017 592 4072 iu
622 4021 981 4091 suSpicionem
1007 4026 1133 4080 hinc
1163 4027 1301 4084 forte
1326 4012 1662 4100 procederet,
1690 4037 1733 4090 si
1763 4053 1793 4090 a

209 4106 360 4161 solita
390 4125 452 4164 se
479 4113 724 4178 prtesulis
749 4116 1052 4174 visitatioue
1077 4118 1275 4176 femina
1303 4123 1669 4198 submoveret)
1692 4143 1796 4184 caa-

176 4210 179 4212 ·
209 4198 302 4265 pit,
343 4209 404 4253 ut
442 4210 622 4265 antea,
655 4205 872 4260 domum
899 4206 1244 4278 frequentare
1275 4213 1564 4282 pontiﬁcis.
1599 4215 1794 4286 Sicque

212 4285 408 4343 factum
449 4303 534 4346 est
561 4302 621 4347 ut
645 4295 950 4352 hominibus
970 4299 1124 4368 culpa
1145 4302 1334 4367 celata,
1363 4307 1661 4377 tacitusque
1687 4285 1792 4364 tam

211 4380 302 4434 viri
328 4397 497 4454 quam
525 4384 767 4439 mulieris
793 4389 987 4453 ardor,
1021 4389 1073 4443 in
1117 4393 1310 4458 corde,
1343 4393 1580 4452 libidinis
1599 4439 1613 4460 ,
1640 4413 1792 4454 com-

211 4482 465 4536 punctum
491 4474 640 4543 prius
665 4487 857 4531 contra
887 4491 1192 4548 peceatum,
1224 4485 1289 4538 ad
1315 4486 1525 4556 culpam
1559 4498 1794 4545 retraxe-

1910 1923 2070 1980 brare
2122 1939 2481 1984 consueverat
2535 1931 2778 1986 alteram.
2837 1932 2954 1999 Qua
3009 1935 3109 1989 sub
3159 1934 3492 2001 reclusione,

1907 2027 2125 2088 quanta:
2170 2023 2511 2078 contritionis
2553 2039 2617 2080 ac
2663 2027 3008 2082 continentiae
3050 2027 3385 2084 districtione
3433 2041 3494 2083 se

1907 2108 1992 2162 vir
2022 2109 2276 2178 praefatus
2301 2115 2688 2180 coarctaverit,
2722 2130 2883 2184 quam
2917 2117 3106 2188 dignos
3141 2118 3268 2173 inibi
3313 2121 3489 2188 paeni"-

1909 2202 2089 2256 tentia:
2116 2202 2323 2259 fructus
2341 2208 2602 2274 exegerit,
2626 2208 2804 2264 divina
2829 2211 3170 2278 postmodum
3192 2203 3493 2282 propalavit

1887 2299 2210 2354 clementia.
2257 2302 2412 2357 Anno
2451 2305 2714 2374 siquidem
2764 2307 3026 2375 septimo,
3075 2322 3196 2361 cum
3223 2307 3277 2361 in
3310 2307 3490 2377 vigilia

1907 2404 2076 2444 emam
2119 2391 2410 2446 Dominicze
2449 2394 2716 2462 preuiteus
2758 2402 3100 2464 pernoctaret
3131 2396 3182 2449 in
3212 2397 3489 2457 oratione.

1906 2480 2142 2548 seipsum
2186 2479 2388 2536 deflens
2433 2482 2484 2535 in
2535 2483 2666 2544 hoc,
2705 2484 2956 2551 quoniam
3003 2484 3094 2551 qui
3125 2483 3191 2537 ad
3223 2483 3274 2536 id
3321 2498 3490 2551 usque

1905 2578 2192 2639 provectus
2233 2571 2427 2638 fuerat,
2458 2581 2516 2626 ut
2546 2572 2772 2627 Domino
2799 2574 3123 2642 poenitentes
3166 2573 3486 2627 reconcilia-

1905 2669 2022 2728 ret,
2059 2662 2160 2718 bac
2202 2663 2286 2718 die
2312 2678 2412 2720 nec
2440 2664 2581 2719 inter
2613 2666 2938 2736 poenitentcs
2984 2667 3096 2737 ipse
3140 2667 3487 2738 (criminibus

1904 2754 2016 2808 suis
2041 2754 2415 2826 exigentibus)
2455 2755 2510 2810 in
2555 2755 2777 2811 ecclesia
2809 2758 3117 2811 merebatur
3153 2759 3485 2820 consistere;

1903 2843 2126 2914 angelus
2156 2844 2366 2899 Domini
2415 2846 2561 2901 circa
2604 2846 2836 2900 mediam
2879 2855 3088 2901 noctem
3131 2862 3321 2917 magna
3365 2853 3485 2901 cum

1903 2933 2022 2989 luce
2044 2936 2190 2990 venit
2217 2937 2283 2990 ad
2319 2952 2442 2991 eum
2462 2978 2478 3003 ,
2511 2937 2601 2992 ubi
2646 2953 2846 3006 prunus
2882 2939 3096 3008 jacebat
3128 2939 3178 2993 in
3211 2943 3482 3000 oratorio.

1903 3023 2105 3094 talique
2158 3026 2514 3080 decubantem
2570 3027 2924 3094 compellasse
2982 3026 3152 3080 fertur
3203 3028 3480 3096 alloquio:

1908 3134 1928 3168 ι
1957 3115 2312 3182 Genebaude,
2359 3117 2627 3171 exaudita:
2667 3127 2791 3171 sunt
2821 3132 2916 3186 pro
2933 3126 2992 3171 te
3011 3118 3286 3172 orationes
3309 3119 3483 3173 Patris

1904 3209 1980 3262 tui
2009 3207 2261 3277 Remigii.
2309 3207 2562 3278 Suscepit
2588 3207 2844 3262 Dominus
2880 3208 3252 3277 paenitentiam
3293 3217 3477 3272 tuam,

1897 3308 1952 3355 et
1974 3299 2361 3354 dimissumest
2390 3307 2667 3368 peccatum
2697 3308 2866 3351 tuum.
2893 3298 3085 3368 Surge,
3108 3306 3162 3352 et
3185 3299 3307 3353 hinc
3327 3313 3483 3368 egre-

1897 3392 2052 3446 diens
2074 3393 2157 3447 fac
2186 3392 2546 3446 ministerium
2571 3392 2892 3462 episcopalis
2917 3392 3094 3458 ollicii,
3113 3403 3167 3447 et
3194 3392 3480 3446 reconcilia

1900 3484 2127 3540 Domino
2153 3484 2476 3554 pwnitentes
2518 3485 2584 3540 de
2625 3485 2945 3540 criminibus
2973 3486 3108 3541 suis.
3144 3504 3162 3538 ι
3197 3485 3482 3540 Gcnebau-

1897 3573 1999 3630 dus
2023 3585 2202 3630 autem
2236 3576 2403 3630 nimio
2432 3585 2640 3632 terrore
2666 3576 2946 3646 perculsus
2964 3617 2979 3642 ,
3011 3577 3341 3647 respondere
3369 3592 3478 3632 non

1895 3673 2130 3736 poterat.
2175 3664 2325 3720 Tunc
2352 3665 2576 3737 angelus
2618 3666 2826 3720 Domini
2870 3667 3183 3722 confortans
3211 3683 3364 3732 cum,
3410 3683 3480 3723 ne

1898 3757 2087 3813 timeat
2105 3757 2374 3822 hortatur,
2399 3758 2508 3812 imo
2528 3761 2758 3828 gaudeat
2778 3760 2846 3813 de
2867 3759 3078 3813 Domini
3109 3758 3478 3814 misericordia

1895 3847 2000 3902 sibi
2055 3847 2271 3902 collata.
2313 3849 2618 3902 Roboratus
2657 3849 2871 3902 tandem
2917 3851 3257 3919 respondisse
3303 3851 3480 3904 fertur

1896 3953 2002 3992 non
2031 3953 2090 3992 se
2112 3952 2269 4007 posse
2291 3938 2418 3992 hinc
2443 3938 2650 4008 egredi,
2682 3939 2806 4007 quia
2832 3938 3062 3994 domnus
3081 3949 3134 3993 et
3160 3939 3323 3994 Pater
3342 3955 3474 3995 suus

1895 4027 2175 4094 Remigius
2205 4027 2328 4082 ostii
2354 4026 2562 4082 clavem
2586 4042 2768 4083 secum
2791 4028 3035 4095 haberet,
3061 4030 3202 4098 quod
3226 4038 3281 4084 et
3303 4030 3480 4098 sigillo

1895 4135 1995 4174 suo
2020 4119 2306 4190 signasset.
2340 4119 2410 4175 Et
2439 4119 2664 4189 angelus
2710 4119 2777 4176 ad
2818 4135 2982 4179 eum:
3018 4119 3088 4176 Ut
3130 4137 3234 4177 non
3275 4122 3481 4179 dubites

1898 4213 2117 4282 (inquit)
2149 4229 2182 4266 α
2204 4212 2428 4267 Domino
2453 4230 2535 4268 me
2557 4214 2795 4280 missum,
2823 4215 2958 4268 sicut
2984 4224 3124 4285 patet
3150 4215 3244 4269 tibi
3268 4216 3477 4281 mlum,
3533 4206 3540 4212 ’

1895 4307 1971 4362 sic
1995 4317 2044 4361 et
2067 4306 2256 4360 ostium
2283 4307 2427 4369 istud
2456 4307 2668 4377 patebit.
2711 4307 2777 4362 Et
2817 4307 3002 4361 statim
3033 4307 3183 4362 salvo
3209 4306 3384 4378 sigillo
3411 4323 3478 4360 ac

1897 4414 2016 4454 sera
2043 4399 2239 4454 ostium
2269 4399 2396 4453 illud
2425 4408 2670 4470 apertum
2694 4409 2798 4455 est.
2837 4401 2988 4456 Tunc
3032 4400 3391 4456 Genebaudus
3421 4399 3474 4452 ln

1899 4491 2116 4544 modmu
2145 4491 2322 4546 crucis
2349 4506 2407 4546 se
2435 4503 2785 4560 prosternens
2816 4492 2866 4546 in
2898 4492 3100 4556 limine,
3143 4492 3222 4547 sic
3249 4492 3480 4546 traditur

212 4560 278 4613 rit
305 4541 642 4632 episcopum.
668 4567 771 4634 Qui
797 4569 940 4624 velut
964 4571 1163 4628 oblitus
1190 4577 1331 4644 quod
1363 4541 1662 4648 plauxerat,
1695 4584 1792 4637 ite-
1823 4541 1872 4601 Β
1898 4581 2215 4635 asseruisse.
2262 4581 2487 4635 Etiamsi
2524 4580 2780 4635 Dominus
2807 4581 2920 4649 ipse
2947 4579 3104 4635 Jesus
3128 4581 3376 4638 Christus
3399 4577 3480 4634 di-

211 4655 349 4709 ravit
375 4657 581 4712 crimen
607 4662 751 4729 quod
782 4662 1090 4720 deﬂeverat.
1119 4667 1188 4721 At
1213 4669 1299 4722 ubi
1331 4682 1574 4726 exortam
1603 4674 1669 4728 de
1696 4672 1791 4729 ﬂa-

213 4745 336 4812 gitio
363 4751 626 4817 comperit
655 4751 852 4816 ﬁliam,
885 4770 1079 4811 nomen
1117 4759 1292 4813 eidem
1340 4765 1558 4818 mandat
1587 4766 1788 4836 imponi

212 4833 576 4908 Vulpeculam,
610 4852 796 4914 utpote
827 4846 1100 4904 fraudibus
1127 4862 1331 4920 argutae
1360 4857 1544 4910 matris
1567 4833 1791 4928 gen—era-

215 4933 338 4982 tam.
367 4931 592 4988 Domino
621 4935 819 5001 demto,
850 4938 940 5008 qui
962 4939 1180 4997 beatum
1209 4943 1427 5000 Petrum
1455 4959 1772 5018 respexerat

216 5017 353 5074 inme
386 5039 600 5094 quoque
647 5027 966 5096 respiciente
1001 5031 1148 5102 (Lu‘c.
1197 5050 1330 5097 xm,
1382 5037 1494 5102 6!),
1528 5017 1781 5111 compun-

217 5118 331 5163 ctus
357 5125 533 5170 mente
582 5116 976 5185 Genebaudus,
1007 5133 1254 5180 sanctum
1306 5125 1607 5199 Remigium
1651 5133 1786 5200 petit

222 5198 294 5254 ire
323 5201 400 5274 [ut
421 5205 532 5278 eat]
575 5207 912 5264 Laudunum.
942 5212 1056 5280 Quo
1083 5232 1204 5271 cum
1234 5215 1410 5273 debita
1444 5198 1788 5277 veneratione

225 5309 474 5369 suscepto,
491 5312 779 5373 postquam
809 5305 1000 5362 cubitis
1024 5309 1195 5365 iniere
1222 5321 1514 5379 secretum,
1537 5330 1790 5386 magnum

1898 4679 2092 4739 gnatus
2141 4668 2303 4723 fuerit
2343 4668 2409 4722 ad
2456 4684 2544 4723 me
2591 4678 2926 4738 peccatorem
2971 4669 3177 4735 venire,
3217 4683 3324 4724 non
3353 4669 3480 4722 hinc

1897 4761 2168 4829 egrediar,
2202 4760 2303 4814 nisi
2333 4760 2542 4814 venerit
2563 4759 2671 4824 ille,
2698 4759 2788 4828 qui
2818 4773 2903 4815 me
2929 4759 2981 4812 in
3003 4757 3118 4826 ejus
3141 4757 3357 4815 nomine
3378 4755 3479 4812 sub

1897 4853 2001 4908 hac
2030 4853 2330 4906 reclusione
2359 4853 2659 4906 constituit.
2693 4852 2772 4905 Ad
2803 4867 2924 4920 qute
2954 4867 3208 4920 responsa
3235 4866 3357 4906 mox
3383 4865 3481 4904 an-

1879 4941 2044 5014 gelus
2085 4942 2348 4999 abscessit
2391 4943 2459 4996 ab
2492 4958 2577 4999 eo.
2627 4941 2826 4998 Beatus
2875 4954 3053 4998 autem
3097 4941 3376 5012 Remigius
3425 4941 3480 4992 iu

1894 5048 2118 5108 crypta,
2152 5053 2271 5106 qua:
2310 5035 2500 5092 subter
2535 5036 2778 5095 ecclesiae
2821 5046 3024 5092 sanctae
3071 5034 3254 5090 Mariae
3300 5033 3479 5086 sedem

1895 5128 2079 5184 Remis
2111 5130 2356 5188 habetur.
2388 5129 2441 5184 in
2464 5132 2710 5185 oratione
2734 5129 3108 5198 pernoctabat.
3138 5127 3311 5192 Quam
3339 5132 3486 5190 posto

1893 5237 1954 5276 ea
1995 5232 2240 5293 cryptam
2287 5222 2486 5292 pnesul
2517 5220 2779 5278 Heriveus
2822 5221 2877 5278 in
2911 5224 3118 5278 honore
3143 5212 3486 5271 cettsecravit

1891 5310 2134 5380 ejusdem
2177 5311 2474 5367 beatissimi
2515 5312 2781 5380 Remigii,
2814 5313 2906 5368 ubi
2952 5321 3082 5365 tunc
3108 5307 3224 5374 ipse
3251 5303 3334 5358 vir
3357 5314 3483 5353 sane
