3974 5392
1524 384 1915 444 FLODOARDI
1953 380 2272 440 CANONICI
2312 373 2672 436 REMENSIS,

3677 353 3746 422 56

474 506 814 578 persuadeat.
841 502 988 558 illico
1019 501 1100 557 vir
1126 503 1318 556 beatus
1355 499 1486 554 nihil
1516 499 1773 554 haesitans
1801 499 1912 551 adit
1948 511 2060 550 ma-
2088 487 2130 538 Α
2165 496 2248 548 vir
2275 501 2496 548 sanctus
2521 501 2630 544 tam
2659 487 2850 551 vitam,
2879 499 3040 556 quam
3073 491 3252 538 rerum
3278 475 3511 536 obtinuit
3533 487 3745 547 posses-

475 612 580 668 gua
607 610 728 652 eum
760 593 1035 649 celeritate
1078 591 1418 646 Laudunum.
1450 589 1568 656 Quo
1607 590 1957 659 perveniens.
2000 587 2053 641 in

475 685 599 741 ostii
629 683 832 748 limine,
863 681 1014 738 salvo
1045 681 1220 750 sigillo
1242 695 1468 750 seraque
1499 680 1748 740 reserati,
1778 677 2062 733 Genebau-

477 773 605 826 dum
626 771 896 840 iacentem
923 771 1124 839 reperit
1148 788 1162 824 :
1201 785 1360 840 quem
1386 768 1658 839 protensis
1682 767 1918 822 brachiis
1937 781 2058 821 cum

478 861 660 932 gaudii
693 861 946 933 lacrymis
973 861 1185 916 Domini
1215 860 1558 916 clementiam
1585 858 1918 925 collaudans,
1944 872 2065 912 ere-

479 953 591 1019 xit,
621 967 855 1022 eumque
885 951 998 1006 sedi
1025 960 1082 1006 et
1109 949 1284 1006 ollicio
1311 949 1634 1005 sacerdotali
1667 949 1928 1013 reddens,
1959 947 2068 1002 Re-

482 1059 602 1098 mos
637 1058 760 1098 cum
807 1041 1002 1111 gaudio
1039 1041 1335 1110 repedavit.
1379 1039 1740 1096 Geuebaudus
1785 1045 1966 1091 autem
2011 1036 2064 1090 in

482 1133 772 1192 sanctitate
819 1139 1004 1201 postea
1039 1139 1269 1186 cunctos
1294 1130 1418 1184 vitae
1445 1143 1556 1191 sua
1585 1128 1736 1192 dies,
1767 1127 1860 1180 Dei
1896 1126 2068 1180 fretus

484 1223 674 1294 gratia,
703 1235 966 1293 peragens
988 1263 1004 1289 ,
1037 1221 1212 1292 palam
1256 1235 1378 1290 quae
1405 1220 1506 1274 sibi
1541 1218 1802 1274 Dominus
1831 1215 2068 1282 fecerat,

485 1307 832 1376 praedicabat.
862 1306 1007 1364 Obiit
1034 1307 1199 1376 igitur
1225 1304 1587 1362 Genebaudus
1626 1305 1680 1358 in
1707 1317 1842 1372 pace
1869 1301 2075 1359 sanctis

486 1399 584 1454 Dei
613 1406 1057 1460 connumeratus,
1097 1397 1276 1455 tandiu
1304 1396 1620 1465 episcopatu
1647 1394 1983 1464 perfunctus,
2013 1398 2074 1445 ut

489 1487 547 1546 ei
593 1488 918 1543 successerit
970 1487 1135 1542 Latro
1168 1486 1310 1542 filius
1359 1485 1497 1558 ejus,
1543 1484 1832 1564 episcopus
1873 1491 1930 1539 et
1962 1483 2077 1553 ipse

488 1588 680 1657 postea
715 1589 954 1634 sanctus.

506 1715 507 1718 η
567 1671 681 1726 Rex
729 1671 962 1740 denique
1015 1669 1316 1726 Lodovicus
1383 1669 1438 1724 in
1486 1667 1707 1724 civitate
1753 1663 2079 1722 Suessonica

491 1763 677 1821 Sedem
718 1756 870 1818 suam
901 1763 1242 1817 constituens
1261 1802 1276 1828 ,
1308 1761 1681 1817 delectabatur
1709 1759 1997 1828 praesentia
2026 1766 2083 1812 et

2163 587 2394 642 sionem.
2418 584 2535 653 Ipse
2558 595 2709 647 vero,
2741 578 2896 648 quasi
2926 572 3440 644 recompensationis
3460 569 3744 634 beneficio,

2162 673 2407 730 beneﬁce
2432 680 2661 742 patrono
2693 670 3027 738 Sparnacum
3057 663 3357 738 (Epernay)
3385 662 3566 716 villam
3594 675 3749 716 suam

2163 765 2359 820 obtulit
2384 765 2437 818 in
2467 762 2874 832 proprietatem.
2913 759 3110 812 Beatus
3153 763 3328 810 autem
3358 752 3551 825 prtesul
3574 792 3590 817 ,
3619 761 3753 806 temo

2165 855 2405 926 poralem
2442 867 2540 922 pro
2564 867 2676 906 sum
2706 848 3110 906 intercessionis
3141 859 3367 900 munere
3387 844 3568 898 vitans
3594 841 3755 897 retri-

2165 952 2445 1008 butiouem
2482 947 2756 1016 recipere,
2802 944 3118 1015 prtedictum
3149 941 3345 1002 virum,
3380 935 3634 1006 quoniam
3662 949 3751 987 ve-

2170 1039 2441 1096 recundiae
2461 1036 2777 1092 confusione
2800 1035 3086 1104 depressus
3109 1030 3256 1101 (quia
3283 1035 3468 1083 contra
3493 1024 3756 1078 natalium

2170 1130 2336 1186 decus
2364 1143 2607 1192 suorum,
2639 1127 2746 1180 vita
2778 1124 2969 1179 donari
2994 1136 3088 1192 per
3112 1118 3497 1191 indulgentiam
3527 1115 3762 1170 meruisc

2173 1219 2278 1291 set)
2323 1220 2376 1276 in
2421 1217 2606 1273 habitu
2657 1214 2903 1271 smculari
2941 1227 3160 1267 manere
3191 1211 3425 1273 uolebat,
3466 1205 3763 1260 salubriter

2173 1311 2494 1365 exhortatus
2519 1317 2624 1373 est,
2657 1307 2880 1361 dicens:
2915 1303 2987 1360 Ut
3027 1303 3072 1357 si
3102 1300 3378 1372 perfectus
3405 1312 3528 1353 esse
3564 1295 3764 1358 vellet,

2173 1401 2412 1458 vendens
2437 1400 2616 1455 omnia
2639 1414 2735 1454 sua
2766 1399 2922 1452 daret
2947 1394 3304 1469 pauperibus,
3355 1398 3409 1445 et
3441 1395 3770 1458 sequeretur

2175 1492 2450 1552 Christum
2477 1490 2695 1559 (Matth.
2729 1502 2842 1552 xix,
2874 1485 2987 1555 2|).
3021 1484 3219 1552 Sicque
3248 1489 3512 1543 laxatum,
3547 1479 3615 1534 de
3648 1477 3771 1544 Ibe-

2177 1583 2356 1638 sauris
2375 1578 2781 1641 ecclesiasticis,
2813 1576 3068 1646 pretium,
3100 1573 3338 1642 quinque
3366 1568 3532 1623 millia
3560 1565 3779 1622 scilicet

2181 1671 2389 1740 argenti
2416 1670 2604 1732 libras,
2634 1667 2860 1738 Eulogio
2891 1665 3063 1721 fertur
3093 1663 3329 1727 dedisse,
3360 1659 3643 1728 ipsamque
3668 1654 3775 1708 vil-

2182 1762 2292 1818 lam
2323 1762 2381 1816 in
2407 1759 2664 1816 Ecclesiae
2707 1757 3104 1828 possessionem
3146 1764 3511 1822 comparasse.
3561 1747 3776 1801 Bonum

494 1855 763 1925 colloquio
789 1855 965 1911 sancti
996 1855 1251 1926 Remigii.
1277 1853 1383 1910 Sed
1409 1854 1534 1923 quia
1561 1854 1646 1907 vir
1672 1854 1760 1908 hic
1780 1859 2003 1907 sanctus
2027 1851 2080 1904 in
2113 1857 2158 1915 Β
2186 1851 2399 1907 cunctis
2437 1850 2745 1919 relinquens
2771 1845 3076 1915 exemplum
3121 1841 3419 1913 episcopis,
3457 1838 3780 1906 eteterisque

493 1943 730 2002 civitatis
759 1943 924 2014 hujus
949 1944 1146 2000 vicinia
1179 1944 1334 1998 villas
1372 1959 1476 1998 non
1506 1943 1740 1998 habebat
1766 1943 1932 2010 alias,
1979 1940 2084 1995 nisi

495 2033 787 2102 quamdam
839 2049 1058 2103 parvam
1101 2049 1222 2102 qua:
1251 2043 1442 2090 sancto
1471 2033 1687 2087 Nicasio
1717 2033 1841 2087 data
1875 2032 2084 2096 fuerat,

493 2135 596 2176 rex
626 2124 970 2190 (suggerente
999 2122 1205 2192 regina,
1229 2122 1580 2191 locorumque
1607 2122 1913 2191 petentibus
1941 2121 2090 2174 inco-

499 2209 589 2273 lis,
615 2210 709 2279 qui
737 2209 1124 2280 multiplicibus
1150 2219 1309 2265 erant
1335 2210 1609 2280 aggravali
1646 2209 1844 2278 xeniis,
1866 2218 1924 2262 ut
1947 2208 2090 2278 quod

499 2301 619 2372 regi
650 2300 936 2368 debebant,
969 2301 1222 2356 Ecclesia:
1260 2301 1514 2356 Remensi
1541 2300 1932 2372 persolverent)
1964 2315 2091 2355 san-

507 2404 598 2450 cto
637 2394 920 2464 preposuit
947 2392 1216 2464 Remigio,
1246 2402 1302 2448 ut
1332 2401 1594 2461 quantum
1626 2392 1940 2448 circumiret
1967 2392 2093 2447 dum

507 2483 626 2550 ipse
657 2483 884 2538 meridie
912 2483 1248 2554 quiesceret,
1291 2482 1364 2537 illi
1397 2490 1566 2538 totum
1607 2482 1857 2539 donaret.
1897 2481 2097 2536 Beatus

510 2571 678 2641 igitur
710 2572 989 2644 Remigius
1017 2588 1116 2644 per
1155 2573 1290 2629 fines
1317 2573 1408 2644 qui
1438 2572 1694 2629 videntur
1721 2574 1898 2629 adhuc
1926 2558 2099 2628 mani-

509 2660 660 2727 festi,
682 2663 978 2733 profectus,
1009 2663 1220 2719 itineris
1248 2665 1330 2720 sui
1358 2664 1509 2734 signa
1537 2664 1760 2720 dimisit.
1789 2664 1846 2720 lu
1876 2679 1981 2734 qua
2007 2645 2102 2722 de-

513 2752 901 2815 terminatioue
925 2749 1144 2823 quidam
1180 2755 1467 2822 possidens
1505 2753 1870 2809 molendinum
1909 2752 2103 2823 repulit

516 2849 770 2904 sanctum
811 2843 1017 2908 virum,
1069 2859 1138 2898 ne
1184 2845 1326 2899 intra
1375 2845 1520 2914 ipsos
1567 2845 1713 2905 illum
1759 2846 2102 2901 concluderet

521 2933 678 2997 lines.
710 2934 880 3002 Quem
906 2936 989 2990 vir
1014 2935 1227 3012 Domini
1268 2935 1464 3000 leniter
1495 2935 1701 2999 affatus
1729 2938 1842 2992 ait:
1877 2937 2102 3001 Amice,

522 3040 631 3086 non
659 3025 731 3082 sit
756 3027 848 3088 tihi
874 3026 1092 3095 durum,
1121 3037 1179 3082 ut
1213 3028 1507 3088 habeamus
1532 3027 1692 3084 simul
1724 3027 1869 3090 hunc
1903 3027 2107 3088 molen-

525 3117 734 3176 diuum.
763 3119 835 3174 At
862 3119 950 3175 ille
979 3130 1040 3176 ut
1067 3136 1190 3176 eum
1221 3119 1407 3189 reiecit
1427 3160 1442 3186 ,
1475 3121 1658 3176 statim
1685 3121 1742 3176 in
1772 3120 2104 3176 contrarium

2188 1941 2589 2002 sacerdotibus,
2621 1947 2680 1992 ut
2702 1938 2827 1990 dum
2850 1951 2947 2005 pro
2975 1934 3060 1988 his
3081 1933 3171 2003 qui
3206 1930 3272 1985 ad
3303 1928 3553 1984 Ecclesia:
3573 1927 3782 1988 sinum,

2189 2030 2275 2085 vel
2300 2044 2581 2084 servorum
2611 2026 2705 2084 Dei
2743 2024 2990 2096 praesidia
3019 2021 3327 2092 confugiqu
3353 2018 3579 2083 faciunt,
3613 2017 3779 2071 inter-

2191 2123 2412 2188 cedunt,
2443 2130 2537 2174 aut
2566 2120 2706 2178 bona
2735 2116 2989 2187 quaelibet
3015 2121 3200 2184 agunt,
3229 2113 3344 2166 haec
3368 2125 3466 2179 pro
3497 2106 3784 2178 temporali

2193 2211 2696 2282 recompensatione
2719 2225 2823 2265 non
2856 2208 3127 2278 expleant,
3157 2221 3257 2263 nec
3285 2203 3595 2260 transitoria
3615 2201 3782 2256 velint

2194 2306 2475 2375 recipere:
2533 2302 2627 2363 sed
2668 2300 2821 2370 juxta
2864 2299 3174 2357 mandatum
3223 2294 3469 2358 Domini,
3513 2291 3605 2361 qui
3655 2307 3784 2360 gra-

2199 2399 2267 2453 tis
2312 2403 2667 2466 acceperunt,
2717 2394 2968 2448 studeant
2999 2402 3213 2464 quoque
3255 2387 3426 2466 gratis
3470 2383 3786 2456 impendere

2199 2485 2414 2541 (Matth.
2444 2500 2502 2549 Χ,
2531 2483 2604 2556 8).

2803 2589 3028 2647 CAPUT
3065 2587 3183 2668 xv.

2200 2686 2280 2742 De
2304 2685 2533 2740 victoriis
2565 2682 2816 2738 Ludovici
2841 2699 2932 2751 per
2957 2680 3216 2734 auxilium
3249 2675 3417 2732 sancti
3446 2673 3704 2745 Remigii,
3739 2683 3792 2726 et

2754 2753 2858 2820 ﬁne
2885 2753 3049 2820 ipsius
3081 2751 3236 2818 regis.
3397 2794 3400 2797 .
3745 2791 3748 2794 .

2798 2768 2858 2804 ne
2885 2767 3049 2820 tpstus
3081 2765 3236 2818 regis.

2277 2846 2388 2901 Rex
2445 2845 2624 2914 itaque
2673 2840 2977 2897 Ludovicus
3017 2848 3204 2894 contra
3254 2833 3678 2893 Gondebaudum
3736 2843 3795 2885 et

2205 2937 2571 3006 Godcgisilum
2598 2935 2819 2990 fratrem
2848 2931 2964 3000 eius
2990 2931 3193 2985 ducens
3222 2928 3520 2985 exercitum
3545 2926 3654 2994 (an.
3683 2926 3790 2981 50!

2209 3030 2431 3104 Sigeb.),
2461 3036 2710 3099 percepta
2728 3024 3145 3082 benedictionea
3169 3022 3326 3076 beato
3352 3017 3597 3088 Remigio
3624 3019 3792 3071 victo-

2210 3123 2348 3177 riam
2377 3121 2480 3177 sibi
2506 3119 2856 3190 prtedicente,
2884 3113 3091 3182 accepit
3115 3112 3170 3167 in
3199 3109 3470 3180 mandatis
3498 3105 3567 3160 ab
3593 3120 3660 3160 eo
3689 3106 3794 3160 sibi

525 3224 648 3279 rota
673 3215 964 3271 molendinl
994 3217 1130 3271 verti
1166 3215 1348 3286 coepit.
1380 3214 1646 3286 Repulsor
1671 3225 1850 3270 autem
1874 3214 2110 3270 clamare
2137 3205 2184 3267 C
2213 3214 2386 3277 datis,
2437 3221 2497 3266 ut
2540 3210 2724 3265 tandiu
2765 3216 2953 3262 contra
3002 3206 3188 3260 hostes
3218 3201 3521 3265 dimicaret,
3555 3197 3794 3267 quandiu

525 3307 694 3377 erepit
715 3317 837 3387 post
865 3316 1113 3372 sanctum
1143 3307 1446 3378 Remigium
1471 3323 1486 3361 :
1531 3306 1703 3362 Serve
1732 3307 1849 3370 Dei,
1883 3307 2026 3371 veni,
2053 3313 2110 3360 et

525 3401 828 3456 habeamus
846 3400 1050 3470 pariter
1068 3399 1457 3460 molendinum.
1488 3398 1587 3455 Cui
1612 3399 1695 3454 vir
1717 3407 1968 3454 sanctus:
1999 3395 2111 3454 Nec

522 3489 686 3554 mihi,
715 3504 815 3551 nec
840 3489 958 3544 tibi.
983 3489 1102 3545 Mox
1136 3498 1282 3544 tanta
1311 3489 1650 3560 profunditas
1676 3490 1729 3544 in
1750 3488 1938 3550 eodem
1969 3488 2108 3554 loco,

527 3578 723 3640 tellure
757 3594 814 3637 se
847 3580 1200 3646 subducente,
1231 3579 1377 3642 facta
1417 3589 1536 3647 est,
1566 3588 1624 3638 ut
1649 3594 1921 3649 nunquam
1961 3579 2113 3635 deiu-

529 3685 661 3740 ceps
688 3669 819 3729 inibi
867 3669 1206 3732 molendinus
1240 3669 1426 3728 haberi
1468 3677 1670 3739 posset.
1710 3668 2111 3737 Aquibusdam

530 3775 749 3845 quoque
792 3761 1074 3832 repulsus,
1103 3775 1171 3817 ne
1216 3759 1462 3816 silvulam
1495 3759 1788 3830 quamdam
1816 3772 1944 3813 suos
1972 3758 2112 3811 intra

531 3853 794 3909 terminos
817 3851 1320 3922 comprehenderet,
1349 3852 1507 3918 dixit,
1545 3859 1607 3906 ut
1647 3865 1751 3906 nec
1792 3848 1978 3905 folium
2010 3865 2112 3903 un-

503 3960 692 4015 quam
721 3946 788 3999 de
817 3945 931 4016 ipsa
959 3944 1093 4002 silva
1119 3945 1270 4016 (licet
1293 3952 1442 4000 esset
1471 3943 1771 4014 contigua),
1801 3951 1952 4000 trans
1981 3940 2115 3996 fines

530 4037 679 4107 ipsos
706 4037 978 4102 evolaret,
1024 4052 1202 4108 neque
1243 4035 1402 4092 fustis
1444 4051 1510 4092 ex
1558 4049 1622 4092 ea
1664 4049 1854 4090 versus
1895 4033 2113 4089 eosdem

531 4127 796 4186 terminos
819 4126 1058 4182 caderet.
1083 4126 1236 4192 Quod
1264 4134 1320 4180 et
1346 4127 1694 4180 observatum
1725 4122 2000 4184 voluntate
2020 4121 2114 4179 Dei

539 4216 800 4284 traditur,
837 4217 1011 4278 donec
1049 4216 1168 4284 ipsa
1208 4214 1342 4270 silva
1387 4213 1709 4286 perdurasse
1761 4211 2113 4282 dignoscitur.

511 4307 748 4368 .Abinde
780 4322 996 4378 quoque
1037 4306 1356 4376 procedens,
1392 4304 1539 4358 venit
1572 4303 1639 4356 ad
1665 4301 1865 4363 villam.
1899 4300 2116 4354 nomine

537 4399 888 4455 Caviniacum
921 4397 1298 4468 (Chauignon),
1343 4411 1506 4465 quam
1552 4395 1748 4451 tinibus
1781 4395 1893 4450 suis
1938 4393 2116 4446 nitens

538 4491 882 4558 concludere,
908 4489 1224 4562 prohibetur
1251 4489 1321 4544 ab
1347 4487 1657 4552 hominibus
1683 4484 1922 4554 ejusdem
1952 4484 2111 4541 villae.

2208 3303 2551 3368 benedictum
2583 3301 2684 3356 sibi
2713 3300 2914 3360 vinum,
2940 3297 3082 3366 quod
3110 3295 3160 3351 ei
3190 3295 3270 3348 vir
3300 3291 3512 3349 Domini
3549 3290 3795 3348 dederat.

2209 3395 2264 3449 in
2310 3409 2409 3454 usu
2451 3391 2765 3463 quotidiana
2793 3389 3086 3444 sufficeret.
3129 3386 3332 3440 Contra
3363 3397 3522 3453 quem
3549 3379 3794 3448 Burgun-

2209 3487 2545 3542 dionescum
2589 3482 2858 3560 praedictis
2905 3480 3131 3536 ducibus
3179 3473 3500 3547 pugnaturi,
3533 3477 3793 3524 venerunt

2211 3589 2373 3645 super
2405 3573 2663 3632 Oscaram
2694 3569 2912 3624 ﬂuvium
2935 3607 2954 3636 ,
3002 3581 3161 3622 secus
3208 3564 3485 3620 Divionem
3532 3567 3794 3614 castrum.

2213 3667 2316 3726 Ubi
2365 3663 2712 3734 conﬂigentes
2761 3660 3019 3720 atrociter
3062 3655 3466 3727 Burgundiones
3512 3652 3565 3704 in
3613 3648 3794 3718 fugant

2213 3766 2517 3822 vertuntur,
2539 3766 2594 3810 et
2620 3756 2669 3819 in
2694 3752 2955 3816 Avituone
2975 3758 3152 3812 castro
3175 3762 3232 3804 se
3255 3741 3647 3801 Gondebaudus
3670 3754 3794 3794 cou-

2213 3854 2458 3922 ciudens,
2499 3866 2529 3905 a
2574 3847 2846 3904 Ludovico
2877 3859 3064 3914 pacem
3113 3856 3210 3912 per
3251 3839 3507 3894 Aredium
3537 3831 3795 3889 consilia-

2215 3945 2355 4000 rium
2378 3957 2554 4008 suum,
2585 3939 2766 3995 tnultis
2788 3937 2929 3990 datis
2955 3931 3243 3999 thesauris,
3277 3927 3528 3984 obtinuit.
3560 3922 3795 3978 Ludovio

2216 4052 2312 4094 cus
2338 4043 2517 4091 autem
2552 4047 2674 4088 cum
2718 4029 2956 4086 exercitu
3001 4025 3332 4086 Francorum
3374 4017 3553 4090 praeda
3599 4014 3798 4085 potitus

2215 4128 2468 4188 maxima,
2499 4124 2788 4185 revertitur
2811 4120 2877 4174 ad
2919 4116 3154 4187 propria.
3197 4113 3287 4168 Sic
3315 4111 3478 4166 etiam
3505 4107 3798 4162 constituta

2215 4219 2438 4280 Parisiis
2485 4217 2536 4270 in
2581 4215 2786 4270 honore
2820 4211 3102 4268 beatorum
3147 4203 3510 4274 apostolorum
3556 4196 3702 4250 Petri
3744 4202 3798 4248 et

2217 4309 2367 4363 Pauli
2415 4304 2635 4361 basilica
2690 4301 2864 4372 (hodie
2907 4297 2964 4354 S.
3011 4294 3328 4365 Geuovefu),
3369 4301 3424 4354 et
3465 4287 3668 4361 synodo
3705 4298 3800 4356 per

2219 4399 2393 4456 sancti
2419 4395 2631 4468 patroni
2659 4395 2740 4449 sui
2771 4392 2998 4462 Remigii
3039 4389 3357 4450 consilium,
3391 4385 3442 4442 in
3471 4383 3602 4438 urbe
3632 4380 3800 4432 Aure-

2218 4490 2446 4557 liaueusi
2505 4487 2728 4548 habita,
2782 4498 3010 4554 pergens
3056 4488 3242 4534 contra
3297 4491 3477 4545 regem
3527 4473 3800 4527 Alaricum

542 4586 698 4641 Tunc
720 4583 809 4643 ille
837 4549 953 4638 miti
983 4581 1130 4640 vultu
1168 4580 1328 4636 modo
1358 4549 1611 4647 reiectum
1644 4549 1804 4639 med"
1841 4574 2117 4644 repmpin-
2146 4549 2194 4609 υ
2221 4551 2504 4644 Ᾰτίιιιιιιῐη,
2537 4585 2591 4637 et
2628 4549 2898 4644 accipiens
2926 4588 2956 4625 a
2987 4571 3047 4626 Β.
3079 4568 3319 4640 Remigio
3348 4563 3798 4624 benedictionem,

513 4689 737 4746 "quaus,
769 4675 921 4745 signa
965 4688 1086 4742 quae
1124 4680 1316 4742 parent
1355 4669 1532 4724 adhuc
1575 4682 1674 4738 per
1715 4681 1871 4721 suum
1916 4662 2119 4720 dimisit

539 4768 664 4823 iter.
690 4765 930 4821 Tandem
954 4763 1224 4834 repulsus,
1252 4761 1456 4826 dixisse
1485 4758 1657 4813 fertur
1675 4756 1744 4818 ad
1775 4755 1929 4811 illos:
1969 4753 2120 4812 Sem-

536 4871 630 4925 per
655 4854 920 4920 laborata,
960 4865 1007 4911 et
1050 4860 1325 4921 egestatem
1353 4849 1622 4905 sustinete.
1672 4846 1824 4914 Quod
1850 4843 2118 4910 hodieque

539 4941 825 5010 compleri,
855 4942 1124 5001 manentis
1167 4939 1451 5004 sententiae
1478 4938 1651 4993 virtus
1686 4935 1942 4996 ostendit.
1984 4931 2118 4990 Sur-

540 5047 671 5070 tanc
699 5039 876 5070 arulam
905 5047 998 5070 νον
1024 5047 1050 5070 9
1081 5045 1269 5070 23:22::
1296 5029 1593 5070 mnriﬂiann
1643 5040 1976 5070 nilmmlnmte
1997 5024 2124 5070 hea-

2223 4672 2467 4736 redditur
2511 4669 2579 4723 do
2627 4664 2866 4731 victorite
2911 4661 3253 4733 perceptione
3286 4669 3530 4712 securus.
3577 4651 3674 4707 Cui
3720 4650 3802 4703 vir

2222 4777 2436 4833 quoque
2483 4767 2735 4822 sanctus,
2783 4764 2839 4821 ut
2884 4763 2938 4809 et
2979 4753 3182 4823 pridem
3231 4748 3454 4813 fecerat,
3502 4757 3617 4807 vas.
3660 4739 3801 4810 quod

2222 4830 2379 4920 vulgo
2403 4850 2692 4911 llascouem
2721 4853 2933 4906 vocant,
2975 4841 3085 4906 viui
3117 4856 3147 4894 a
3185 4853 3243 4894 se
3273 4833 3542 4891 benedicti
3583 4830 3800 4902 plenum

2223 4943 2406 4997 dedit:
2448 4943 2551 4994 hoc
2591 4938 2730 5000 idem
2759 4935 2900 5007 quod
2942 4942 3099 4987 antea
3131 4932 3412 4991 mandans,
3439 4936 3498 4979 ut
3525 4939 3591 4978 eo
3633 4934 3803 4990 usque

2225 5033 2289 5070 ml
2336 5030 2530 5070 Imllnm
2580 5028 2928 5070 nrnnmiornl.-
2969 5025 3142 5070 donec
3175 5021 3276 5070 sibi
3321 5018 3576 5070 suisoue.
3607 5013 3802 5070 auibus
