3974 5392
173 233 244 292 51
766 240 1111 303 umorue:
1155 249 1510 309 scenasm
1549 251 1898 311 REMENSIS
1938 254 2118 313 unm
2158 257 2515 327 quaruon.
2552 293 2622 303 —
2661 264 2786 321 Lm.
2822 265 2862 322 ι.
3415 263 3484 334 ss

175 365 296 404 sine
342 349 541 406 ditioni
590 353 862 418 subactis,
907 374 1078 428 usque
1113 361 1364 416 Tolosam
1411 364 1688 432 perrexit,
1733 373 1790 418 et
1817 359 1866 410 Α
2497 374 2728 432 CAPUT
2778 379 2937 434 XVII.

175 439 389 496 Alarici
424 441 708 499 thesauros
740 447 1041 516 accipiens,
1094 465 1192 520 per
1242 451 1607 524 Engolismam
1649 453 1785 510 civi-

176 536 352 583 tatem
399 531 581 600 (cujus
617 544 743 589 ante
791 548 1141 608 conspectum
1198 542 1367 612 ipsius
1396 545 1534 598 muri
1567 559 1791 601 corrue-

175 623 357 692 runt),
394 623 698 681 interfectis
724 628 941 685 Gotthis
964 633 1054 700 qui
1079 643 1235 686 erant
1276 634 1441 696 intus,
1474 635 1541 690 ad
1570 637 1790 706 propria

174 729 302 768 cum
354 716 598 786 gloriosa
637 720 776 774 redit
808 723 1056 789 victoria,
1091 726 1214 780 vino
1243 725 1495 781 ﬂasconis
1522 744 1626 782 non
1657 729 1790 783 deli-

172 805 384 871 ciente,
415 808 592 865 donec
624 826 878 869 reversus
905 825 989 868 est
1016 815 1069 870 in
1103 832 1198 871 sua
1229 820 1342 886 (an.
1373 817 1496 873 509.
1531 819 1751 891 Sigeb.).

156 916 160 936 ε
248 894 504 966 Denique
548 916 642 953 rex
686 899 1012 970 Ludovicus,
1037 905 1358 962 exhortante
1393 918 1583 963 sancto
1606 909 1789 965 Remi—

174 986 285 1055 gio,
319 1004 581 1059 regnum,
614 993 714 1048 hoc
736 1003 820 1049 est
847 1010 1104 1052 coronam
1134 1014 1258 1054 cum
1280 1003 1511 1070 gemmis
1539 1004 1788 1072 pretiosis

175 1092 430 1144 auream,
463 1083 664 1137 donum
697 1087 854 1139 beato
881 1085 1044 1143 Petro
1069 1090 1314 1159 apostolo
1346 1091 1527 1145 misit:
1561 1102 1615 1148 et
1640 1095 1790 1148 codi-

173 1169 328 1226 cillos
351 1170 486 1244 [ms.
516 1175 557 1239 i,
588 1177 901 1252 codicellos]
929 1181 997 1236 ab
1022 1183 1315 1238 Anastasio
1338 1185 1667 1256 imperatore
1690 1205 1789 1260 pro

171 1264 466 1320 consulatu
498 1267 600 1321 sibi
643 1270 857 1337 missos,
895 1287 1015 1328 cum
1044 1290 1246 1330 corona
1282 1291 1468 1342 aurea,
1494 1279 1783 1351 tunicaque

171 1351 378 1407 blattea
430 1360 702 1427 sumpsit,
735 1362 892 1414 etab
938 1363 1065 1420 inde
1111 1367 1295 1422 consul
1343 1369 1638 1439 appellatus
1667 1387 1788 1428 esse

173 1457 542 1505 memoratur.
587 1451 870 1509 liormisda
897 1471 1112 1526 quoque
1141 1458 1402 1515 Romana:
1429 1463 1574 1517 sedis
1604 1465 1786 1534 ponti-

175 1535 282 1601 fex,
330 1553 534 1598 sancto
578 1541 826 1615 Remigio
854 1548 1002 1604 vices
1028 1565 1155 1604 suas
1186 1552 1238 1606 in
1281 1568 1448 1623 regno
1493 1553 1784 1622 Ludovici,

177 1627 380 1686 litteris
407 1633 526 1690 suis
557 1635 624 1687 ad
655 1635 826 1704 ipsum
869 1638 1090 1696 directis
1111 1681 1126 1705 ,
1172 1643 1464 1698 commisit.
1512 1643 1640 1699 Post
1672 1646 1787 1700 haec

177 1727 426 1776 mortuus
445 1721 752 1780 Ludovicus
769 1742 858 1782 rex
876 1727 930 1781 in
947 1744 1078 1796 pace
1094 1730 1204 1798 (an.
1223 1730 1326 1785 5M
1343 1731 1542 1802 Sigeb.,
1559 1733 1782 1800 Baron.,

178 1806 459 1878 Horitas),
483 1827 550 1866 ac
575 1815 817 1882 sepultus
839 1817 890 1873 in
918 1819 1140 1874 basilica
1164 1821 1336 1876 sancti
1368 1821 1510 1878 Petri
1535 1824 1782 1894 apostoli,

177 1914 335 1968 quam
366 1902 596 1960 Parisiis
625 1907 1018 1976 :editicaverat;
1052 1912 1353 1982 eodemque
1385 1925 1658 1970 momento
1678 1931 1785 1986 quo

175 1991 430 2058 spiritum
483 1997 705 2062 emisit,
746 2000 1020 2057 revelaute
1068 2001 1272 2072 Spiritu
1319 2015 1542 2071 saneto,
1594 2007 1786 2064 beatus

175 2078 462 2152 Remigius
506 2085 694 2142 Remis
729 2091 969 2158 positus,
1003 2107 1128 2147 eum
1173 2095 1352 2152 obisse
1395 2098 1678 2169 cognovit,
1729 2106 1785 2154 et

175 2172 562 2238 essistentibus
584 2179 688 2235 sibi
717 2182 1108 2238 manifestavit.

773 2352 999 2409 CAPUT
1037 2348 1176 2413 XVI.

449 2499 526 2556 De
549 2503 752 2572 synodo
784 2504 871 2558 ubi
898 2509 1146 2561 convertit
1176 2507 1498 2563 luereticum.

240 2657 438 2713 Gallia:
471 2659 748 2728 quondam
781 2661 1036 2731 praesules
1064 2662 1129 2717 ad
1161 2662 1425 2735 synodum
1457 2663 1578 2718 ﬁdei
1606 2665 1778 2734 gratia

177 2750 586 2816 convenientes,
619 2751 836 2806 beatum
869 2753 1196 2824 Remigium,
1228 2763 1413 2824 utpote
1441 2755 1612 2809 virum
1643 2756 1778 2810 civi-

178 2841 259 2895 nis
279 2841 524 2912 eloquiis
546 2843 996 2908 eruditissimum,
1021 2855 1075 2900 et
1102 2845 1367 2901 doctrinis
1392 2846 1778 2904 ecclesiasticis

176 2931 700 2986 exercitatissimum
721 2973 736 2995 ,
787 2933 852 2987 ad
885 2934 1024 2988 idem
1056 2936 1342 2990 concilium
1391 2937 1574 2991 venire
1608 2938 1778 3008 petie-

177 3033 320 3080 runt.
362 3024 463 3079 Cui
492 3026 780 3080 conventui
813 3026 1048 3082 Arianus
1079 3029 1294 3096 quidem
1318 3030 1604 3099 episcopus
1623 3047 1776 3086 acer-

179 3111 347 3166 rimus
387 3113 730 3182 disputator,
775 3123 830 3169 et
877 3115 1175 3172 dialecticis
1218 3120 1676 3188 propositionibus
1715 3137 1778 3177 ac

179 3203 620 3258 conclusionibus
649 3206 908 3271 conlisus,
938 3207 1170 3279 hincque
1194 3210 1354 3264 nimis
1382 3210 1574 3276 elatus,
1603 3213 1774 3267 inter-

179 3301 308 3347 erat.
360 3292 707 3365 ingrediente
749 3312 879 3352 vero
929 3300 1215 3354 concilium
1248 3300 1305 3356 S.
1337 3301 1602 3374 Remigio,
1645 3313 1697 3360 et
1743 3321 1774 3360 a

182 3387 528 3442 multitudine
559 3389 810 3456 fratrum,
844 3403 1154 3450 reverenter
1177 3397 1226 3450 ei
1255 3399 1468 3452 cunctis
1493 3415 1778 3472 assurgen-

182 3475 354 3544 tibus,
409 3488 666 3548 excepto,
719 3483 985 3552 superbus
1034 3485 1322 3542 haereticus
1370 3488 1444 3543 illi
1490 3505 1777 3561 assurgere

183 3565 526 3637 dedignatur.
571 3571 641 3624 At
677 3585 800 3625 mox
831 3583 888 3626 ut
914 3575 1104 3631 beatus
1138 3576 1414 3648 Remigius
1444 3589 1570 3634 ante
1601 3582 1776 3652 ipsum

184 3660 419 3722 transiit,
458 3660 549 3715 ille
579 3661 866 3718 locutionis
887 3664 1116 3720 oliicium
1147 3683 1242 3722 ore
1266 3670 1548 3725 obstructo
1574 3673 1773 3727 amisit.

186 3744 638 3818 Exspectantibus
669 3754 958 3820 universis,
995 3765 1052 3811 ut
1081 3769 1204 3828 post
1235 3759 1614 3817 allocutionem
1656 3780 1780 3818 san-

185 3844 248 3895 cti
282 3841 518 3914 Remigii
544 3843 856 3914 loqueretur
886 3847 992 3911 ille,
1020 3865 1086 3903 ne
1114 3851 1282 3905 ullum
1312 3853 1528 3922 quidem
1557 3857 1777 3910 verbum

185 3930 424 3998 proferre
474 3933 668 4002 potuit.
721 3933 921 4006 Sicque
968 3937 1115 3993 beati
1162 3940 1263 3995 viri
1309 3943 1537 4012 vestigia
1576 3960 1778 4014 pronas

187 4020 398 4075 tandem
430 4031 644 4092 petens,
675 4025 900 4081 nutibus
923 4029 1132 4084 veniam
1161 4031 1473 4100 postulavit.
1516 4033 1612 4090 Cui
1651 4052 1779 4091 san-

187 4118 298 4166 ctus
344 4111 677 4184 Remigius:
715 4115 783 4170 lu
817 4120 1056 4184 nomine,
1109 4121 1313 4192 inquit,
1364 4124 1574 4179 Domini
1617 4129 1780 4182 nostri

187 4201 306 4257 less
330 4203 554 4272 Christi,
584 4209 690 4262 veri
721 4206 853 4262 Filii
876 4209 973 4264 Dei
1003 4214 1124 4278 rivi,
1149 4215 1194 4267 si
1225 4215 1298 4269 sic
1327 4217 1391 4270 de
1415 4234 1476 4272 eo
1506 4229 1638 4272 recte
1662 4236 1780 4274 sen-

164 4291 270 4357 tis,
293 4293 528 4364 loquere,
560 4306 608 4350 et
636 4297 702 4351 de
727 4297 839 4363 illo,
869 4300 1004 4353 sicut
1027 4301 1281 4357 catholica
1313 4305 1475 4358 credit
1505 4304 1776 4373 Ecclesia,

1891 479 1969 536 De
1996 482 2321 553 mitigatione
2349 485 2506 555 ignis,
2546 497 2598 569 et
2626 487 2768 570 obitu
2799 491 3054 560 ejusdem,
3093 494 3169 551 rel
3210 497 3478 566 sepultura

2578 575 2764 626 ipsius.

1963 645 2289 700 Senescente
2314 646 2425 716 jam
2461 646 2522 703 S.
2568 649 2838 721 Remigio,
2878 652 3078 723 Deique
3119 655 3322 724 Spiritu
3369 659 3473 714 sibi

1891 734 2176 790 revelante‘
2214 735 2357 805 quod
2381 736 2767 793 abundantiam
2795 750 2920 795 tunc
2944 755 3286 812 praesentem,
3309 747 3480 806 fames

1891 835 2144 880 secutura
2177 827 2339 892 foret,
2377 829 2442 884 de
2479 828 2727 901 frugibus
2760 833 3010 890 villarum
3049 838 3307 908 episcopii
3343 858 3478 896 non-

1890 917 2066 971 nullos
2088 917 2247 988 jussit
2277 934 2503 976 acervos
2532 921 2651 977 fieri
2699 924 2843 979 fame
2881 925 3207 984 laboratura:
3235 941 3476 999 postmo-

1890 1009 2016 1064 dum
2048 1009 2360 1080 profuturos
2398 1013 2576 1082 plebi;
2626 1029 2858 1084 quorum
2887 1017 2940 1072 in
2966 1018 3116 1083 villa,
3147 1035 3266 1089 qua:
3294 1020 3478 1078 Celtus

1891 1111 2141 1163 vocatur,
2175 1101 2298 1158 facti
2330 1115 2458 1159 sunt
2512 1106 2712 1176 plures.
2744 1110 2814 1163 At
2863 1110 3112 1166 homines
3141 1113 3311 1183 ipsius
3337 1114 3479 1171 villie

1890 1194 2132 1248 seditiosi
2161 1203 2216 1248 et
2250 1196 2478 1251 rebelles
2503 1208 2694 1262 erant;
2729 1201 2820 1268 qui
2851 1201 2938 1256 die
2965 1204 3200 1272 quadam
3228 1205 3477 1261 inebriati

1891 1294 2175 1354 creperum
2213 1287 2354 1341 inter
2392 1303 2450 1342 se
2480 1290 2702 1346 dicere:
2755 1294 2895 1360 Quid
2945 1294 3034 1348 ille
3080 1294 3338 1352 Jubilzeus
3380 1296 3477 1366 (iia

1889 1377 2068 1429 virum
2098 1385 2348 1430 sanctum
2377 1389 2601 1448 propter
2627 1384 2805 1436 aetatis
2833 1385 3201 1454 prolixitatem
3234 1387 3480 1442 vocitan-

1893 1469 1995 1539 tes)
2025 1468 2204 1524 facere
2240 1471 2402 1525 vellet
2434 1487 2498 1526 ex
2542 1474 2626 1528 his
2663 1491 2799 1544 quas
2843 1490 3230 1548 aggregaverat
3278 1479 3477 1535 metis!

1887 1561 1970 1616 An
2003 1563 2282 1617 civitatem
2323 1565 2392 1619 de
2435 1565 2564 1634 ipsis
2595 1565 2774 1621 facere
2816 1570 3120 1638 cogitaret:
3158 1572 3284 1640 quia
3333 1571 3476 1625 sicut

1889 1661 2068 1709 turres
2097 1670 2195 1726 per
2226 1671 2409 1710 muros
2446 1657 2683 1712 civitatis
2705 1700 2718 1720 ,
2763 1659 2834 1713 ita
2866 1675 2966 1730 per
2991 1661 3277 1717 circuitum
3307 1663 3477 1718 cortis

1888 1746 2137 1816 dispositi
2169 1747 2542 1802 cernebantur
2563 1751 2763 1804 acervi.
2793 1749 3033 1805 Tandem
3061 1752 3322 1806 suadente
3356 1752 3479 1806 dia-

1888 1837 2013 1891 bolo
2047 1853 2105 1891 se
2143 1847 2331 1892 mutuo
2362 1839 2674 1904 cohortati,
2729 1842 2994 1896 miserunt
3038 1843 3090 1897 in
3122 1857 3217 1897 eos
3267 1844 3468 1913 ignem.

1886 1928 2039 1994 Quod
2059 1945 2182 1983 cum
2207 1929 2266 1982 Β.
2310 1930 2525 1998 prmsuli
2551 1932 2854 1986 nuntiatum
2885 1933 3074 1988 fuisset
3098 1934 3150 1986 in
3175 1933 3476 2004 propinqua

1884 2016 2040 2080 villa,
2074 2033 2236 2086 quam
2265 2016 2509 2074 Basilica:
2538 2018 2754 2074 Cortem
2811 2019 3191 2094 [Bazancourt]
3242 2031 3470 2085 vocant,

1885 2116 2013 2161 tunc
2043 2106 2182 2162 forte
2209 2109 2553 2175 consistenti,
2582 2125 2810 2166 ascenso
2850 2112 3099 2181 protinus
3137 2127 3298 2183 equo,
3327 2113 3474 2169 cele-

1883 2197 2018 2252 riter
2042 2197 2108 2251 ad
2139 2207 2346 2252 tantam
2386 2201 2834 2269 compescendam
2870 2205 3344 2274 prtesumptioncm
3380 2204 3477 2259 dc—

1883 2288 2034 2341 venit
2071 2288 2303 2344 Ceitum.
2350 2289 2470 2356 Quo
2513 2305 2635 2344 cum
2684 2283 3063 2360 pervenisset,
3113 2289 3476 2364 ardentesque

1881 2379 2066 2450 fruges
2112 2381 2447 2450 reperisset,
2492 2382 2559 2436 ad
2619 2382 2794 2452 ipsum
2842 2383 3142 2440 calefacere
3191 2400 3251 2440 se
3304 2388 3471 2456 cmpit

1881 2472 2058 2543 ignem
2081 2488 2096 2534 ;
2122 2487 2357 2543 semper,
2383 2472 2656 2543 inquiens,
2686 2482 2770 2528 est
2789 2475 2962 2529 bonus
2989 2475 3157 2540 focus,
3181 2477 3226 2530 si
3251 2492 3357 2530 non
3385 2493 3475 2531 su-

1878 2579 1977 2635 per
2000 2571 2197 2634 potest.
2229 2562 2616 2620 Verumtamen
2641 2580 2832 2620 omnes
2859 2565 2952 2635 qui
2991 2567 3093 2622 hoc
3134 2575 3383 2638 egerunt,
3415 2577 3472 2623 et

1878 2655 1972 2724 qui
2005 2656 2070 2710 de
2103 2654 2345 2722 ipsorum
2379 2657 2622 2728 genuine
2652 2657 2765 2711 nati
2799 2657 3023 2724 fuerint,
3055 2658 3157 2713 viri
3183 2659 3475 2729 ponderosi

1880 2746 2032 2810 liaut,
2065 2753 2120 2801 et
2142 2745 2358 2802 feminae
2383 2748 2616 2816 gutturis
2636 2748 2948 2803 calamitate
2971 2749 3294 2819 plectantur.
3319 2748 3472 2816 Quod

1867 2836 1954 2891 'ita
2003 2852 2217 2906 quoque
2265 2847 2482 2892 constat
2532 2837 2835 2908 impletum.
2889 2838 3073 2910 Usque
3116 2841 3183 2895 ad
3223 2849 3471 2912 tempora

1881 2928 2151 3000 siquidem
2180 2928 2358 2983 Caroli
2388 2927 2586 3000 Magni,
2615 2930 2705 3000 qui
2739 2931 3108 3000 hujuscemodi
3133 2931 3380 2986 homines
3403 2927 3472 2987 de

1803 3016 2056 3118 C‘Celto,
2095 3019 2352 3088 quoniam
2385 3019 2785 3074 vicedominum
2813 3021 3056 3076 ecclesia:
3086 3021 3372 3076 Remeusis
3413 3023 3468 3077 in

1881 3107 2069 3166 eadem
2102 3110 2225 3163 villa
2257 3119 2544 3176 necarunt,
2585 3112 2986 3176 exterminavit,
3025 3109 3188 3167 caedis
3231 3111 3470 3168 auctori-

1880 3201 1982 3256 bus
2013 3202 2337 3267 interfectis,
2366 3210 2424 3258 et
2451 3204 2917 3259 consentientibus
2947 3219 3043 3274 per
3071 3205 3312 3260 diversas
3337 3219 3462 3276 pro-

1871 3294 2093 3348 'vincias
2123 3294 2417 3364 dispersis,
2459 3303 2622 3364 atque
2663 3307 2924 3366 perpetuo
2967 3296 3339 3351 condemnatis
3366 3312 3464 3351 ex-

1881 3386 2040 3442 silio:
2073 3402 2136 3440 ac
2174 3387 2240 3442 de
2283 3387 2495 3442 exteris
2526 3387 2685 3456 hujus
2728 3381 2985 3457 episc0pii
3039 3385 3181 3441 villis
3220 3386 3467 3441 eamdem

1882 3477 2180 3531 restaurari
2231 3476 2380 3532 fecit.
2433 3477 2509 3532 ita
2558 3477 2661 3532 viri
2721 3477 3046 3547 feminaeque
3103 3476 3472 3548 generationis

1883 3569 2040 3638 hujus
2068 3570 2279 3624 nitiltati
2316 3581 2751 3640 permanserunt,
2777 3581 2836 3626 ut
2865 3571 3038 3627 sancti
3066 3572 3168 3626 viri
3199 3567 3468 3627 sententia

1879 3660 2262 3731 promulgavit.
2294 3661 2360 3714 Et
2395 3671 2519 3731 apte
2549 3661 2767 3730 quidem
2798 3661 2882 3715 vir
2912 3661 3006 3715 Dei
3048 3659 3325 3731 (quoniam
3366 3676 3464 3730 po-

1880 3761 2056 3807 steros
2089 3767 2276 3806 eorum
2323 3753 2551 3807 rebelles
2597 3768 2661 3806 ac
2709 3752 2998 3807 seditiosos
3037 3751 3153 3805 fore
3197 3751 3467 3822 praevidit)

1881 3843 2186 3911 hujusmodi
2228 3843 2464 3898 vindicta
2518 3859 2624 3898 non
2677 3843 2849 3898 solum
2896 3854 3342 3914 praasumptores,
3371 3839 3470 3898 sed

1881 3934 2042 3988 etiam
2071 3947 2240 4003 genus
2268 3933 2506 4003 ipsorum
2542 3932 2706 4002 plecti
2733 3933 2994 3988 decrevit.

1952 4024 2083 4079 Post
2103 4027 2229 4080 hzee
2261 4027 2442 4097 igitur,
2486 4025 2698 4095 aliaque
2726 4026 3019 4080 multarum
3052 4027 3322 4098 magnalia
3351 4027 3467 4082 vir-

1883 4123 2080 4180 tutum,
2112 4131 2231 4184 qua:
2255 4114 2512 4170 Dominus
2534 4117 2748 4187 operari
2777 4132 2873 4187 per
2900 4115 3043 4171 hunc
3074 4116 3284 4172 fidelem
3309 4132 3467 4171 suum

1881 4211 2139 4265 famulum
2167 4213 2419 4282 dignatus
2441 4223 2541 4276 est,
2565 4213 2798 4282 gemitus
2822 4211 2965 4266 illius
2986 4209 3284 4266 exaudiens
3307 4217 3470 4278 atque

1847 4295 1860 4310 ’
1884 4303 2146 4373 SuSpiria,
2184 4304 2382 4372 quibus
2427 4303 2608 4359 dicere
2646 4310 3046 4358 consueverat:
3105 4299 3332 4365 Quando
3383 4315 3469 4352 ve-

192 4386 335 4440 crede
361 4396 412 4440 et
431 4387 703 4456 con/itere.
729 4390 810 4445 Ad
837 4392 988 4461 cujus
1017 4409 1202 4450 vocem
1232 4397 1516 4453 haereticus
1540 4409 1665 4454 ante
1687 4416 1777 4455 su-
1805 4410 1855 4473 ι)
1881 4398 2042 4460 niam,
2071 4407 2119 4451 et
2147 4399 2403 4467 apparebo
2427 4409 2544 4451 ante
2566 4389 2752 4466 faciem
2770 4397 2904 4451 Dei?
2930 4395 3100 4464 (Psal.
3127 4410 3238 4460 xu,
3259 4394 3339 4460 '5.)
3364 4394 3469 4449 Sa-

189 4479 402 4546 perhus,
436 4479 660 4535 humilis
679 4479 793 4550 jam
828 4484 1000 4538 factus
1034 4495 1196 4556 atque
1221 4489 1548 4554 catholicus,
1583 4493 1773 4547 ortho-

192 4570 378 4625 dosam
419 4571 580 4628 iidem
613 4574 680 4628 de
709 4573 888 4630 divina
920 4585 974 4631 et
1013 4578 1352 4648 iuseparabiii
1385 4582 1680 4648 'l'rinitate,
1713 4599 1778 4640 ac

194 4659 251 4715 de
273 4662 648 4719 incarnatione
671 4665 874 4721 Christi
894 4669 1164 4724 catholice
1185 4670 1485 4736 confessus,
1510 4674 1560 4728 in
1586 4675 1774 4730 eadem

194 4752 543 4810 confessionis
572 4771 689 4811 suae
725 4755 829 4812 ﬁde
877 4774 936 4814 se
980 4776 1391 4830 permansurum
1443 4767 1775 4835 repromisit.

197 4839 380 4911 Sicque
417 4845 598 4900 anima
629 4860 730 4916 per
759 4847 1128 4906 infidelitatem
1169 4854 1400 4921 perdito,
1429 4863 1484 4909 et
1509 4856 1777 4927 corporali

198 4947 320 4990 voce
344 4949 566 5010 propter
605 4941 913 5008 superbiam
952 4941 1099 5020 just‘e
1141 4947 1536 5013 eondemnato,
1579 4951 1780 5004 virtute

196 5025 361 5083 divina
390 5030 718 5086 venerabilis
739 5032 1002 5100 pontifex,
1029 5044 1081 5089 et.
1104 5035 1301 5091 anima:
1329 5038 1560 5093 reddidit
1582 5048 1635 5093 ct
1653 5055 1776 5094 cor-

199 5122 331 5187 poris
357 5126 682 5188 sanitatem;
715 5125 923 5180 cunctis
945 5127 1034 5196 qui
1061 5128 1307 5194 aderant,
1331 5130 1413 5184 vel
1444 5121 1562 5185 luco
1585 5131 1776 5202 cegui—

201 5211 292 5265 turi
317 5211 510 5281 forent,
543 5214 922 5270 sacerdotibus
958 5226 1206 5291 patenter
1233 5219 1556 5284 ostendens“,
1589 5220 1640 5274 in
1671 5221 1776 5274 hoc

203 5289 323 5360 male
363 5310 634 5364 sentiente
671 5309 738 5362 de
765 5305 981 5363 Christo
1023 5289 1136 5381 (qui
1179 5312 1460 5380 proximus
1504 5321 1561 5368 et
1604 5313 1777 5366 frater

1887 4488 2060 4541 tiabor
2087 4489 2211 4542 dum
2235 4489 2662 4557 manifestabitur
2688 4489 2856 4559 gloria
2885 4488 2998 4557 ejus
3025 4485 3198 4557 (Psal.
3230 4501 3340 4551 xvi,
3370 4484 3423 4556 8)
3450 4501 3466 4551 ;

1885 4580 1962 4635 illi
1993 4581 2079 4651 pia
2111 4581 2484 4636 consolatione
2525 4579 2782 4634 Dominus
2819 4579 2998 4633 obitus
3023 4577 3105 4631 sui
3136 4577 3279 4632 diem
3322 4589 3468 4629 reve-

1885 4676 2013 4738 lavit
2045 4677 2348 4734 imminere.
2383 4677 2497 4744 Qua
2539 4676 2870 4731 revelatione
2913 4672 3109 4738 fretus,
3138 4665 3470 4726 rerum‘sua-

1885 4783 2004 4820 rum
2053 4767 2297 4821 condidit
2357 4775 2782 4830 testamentum,
2848 4765 2915 4820 ad
2965 4763 3107 4818 illam
3161 4763 3470 4834 pertingere

1881 4855 2151 4911 festinans
2178 4855 2576 4920 iuereditatem,
2608 4856 2674 4909 de
2706 4871 2813 4926 qua
2841 4856 2971 4911 dicit
2997 4853 3302 4924 Propheta:
3337 4847 3468 4906 Cum

1879 4949 2078 5003 dederit
2109 4947 2316 5002 dilectis
2354 4949 2464 5002 suis
2493 4961 2754 5010 somnum,
2791 4945 2904 5000 lucc
2933 4953 3008 5000 est
3035 4943 3316 5021 luct'editas
3355 4938 3468 4992 Do-

1881 5039 2008 5094 mini
2041 5036 2214 5110 (Psal.
2243 5052 2424 5104 cxxvi,
2462 5040 2516 5103 5,
2555 5037 2632 5106 4).
2683 5035 2776 5091 Sic
2817 5053 2948 5108 ergo
2991 5041 3213 5088 sanctus
3262 5033 3350 5087 hic
3391 5029 3474 5081 vir

1872 5121 2015 5196 Dei,
2047 5140 2316 5185 terrenam
2366 5131 2756 5197 derelinquens
2803 5126 3181 5185 haereditatem
3229 5121 3474 5222 percepit

1883 5227 2166 5274 aeternam.
2217 5218 2453 5276 Condito
2498 5216 2766 5288 siquidem
2829 5221 3197 5274 testamento,
3252 5221 3308 5266 et
3357 5216 3473 5262 suis

1883 5310 2135 5364 omnibus
2167 5309 2272 5364 rite
2297 5309 2598 5382 dispositis,
2630 5307 2759 5376 quia
2793 5322 2958 5364 verus
2989 5301 3224 5389 agricola
3251 5313 3472 5358 omnem
