3974 5392
511 383 605 452 vos
1001 366 1019 378 ‘
1126 393 1155 444 _~
1307 396 1312 403 -
1610 381 1998 438 nouorum
2024 383 2354 442 canona:
2393 332 2733 444 usususus
3018 372 3134 425 πρέ
3152 368 3212 428 .4:
3723 361 3789 446 ὁὸ

538 494 781 565 templari
809 494 1009 550 valeret
1038 472 1318 550 atten'ﬁus.
1350 493 1469 564 Ipse
1502 508 1630 551 vero
1653 496 1902 552 studebat
1924 496 1978 552 in
2000 513 2112 555 sua:
2136 483 2191 547 Α

509 651 520 667 ἢ,
537 589 872 660 probationis
901 586 1200 658 tentatiune
1245 600 1462 655 semper
1483 587 1697 669 gratias
1731 602 1909 657 agere,
1944 587 2116 658 laudi-

537 688 660 740 bus,
686 676 1006 746 hymnisque
1031 675 1141 728 Deo
1162 674 1350 735 diebus
1377 690 1440 729 ac
1463 672 1708 730 noctibus
1731 691 1943 739 vacare,
1974 675 2113 731 ﬁdeli
2178 696 2217 711 ·η

2199 790 2209 814 ,ι
2277 753 2519 802 Ριιίιιδιειιε
2541 757 2619 801 hic
2645 756 2748 814 Deo
2769 755 2959 803 devotis
2978 752 3088 812 apta
3129 752 3388 811 beneﬁcia,

516 774 1086 837 ;mentepcrtractans
1131 783 1144 819 :
1188 764 1456 831 Quoniam
1481 767 1573 834 qui
1603 767 1872 835 patienter
1900 767 2116 821 humili-

510 866 728 928 ,terque
752 857 960 928 ﬂagella
987 857 1307 926 suscipiunt,
1336 868 1454 925 post
1484 858 1691 926 flagella
1718 859 2024 913 sublimiter
2048 860 2115 915 ad

512 950 779 1018 _rcquiem
826 948 1215 1016 suscipiuntur.
1255 947 1419 1016 Cujus
1456 959 1672 1005 aeterna:
1709 948 1892 1018 gloriae
1924 949 2115 1019 pignus

509 1038 592 1098 ,in
622 1053 687 1093 eo
722 1037 985 1093 Dominus
1014 1038 1202 1093 volens
1231 1040 1549 1101 ostendere,
1599 1039 1916 1107 priusquam
1959 1039 2119 1094 dece-

537 1127 712 1192 deret,
745 1128 794 1182 ei
823 1128 994 1182 visum
1028 1128 1285 1183 restituit.
1317 1126 1492 1192 Unde,
1528 1128 1671 1203 sicut
1694 1138 1750 1189 et
1775 1129 1842 1182 de
1871 1128 2117 1184 amissio-

535 1236 645 1290 ne,
686 1237 882 1278 nomen
928 1220 1140 1276 Domini
1181 1221 1480 1283 benedixit.
1512 1220 1578 1275 Et
1611 1236 1715 1274 non
1756 1228 1877 1289 post
1903 1220 2115 1289 Iungunt
2204 1254 2207 1259 -

543 1314 805 1385 Spatium,
829 1314 1011 1369 sciens
1038 1313 1226 1368 adesse
1260 1313 1342 1367 sui
1373 1314 1633 1366 transitus
1661 1313 1823 1375 diem,
1854 1327 1950 1382 per
1984 1312 2118 1373 mis:-

517 1421 719 1475 ,sarum
746 1405 1167 1461 celebrationem
1186 1444 1203 1469 ,
1234 1412 1291 1457 et
1325 1418 1496 1459 sacrae
1525 1402 1920 1457 communionis
1950 1401 2117 1471 parti—
2208 1432 2212 1439 -

512 1497 862 1567 .cipationem
890 1537 906 1561 ,
937 1496 1301 1561 valefaciens,
1329 1503 1383 1549 et
1408 1495 1545 1548 dans
1580 1509 1766 1563 pacem
1800 1493 1928 1546 ﬁliis
1969 1492 2111 1557 suis,

516 1596 824 1658 postquam
856 1586 1195 1656 septuaginta
1242 1595 1477 1655 quatuor
1519 1599 1690 1638 anuos
1716 1583 1769 1637 iu
1802 1582 2111 1651 episcopatu

537 1677 947 1748 religiosissime
974 1677 1146 1731 ﬁdelis
1187 1692 1378 1732 servus
1413 1684 1467 1731 et
1498 1675 1735 1745 prudens
1764 1675 1989 1728 Domino
2019 1672 2112 1729 mi.

537 1771 890 1836 nistraverat,
932 1770 1284 1840 nonagesimo
1310 1777 1464 1825 sexto
1494 1769 1671 1823 aetatis
1699 1780 1811 1821 suae
1841 1780 1983 1820 anno
2008 1765 2114 1819 ldi-

533 1864 640 1919 bus
660 1863 899 1919 Januarii
932 1862 1052 1935 fuas.
1097 1864 1135 1928 ἱ,
1182 1862 1258 1916 ιιι.
1288 1860 1386 1933 is],
1416 1875 1578 1914 cursu
1609 1858 1781 1913 sancti
1801 1856 2119 1914 certaminis

522 1965 936 2023 consummato,
969 1953 1072 2007 ﬁde
1106 1961 1342 2010 servata,
1365 1966 1488 2006 cum
1528 1948 1807 2019 multiplici
1855 1949 2120 2003 bonorum

538 2059 762 2113 operum
796 2043 993 2106 fructu,
1035 2051 1088 2095 et
1119 2042 1422 2095 animarum
1462 2040 1612 2095 lucro
1633 2078 1650 2106 ,
1699 2049 1754 2093 ut
1784 2041 1872 2094 diu
1906 2039 2121 2095 deside-

540 2137 702 2198 ravit,
726 2134 906 2188 anima
934 2132 1104 2188 caelos
1131 2142 1443 2201 penetrans,
1473 2138 1633 2184 terra:
1653 2118 1850 2199 corpus
1870 2128 2119 2199 reliquit;

538 2226 811 2294 accipiens
860 2224 1052 2279 stolam
1098 2224 1423 2286 candidam,
1472 2222 1861 2278 beatitudinem
1914 2221 2124 2276 scilicet

513 2316 737 2371 .animae
771 2315 1180 2385 sempiternam,
1211 2323 1566 2381 percapturus
1617 2312 1670 2366 iu
1721 2311 2124 2373 resurrectione

539 2406 768 2461 alteram
795 2446 810 2468 ,
856 2405 1071 2459 beatam
1127 2403 1380 2457 videlicet
1426 2404 1491 2457 ad
1538 2402 1764 2471 gloriam
1813 2399 2122 2463 resuscitati

540 2496 788 2565 corporis
812 2494 1306 2557 immortalitatem;
1340 2508 1688 2560 possessorus
1716 2500 1923 2558 partem
1953 2488 2125 2543 socie—

542 2594 818 2653 tatemque
849 2599 970 2640 cum
1002 2584 1292 2654 prmcipuis
1320 2581 1522 2637 Christi
1564 2580 1821 2635 membris
1861 2581 1912 2633 in
1958 2594 2124 2649 regno

542 2672 773 2737 cmlesti,
806 2673 948 2728 sicut
992 2681 1282 2727 attestatur
1318 2672 1611 2740 apostolica
1641 2670 1743 2726 sibi
1776 2670 1972 2725 collata
2004 2684 2124 2740 gra»

548 2763 647 2816 tia.
692 2761 838 2816 Gens
885 2764 1149 2831 siquidem
1194 2763 1449 2817 Francica
1499 2778 1594 2832 per
1641 2763 1813 2831 ipsum
1857 2762 1925 2815 ad
1965 2752 2123 2815 ﬁdem

543 2850 748 2905 Christi
777 2866 1061 2913 conversa,
1102 2851 1346 2922 martyrii
1382 2851 1577 2921 palma,
1610 2850 1990 2920 longanimitas
2026 2864 2123 2919 pa-

530 2943 749 3011 tientia:
769 2943 820 2996 iu
846 2942 1183 3013 longrrvitate
1203 2942 1374 3012 ipsius
1396 2943 1542 3008 vitaz,
1557 2942 1911 2999 confessionis
1929 2941 2123 3012 gloria,

524 3034 859 3093 orthodoxa:
896 3034 1016 3088 lidei
1056 3032 1408 3103 praedicatio,
1448 3034 1884 3104 magualiumque
1924 3042 2032 3087 tam
2066 3033 2121 3088 in

541 3124 652 3179 vita
685 3124 962 3194 corporis,
996 3139 1159 3194 quam
1202 3132 1325 3194 post
1360 3125 1564 3181 obitqu
1603 3123 1861 3192 prmclara
1897 3122 2124 3177 manife-

526 3216 727 3279 _statio.
759 3214 895 3270 Cum
935 3229 1063 3270 vero
1104 3212 1267 3269 funus
1307 3214 1475 3284 ipsius
1513 3214 1914 3269 sanctissimum
1945 3212 2122 3268 defer-

543 3315 698 3362 retur
722 3309 790 3361 ad
812 3307 1143 3375 sepulturam
1182 3316 1490 3361 sanctorum
1522 3318 1821 3378 martyrum
1854 3306 2120 3362 Timothei

540 3407 599 3459 et
625 3399 951 3469 Apollinaris
974 3400 1028 3455 in
1061 3399 1286 3454 ecclesia
1327 3408 1720 3470 praeparatam,
1754 3399 1829 3454 ita
1861 3397 2121 3452 feretrum

542 3490 600 3546 in
625 3491 801 3546 medio
828 3492 947 3546 vico
971 3499 1051 3546 est
1079 3500 1451 3560 aggravatum,
1478 3500 1533 3545 ut
1560 3490 1708 3545 nullo
1735 3489 1894 3545 modo
1919 3496 2120 3558 posset,

528 3579 856 3651 hominibus
921 3582 1317 3650 quantumlibet
1380 3583 1783 3645 adnitentibus,
1857 3580 2120 3635 amoveri.

546 3673 878 3743 Stupefactis
908 3675 1191 3741 omnibus,
1225 3676 1429 3745 Deique
1466 3674 1895 3730 misericordiam
1932 3684 2121 3743 posta-

543 3761 812 3828 lantibus,
835 3773 893 3819 ut
915 3765 1230 3838 dignaretur
1255 3765 1565 3828 ostendere,
1589 3779 1697 3833 quo
1726 3762 1920 3818 inloco
1950 3761 2122 3816 sancti

544 3854 631 3911 sui
664 3853 826 3910 vellet
875 3855 1093 3911 recondi
1138 3869 1373 3926 corpus,
1408 3854 1692 3925 designant
1735 3852 1804 3908 ad
1840 3850 2120 3906 basilicam

540 3947 892 4017 praefatorum
926 3955 1264 4018 martyrum;
1301 3961 1400 4002 nec
1428 3946 1685 4003 feretrum
1733 3958 1951 3999 movere
1998 3958 2122 4013 pos-

542 4045 689 4092 sunt.
721 4026 1029 4113 Propouunt
1057 4034 1123 4091 ad
1149 4037 1436 4093 ecclesiam
1465 4035 1636 4091 sancti
1666 4034 1885 4099 Nicasii,
1910 4048 2010 4090 nec
2028 4047 2122 4087 ea-

541 4128 729 4200 pulum
761 4128 905 4184 valet
942 4129 1134 4184 attolli.
1168 4130 1477 4184 Decernuut
1503 4128 1570 4180 ad
1596 4129 1767 4181 aedem
1807 4135 2122 4180 sanctorum

544 4216 684 4274 Sixti
712 4228 770 4275 et
799 4219 1009 4285 Siuicii,
1042 4234 1142 4274 nec
1165 4219 1243 4275 sic
1265 4227 1443 4288 potest
1470 4217 1694 4275 moveri.
1743 4215 1984 4270 Tandem
2033 4230 2126 4269 co—

530 4311 681 4377 .acti,
711 4311 977 4388 quoniam
1022 4326 1189 4381 parva
1220 4316 1502 4378 supererat
1543 4306 1774 4363 ecclesia
1819 4306 1873 4360 in
1922 4304 2126 4358 honore

543 4404 692 4460 beati
741 4402 1117 4474 Christophori
1169 4401 1467 4472 martyris,
1517 4408 1574 4479 et
1611 4397 1810 4453 nullius
1854 4392 2123 4466 propalati

2148 3178 2195 3233 (ι

2274 503 2330 569 i_n
2348 506 2859 569 ecclestacondendus
2896 505 3068 556 Timat'
3090 507 3135 555 ei
3173 505 3410 569 martyris.

2204 614 2211 619 .
2275 566 2413 639 Iunc
2437 569 2527 617 hoc
2548 567 2655 639 loco
2677 582 2858 639 moram
2896 569 3005 639 fecit
3029 585 3043 629 ;
3070 582 3161 639 nec
3185 566 3370 639 moveri
3393 567 3571 639 potuit,

2275 628 2444 692 Donec
2467 644 2564 692 quo
2588 630 2811 678 locandus
2846 638 2978 679 esset
3003 628 3237 692 revelsvit
3269 628 3537 678 Dominus:

2281 690 2370 738 Ubi
2398 690 2524 739 nunc
2547 692 2742 740 favente
2765 692 2950 741 Christo
2976 690 3226 753 przepollet
3258 691 3538 753 virtutibus,

2277 814 2429 876 Cascis
2452 816 2625 876 visum,
2652 812 2833 862 claudis
2857 810 3099 873 gressum,
3119 824 3178 876 Aet
3203 815 3350 876 aegris
3373 810 3673 863 remedium.

2200 888 2203 893 ’
2280 874 2436 935 Igitur
2466 874 2671 935 profusis
2691 875 2810 924 votis
2835 886 3096 925 e~oremus
3116 874 3390 936 Dominum,

2277 937 2479 986 Veniam
2506 946 2559 986 ut
2580 939 2865 985 delictorum
2890 938 3115 997 piisejus
3137 938 3361 995 precibus
3786 952 3795 979 ›

2278 997 2553 1046 Mereamur
2578 999 2795 1057 adipisci,
2822 1004 2873 1047 et
2893 996 3139 1045 caelorum
3165 999 3357 1057 gaudia.

2204 1070 2211 1071 ί
2277 1059 2457 1109 Sancte
2484 1058 2691 1117 Remigi,
2722 1060 2971 1108 confessor
3012 1059 3227 1118 pretiose
3267 1058 3480 1118 Domini,

2203 1166 2207 1172 .
2276 1119 2498 1172 Adeloldi
2522 1132 2717 1183 quoque
2743 1121 2813 1170 tui
2834 1122 3072 1171 miserere
3096 1119 3279 1169 famuli.

2788 1269 3014 1327 CAPUT
3049 1269 3232 1326 XVIII.

3786 1320 3802 1345 )

2571 1356 2957 1438 Testamentum
2982 1380 3048 1436 ab
3073 1381 3185 1450 ipso
3214 1381 3433 1437 editum.
3744 1352 3747 1357 ἱ
3794 1406 3804 1433 ι

2290 1516 2385 1571 «ιιι
2425 1516 2641 1570 nomine
2686 1515 2902 1581 Patris,
2932 1524 2986 1570 et
3019 1513 3178 1580 Filii,
3223 1521 3278 1570 et
3322 1513 3557 1586 Spiritus
3603 1512 3801 1568 sancti.

2205 1606 2397 1687 Gloria
2428 1606 2557 1660 Deo.
2585 1606 2777 1659 Amen.

2206 1724 2213 1733 ι
2293 1717 2312 1751 ι
2341 1699 2452 1767 Ego
2479 1695 2757 1766 Remigius
2783 1695 3070 1765 episcopus
3092 1694 3331 1751 civitatis
3361 1694 3684 1756 Remorum,
3717 1705 3803 1745 sa—

2148 1825 2194 1885 B
2221 1789 2445 1846 cerdotii
2475 1803 2697 1858 compos
2722 1828 2738 1853 ,
2775 1797 3156 1843 testamentum
3201 1802 3380 1856 meum
3426 1784 3648 1842 condidi
3684 1782 3805 1865 iure

2222 1881 2496 1957 prtetorio,
2527 1892 2689 1950 atque
2718 1880 2768 1934 id
2797 1879 3165 1934 codicillorum
3191 1879 3306 1934 vice
3333 1876 3514 1932 valere
3540 1873 3803 1949 praecepi,

2221 1973 2264 2028 si
2295 1973 2342 2027 ei
2370 1973 2506 2043 juris
2533 1970 2732 2040 aliquid
2766 1970 3037 2026 videbitur
3060 1969 3315 2024 defuisse.
3342 1968 3685 2037 Quandoque
3704 1980 3833 2034 eg0‘

2220 2062 2501 2133 Remigius
2531 2062 2816 2130 episcopus
2850 2061 2916 2115 de
2948 2063 3047 2116 hac
3078 2060 3195 2114 luce
3227 2059 3524 2122 transiero,
3571 2067 3629 2110 tu
3673 2053 3806 2111 mihi

2222 2153 2396 2208 bmres
2419 2161 2558 2213 esto,
2596 2159 2782 2205 sancta
2813 2159 2867 2203 et
2896 2149 3218 2204 venerabilis
3252 2147 3490 2203 Ecclesia
3530 2144 3805 2201 catholica

2221 2244 2371 2298 urbis
2391 2228 2774 2309 Remorum,et
2789 2250 2865 2306 tu,
2888 2241 2959 2295 ﬁli
2985 2240 3172 2295 fratris
3198 2239 3325 2304 mei,
3351 2238 3497 2306 Lupe
3524 2237 3805 2306 episcopo,

2224 2351 2384 2405 quem
2433 2334 2705 2406 praecipuo
2746 2347 2960 2402 semper
2990 2346 3175 2386 amore
3211 2329 3409 2393 dilexi,
3439 2337 3492 2383 et
3526 2335 3607 2391 tu,
3637 2332 3808 2394 nepos

2224 2439 2397 2487 meus,
2423 2422 2671 2494 Agricola
2714 2421 3020 2492 presbyter,
3066 2419 3159 2489 qui
3195 2417 3326 2473 mihi
3356 2415 3617 2485 obsequio
3657 2422 3751 2467 tuo
3776 2426 3805 2465 a

2223 2514 2458 2586 pueritia
2483 2512 2757 2583 placuisti,
2791 2513 2843 2566 iu
2871 2510 3017 2564 omni
3039 2507 3338 2565 substantia
3365 2520 3506 2570 mea,
3532 2519 3659 2574 qum
3685 2516 3805 2556 mea

2226 2613 2373 2660 sorte
2417 2605 2638 2659 obvenit
2685 2613 2973 2672 antequam
3020 2600 3260 2656 moriar:
3312 2606 3527 2670 przcter.‘
3556 2596 3609 2650 id
3658 2592 3806 2664 quod

2225 2696 2517 2765 unicuique
2557 2695 2832 2748 donavero
2856 2733 2871 2756 ,
2917 2692 3203 2761 lcgavero,
3240 2689 3426 2742 darive
3447 2686 3692 2754 jussero,
3722 2682 3803 2737 vel

2225 2801 2668 2857 unumquemque
2690 2794 2926 2839 vestrum
2955 2782 3174 2837 voluero
3201 2781 3403 2835 habere
3443 2776 3802 2846 praecipuum.

2226 2880 2306 2935 Tu
2334 2888 2523 2933 sancta
2572 2877 2746 2931 bteres
2791 2889 2907 2928 mea
2953 2871 3238 2927 Rcmensis
3283 2868 3543 2931 Ecclesia,
3575 2866 3809 2923 colonos

2227 2988 2365 3045 quos
2395 2973 2448 3027 in
2479 2969 2727 3025 Portensi
2776 2969 2948 3022 habeo
2993 2963 3270 3021 territorio
3293 3001 3309 3026 ,
3361 2959 3443 3017 vel
3481 2959 3547 3015 de
3574 2963 3806 3031 paterna

2232 3070 2592 3128 maternaque
2629 3058 2950 3122 substantia,
3001 3054 3085 3109 vel
3128 3068 3264 3123 quos
3307 3067 3431 3107 cmn
3474 3048 3644 3105 fratre
3682 3061 3807 3105 meo

2224 3159 2428 3206 sancta:
2455 3148 2731 3204 memoriae.
2758 3146 3029 3215 Principio
3051 3144 3304 3214 episcopo
3329 3140 3682 3203 commutavi,
3720 3136 3807 3191 vel

2224 3244 2455 3299 donatos
2476 3241 2673 3305 habeo,
2696 3239 3015 3309 possidebis,
3042 3236 3401 3308 Dagaredum,
3424 3231 3804 3292 Profuturum,

2223 3333 2598 3396 Prudentium,
2616 3330 2984 3395 Temnaicum,
3002 3327 3393 3390 Maurilionem,
3409 3321 3808 3383 Baudoleifum,

2217 3405 2663 3479 i’rovinciolum:
2712 3419 3062 3474 Naviatenam
3089 3458 3105 3482 ,
3152 3415 3420 3480 Lautam,
3472 3410 3804 3468 Suﬁ'rouiam

2224 3515 2478 3579 colonas;
2520 3512 2837 3566 Amerinum
2866 3524 3081 3579 quoque
3120 3521 3358 3572 servum,
3400 3519 3522 3560 cum
3550 3503 3801 3557 omnibus

2216 3622 2359 3677 quos
2400 3607 2687 3661 iutestatos
2733 3601 3166 3677 reliquero,_tuo
3200 3597 3437 3654 dominio
3475 3593 3799 3649 vindicabis.

2218 3697 2443 3753 Necnon
2470 3695 2647 3760 villas,
2675 3707 2962 3764 agrosque,
2993 3667 3128 3762 quos
3158 3689 3409 3760 possideo
3439 3688 3492 3741 in
3520 3685 3638 3741 solo
3664 3684 3799 3738 Poro

2222 3785 2385 3851 tensi,
2409 3784 2763 3841 Tudiniacum
2782 3781 3011 3846 scilicet,
3034 3789 3089 3835 et
3109 3778 3448 3833 Balatonium
3473 3773 3620 3848 [ms.,
3647 3772 3799 3827 Balao

2223 3874 2458 3946 tonum],
2486 3874 2601 3929 sive
2628 3872 2991 3937 Plerinacum,
3019 3879 3075 3925 et
3102 3868 3447 3923 Vaculiacum
3470 3905 3486 3931 ,
3528 3863 3614 3919 vel
3648 3877 3798 3938 qua.

2220 3983 2436 4038 cunque
2475 3968 2528 4021 in
2569 3964 2757 4020 eodem
2784 3963 2900 4019 solo
2929 3961 3175 4034 Portensi
3205 3958 3445 4030 qualibet
3479 3955 3801 4011 auctoritate

2223 4056 2466 4127 possedi,
2496 4056 2704 4126 integre
2741 4068 2865 4108 cum
2900 4050 3153 4105 omnibus
3186 4047 3425 4118 campis,
3460 4046 3665 4117 pratis,
3707 4059 3801 4115 pad

2220 4148 2387 4209 acuis,
2418 4146 2586 4209 silvis,
2609 4144 2677 4199 ad
2698 4151 2751 4197 te
2772 4138 3077 4197 testamenti
3107 4136 3268 4205 hujus
3296 4135 3620 4196 auctoritate
3646 4148 3799 4188 revov

2220 4237 2392 4292 cabis.
2435 4234 2608 4289 Simili
2642 4232 2801 4287 modo
2825 4270 2840 4290 ,
2885 4228 3228 4284 sanctissima
3269 4228 3443 4281 haeres
3472 4238 3614 4289 mea,
3654 4235 3800 4293 quas

2218 4339 2436 4395 cunque
2457 4324 2550 4379 tibi
2572 4340 2600 4377 a
2622 4320 2937 4393 propinquis
2949 4328 3005 4373 et
3025 4318 3214 4375 amicis
3235 4317 3394 4383 meis,
3411 4317 3465 4372 in
3481 4324 3800 4385 quocunun

2220 4414 2341 4481 solo
2368 4422 2427 4468 et
2450 4412 2729 4468 territorio
2757 4409 2951 4466 collata
2998 4416 3158 4473 sunt,
3203 4407 3361 4463 sicuti
3400 4406 3718 4475 diaposuero
3743 4401 3798 4457 in

528 4509 743 4566 corpus
779 4494 1099 4562 servabatur
1144 4493 1198 4549 in
1239 4507 1302 4547 ea
1347 4490 1564 4553 sancti,
1612 4483 2124 4556 circumiacentibus
2155 4511 2202 4570 ι)
2228 4504 2520 4575 parochi“,
2550 4501 2834 4567 emnobiis,
2876 4500 3175 4571 martyriis,
3225 4497 3509 4558 diaconiis,
3555 4494 3795 4551 xenodos

533 4596 728 4651 .tamen
763 4588 917 4643 atriis
957 4587 1197 4643 ecclesim
1233 4584 1600 4642 cmmeterium
1629 4580 1908 4636 ferebatur
1930 4593 1998 4632 ex
2027 4592 2126 4655 an—

528 4664 702 4749 :tiquo
742 4666 1017 4735 Remense
1041 4719 1056 4745 ,
1102 4676 1375 4749 petienmt
1420 4684 1478 4730 ut
1518 4673 1775 4729 Dominus
1802 4669 2121 4732 declararet,

545 4776 858 4825 utrumnam
883 4768 934 4822 in
964 4769 1152 4822 eadem
1179 4766 1462 4823 ecclesiola
1491 4765 1684 4836 pignus
1712 4761 1842 4815 illud
1873 4759 2128 4815 saeratis-

548 4857 745 4911 simum
786 4859 967 4927 reponi
996 4859 1327 4913 decerneret.
1362 4857 1438 4911 Ad
1472 4869 1593 4925 qua:
1621 4860 1745 4909 vota
1770 4860 1917 4906 tanta
1949 4848 2123 4904 facili-

536 4956 663 5015 tate
696 4939 929 5003 loculum
962 4948 1174 5021 levant,
1203 4937 1261 5002 ut
1289 4947 1503 5001 nullum.
1527 4952 1807 5015 portantes
1832 4957 1972 4997 onus
2001 4956 2127 4997 sen-

791 5041 824 5050 ﬁ
992 5042 1024 5050 ιι
1728 5036 1761 5050 CC
1826 5036 1839 5049 ο
1904 5036 1914 5048 ι
1950 5035 1989 5050 ἢ
2030 5041 2042 5050 ι

2224 4597 2385 4663 chiis,
2414 4595 2768 4664 omnibusque
2790 4592 3090 4651 matriculis
3121 4591 3223 4649 sub
3251 4599 3338 4644 tua
3366 4588 3571 4645 ditione
3599 4587 3799 4657 degen~

2220 4691 2393 4753 tibus,
2440 4687 2837 4743 ordinationem
2881 4699 3053 4739 meam
3090 4682 3254 4737 futuri
3294 4694 3636 4735 successores
3671 4676 3797 4739 mei,

2223 4781 2432 4846 ordinis
2483 4778 2566 4835 sui
2616 4790 2883 4833 memores
2917 4813 2934 4839 ,
2988 4774 3128 4829 sicut
3188 4787 3288 4845 ego
3343 4770 3796 4839 praedecessorum

2223 4887 2500 4936 meorum,
2524 4872 2599 4925 ita
2624 4884 2840 4939 quoque
2869 4867 3202 4927 iuconvulse,
3233 4873 3289 4919 et
3323 4865 3529 4933 absque
3572 4861 3676 4916 ulla
3715 4874 3797 4914 re-

2222 4964 2258 5018 -1’
2258 4980 2312 5019 ra
2322 4964 2533 5034 gatione
2552 4960 2857 5016 servabunt.
2875 4958 2952 5012 Ex
2968 4958 3162 5028 quibus
3173 4956 3375 5019 Celtus,
3397 4970 3559 5024 quam
3582 4951 3795 5025 [Briss.,
