3974 5392
173 396 233 457 BI
750 395 1092 457 HISTORIA:
1137 399 1491 458 ECGLFSLE
1528 402 1758 456 REMEN

1860 404 1872 456 ς
1907 400 2082 458 iactu
2120 402 2473 470 cunnos.
2515 436 2579 445 —
2619 406 2746 461 Lm.
2789 406 2828 460 ι.
3361 387 3431 463 ιε

165 524 326 578 quam
359 527 389 565 a
418 511 788 567 colurredibus
811 516 945 568 meis
968 515 1256 570 Benedicto
1279 524 1328 568 et
1359 514 1579 575 llilario,
1602 513 1743 568 datis
1773 509 1818 568 Α
1849 514 2030 574 etesia:
2059 514 2348 569 Remorum
2376 514 2601 584 juugere
2625 517 2787 576 votui.
2821 517 3012 580 donec,
3043 525 3101 570 ut
3128 518 3230 572 hoc
3255 519 3406 572 omni

160 604 352 674 pretiis
389 605 500 659 emi
551 605 614 659 de
658 606 910 660 thesauro
951 607 1214 672 ecclesize,
1247 616 1300 660 et
1324 607 1640 662 Albiuiacus
1677 622 1746 660 ex

163 695 462 765 episcopis,
494 696 548 750 in
576 697 844 752 alimoniis
873 697 1198 752 clericorum
1239 696 1523 753 Remensis
1561 696 1746 752 Eccle-

162 787 255 841 siae
284 788 658 842 communiter
683 790 1026 858 deputentur.
1053 788 1260 855 Quibus
1286 789 1448 841 etiam
1479 788 1650 842 Berua
1680 802 1747 840 ex

161 879 460 948 episcopio,
491 893 614 947 qua:
636 878 922 948 peculiaris
951 878 1438 948 praedecessoribus
1471 878 1604 930 meis
1628 889 1750 930 csso

161 971 371 1026 sciebat
398 1012 412 1035 ,
464 988 589 1026 cum
640 972 847 1025 duabus
889 971 1050 1036 villis,
1098 987 1231 1041 quas
1275 970 1580 1026 Ludovicus
1607 986 1635 1023 a
1666 984 1749 1023 me

161 1077 318 1118 sacro
365 1063 714 1131 baptismatis
763 1062 910 1118 fonte
959 1073 1262 1134 susceptus,
1300 1079 1486 1117 amore
1517 1062 1750 1116 nominis

161 1153 286 1214 mei,
336 1151 731 1208 Piscofeslicim
778 1169 873 1207 sua
922 1153 1099 1222 lingua
1145 1155 1352 1208 vocalis
1391 1153 1451 1224 Ii.
1483 1151 1748 1223 vocatas],

161 1245 292 1300 mihi
325 1245 577 1309 tradidit,
618 1245 732 1298 sive
754 1260 874 1299 cum
905 1244 1065 1300 Coslo
1093 1255 1149 1300 et
1177 1244 1355 1309 Gleni,
1390 1245 1471 1297 vrl
1501 1246 1752 1300 omnibus

159 1333 335 1398 silvis,
375 1335 575 1403 pratis,
613 1335 848 1404 pascuis,
875 1350 1210 1405 qumcunque
1254 1350 1350 1404 per
1377 1334 1618 1389 diversos
1653 1335 1753 1388 mi-

163 1427 364 1481 nistros
403 1426 458 1479 in
485 1423 693 1497 Vosago
714 1425 873 1490 infra,
901 1426 1135 1488 circum,
1166 1435 1222 1480 et
1247 1435 1440 1491 extra;
1475 1433 1582 1480 tam
1614 1426 1751 1481 ultra

161 1529 325 1584 quam
352 1516 496 1570 citra
525 1515 773 1570 Rhenum
819 1517 994 1586 pretio
1034 1516 1161 1572 dato
1199 1516 1544 1586 comparavi,
1577 1517 1752 1586 picem

161 1607 448 1660 annuatim
487 1607 793 1674 ministret,
841 1608 1159 1679 cunctisque
1210 1607 1342 1663 locis
1390 1609 1751 1678 regularibus,

165 1703 274 1751 tam
310 1713 341 1752 a
380 1715 493 1764 me,
538 1715 700 1769 quam
731 1700 800 1756 ab
833 1701 1273 1756 antecessoribus
1308 1701 1443 1755 meis
1468 1701 1750 1766 ordinatis,

165 1788 275 1841 sive
314 1789 370 1842 in
399 1788 586 1843 futuro
607 1789 676 1844 ab
698 1790 966 1860 episcopis
991 1790 1398 1854 successoribus
1429 1791 1564 1845 meis
1605 1791 1753 1845 ordi-

167 1880 381 1942 nandis,
413 1895 513 1951 pro
544 1880 870 1935 necessitate
900 1881 1139 1935 locorum
1181 1881 1247 1934 ad
1289 1880 1507 1934 vascula
1544 1881 1751 1936 vinaria
1785 1863 1830 1923 Β

168 1971 538 2040 componenda
555 1972 834 2025 annuatim
861 1971 1171 2026 distribuat.
1196 1971 1602 2025 Crusciuiacum
1628 1970 1751 2043 [af.,

169 2057 568 2133 Cruciuiatum]
593 2075 722 2114 vero
739 2068 792 2114 et
817 2059 1036 2124 Faram,
1054 2060 1168 2114 sive
1189 2059 1341 2114 villas
1368 2076 1502 2128 quas
1528 2061 1754 2115 sanctis-

168 2149 298 2202 sima
335 2150 489 2221 virgo
511 2150 716 2204 Christi
743 2150 1037 2217 Genovefa,
1069 2166 1099 2204 a
1137 2166 1262 2219 rege
1289 2149 1755 2208 Cliristianissimo

167 2237 446 2294 Ludovico
475 2255 575 2308 pro
603 2239 927 2309 compendio
967 2240 1178 2294 itineris
1212 2239 1328 2304 sui,
1361 2255 1486 2294 cum
1527 2240 1756 2294 [lenien-

168 2346 276 2384 sem
315 2331 610 2386 ecclesiam
656 2331 958 2401 saepissime
1002 2331 1227 2389 visitare
1269 2332 1486 2397 soleret,
1533 2330 1755 2403 adipisci

163 2423 486 2493 promeruit,
542 2423 930 2494 alimoniisque
976 2423 1172 2478 ibidem
1217 2423 1328 2476 Deo
1377 2422 1756 2477 famulantium

171 2513 471 2582 deputavit,
507 2515 653 2569 sicut
682 2517 752 2568 ab
778 2531 842 2569 ea
867 2515 1174 2570 ordinatum
1215 2522 1297 2568 est
1320 2554 1335 2578 ,
1369 2515 1440 2567 ita
1471 2513 1754 2577 confirmo,

171 2615 224 2658 ut
251 2605 646 2660 Crusciniacus
669 2604 833 2660 futuri
858 2606 1097 2674 episcopi
1120 2605 1452 2659 successoris
1475 2604 1578 2658 mei
1601 2604 1759 2658 obse—

170 2697 325 2764 quiis,
375 2704 429 2751 et
465 2696 778 2750 sartatectis
805 2695 1116 2765 principalis
1157 2693 1402 2748 ecclesiae
1443 2693 1749 2762 deputetur.

170 2786 363 2843 Faram
399 2803 528 2840 vero
552 2787 728 2841 eidem
772 2787 1053 2856 episcopo,
1094 2794 1148 2840 et
1182 2784 1490 2840 sartatectis
1517 2782 1760 2839 ecclesia:

172 2877 253 2931 ubi
274 2877 533 2945 jacuero,
572 2876 962 2947 perpetualiter
995 2875 1203 2931 servire
1231 2873 1420 2942 jubeo.
1453 2871 1762 2942 Sparnacus

173 2971 316 3042 μη,
349 2968 688 3042 Spernacus]
748 2968 895 3034 villa,
935 2983 1098 3039 quam
1142 2967 1284 3023 datis
1326 2967 1563 3038 quinque
1595 2964 1761 3021 millia

172 3060 322 3116 libris
343 3061 576 3130 argenti,
593 3062 661 3116 ab
682 3061 905 3132 Eulogio
928 3060 1257 3130 comparavi,
1279 3069 1368 3114 tua
1393 3057 1761 3132 (sanctissima

174 3152 343 3209 lueres
371 3158 515 3219 mea)
542 3169 650 3210 non
679 3162 1058 3209 extraneorum
1083 3153 1354 3208 hatredum
1377 3166 1620 3208 meorum
1641 3165 1763 3205 esse

175 3247 417 3299 cernitur
466 3247 537 3314 (c.
575 3245 682 3314 14),
716 3260 780 3300 eo
805 3245 949 3316 quod
978 3261 1100 3300 cum
1141 3245 1386 3300 criminis
1415 3244 1760 3299 accusatione

176 3337 331 3404 regis:
362 3335 664 3404 maiestatis
694 3335 835 3392 idem
865 3345 1140 3392 teneretur
1163 3335 1452 3397 obnoxius,
1482 3344 1537 3388 et
1566 3349 1626 3388 se
1660 3333 1760 3387 mi-

177 3427 316 3481 nime
336 3443 506 3496 purga
517 3444 572 3480 re
593 3437 798 3497 posset,
823 3441 926 3482 non
953 3427 1126 3482 solum
1157 3442 1224 3482 ne
1248 3425 1609 3491 occideretur,
1636 3427 1763 3480 dato

172 3517 276 3589 jam
311 3521 464 3575 dicto
493 3521 668 3590 pretio
693 3521 761 3576 de
791 3521 1066 3576 thesauris
1108 3520 1236 3584 tuis,
1287 3519 1381 3574 sed
1423 3533 1490 3574 ne
1533 3517 1762 3588 pecunia

181 3611 289 3678 eius
324 3612 725 3681 publicaretur,
771 3629 878 3667 una
925 3621 1104 3668 tecum
1149 3611 1400 3668 obtinui:
1441 3621 1496 3666 et
1543 3611 1664 3664 ideo
1705 3619 1765 3664 ut

173 3705 391 3772 prmfata
417 3705 733 3775 Sparnacus
757 3707 1140 3776 perpetualiter
1163 3706 1256 3760 tibi
1279 3707 1344 3759 ad
1369 3705 1761 3760 restituendum

182 3798 516 3859 thesaurum,
545 3797 935 3867 stipendiisque
968 3798 1039 3851 tui
1071 3797 1343 3866 pontificis
1380 3797 1666 3858 deserviat,
1695 3796 1762 3849 li-

182 3887 338 3941 berali
365 3889 656 3942 sanctione
684 3888 916 3941 firmavi.
955 3888 1326 3942 Duodeciaeus
1365 3903 1511 3947 vero,
1550 3887 1694 3940 sicut
1732 3902 1762 3939 a

183 3979 509 4033 Clodovaldo
547 3979 898 4034 nobilissimae
939 3978 1136 4034 indolis
1177 3993 1344 4047 puero
1385 3979 1762 4032 confirmatum

181 4079 288 4134 est,
331 4070 430 4126 tibi
463 4070 642 4126 haeres
673 4084 792 4124 mea
837 4069 1220 4138 perpetualiter
1256 4069 1566 4122 famuletur.
1600 4067 1764 4122 Villas

184 4175 308 4231 quas
331 4161 470 4216 mibi
512 4162 764 4217 dominus
792 4162 1127 4232 illustrisque
1157 4162 1431 4217 memoria:
1460 4159 1765 4216 Ludovicus

188 4266 271 4306 rex
300 4267 470 4322 quem
500 4251 566 4307 de
600 4267 762 4308 sacro
798 4253 1142 4321 baptismatis
1181 4251 1327 4307 fonte
1364 4252 1611 4320 suscepi,
1640 4267 1766 4306 cum

187 4346 352 4400 adhuc
381 4360 630 4414 paganus
661 4343 832 4398 Deum
868 4344 1164 4413 ignoraret,
1195 4345 1263 4398 ad
1294 4343 1569 4414 proprium
1599 4342 1768 4396 tradi-

188 4436 278 4492 dit.
297 4437 434 4491 locis
460 4435 874 4506 pauperioribus
895 4437 1175 4511 deputavi;
1203 4450 1269 4489 ne
1293 4437 1450 4500 forte,
1476 4451 1599 4491 cum
1621 4443 1768 4490 esset

189 4528 432 4591 infidelis,
475 4528 726 4597 cupidum
769 4537 1104 4581 terrenarum
1155 4542 1333 4582 rerum
1381 4543 1466 4582 me
1509 4527 1763 4584 arbitrari

190 4629 386 4687 posset,
417 4627 473 4672 et
503 4634 606 4671 nou
636 4601 817 4688 potius
849 4634 958 4673 sua:
984 4618 1213 4673 salutem
1240 4621 1455 4684 animae,
1483 4634 1644 4688 quam
1672 4633 1769 4673 ex-

192 4712 379 4762 teriora
413 4709 484 4763 ab
523 4711 638 4780 ipso
681 4711 825 4764 bona
856 4710 1152 4779 requirere.
1178 4711 1330 4775 Quod
1362 4719 1416 4765 et
1445 4695 1792 4774 admiratus,'

194 4797 523 4855 intercedere
552 4816 635 4855 me
669 4815 771 4870 pro
810 4799 1219 4875 quibuscuuque
1257 4801 1632 4860 necessitatem
1668 4815 1764 4868 pa-

197 4893 444 4948 tientibus
471 4901 528 4946 et
554 4891 748 4957 fidelis,
791 4902 842 4946 et
868 4901 992 4947 ante
1025 4892 1186 4946 fidem
1211 4930 1226 4955 ,
1269 4891 1500 4962 benigne
1528 4889 1770 4944 liberali-

201 4991 379 5052 terque
435 4983 728 5039 concessit.
783 4983 848 5037 Et
896 4984 1022 5052 quia
1082 4999 1145 5038 cx
1198 4982 1448 5036 omnibus
1497 4967 1769 5051 episcopis

199 5071 502 5137 Galliarum,
541 5090 637 5145 pro
671 5073 778 5127 fide
803 5080 856 5126 et
883 5073 1272 5128 convocatione
1303 5070 1636 5126 Francorum
1677 5087 1769 5142 po-

204 5161 236 5192 ‘:
257 5182 261 5185 '
295 5164 305 5174 .
619 5165 631 5192 I
675 5165 690 5192 ‘
1124 5163 1136 5175 ⁸
1270 5163 1280 5192 Ι
1333 5163 1369 5182 γ·
1500 5164 1510 5175 ι
1563 5165 1572 5174 ι

244 5180 454 5192 ,νισνιιισκ
493 5181 576 5192 ..ιιι
641 5183 666 5192 ιι
693 5177 874 5192 κηυοινη
916 5171 1159 5192 ηΑηοιΛιοι.
1251 5181 1262 5192 ι
1286 5164 1394 5192 ῆι...
1441 5165 1572 5192 ..ιιιιι
1625 5161 1766 5192 nni-0

1784 3207 1834 3270 (Ξ

1847 606 1951 660 bus
1993 606 2239 662 ecclesiis
2282 605 2605 676 adimpleret
2629 646 2644 669 ,
2689 607 2919 661 obtinui.
2954 607 3058 660 Sed
3098 622 3273 678 neque
3307 616 3428 676 post

1849 698 1967 767 ejus
1991 697 2344 768 baptismum,
2375 699 2477 752 nisi
2508 698 2849 752 Codiciacmn
2871 698 3230 762 etluliacum,
3263 711 3428 768 super

1849 790 2046 859 quibus
2083 789 2193 856 jam
2234 790 2411 843 dictus
2454 803 2587 858 puer
2624 788 2998 843 sanctissimus
3041 799 3096 844 et
3138 789 3426 842 unanimus

1851 882 1981 937 milii
2015 881 2393 944 Clodovaldus,
2420 890 2475 935 et
2505 879 2692 935 incolae
2721 881 2820 936 loci
2858 881 2999 935 illius
3041 879 3428 947 multiplicibus

1850 972 2024 1026 xeniis
2052 973 2278 1041 gravati,
2309 971 2508 1026 obnixe
2541 973 2915 1040 deprecantes,
2948 973 3087 1041 quod
3121 973 3230 1041 regi
3262 972 3423 1024 delre-

1851 1063 1983 1119 baut
2013 1064 2256 1117 ecclesiae
2286 1079 2417 1118 mea:
2448 1063 2782 1126 solvendum,
2819 1079 2904 1118 me
2936 1072 3122 1133 petere
3158 1062 3424 1130 compuleo

1854 1165 1996 1208 runt.
2017 1155 2167 1220 Quod
2197 1155 2333 1208 idem
2358 1154 2633 1222 piissimus
2655 1169 2742 1206 rex
2767 1163 2820 1207 et
2843 1162 3119 1224 gratanter
3139 1152 3429 1222 accipiens,

1853 1245 2254 1316 promptissima
2287 1245 2566 1298 voluntate
2590 1243 2818 1313 largitus
2841 1253 2945 1310 est,
2979 1245 3271 1312 usibusque
3301 1242 3431 1305 tuis,

1854 1339 2196 1394 sanctissima
2231 1339 2402 1392 haeres
2434 1353 2580 1395 mea,
2615 1335 2760 1406 justa
2797 1335 3035 1404 ejusdem
3077 1334 3304 1404 piissimi
3336 1333 3426 1386 da-

1854 1429 1988 1486 toris
2013 1438 2364 1499 praeceptum,
2389 1429 2679 1498 episcopali
2705 1428 3031 1482 auctoritate
3062 1427 3289 1480 firmavi.
3315 1425 3430 1478 Res‘

1853 1522 2020 1578 etiam
2056 1537 2192 1591 quas
2222 1535 2364 1590 saepe
2395 1521 2571 1574 dictus
2602 1537 2719 1585 rex,
2750 1520 3132 1588 piissimusque
3157 1518 3432 1588 princeps,

1855 1613 1950 1668 tibi
1973 1613 2025 1667 in
2051 1611 2382 1680 Septimania
2403 1621 2458 1666 et
2480 1611 2768 1681 Aquitania
2797 1612 3084 1674 concessit,
3111 1620 3166 1664 et
3184 1625 3277 1663 eas
3299 1623 3437 1676 quas

1855 1704 1910 1760 in
1959 1703 2246 1757 Provincia
2283 1702 2609 1758 Benedictus
2639 1703 2855 1771 quidam
2890 1702 3066 1770 (cujus
3097 1701 3258 1754 filiam
3303 1698 3433 1752 mihi

1856 1796 1925 1848 ab
1950 1793 2165 1848 Alarico
2203 1793 2444 1858 missam,
2477 1793 2647 1862 gratia
2680 1792 2851 1846 sancti
2885 1791 3119 1860 Spiritus
3139 1805 3236 1858 per
3266 1788 3435 1857 impo-

1858 1888 2109 1942 sitionem
2146 1901 2336 1940 manus
2367 1901 2501 1940 mete
2531 1885 2871 1955 peccatricis,
2899 1899 3004 1937 non
3041 1881 3211 1936 solum
3246 1895 3274 1932 a
3322 1878 3436 1931 dia-

1857 1981 2046 2036 bolicaa
2075 1980 2280 2033 fraudis
2299 1978 2537 2041 vinculo,
2575 1978 2668 2031 sed
2710 1979 2777 2030 ab
2817 1975 3006 2030 inferis
3047 1972 3340 2040 revocavit)
3371 1967 3436 2023 ad

1856 2085 2012 2124 usum
2041 2069 2259 2122 luminis
2284 2067 2380 2130 tui,
2410 2075 2464 2120 et
2495 2065 2597 2119 loci
2630 2066 2719 2118 tibi
2749 2079 2946 2133 corpus
2980 2077 3156 2116 meum
3181 2059 3434 2126 jacuerit.

1857 2160 2214 2215 continuatim
2247 2157 2522 2213 deservire
2553 2157 2828 2226 praecipio,
2857 2155 3117 2224 villasque
3141 2154 3191 2207 iu
3223 2150 3438 2205 Austria

1856 2250 1970 2304 sive
1986 2249 2238 2317 Toriuga.
2259 2248 2463 2302 Futuro
2485 2248 2735 2317 episcopo
2757 2244 3058 2299 successori
3086 2258 3205 2297 meo
3227 2241 3439 2311 amphi-

1856 2341 2037 2396 balum
2057 2340 2234 2395 album
2253 2339 2557 2410 pasclialem
2587 2338 2850 2406 relinquo,
2875 2334 3110 2405 stragula
3133 2332 3440 2386 columbina

1855 2431 1983 2495 duo,
2000 2429 2116 2484 vela
2142 2430 2398 2496 tria,qua:
2417 2427 2621 2482 suutad
2645 2427 2781 2478 ostia
2801 2426 2990 2478 diebus
3018 2423 3170 2477 festis
3197 2419 3440 2482 triclinii,

1857 2519 2007 2575 cella:
2035 2529 2090 2574 et
2134 2519 2346 2573 culinas.
2380 2518 2480 2570 \"as
2505 2527 2820 2586 argenteum
2847 2514 3084 2580 triginta,
3108 2521 3164 2564 et
3188 2509 3332 2563 aliud
3355 2509 3420 2562 de

1857 2625 1976 2667 cem
1999 2619 2054 2666 et
2084 2618 2207 2664 octo
2234 2607 2517 2671 librarum,
2545 2607 2686 2660 inter
2717 2615 2788 2671 te,
2831 2605 3002 2658 hmres
3036 2616 3152 2656 mea
3173 2641 3188 2666 ,
3215 2609 3270 2654 et
3308 2599 3442 2652 dite-

1860 2705 2010 2760 cesin
2049 2712 2194 2758 tuam
2240 2701 2540 2757 Ecclesiam
2584 2699 3016 2758 Lauduueusem,
3047 2694 3204 2748 factis
3233 2691 3444 2762 patcnis

1858 2804 2024 2864 atque
2045 2791 2306 2847 calicibus
2335 2791 2401 2845 ad
2438 2790 2796 2845 ministerium
2826 2793 3254 2844 sacrosanctum,
3283 2790 3443 2851 prout

1859 2885 2032 2950 volui,
2071 2885 2180 2939 Deo
2223 2892 2538 2944 annuente,
2592 2877 2865 2934 distribui.
2912 2875 3043 2930 Illud
3092 2886 3305 2944 quoque
3350 2881 3446 2922 vas

1860 2993 2086 3034 aureum
2113 2977 2296 3029 decem
2321 2974 2608 3035 librarum,
2633 2972 2776 3042 quod
2807 2969 2934 3023 mihi
2964 2980 3109 3035 sa'pe
3137 2962 3446 3018 nominatus

1865 3070 2138 3132 dominus,
2155 3067 2488 3135 illustrisque
2510 3064 2784 3119 memoria:
2808 3061 3109 3116 Ludovicus
3129 3069 3244 3118 rex,
3259 3070 3444 3124 quem,

1863 3172 1923 3218 ut
1947 3161 2192 3233 praedixi,
2225 3161 2291 3214 de
2319 3155 2846 3226 saerobaptismatis
2877 3153 3024 3205 fonte
3062 3148 3309 3217 suscepi,
3351 3146 3441 3198 do-

1865 3264 2002 3305 nare
2026 3250 2280 3319 dignatus
2299 3259 2404 3309 est,
2428 3255 2489 3299 ut
2510 3247 2578 3299 de
2601 3259 2668 3297 eo
2693 3243 2926 3296 facerem
2949 3240 3091 3309 quod
3117 3240 3228 3306 ipse
3251 3235 3445 3288 voluisi

1861 3356 2015 3405 sem,
2063 3339 2156 3394 tibi
2204 3337 2403 3392 literedi
2449 3349 2586 3389 mete
2631 3333 2883 3388 Ecclesiae
2935 3345 3098 3399 supra
3137 3332 3446 3382 memoratae

1858 3429 2026 3498 iubeo
2055 3427 2376 3482 turriculum
2423 3434 2482 3480 et
2529 3424 2878 3494 imaginatum
2909 3420 3132 3474 calicem
3169 3414 3446 3470 fabricari.

1866 3529 1921 3576 et
1947 3520 2360 3590 epigrammata,
2388 3532 2510 3585 qua:
2543 3512 2790 3570 Lauduni
2835 3513 2887 3566 in
2933 3518 3192 3581 argenteo
3221 3508 3335 3576 ipse
3365 3507 3446 3559 di,

1865 3612 2027 3674 clavi,
2059 3611 2112 3663 in
2141 3611 2244 3664 hoc
2267 3622 2482 3678 quoque
2500 3606 2770 3661 conscribi
2795 3604 2933 3658 volo.
2959 3601 3110 3668 Quod
3137 3598 3332 3653 faciam
3353 3612 3446 3666 per

1865 3718 1972 3767 me,
2006 3702 2048 3756 si
2085 3701 2324 3756 habuero
2344 3699 2578 3767 spatiqu
2617 3697 2778 3761 vitae;
2808 3695 2854 3748 si
2891 3703 3070 3748 autem
3100 3689 3313 3762 [_Bri,ss.,
3341 3689 3446 3741 sin.

1865 3791 2017 3863 ante]
2035 3791 2282 3846 clausero
2301 3788 2550 3842 ultimmu
2576 3787 2741 3849 diem,
2770 3793 2827 3838 tu
2851 3785 2923 3837 fili
2943 3784 3124 3836 fratris
3147 3783 3276 3840 mei,
3304 3781 3450 3844 Lupe

1866 3883 2144 3952 episcope,
2195 3881 2405 3949 species
2449 3887 2573 3931 ante
2613 3877 2807 3940 dictas,
2862 3875 2937 3929 tui
2973 3873 3182 3927 ordinis
3217 3885 3448 3926 memor.

1866 3975 2086 4030 eflicias.
2117 3971 2587 4041 Compresbyteris
2622 3969 2755 4023 meis
2783 3977 2839 4021 et
2862 3966 3179 4021 diacouihus
3202 3964 3294 4033 qui
3325 3971 3452 4016 sunt

1865 4065 2073 4130 Remis,
2097 4063 2334 4133 quinque
2367 4071 2424 4114 et
2461 4058 2651 4136 viginti
2675 4058 2875 4114 solidos
2895 4055 3179 4124 requaliter
3197 4051 3447 4107 divideu.

1867 4157 1966 4212 dos
1985 4155 2037 4208 in
2065 4167 2352 4209 commune
2373 4152 2606 4206 dimitto.
2623 4149 2759 4203 Vitis
2785 4148 3026 4219 plantam
3053 4159 3216 4215 super
3238 4143 3452 4198 vineam

1867 4262 2045 4304 meam
2073 4247 2140 4300 ad
2165 4242 2538 4300 suburbanum
2565 4241 2816 4309 positam,
2840 4238 3002 4294 simili
3026 4236 3187 4291 modo
3209 4247 3451 4289 commu.

1867 4340 2010 4392 niter
2033 4335 2383 4405 possidebunt
2403 4349 2523 4387 cum
2558 4331 2786 4386 Melanio
2820 4329 3050 4382 vinitore
3070 4367 3084 4391 ,
3118 4340 3278 4394 quem
3304 4323 3372 4376 do
3398 4323 3457 4385 in

1867 4408 1987 4482 loco
2010 4427 2363 4482 ecclesiastici
2383 4425 2614 4479 hominis
2635 4423 2938 4485 Albovirhi,
2963 4428 3019 4473 ut
3041 4417 3369 4474 Albm'iclttls
3393 4414 3454 4477 ii.

1868 4519 2080 4574 bertate
2099 4517 2408 4587 plenissima
2435 4514 2770 4584 perfruatur.
2793 4510 3228 4567 Subdiacouibus
3251 4506 3459 4565 solidos

1871 4608 2179 4678 duodecim,
2222 4606 2533 4669 lectoribus,
2573 4604 2831 4666 ostiariis,
2857 4599 3232 4671 etjuuioribus
3255 4596 3456 4674 solidos

1869 4711 1994 4755 octo
2019 4699 2182 4768 juch
2213 4698 2349 4753 dari.
2387 4695 2718 4766 Pauperibus
2755 4692 3036 4747 duodecim
3068 4690 3122 4743 in
3169 4684 3462 4746 matrieula

1867 4793 2080 4862 positis,
2122 4799 2250 4844 ante
2294 4788 2436 4842 fores
2480 4787 2723 4842 ecclesiae
2753 4782 3195 4854 exspectantibus
3237 4779 3455 4847 stipem,

1871 4885 1978 4938 duo
2007 4881 2161 4936 solidi
2190 4879 2329 4932 unde
2357 4892 2415 4931 se
2441 4877 2705 4939 reficiant,
2737 4872 3070 4928 inferentur:
3099 4867 3295 4938 quibus
3324 4864 3462 4920 Cor.

1878 4975 2073 5030 cellum
2116 4973 2295 5026 villam
2328 4971 2530 5025 dudum
2571 4971 2852 5025 deservire
2885 4964 3132 5040 praecepi.
3171 4963 3306 5016 Aliis
3334 4975 3477 5029 pana

1876 5068 2097 5146 peritius
2149 5063 2352 5127 tribus,
2400 5064 2489 5116 ubi
2543 5063 2738 5118 fratres
2786 5062 3032 5131 quotidie
3077 5053 3468 5146 pedes‘Iavme

1878 5139 2068 5192 ;|n|\nnl
2159 5155 2352 5190 ηιιίΙ-ηο
2403 5157 2567 5188 nti-nn
2619 5152 2989 5188 R..Iqini‘m......
3025 5139 3460 5186 Ηιριειιηΐυνιιηιῖ-
