3974 5392
155 330 213 386 δδ
693 316 1040 375 tnsroruaa
1077 310 1432 372 ECCLESH‘.
1474 309 1818 367 nsuENsts
1859 310 2034 370 unm
2074 313 2431 382 nonnon.
2470 348 2536 358 -.
2577 318 2703 376 LIB.
2745 321 2785 376 ι.
3326 327 3396 383 es

155 455 258 496 meo
284 438 457 492 labore
475 435 753 497 constitui,
783 433 881 487 sub
910 448 973 486 ea
997 429 1304 486 conditione
1336 437 1391 482 nt
1412 444 1440 481 a
1463 425 1708 498 partibus
1737 427 1782 483 Α
1813 429 1940 493 mei,
1970 429 2114 500 Lupe
2145 429 2415 500 episcupe,
2439 440 2494 486 et
2542 432 2790 502 Agricola
2839 435 3147 506 presbyter,
3202 453 3398 509 porcos

154 535 267 596 suis,
293 529 532 586 omnibus
556 529 745 583 diebus
770 527 920 582 festis
979 541 1044 580 ac
1084 522 1378 579 Dominicis
1427 536 1521 592 pro
1559 536 1707 576 com-

155 620 511 676 memoratione
542 633 659 671 mea
690 618 861 671 sacris
886 614 1148 668 altaribus
1175 611 1436 666 offeratur
1458 610 1660 665 oblatio
1688 627 1701 664 :

152 722 196 770 et
215 709 644 765 Laudunensibns
686 705 1019 777 presbyteris
1047 709 1208 773 atque
1250 701 1566 756 diaconibus
1613 715 1708 754 an-

152 820 239 860 nua
263 800 526 862 convivia,
552 799 882 852 concedente
902 795 1131 848 Domino
1163 793 1524 864 prmbeatttur.
1556 792 1707 846 Dono

151 895 362 951 ecclesia:
396 891 739 946 Laudunensi
767 905 832 944 ex
866 889 1002 942 villis
1044 903 1178 957 quas
1207 886 1336 940 mihi
1368 893 1569 940 sancta:
1616 900 1704 940 re-

151 983 452 1042 cordationis
469 979 729 1052 pra'fatus
755 995 846 1034 rex
874 979 1176 1032 Ludovicus
1201 977 1370 1040 dedit,
1396 977 1550 1039 duas,
1575 973 1705 1029 Ani-

149 1080 344 1140 siacnm,
375 1073 687 1141 solidosque
707 1072 891 1125 decem
918 1078 974 1123 et
1014 1077 1157 1132 octo,
1220 1083 1355 1137 quos
1407 1066 1704 1137 presbyteri

150 1179 192 1225 et
231 1167 426 1225 diaconi
469 1166 619 1220 inter
668 1177 730 1217 se
778 1160 971 1230 mquali
1033 1160 1297 1214 divisione
1356 1158 1700 1212 distribuant.

149 1267 330 1321 Partem
363 1275 543 1316 meam
575 1258 641 1313 de
667 1257 825 1311 Secio
852 1272 914 1310 ex
946 1255 1158 1325 integro
1181 1253 1247 1308 ad
1270 1267 1329 1307 se
1367 1260 1583 1307 revocet
1608 1265 1694 1306 ec-

150 1355 280 1410 clesia
303 1348 700 1412 Laudunensis,
723 1357 776 1401 et
801 1346 1131 1408 Lanscitam,
1156 1359 1318 1414 quam
1343 1343 1471 1397 mihi
1495 1343 1703 1397 charis-

149 1451 255 1503 sima
286 1445 386 1499 lilia
410 1453 464 1498 et
492 1457 652 1496 soror
679 1456 818 1504 mea,
852 1439 1134 1508 virgoque,
1161 1445 1220 1489 ut
1261 1435 1446 1495 credo,
1499 1433 1699 1489 Christi

147 1535 446 1592 sanctissima
467 1529 768 1593 Genovefa,
813 1529 864 1582 in
915 1527 1102 1580 usibus
1149 1539 1443 1596 pauperum
1502 1522 1701 1577 Christi

147 1630 222 1683 tibi
247 1620 462 1681 dandam
489 1626 558 1678 ad
591 1624 857 1692 integrum
880 1619 1165 1690 delegavit.
1217 1616 1549 1673 Counnendo
1578 1634 1704 1670 san-

146 1718 286 1772 ctitati
316 1727 438 1780 tuae,
469 1713 546 1768 fili
578 1711 762 1766 fratris
791 1711 917 1774 mei,
945 1709 1090 1779 Lupe
1117 1709 1388 1778 episcope,
1419 1721 1483 1760 ex
1511 1706 1704 1776 pra-la-

1811 533 1964 574 meos
2000 520 2141 574 inter
2176 536 2272 576 vos
2299 521 2580 592 teqttaliter
2604 525 2876 581 dividetis.
2901 527 3210 596 Friaredus,
3231 547 3394 602 quem

1810 624 1878 665 ne
1901 612 2240 666 occideretur
2274 615 2682 681 quatnordecim
2709 617 2894 672 solidis
2912 623 3394 690 comparavi,duos

1809 719 2098 759 concessos
2127 705 2344 772 habeat,
2373 707 2656 762 duodecim
2689 709 2778 764 det
2802 711 2869 764 ad
2909 711 3144 769 basilica:
3164 715 3393 771 domuo-

1809 813 1928 852 rum
1980 807 2276 870 martyrum
2322 793 2590 856 Timothei
2652 811 2706 856 et
2751 802 3077 873 Apollinaris
3120 822 3390 864 cameram

1807 887 2133 944 faciendam.
2169 889 2293 945 Haec
2318 892 2389 946 ita
2414 892 2504 954 do,
2535 893 2607 946 ita
2636 892 2773 964 lego,
2819 895 2892 950 ita
2951 905 3138 952 testor.
3196 899 3394 956 theri

1805 991 1994 1033 omnes
2018 980 2333 1035 exhwredes
2369 990 2562 1047 estote,
2586 993 2820 1040 suutote.

1882 1088 1900 1120 ‹
1936 1068 2070 1124 lluic
2097 1079 2274 1126 autem
2313 1081 2641 1127 testamento
2671 1090 2792 1130 meo
2810 1074 2964 1132 dolus
2987 1077 3163 1134 malus
3214 1081 3388 1147 abest,

1805 1159 2084 1232 aberitque
2107 1162 2160 1216 in
2192 1178 2297 1232 quo
2328 1164 2504 1233 siqua
2539 1164 2720 1230 litura,
2753 1165 2834 1221 vel
2857 1180 3181 1224 caraxatura
3232 1171 3396 1226 fuerit

1805 1252 2047 1317 inventa,
2069 1253 2208 1309 facta
2235 1263 2319 1309 est
2342 1272 2424 1310 me
2445 1266 2732 1327 praesente,
2759 1258 2890 1313 dum
2920 1275 2950 1314 a
2998 1277 3084 1316 me
3141 1262 3398 1334 relegitur

1803 1354 1857 1398 et
1884 1347 2220 1400 emendatur.
2254 1346 2438 1416 Neque
2462 1348 2510 1402 ei
2535 1347 2641 1403 duo
2669 1349 2847 1420 priora
2890 1359 3234 1419 testamenta,
3281 1355 3398 1425 pri-

1805 1452 1951 1492 mum
1981 1436 2196 1507 quidem
2224 1439 2366 1508 quod
2418 1449 2543 1495 ante
2590 1443 3019 1510 quatuordecim,
3055 1454 3111 1499 et
3161 1446 3392 1502 alterum

1804 1528 1945 1597 quod
1975 1537 2098 1582 ante
2124 1537 2330 1599 septem
2350 1530 2566 1584 condidi
2594 1547 2784 1593 annos.
2811 1533 3096 1598 obsistere,
3145 1535 3393 1602 obviare,

1804 1631 1896 1675 aut
1921 1621 2186 1677 ullatenus
2212 1638 2406 1677 nocere
2449 1632 2723 1692 poterunt,
2778 1639 2844 1679 eo
2871 1628 3014 1695 quod
3043 1627 3306 1699 quidquid
3339 1630 3390 1684 in

1805 1713 1935 1782 ipsis
1963 1713 2360 1774 continebatur.
2415 1714 2468 1768 in
2517 1716 2801 1784 praesentia
2868 1715 3096 1771 fratrum
3152 1735 3392 1774 meorum

147 1815 199 1866 tis
218 1800 359 1875 villis,
389 1823 531 1879 quos
562 1805 783 1859 libertos
815 1819 933 1858 esse
981 1801 1260 1872 prmcipio,
1327 1799 1696 1860 Catusionem,
1728 1781 1772 1840 Β
1801 1781 1890 1858 hic
1915 1805 2135 1869 inserta,
2161 1813 2215 1858 et
2240 1820 2359 1874 qua:
2395 1781 2620 1859 deerant
2641 1805 2914 1876 adjuncta,
2945 1806 3170 1877 insuper
3195 1818 3250 1863 et
3271 1825 3393 1880 quatl

145 1919 185 1961 et
202 1905 520 1958 Auliatenam
538 1899 821 1969 conjugem
853 1911 1030 1958 suam,
1055 1893 1391 1948 Nonnionem
1410 1891 1499 1961 qui
1524 1903 1696 1944 meam

145 1998 319 2052 vineam
356 1994 514 2056 facit,
542 1989 953 2052 Souuoveifam,
976 2003 1139 2056 quam
1171 1985 1440 2056 captivam
1471 1981 1695 2048 redemi,

145 2091 265 2144 bonis
289 2084 608 2156 parentibus
647 2090 853 2145 natam,
892 2088 947 2134 ct
999 2077 1116 2146 ejus
1163 2077 1330 2132 lilium
1379 2076 1695 2130 Leutibere-

144 2179 260 2244 dum,
286 2177 620 2233 Mellaridum
651 2184 705 2228 et
744 2172 1106 2236 Mellatenam,
1137 2169 1445 2232 Vasantem,
1470 2166 1696 2228 Cocum,

141 2275 408 2340 Cesariam,
442 2277 874 2346 Dagarasenam,
911 2281 966 2324 et
1010 2268 1447 2323 Baudorosenam
1501 2263 1699 2319 Leonis

144 2377 341 2434 neptem,
369 2377 421 2421 et
451 2363 829 2420 Marco'cifum
859 2362 1026 2415 lilium
1051 2357 1342 2422 Totnonis;
1391 2359 1490 2412 hos
1537 2365 1696 2421 totos,

143 2457 197 2510 ﬁli
217 2456 384 2512 fratris
410 2458 547 2519 mei,
591 2455 740 2524 Lupe
761 2452 1030 2522 episcope,
1086 2448 1412 2505 sacerdotali
1459 2447 1698 2501 auctori-

145 2560 229 2603 tate
258 2549 444 2604 liberos
494 2543 831 2602 defensabis.
865 2543 984 2598 Tibi
1027 2551 1229 2605 autem,
1278 2539 1477 2594 hanredi
1530 2536 1701 2590 θαιρ-

145 2640 216 2694 sia
235 2657 376 2705 mete,
405 2639 732 2693 Flavianum
757 2645 808 2690 et
851 2649 1074 2688 uxorem
1121 2647 1273 2686 suam
1325 2630 1697 2700 Sparagildem

146 2711 267 2783 dono.
301 2730 491 2784 Eorum
530 2726 756 2781 filiolam
785 2724 1065 2794 parvulam
1097 2721 1542 2782 Flavarasenam,
1567 2718 1702 2770 lihe-

148 2835 235 2872 ram
259 2834 368 2874 esse
412 2817 702 2873 constitui.
757 2813 1068 2868 Fedamiam
1119 2826 1340 2865 uxorem
1389 2807 1602 2869 Melani,
1649 2815 1701 2860 et

146 2926 295 2964 eorum
349 2910 640 2982 parvulam
695 2907 992 2961 Remenses
1042 2901 1344 2975 presbyteri
1389 2909 1442 2956 et
1491 2898 1700 2954 diaconi

146 3001 473 3069 possidebunt.
531 2997 916 3068 Crispiciolum
983 2995 1235 3050 colonum
1307 2992 1534 3048 liberum
1585 3005 1703 3046 esse

147 3096 444 3165 pra‘cipio,et
485 3092 558 3148 ad
584 3099 837 3162 nepotem
867 3104 1043 3143 meum
1068 3087 1279 3143 Aetium
1300 3082 1415 3153 ejus
1441 3083 1700 3138 familiam

147 3185 413 3254 pertinere:
446 3185 514 3238 ad
548 3190 867 3250 utrumque,
892 3180 942 3234 id
972 3190 1076 3241 est,
1097 3180 1162 3232 ad
1193 3177 1408 3232 Aetium
1434 3183 1488 3230 et
1510 3175 1698 3245 Λεξιιὶ-

149 3287 318 3328 merum
367 3274 664 3344 pervenire
713 3269 1014 3326 colonicam
1077 3267 1408 3322 Passiacum.
1457 3263 1711 3334 Pronepti

149 3382 253 3421 meze
273 3366 612 3422 Praetextata:
636 3365 776 3419 dono
795 3363 1222 3418 .‘llodorosenam.
1256 3359 1545 3414 Profuturo
1573 3358 1714 3414 Leu-

149 3457 420 3512 tlocharium
472 3472 711 3528 puertnn
783 3456 954 3508 trado.
1029 3452 1192 3507 Profu
1222 3468 1333 3506 ora:
1390 3450 1504 3506 dari
1547 3451 1714 3524 jubeo

150 3547 992 3605 Leadoncram.Lauduueusibus
1044 3545 1485 3608 snbdiaconibus,
1545 3543 1714 3600 lecto—

151 3633 284 3704 ribus,
310 3642 575 3707 ostiariis,
616 3649 671 3694 et
698 3637 1007 3707 junioribus
1035 3647 1270 3708 quatuor
1303 3635 1505 3691 solidos
1535 3635 1714 3690 dere-

149 3727 313 3796 linqno.
337 3731 688 3802 Pauperibus
716 3729 768 3782 in
804 3726 1084 3782 tnatricula
1133 3727 1321 3794 positis
1378 3725 1584 3780 solidus
1616 3725 1708 3778 da-

150 3819 264 3876 bitur
311 3824 375 3877 ad
423 3837 628 3879 eorum
685 3818 1056 3875 refectionem.
1121 3817 1427 3886 Delcgoque
1476 3832 1541 3869 cx
1588 3816 1713 3870 dato

151 3913 314 3982 pnefati
337 3916 607 3988 principis
639 3913 985 3969 Salvonarias
1011 3928 1173 3981 supra
1222 3911 1450 3975 Moram,
1505 3918 1562 3966 et
1617 3911 1712 3965 tle-

151 4025 240 4061 cem
263 4010 451 4064 solidos
499 4008 756 4064 ecclesia:
786 4006 1125 4060 Snessonica:
1167 4020 1268 4075 pro
1323 4017 1715 4058 commemora-

155 4096 266 4152 tione
282 4099 512 4154 nominis
547 4098 684 4153 mei.
711 4095 844 4150 Nam
864 4094 1213 4150 Sablonat'ias
1228 4110 1388 4164 supra
1408 4092 1710 4146 Matronam

153 4185 413 4245 heredibus
440 4191 585 4244 meis
627 4187 902 4256 deputari.
936 4185 1316 4240 Catalanucnsi
1362 4183 1605 4238 ecclesia:
1643 4197 1710 4237 ex

154 4279 251 4335 dato
275 4298 409 4354 smpe
440 4282 578 4338 dicti
610 4280 706 4334 lilii
737 4280 860 4342 mei,
895 4278 1147 4335 Gellonos
1180 4294 1342 4347 supra
1387 4277 1707 4341 Mati-unam,

154 4380 192 4423 et
219 4374 397 4429 solidos
422 4375 642 4429 decent.
676 4371 931 4426 Ecclesia:
960 4370 1130 4425 sancti
1165 4368 1422 4433 Memmii,
1457 4367 1712 4421 Faseina-

155 4463 237 4517 rias
257 4481 316 4518 ex
339 4466 495 4520 donis
533 4463 844 4534 pra:scripti
887 4461 1166 4532 principis,
1212 4468 1266 4514 ct
1309 4458 1512 4514 solidos
1562 4467 1704 4512 octo.
1739 4479 1786 4537 ι)

153 4549 537 4626 llosomagensi,
596 4551 802 4607 solidos
855 4551 1111 4621 quinque.
1161 4547 1464 4620 Vongensi,
1519 4561 1708 4618 agrum

155 4645 263 4710 apud
288 4645 558 4700 ollicinam
595 4643 946 4701 molinarum,
972 4655 1092 4710 qua:
1143 4639 1213 4696 ibi
1263 4647 1346 4692 est
1390 4636 1706 4693 constituta.

152 4732 448 4809 Catarigensi
489 4735 743 4792 ecclesia:
771 4775 784 4796 ,
835 4732 1037 4787 solidos
1073 4740 1327 4802 quatuor,
1380 4729 1712 4798 totidemque

151 4821 357 4882 Portensi
383 4843 481 4898 pro
503 4825 1029 4882 commemoratione
1066 4822 1169 4878 mei
1207 4819 1439 4876 nominis
1477 4819 1714 4874 inferen-

154 4916 480 4973 tancclesize
525 4915 923 4978 Attrabatensi,
977 4915 1084 4977 cui,
1144 4911 1369 4968 Domino
1420 4921 1711 4975 annuente,

155 5001 408 5062 Yedastum
449 5007 685 5062 fratrem
737 5019 913 5060 meum
968 5005 1348 5060 charissimum
1398 5001 1710 5074 episcopum

157 5099 452 5162 consecravi,
485 5113 557 5153 ex
583 5097 860 5166 dunojam
892 5095 1019 5150 dicti
1058 5095 1320 5167 principis
1370 5095 1524 5150 villas
1577 5096 1712 5150 duas

1804 1897 2062 1952 Dominus
2098 1897 2229 1952 mihi
2278 1895 2462 1968 largiri
2513 1898 2566 1951 in
2611 1899 2951 1968 postmodum
3003 1900 3255 1971 dignatus
3288 1911 3392 1967 est,

1801 1990 2146 2058 superaddita
2187 1999 2505 2044 noscuntur.
2539 1988 2646 2044 Sed
2671 1989 3042 2046 iuconvulsum
3068 1999 3123 2046 et
3151 1991 3394 2048 inconta-

1803 2084 2060 2136 minatnm
2083 2097 2322 2152 praesens
2343 2083 2445 2137 hoc
2468 2084 2610 2152 quod
2656 2083 2870 2136 condidi
2923 2091 3327 2171 testamentum,
3359 2099 3392 2140 a

1802 2173 2061 2229 fratribus
2114 2173 2248 2228 meis
2297 2173 2725 2237 successoribus,
2789 2173 3038 2228 videlicet
3092 2173 3388 2230 [ternorum

1801 2267 2088 2336 episcopis,
2149 2267 2582 2321 conservandum
2630 2265 2823 2338 [ms..i.
2867 2265 3317 2338 conservatum]:
3361 2282 3392 2322 a

1804 2357 2018 2428 regibus
2058 2371 2274 2426 quoque
2305 2355 2664 2421 Francorum,
2704 2356 2828 2410 filiis
2863 2357 3072 2412 scilicet
3099 2359 3238 2412 meis
3267 2358 3396 2413 cha-

1807 2445 2059 2512 rlssimis,
2091 2461 2227 2516 quos
2255 2461 2353 2516 per
2378 2447 2728 2516 baptisnnnn,
2757 2445 2884 2500 Jesu
2916 2447 3120 2501 Christi
3149 2449 3291 2502 dono
3339 2456 3396 2504 et

1801 2538 1974 2608 gratia
2006 2536 2241 2607 Spiritus
2289 2539 2462 2592 sancti
2512 2546 2860 2608 cooperante,
2918 2537 3145 2594 Domino
3199 2553 3395 2596 conse-

1801 2627 1970 2694 cravi,
2022 2629 2220 2699 ubique
2265 2629 2572 2693 defensum,
2629 2636 2792 2698 atque
2845 2639 3148 2698 protectum
3205 2641 3396 2686 contra

1801 2717 1983 2773 Omnia
2015 2727 2106 2772 :et
2135 2719 2187 2772 iu
2231 2718 2502 2784 onmibus,
2556 2718 2920 2774 inviolabilem
2968 2730 3397 2792 perpetuamque

1803 2824 2017 2879 semper
2043 2808 2286 2863 obtineat
2315 2809 2647 2864 firmitatem.
2707 2811 2773 2864 Et
2830 2810 2875 2864 si
2927 2813 3072 2880 quis,
3097 2813 3148 2866 in
3205 2813 3398 2868 ordine

1802 2899 2060 2964 clericali,
2089 2916 2118 2954 a
2141 2901 2460 2971 presbytero
2487 2916 2655 2971 usque
2671 2901 2738 2956 ad
2759 2910 2974 2956 tonsum
2992 2903 3396 2970 contradicere,

1805 3001 1898 3046 aut
1921 2993 2131 3047 obviari
2160 2993 2209 3048 ei
2236 2992 2665 3062 praesumpserit,
2701 3001 2755 3047 et
2783 3003 3069 3063 correptus
3093 3010 3123 3048 a
3178 3009 3399 3050 succes-

1807 3102 1930 3142 sore
1957 3102 2075 3142 meo
2105 3084 2421 3141 satisfacere
2449 3085 2766 3156 neglexerit,
2796 3087 3109 3142 convocatis
3147 3102 3214 3141 ex
3262 3087 3396 3142 viei-

1813 3179 2059 3234 nioribus
2084 3178 2216 3234 locis
2242 3176 2535 3233 Remorum
2560 3177 2860 3232 dicaces-eos
2885 3177 3056 3232 tribus
3103 3177 3398 3247 episcopis,

1812 3272 2108 3342 deponatur
2154 3284 2186 3324 a
2235 3269 2423 3341 gradu.
2481 3267 2542 3324 Si
2589 3284 2736 3332 vero,
2779 3269 2924 3338 quod
2977 3284 3084 3324 non
3107 3279 3257 3338 opto,
3300 3283 3403 3325 nec

1811 3363 1989 3433 cupio,
2015 3361 2108 3416 sed
2139 3375 2314 3432 neque
2332 3375 2514 3431 spero,
2547 3374 2832 3415 successor
2878 3359 3108 3429 quilibet
3162 3359 3294 3415 mihi
3348 3360 3402 3415 in

1814 3455 1915 3509 hac
1938 3453 2066 3509 sede
2094 3452 2386 3510 Remorum
2417 3451 2724 3524 episcopus,
2753 3450 3075 3506 exsecrabili
3103 3452 3404 3522 cupiditate

1813 3547 2030 3613 ductus,
2054 3561 2140 3602 res
2169 3543 2444 3615 prmfatas,
2500 3545 2640 3600 sicut
2683 3559 2713 3597 a
2753 3559 2864 3609 me,
2899 3551 3123 3600 auctore
3176 3543 3405 3600 Domino

1813 3654 1934 3693 meo
1954 3637 2080 3692 Jesu
2107 3637 2346 3702 Christo,
2378 3635 2446 3690 ad
2470 3635 2614 3690 illius
2639 3635 2925 3700 honorem,
2958 3630 3013 3689 et
3041 3633 3158 3702 ejus
3198 3649 3404 3706 paupeu

1815 3744 1934 3782 rum
1967 3726 2388 3783 consolationem
2418 3727 2681 3782 ordinatae
2707 3735 2855 3791 sunt,
2903 3727 3161 3779 aliorsum
3206 3725 3407 3781 distra-

1814 3819 1962 3881 here,
1997 3819 2306 3881 immutare,
2348 3825 2707 3880 commutare,
2751 3831 2846 3871 seu
2892 3815 3132 3884 quolibet
3179 3817 3404 3870 obtentu

1815 3908 1866 3961 in
1898 3924 2026 3962 usus
2056 3907 2334 3972 laicorum,
2362 3905 2604 3961 beneficii
2636 3904 2808 3975 gratia
2859 3905 3010 3970 dare,
3063 3914 3157 3959 aut
3190 3920 3220 3958 a
3270 3919 3406 3975 quo-

1755 3995 1757 3999 ’
1814 3997 1942 4051 libet
1983 3997 2176 4062 datas,
2220 3995 2428 4060 favere,
2482 4005 2576 4050 aut
2615 3994 2927 4050 consentire
2977 3997 3406 4066 praesumpserit,

1813 4090 2123 4144 convocatis
2191 4088 2355 4143 totius
2411 4088 2712 4144 dioeceseos
2773 4087 3067 4144 Remorum
3115 4089 3406 4159 episcopis,

1811 4180 2256 4250 presbyter-isque
2308 4195 2373 4235 ac
2433 4179 2779 4244 diaconibus,
2821 4195 3030 4234 necnon
3071 4187 3127 4234 et
3169 4195 3236 4234 ex
3283 4180 3411 4237 filiis

1812 4270 1946 4324 meis
1988 4269 2327 4324 charissimis
2375 4268 2600 4324 Francis
2653 4268 2932 4340 religiosis
2973 4269 3405 4340 quamplurimis,

1815 4370 1997 4415 reatus
2021 4361 2101 4414 sui
2125 4375 2364 4430 ptenam,
2417 4362 2721 4431 privatione
2774 4362 2858 4418 sui
2905 4362 3247 4432 episcopatus
3282 4379 3408 4433 per-

1813 4452 2007 4518 solvat,
2039 4461 2094 4506 et
2126 4467 2468 4522 nequaquam
2503 4452 2642 4506 ultra
2689 4456 3155 4524 recuperationem
3207 4457 3408 4525 gradus

1816 4543 2024 4606 amissi,
2091 4542 2144 4596 in
2192 4544 2296 4598 hoc
2350 4543 2549 4598 saeculo
2611 4546 3028 4614 promerehitur.
3087 4545 3409 4615 Quicunque

1816 4649 1946 4688 vero
1974 4650 2037 4689 ex
2065 4633 2204 4688 laico
2245 4634 2431 4688 habitu
2485 4649 2513 4688 a
2569 4634 2724 4689 nobis
2771 4645 2974 4690 statuta
3028 4636 3406 4706 parvipendes,

1819 4724 2029 4795 sibique
2068 4723 2276 4790 favens,
2333 4739 2454 4793 quae
2492 4724 2819 4796 pauperibus
2857 4724 3110 4782 Ecclesia:
3148 4724 3410 4780 attributa

1820 4822 1967 4878 sunt,
2008 4814 2178 4880 abuti,
2223 4825 2318 4870 aut
2365 4830 2628 4884 usurpare
2687 4813 2932 4884 quolibet
2983 4813 3207 4868 obtentu
3265 4828 3410 4884 prae-

1817 4907 2129 4978 sumpserit,
2148 4909 2265 4978 pari
2280 4907 2440 4964 simul
2460 4917 2825 4979 perpetuaque
2840 4907 3189 4964 damnatione
3211 4906 3416 4962 aliena-

1817 5008 1924 5065 tor,
1950 5003 2172 5071 petitor,
2203 5001 2382 5065 dator,
2410 5013 2686 5074 acceptor,
2727 5017 3013 5071 pervasor,
3055 5001 3418 5055 anathematis

1815 5091 2030 5146 vinculo
2055 5094 2122 5148 ab
2150 5091 2388 5147 Ecclesia
2413 5095 2672 5149 Catholica
2711 5093 3092 5168 Sejungautur,
3127 5090 3298 5146 dense
3325 5104 3420 5141 va-
