3974 5392
551 313 625 370 οι
1617 308 2006 369 FLODOARDI
2043 306 2129 368 CA
2138 304 2365 365 NONICI
2407 304 2752 367 REMENSIS
3250 324 3256 327 ’
3742 316 3807 388 08

550 437 749 497 perum
771 436 878 478 una
907 434 1028 476 cum
1056 416 1317 477 tratribus
1343 420 1480 477 meis
1502 430 1559 476 et
1586 419 1919 489 coepiscopis
1948 417 2125 474 omni-
2159 406 2205 462 Α
2227 420 2441 489 jnstitia
2484 421 2789 479 contirmati
2805 462 2821 486 ,
2862 429 2920 481 et
2946 422 3276 480 corroborati
3310 438 3533 494 regnum
3564 424 3819 486 obtinere.

551 517 653 578 bus
685 512 1024 576 Gel-nuntia),
1073 509 1290 577 Galliae,
1335 520 1496 581 atque
1541 510 1825 575 Neustrim,
1865 510 1919 564 in
1966 508 2126 580 regia:

552 604 856 677 tuajestatis
902 602 1119 659 culmen
1148 612 1432 673 .perpetuo
1483 611 1833 671 regnaturum
1880 610 2133 657 statuens.

551 695 724 764 elegi,
758 693 1067 764 baptizavi,
1114 707 1145 748 a
1192 692 1341 747 fonte
1385 708 1543 747 sacro
1587 708 1695 746 διεδ(
1713 691 1832 760 cpi,
1879 691 2135 760 donoque,

553 784 884 856 scptiformis
931 783 1166 855 Spiritus
1216 784 1561 854 consignavi,
1620 792 1674 838 et
1739 800 1772 853 p
1809 800 1835 837 r
1888 782 2125 850 ejusdem

547 877 691 946 sacri
720 875 1032 939 chrismatis
1065 874 1374 939 unctionem
1409 875 1662 930 ordinato
1692 879 1744 928 in
1778 891 1978 944 regem,
2004 890 2137 943 pare

549 983 706 1032 cens,
728 976 931 1032 statuo,
955 975 1015 1021 ut
1041 966 1087 1023 si
1118 966 1410 1036 aliquando
1433 982 1602 1037 genus
1640 966 1766 1021 illud
1799 967 2003 1035 regium
2033 980 2129 1034 per

548 1054 979 1121 benedictionem
1025 1069 1200 1111 meam
1248 1055 1407 1110 toties
1456 1055 1682 1108 Domino
1727 1062 2124 1119 consecratum,

549 1145 691 1200 mala
730 1161 828 1215 pro
866 1144 1025 1199 bonis
1055 1144 1689 1219 reddens,,eCclesiarum
1721 1141 1814 1198 Dei
1847 1157 2126 1213 pcrvasor,

550 1234 876 1303 destructor,
908 1231 1282 1303 depopulator,
1316 1222 1525 1304 gravis,
1549 1241 1643 1287 aut
1680 1232 1986 1287 contrarius
2012 1232 2130 1286 exi-

548 1333 693 1386 stere
715 1324 973 1400 voluerit,
1000 1325 1314 1379 convocatis
1354 1324 1646 1391 Remorum
1686 1324 1983 1379 dimccscos
2011 1339 2127 1393 epi-

550 1410 750 1486 scopis,
774 1416 1011 1485 primum
1052 1426 1336 1471 moneatur
1366 1432 1380 1469 :
1411 1424 1468 1471 et
1496 1416 1691 1472 deinde
1729 1416 1970 1472 Ecclesia
2018 1415 2124 1470 Re-

548 1504 720 1577 tuensi
740 1504 801 1577 [i,
821 1501 1125 1578 Remensis]
1153 1507 1396 1576 praefata,
1411 1505 1666 1576 adjuncta
1681 1506 1783 1561 sibi
1806 1521 2010 1569 sorore,
2031 1505 2127 1562 Ee-

549 1594 713 1651 clesia
726 1594 936 1650 scilicet
958 1593 1287 1662 Trevirensi,
1321 1596 1517 1651 iterum
1539 1598 1892 1653 conveniatur
1917 1595 1980 1669 [ὅ.
2002 1612 2127 1653 con-

548 1687 775 1760 veniat].
823 1688 1006 1743 Tertio
1057 1704 1218 1754 vero,
1276 1690 1698 1760 archiepiscopis
1751 1689 2125 1745 tantummodo

546 1779 845 1835 Galliarum
886 1779 1057 1851 tribus
1093 1788 1188 1834 aut
1227 1788 1458 1848 quatuor
1497 1780 1828 1846 convocatis,
1876 1780 2126 1850 princeps

549 1868 659 1943 ille,
697 1869 1005 1939 quicunque
1045 1868 1224 1934 fuerit,
1262 1879 1546 1925 moneatur
1584 1887 1597 1922 :
1640 1859 1711 1923 ita
1745 1879 1804 1924 ut
1845 1885 2015 1940 usque
2057 1870 2126 1925 ad

548 1957 833 2034 septimam
867 1948 1238 2024 munitionem,
1262 1960 1307 2013 si
1341 1960 1493 2028 prius
1514 1957 1833 2014 satisfacere
1864 1961 2148 2028 renuerit,‘

548 2059 789 2122 paterna:
818 2048 1036 2119 pietatis
1068 2048 1476 2120 longanimitate
1513 2050 1814 2105 differatur.
1859 2050 2125 2106 Tandem-

547 2122 675 2213 que,
706 2142 750 2195 si
801 2141 1113 2211 postpositis
1155 2142 1408 2196 omnibus
1454 2140 1696 2212 praefatis
1736 2140 2129 2196 benedictioni-

547 2233 649 2311 bus
696 2229 798 2301 ff.,
830 2228 1284 2311 monitionibus],
1335 2232 1715 2302 incorrigibilis
1772 2231 2127 2289 contumacia:

547 2321 796 2399 spiritum
824 2339 928 2376 non
960 2310 1292 2393 deposuerit,
1320 2330 1377 2376 et
1400 2338 1457 2377 se
1487 2339 1583 2393 per
1604 2323 1809 2391 omnia,
1839 2322 1950 2378 Deo
1971 2323 2126 2378 subdi

548 2412 759 2479 nolens,
794 2412 1258 2469 benedictionibus
1292 2413 1547 2469 Ecclesia:
1580 2414 1909 2485 participare
1939 2414 2126 2470 nolue-

548 2486 652 2574 iit,
692 2501 925 2571 elogium
976 2503 1371 2572 scgregationis
1416 2516 1446 2554 a
1498 2516 1726 2572 corpore
1773 2501 2011 2569 Christi,
2059 2504 2128 2559 ab

545 2593 800 2663 omnibus
839 2593 888 2647 ei
931 2592 1260 2662 porrigatur,
1293 2593 1436 2662 quod
1475 2609 1568 2662 per
1601 2594 1920 2663 prophetam
1957 2602 2012 2647 et
2044 2608 2130 2649 re-

547 2671 669 2755 gem
701 2666 867 2737 David
914 2682 1070 2752 longe
1116 2692 1262 2751 ante,
1288 2670 1482 2737 eodem
1522 2683 1612 2753 qui
1645 2684 1697 2737 in
1728 2684 1996 2754 episcopis
2023 2692 2126 2750 est,

548 2756 789 2827 dictante
818 2770 1023 2842 Spiritu
1066 2780 1281 2837 sancto,
1312 2772 1555 2826 noscitur
1582 2773 1924 2827 decantatum
1952 2790 1965 2826 :
1991 2771 2127 2840 Quia

548 2848 865 2953 persecutus
909 2869 1014 2927 est,
1056 2860 1250 2929 inquit,
1286 2860 1560 2916 hominem
1607 2861 1839 2932 inopem,
1872 2871 1931 2917 et
1971 2878 2128 2917 men-

543 2954 749 3029 dicum.
777 2964 829 3008 et
853 2962 1235 3022 compunctum
1261 2952 1445 3015 corde,
1476 2961 1530 3007 et
1560 2969 1664 3006 non
1695 2963 1777 3008 est
1811 2955 2128 3011 recordatus

547 3042 732 3119 facere
782 3042 1233 3106 misericordiam,
1263 3052 1319 3098 et
1359 3043 1547 3099 dilexit
1589 3045 2041 3108 ntaletlictienem,
2074 3058 2129 3103 et

551 3133 732 3187 veniet
755 3133 834 3197 ei;
865 3146 920 3186 et
944 3132 1115 3186 noluit
1139 3128 1594 3200 benedictionem,
1615 3142 1670 3188 et
1693 3134 2031 3206 elongabitur
2059 3136 2129 3191 ab

544 3211 618 3278 'co
650 3222 823 3294 (Paul.
855 3238 1006 3287 cvm,
1036 3224 1123 3290 l7,
1152 3223 1264 3295 18).
1309 3224 1613 3295 Totumquc
1653 3227 1701 3279 ei
1746 3228 1888 3295 quod
1921 3228 1973 3281 in
2004 3241 2122 3296 per-

550 3303 695 3371 sona'
724 3312 875 3369 Jnda:
905 3314 1182 3369 traditoris
1230 3306 1641 3372 Domininostri
1673 3314 1799 3371 .lcsu
1827 3316 2051 3382 Christi,
2076 3326 2131 3373 et

540 3385 909 3476 :malignnrum
947 3403 1345 3473 episcoporum,
1384 3404 1611 3460 ecclesia
1648 3407 1938 3461 decantare
1970 3407 2125 3473 solet,

542 3484 648 3568 per
676 3495 915 3566 singulas
957 3495 1005 3549 ei
1052 3495 1366 3550 decantetur
1394 3496 1672 3563 ecclesias,
1703 3499 1825 3568 quia
1868 3499 2128 3554 Dominus

538 3566 997 3652 tdixitanandiu
1034 3576 1241 3640 fecistis
1284 3586 1374 3640 uni
1423 3601 1487 3641 ex
1527 3586 1765 3643 minimis
1807 3588 1966 3653 meis,
1996 3588 2128 3644 mihi

528 3673 755 3759 "fecistis
780 3676 993 3750 (Matth.
1039 3694 1167 3744 xxv,
1207 3677 1297 3749 40)
1327 3696 1339 3732 ;
1371 3687 1426 3733 et
1456 3678 1689 3748 quandin
1727 3680 1810 3734 his
1847 3695 1952 3732 non
1990 3677 2128 3733 feci-

542 3770 670 3836 ,stis,
701 3786 800 3824 nec
831 3770 960 3824 mibi
997 3769 1203 3826 fecistis
1228 3770 1415 3843 (Ibid,
1437 3771 1549 3843 43).
1587 3772 1649 3826 Et
1683 3772 1803 3827 ideo
1830 3771 1972 3840 quod
2003 3788 2133 3843 pro-

537 3850 709 3916 batur
734 3862 1012 3932 incapitc,
1039 3861 1092 3916 in
1122 3861 1379 3917 membris
1422 3860 1827 3931 intelligendum
1862 3876 1984 3916 esse
2021 3877 2129 3916 non

548 3953 844 4009 dubitetur.
887 3942 1474 4008 Unumtantummodo
1521 3953 1592 4009 ibi
1646 3953 1866 4008 verbum
1909 3968 2008 4023 per
2048 3953 2131 4008 in-

534 4033 957 4112 terpositionem
993 4050 1356 4097 commntctur
1385 4060 1399 4095 :
1432 4040 1594 4097 Fiant
1631 4042 1745 4097 dies
1788 4042 1905 4112 ejus
1945 4039 2128 4112 pauci,

536 4127 604 4187 'et
641 4134 1002 4204 principatum
1048 4132 1165 4201 ejus
1208 4132 1435 4201 accipiat
1476 4132 1613 4186 alter
1643 4132 1816 4201 (Psal.
1858 4148 2010 4196 cvttt,
2047 4131 2125 4201 8).

551 4222 704 4290 Quod
741 4222 927 4291 utique
972 4221 1020 4275 si
1060 4236 1404 4276 successores
1446 4220 1553 4274 mei
1590 4216 1882 4275 Remorum
1920 4220 2131 4275 scilicet

536 4308 970 4381 archiepiscopi,
1004 4309 1248 4380 operari,
1290 4309 1430 4364 sicut
1472 4324 1503 4363 a
1548 4325 1633 4365 me
1677 4310 1986 4365 ordinatura
2021 4320 2125 4378 est,

2229 518 2393 580 atque
2434 526 2634 583 angere
2671 512 2915 581 quotidie
2945 513 3159 568 valeant
3187 528 3202 567 :
3233 522 3289 569 et
3330 515 3385 570 in
3422 517 3587 583 domo
3618 518 3823 586 David,

2231 599 2333 659 hoc
2377 607 2463 655 est
2508 600 2562 654 in
2607 599 2817 655 cmlesti
2860 599 3235 669 Hierusalem,
3287 618 3412 658 cum
3463 604 3696 662 Domino
3754 608 3806 665 in

2227 696 2488 749 aeternum
2539 691 2851 760 regnaturi,
2900 691 3183 747 sublimari
3234 702 3568 750 mereantur.
3612 697 3809 752 Amen.

2230 777 2517 833 Pcractum
2562 778 2767 845 Remis,
2798 780 2885 836 die
2915 788 2969 836 et
2996 782 3221 837 consule
3264 784 3600 854 supradicto,
3644 785 3811 850 inter:

2228 868 2545 923 cedentibus
2569 880 2625 923 et
2652 869 2847 925 mediis
2875 871 3260 942 signatoribus.
3304 917 3311 925 .

2306 975 2326 1008 ε
2372 958 2482 1029 Ego
2525 958 2803 1031 Remigius
2854 962 3141 1033 episcOpns
3192 972 3574 1019 testamentum
3629 981 3809 1021 meum

2232 1048 2417 1120 relegi,
2455 1051 2684 1120 signavi,
2716 1051 3033 1123 subscripsi,
3063 1063 3116 1109 et
3158 1055 3209 1111 in
3256 1056 3477 1114 nomine
3525 1056 3726 1121 Patris,
3757 1066 3814 1114 et

2230 1138 2375 1201 Filii,
2407 1148 2462 1193 et
2492 1139 2727 1210 Spiritus
2766 1143 2963 1207 sancti,
3011 1142 3120 1197 Deo
3163 1143 3485 1217 adjuvantc,
3521 1147 3810 1220 complevi.

2230 1226 2272 1297 1-
2310 1227 2572 1284 Vedastus
2632 1231 2918 1301 episcopus
2966 1233 3054 1288 cui
3102 1245 3257 1304 pater
3326 1252 3477 1309 meus
3532 1238 3813 1309 Remigius

2231 1316 2540 1381 maledixit,
2588 1319 2882 1387 maledixi,
2936 1329 2993 1376 et
3033 1322 3120 1377 cui
3169 1324 3466 1392 benedixit,
3509 1326 3808 1384 benedixi:

2230 1405 2452 1463 interfui
2505 1424 2750 1481 quoque,
2799 1422 2963 1483 atque
3007 1415 3325 1485 subscripsi.
3372 1417 3413 1489 1-
3450 1417 3815 1476 Gencbaudus

2228 1499 2515 1571 episcopus
2569 1503 2656 1556 cui
2714 1512 2871 1583 pater
2911 1520 3065 1560 meus
3108 1505 3384 1583 Retnigius
3425 1510 3731 1574 maledixit,
3757 1520 3815 1567 et

2231 1588 2533 1656 maledixi,
2596 1600 2651 1645 ct
2704 1580 2798 1648 cui
2859 1580 3183 1662 benedixit,
3224 1597 3473 1655 benedixi
3526 1617 3541 1655 :
3590 1603 3817 1658 interfui

2229 1693 2471 1749 quoque,
2525 1690 2691 1751 atque
2728 1684 3047 1756 subscripsi.
3092 1687 3133 1757 1-
3184 1686 3473 1746 Medardus
3502 1691 3817 1769 cepiscOpus

2230 1770 2316 1823 cui
2366 1780 2520 1839 pater
2573 1768 2725 1829 meus
2790 1772 3073 1846 Remigius
3134 1777 3452 1845 maledixit,
3513 1782 3816 1851 maledixi,

2228 1865 2284 1912 et
2341 1859 2426 1913 cui
2494 1861 2812 1927 benedixit,
2884 1862 3137 1919 benedixi
3194 1882 3207 1921 :
3266 1867 3485 1922 interfui
3534 1874 3818 1939 'qunque,

2227 1959 2390 2020 atque
2444 1950 2758 2020 subscripsi.
2815 1952 2855 2022 1-
2915 1951 3094 2022 Lupus
3156 1955 3442 2024 episcopus
3520 1957 3604 2012 cui
3658 1967 3819 2027 pater

2228 2056 2380 2096 incus
2426 2041 2700 2111 Remigius
2748 2043 3047 2110 maledixit,
3076 2036 3352 2114 maledixi,
3415 2056 3470 2103 et
3510 2051 3595 2104 cui
3652 2064 3821 2105 nenec

2227 2134 2384 2200 dixit,
2415 2134 2666 2189 benedixi
2707 2174 2720 2189 .
2764 2135 2982 2189 interfui
3029 2152 3276 2207 quoque,
3316 2149 3477 2209 atque
3523 2139 3821 2210 Sttbrripsi.

2226 2225 2267 2297 1-
2296 2226 2615 2281 Benedictus
2661 2227 2945 2297 episcnpus
2996 2228 3081 2283 cui
3129 2238 3286 2299 pater
3321 2246 3475 2285 ruens
3535 2230 3821 2302 Retnigius

2230 2319 2530 2383 maledixit,
2564 2318 2839 2381 maledixi,
2889 2328 2944 2373 et
2974 2320 3058 2374 cui
3091 2320 3382 2384 benedixit,
3409 2321 3658 2376 bencdixi
3687 2340 3701 2375 :
3737 2322 3821 2376 in-

2231 2404 2391 2457 terfui
2413 2419 2648 2475 quoque,
2664 2412 2826 2474 atque
2848 2403 3164 2474 subscripsi.
3197 2406 3236 2474 1-
3258 2404 3508 2474 Ettl03itts
3526 2407 3821 2477 cpiscopus

2229 2495 2328 2552 Cui
2384 2506 2541 2567 pater
2597 2512 2749 2550 meus
2792 2495 3068 2567 Retnigius
3105 2496 3401 2560 maledixit,
3430 2499 3708 2565 maledixi,
3764 2509 3821 2557 et

2230 2585 2315 2640 cui
2337 2585 2632 2651 benedixit,
2656 2586 2904 2640 benedixi
2932 2604 2944 2639 :
2970 2586 3186 2641 interfui
3218 2601 3452 2657 quoque,
3492 2598 3656 2657 atque
3683 2590 3821 2644 sub-

2231 2676 2443 2744 scripsi.
2474 2675 2786 2746 1-Agricola
2845 2678 3130 2748 presbyter
3194 2678 3279 2732 cui
3337 2686 3489 2747 pater
3533 2696 3686 2735 meus
3712 2680 3821 2738 Re-

2233 2765 2427 2836 migius
2453 2765 2750 2831 maledixit,
2783 2766 3058 2833 maledixi,
3091 2778 3146 2823 et
3175 2768 3263 2823 cui
3322 2769 3616 2835 benedixit,
3649 2772 3821 2845 bene-

2231 2856 2340 2911 dixi
2367 2874 2382 2910 :
2413 2855 2634 2912 interfui
2684 2873 2917 2929 quoque,
2942 2869 3102 2929 atque
3151 2862 3465 2933 subscripsi.
3490 2863 3529 2933 1-
3560 2862 3822 2920 Theodo-

2231 2947 2354 3002 uius
2381 2949 2664 3019 presbyter
2711 2963 2796 3004 ειη
2843 2961 2996 3019 pater
3024 2967 3174 3007 meus
3200 2951 3478 3024 Remigius
3510 2954 3820 3023 maledixit,

2233 3037 2483 3093 maledixi
2519 3056 2533 3091 :
2566 3049 2621 3095 et
2661 3039 2748 3094 cui
2798 3041 3089 3106 benedixit,
3118 3042 3389 3111 benedixi,
3438 3044 3656 3099 interfui
3682 3061 3821 3116 quo-

2233 3144 2354 3198 que,
2414 3140 2577 3200 atque
2623 3131 2939 3202 subscripsi.
2988 3135 3027 3204 1-
3074 3133 3321 3190 Celsinns
3382 3139 3669 3210 presbyter
3727 3140 3821 3195 eui

2231 3228 2385 3290 pater
2412 3236 2563 3274 meus
2582 3220 2856 3293 Remigius
2882 3223 3178 3288 maledixit,
3211 3225 3487 3293 maledixi,
3512 3236 3569 3282 et
3592 3227 3678 3282 cui
3723 3229 3824 3284 be-

2230 3312 2460 3375 nedixit,
2512 3313 2764 3368 benedixi
2793 3332 2806 3368 :
2866 3315 3087 3370 interfui
3128 3333 3365 3388 quoque,
3391 3328 3554 3389 atque
3578 3320 3823 3376 subseri-

2229 3402 2333 3474 psi.
2364 3403 2404 3474 1-
2441 3400 2506 3457 V.
2528 3402 2589 3458 C.
2628 3402 2897 3475 Pappolns
2930 3407 3166 3471 inlct'lui,
3215 3418 3268 3463 et
3297 3409 3614 3485 subscripsi.
3639 3409 3703 3464 ν.
3747 3410 3822 3466 ϐ.

2228 3492 2485 3549 Eulodius
2526 3493 2764 3556 interfui,
2807 3506 2864 3550 ct
2908 3496 3221 3565 subscripsi.
3256 3498 3313 3553 ν.
3346 3499 3407 3554 C.
3437 3499 3704 3555 Eusebius
3732 3502 3793 3557 in

2230 3581 2412 3647 terfni,
2462 3592 2519 3639 et
2572 3584 2886 3654 subscripsi.
2944 3585 3004 3639 ν.
3035 3584 3093 3640 C.
3127 3585 3436 3644 Rusticolus
3488 3588 3730 3656 interfui,
3760 3600 3826 3649 et

2229 3666 2455 3744 Signavi.
2489 3675 2552 3730 γ.
2602 3675 2662 3730 C.
2696 3675 2988 3747 Eutropius
3031 3676 3277 3745 interfui,
3311 3687 3367 3734 et
3395 3679 3622 3749 signari.
3657 3678 3720 3736 ν.
3750 3680 3827 3740 (Σ.

2229 3752 2458 3820 Dawcus
2481 3765 2722 3832 interfui,
2744 3775 2800 3821 et
2816 3766 3043 3838 signavi.

2307 3874 2327 3908 ι
2370 3856 2501 3913 Post
2526 3858 2803 3913 conditum
2828 3867 3231 3924 testamentum,
3265 3860 3373 3915 imo
3402 3860 3696 3932 signatum,
3719 3880 3823 3922 oc-

2229 3947 2402 4001 currit
2432 3944 2865 4013 sensibus‘meis,
2896 3959 2954 4002 ut
2977 3949 3211 4005 basilica:
3247 3951 3565 4007 damnorum
3599 3964 3815 4027 marty-

2232 4054 2350 4092 rum
2378 4037 2645 4095 Timothei
2694 4049 2749 4095 et
2780 4040 3109 4111 Apollinaris
3163 4043 3469 4098 missorium
3498 4056 3816 4114 argenteum

2229 4143 2323 4184 sex
2353 4129 2615 4184 librarum
2658 4131 2733 4186 ibi
2787 4134 3059 4202 deputem,
3116 4142 3176 4189 ut
3222 4149 3289 4189 ex
3315 4149 3381 4191 eo
3428 4133 3582 4190 sedes
3631 4130 3815 4197 futura

2230 4233 2473 4273 meorum
2495 4219 2701 4275 ossium
2724 4232 3099 4291 componatur.
3149 4243 3168 4277 ι

2801 4331 3032 4389 CAPUT
3082 4333 3217 4389 XIX.

549 4399 916 4471 neglexerint,
959 4401 1012 4454 in
1049 4416 1109 4454 se
1137 4399 1394 4469 quidquid
1425 4400 1477 4453 in
1507 4399 1840 4470 principibus
1874 4415 2127 4456 resecan-

2235 4418 2309 4473 De
2349 4420 2571 4474 remedio
2607 4422 2762 4491 pestis
2801 4425 3144 4504 ingniuqritv,
3183 4436 3232 4480 et
3271 4437 3474 4482 creterra
3511 4444 3605 4499 per
3643 4430 3809 4499 ipsum

548 4495 675 4548 dum
708 4491 903 4557 fuerat,
935 4492 1406 4546 maledictionibus
1436 4490 1711 4561 depravati
1746 4496 2036 4564 reperiant,
2068 4508 2124 4549 ut

534 4568 683 4638 iliant
711 4582 826 4638 dies
849 4597 1036 4637 eorum
1067 4581 1244 4652 pauci,
1275 4582 1645 4651 episcopatum
1674 4596 1860 4637 eorum
1893 4584 2127 4654 accipiat

532 4672 706 4727 ‘alter.
738 4671 795 4726 Si
821 4686 951 4726 vero
980 4670 1238 4726 Dominus
1277 4687 1430 4726 meus
1468 4670 1627 4726 lesus
1655 4670 1907 4728 Christus
1935 4688 2123 4729 vocem

536 4758 816 4821 “orationis
866 4778 1026 4828 mete,
1073 4778 1235 4834 quam
1279 4765 1522 4834 quotidie
1568 4780 1666 4836 pro
1706 4780 1905 4836 genere
1941 4766 2032 4821 illo
2069 4767 2124 4822 in

544 4840 840 4928 "conspectu
887 4856 1081 4911 divina:
1130 4855 1426 4925 majestatis
1476 4858 1783 4928 specialiter
1818 4859 2000 4927 fundo,
2030 4876 2129 4914 au-

531 4929 667 5004 -dire
711 4949 963 5019 dignatus
1009 4947 1191 5013 fuerit,
1221 4957 1280 5002 ut
1322 4950 1461 5004 sicut
1501 4966 1531 5004 a
1571 4966 1657 5004 me
1695 4957 1904 5021 accepit
1952 4954 2023 5008 ita
2071 4953 2124 5009 in

536 5024 902 5113 idispositiouc
931 5041 1105 5113 regni,
1138 5049 1187 5097 et
1218 5042 1557 5096 ordinatione
1588 5057 1791 5099 sanctae
1823 5045 1911 5099 Dei
1945 5046 2131 5107 Eccle-

530 5116 645 5184 ἐἰπε
674 5142 1001 5184 perseveret.
1035 5132 1520 5184 benedictionibus.
1554 5150 1690 5184 anas
1721 5133 1960 5184 Sniritns
2002 5152 2128 5184 san-

2905 4494 3130 4549 collatis.

2299 4578 2426 4636 Post
2473 4581 2633 4651 hujus
2678 4583 2975 4640 beatissimi
3006 4585 3182 4641 Patris
3224 4588 3451 4655 obitum,
3488 4609 3507 4641 ι
3543 4604 3665 4645 cum
3698 4589 3813 4646 lues

2229 4671 2573 4743 inguinaria,
2620 4695 2638 4729 ι
2675 4675 2837 4729 veluti
2883 4676 3178 4750 Gregorius
3230 4678 3562 4735 Turonensis
3593 4689 3815 4735 enarrat

2231 4762 2330 4832 (De
2359 4761 2541 4819 Gloria
2563 4766 2785 4836 confess.
2819 4784 2869 4823 c.
2902 4768 3016 4839 79),
3044 4770 3349 4839 «populum
3371 4771 3558 4840 prima:
3587 4771 3813 4826 Germa-

2224 4850 2336 4910 niae
2383 4857 2711 4923 devastaret,
2760 4868 2814 4914 et
2859 4877 3052 4918 omnes
3099 4860 3258 4930 hujus
3287 4863 3456 4919 cladis
3481 4872 3813 4921 terrerentur

2230 4948 2435 5010 auditu,
2475 4953 2745 5005 concurrit
2771 4950 3055 5009 Rcmensis
3075 4957 3302 5026 populus
3339 4957 3406 5011 ad
3429 4958 3601 5012 sancti
3632 4957 3813 5030 sepul-

2228 5057 2409 5131 crum,
2466 5059 2764 5114 congruunt
2798 5046 2954 5115 hujus
2991 5062 3167 5103 causa:
3206 5048 3453 5120 ﬂagitare
3489 5054 3808 5109 remedium.

2229 5131 2486 5184 ACCBIISiS
2536 5129 2726 5184 cereis.
2789 5137 3105 5184 thtlIﬂlSﬂllP.
3152 5141 3396 5184 anon-isi:
3445 5157 3550 5184 nnn
3600 5145 3787 5184 nmini:
