3974 5392
172 291 232 393 ἐξ»
482 400 493 405 ,
699 332 1069 407 ἰιιεῑοιιιιε
1108 291 1460 390 accensas
1501 332 1729 389 neum

1831 332 1849 387 ς
1887 329 2065 386 unm
2105 320 2463 399 QUATUOR.
2501 360 2568 369 —
2608 330 2712 384 ι.ιιι
2775 329 2812 385 t.
3344 332 3410 391 το
3440 342 3445 345 Α

172 426 373 511 modum
402 444 605 510 feretrl,
626 439 984 516 accensisque
1011 461 1173 517 super
1200 462 1390 501 cruces
1419 447 1611 509 cereis,
1644 455 1729 500 at-
1754 431 1799 486 Α
1830 445 2155 510 balbutiens,
2185 452 2239 499 et
2265 445 2349 497 vix
2379 429 2707 499 sermonem
2731 445 3005 514 explicare
3040 445 3246 514 valens,
3296 450 3376 505 ait
3402 465 3422 511 τ

172 554 265 617 que
286 538 647 602 cerol'erariis,
670 539 797 593 dant
820 554 981 594 voces
1019 540 1072 593 in
1099 539 1324 595 canticis
1347 554 1362 604 ;
1390 541 1749 615 circumeunt

171 629 340 698 urbem
366 644 491 683 cum
533 628 687 694 vicis,
727 644 826 683 nec
849 638 1173 699 praetereunt
1206 628 1369 683 ullum
1415 627 1724 698 hospitium,

171 722 297 793 quod
347 735 455 774 non
514 721 616 776 hac
668 720 1043 776 circumitione
1086 721 1428 775 concludant.
1474 719 1583 775 Nec
1609 726 1732 791 post

169 796 350 867 multos
369 812 488 867 dies
536 813 672 868 lines
699 812 860 882 hujus
884 814 1120 868 civitatis
1142 813 1258 868 lues
1280 813 1593 885 aggreditur
1622 827 1732 867 me-

167 886 379 963 morata.
408 904 796 961 Verumtamen
826 923 994 976 usque
1014 906 1080 960 ad
1103 923 1225 961 eum
1249 894 1424 960 locitm
1444 904 1728 971 accedens,

167 1012 260 1067 quo
286 997 425 1052 beati
455 997 652 1069 pignus
687 999 938 1062 accessit,
994 1014 1057 1052 ac
1088 999 1131 1054 si
1157 998 1509 1053 constitutqu
1541 1012 1732 1052 cerne-

166 1095 238 1138 ret
257 1086 570 1150 terminum,
602 1087 743 1141 intro
770 1087 972 1157 ingredi
1019 1104 1124 1142 non
1146 1097 1230 1143 est
1258 1104 1409 1153 ausa,
1443 1088 1536 1143 sed
1568 1088 1731 1141 etiam

166 1192 270 1246 quue
294 1176 345 1230 in
383 1176 660 1247 principio
687 1187 1025 1248 pervaserat,
1064 1176 1220 1248 hujus
1266 1179 1482 1234 virtutis
1514 1179 1731 1250 repulsu

166 1252 381 1337 reliquit.
425 1286 445 1319 ι
509 1267 674 1322 Multa
702 1272 935 1341 denique
966 1271 1308 1341 postmodum
1343 1270 1410 1324 ad
1452 1268 1622 1340 ipsius
1648 1285 1733 1324 se-

165 1360 392 1430 pulcrum
447 1372 580 1415 sunt
622 1360 883 1416 divinitus
909 1372 1123 1417 ostensa
1158 1364 1444 1428 miracula,
1486 1378 1605 1432 qua:
1635 1376 1733 1432 per

165 1453 530 1525 negligentiam
556 1471 664 1509 non
705 1456 977 1510 habentur
1008 1457 1230 1526 scripta.

736 1568 965 1624 CAPUT
1008 1568 1126 1623 XX.

168 1656 231 1712 De
260 1658 608 1713 translatione
647 1658 879 1718 corporis
914 1659 1100 1727 ipsius,
1131 1668 1178 1711 et
1213 1657 1523 1724 quibusdam
1561 1656 1733 1712 denuo

659 1730 881 1797 patratis
921 1728 1210 1782 miraculis.

1834 535 2049 593 Deferte
2082 553 2167 591 tne
2200 537 2268 590 ad
2311 536 2591 617 basilicam
2619 540 2794 592 sancti
2826 556 2839 592 :
2891 549 2944 594 et
2971 551 3441 612 quatumctmqus.

1834 647 1997 701 super
2026 646 2112 685 me
2160 627 2223 703 Ii,
2278 630 2419 699 apud
2448 628 2559 702 me]
2593 631 2709 685 auri
2741 640 2826 685 est
2858 633 2924 686 ad
2956 632 3259 701 sepulcrum
3302 634 3423 705 ejus

1831 718 2121 791 projicite:
2166 717 2387 787 peccavi
2428 718 2571 772 enim
2621 717 2921 775 auferendo
2964 736 3050 777 res
3080 720 3217 791 ejus.
3262 721 3439 794 Aspi?

1832 810 1982 864 ciens
2011 821 2190 864 autem
2229 809 2388 863 dator
2434 809 2606 878 campi
2636 810 2779 865 hunc
2822 826 2946 866 cum
2974 814 3289 869 muneribus
3329 817 3439 872 (le--

1832 900 1983 969 ferri,
2012 902 2087 955 ait
2120 919 2134 955 :
2167 899 2278 955 Nec
2307 902 2563 971 accipias,
2596 917 2801 971 qutcso,
2833 891 3023 959 sancte
3050 906 3166 969 Dei,
3194 921 3421 963 munera

1831 989 1966 1059 ejus,
2009 1006 2129 1061 qua:
2160 1004 2434 1061 nunquam
2463 992 2653 1061 cupide
2683 993 2931 1063 accipere
2958 995 3308 1052 consuevisti.
3337 996 3439 1053 Not

1832 1085 1925 1146 sis,
1961 1084 2241 1154 deprecor,
2273 1082 2490 1153 adjutor
2531 1083 2671 1153 ejus,
2709 1085 2801 1154 qui
2830 1084 3198 1142 inﬂammante
3218 1086 3431 1144 cunctt-’

1831 1176 2091 1246 piscentia
2139 1192 2323 1231 rerum
2364 1185 2577 1230 tuarum
2625 1193 2857 1247 nequam
2885 1195 3168 1250 possessor
3192 1183 3422 1239 exstitit.

1831 1265 1941 1320 Nec
1970 1265 2177 1321 distulit
2202 1274 2421 1321 sanctus
2446 1268 2637 1321 audire
2657 1280 2844 1323 vocem
2875 1271 3127 1340 pauperis
3148 1273 3226 1326 sui
3254 1288 3267 1323 :
3296 1284 3421 1328 nam

1832 1357 1994 1413 homo
2045 1356 2133 1412 ille
2179 1356 2307 1412 licet
2347 1356 2584 1413 dedisset
2622 1373 2872 1427 munera,
2912 1361 3151 1416 ostendit
3204 1374 3424 1420 sanctus

1832 1445 2047 1501 Domini
2077 1459 2137 1501 se
2164 1446 2279 1513 illa,
2313 1462 2422 1502 non
2448 1457 2778 1518 acceptasse,
2826 1450 2954 1505 dum
2990 1452 3205 1507 rediens
3234 1469 3426 1523 perva-

1832 1553 1925 1592 ser
1951 1539 2170 1594 domum
2203 1539 2385 1595 amisit
2436 1538 2709 1609 spiritum,
2757 1548 2813 1596 et
2842 1544 3045 1613 recepit
3069 1545 3297 1599 ecclesia
3330 1558 3418 1600 res

1834 1630 1975 1684 suas.
2022 1651 2031 1679 .-
3430 1648 3435 1653 ·

1903 1718 2260 1789 Temporibus
2287 1719 2575 1792 Chilperici
2601 1723 2933 1779 Francorum
2975 1726 3118 1796 regis
3145 1727 3421 1784 exstitisse

172 1878 177 1883 ,
225 1818 435 1890 Sepulto
466 1820 637 1888 igitur
668 1821 719 1873 in
752 1828 1162 1890 praememorata
1198 1820 1443 1884 basilica,
1478 1819 1729 1875 beatissi-

1835 1807 2007 1863 l’ertur
2058 1808 2439 1864 Moderamnus
2468 1852 2481 1875 ,
2524 1812 2858 1869 Rcdonensis
2886 1813 3130 1886 (Rennes)
3181 1817 3425 1871 cet-lesizn

168 1912 226 1963 mi
248 1910 468 1980 Remigii
504 1927 761 1980 Corpore,
789 1927 909 1966 cum
957 1911 1121 1966 mulza
1155 1904 1525 1980 stupeudaque
1559 1912 1609 1965 in
1644 1927 1727 1965 ca-

167 1999 268 2063 dem
294 2014 386 2068 per
430 1999 651 2053 Domini
683 1986 910 2070 gratiam
962 2001 1155 2055 tierent
1195 1999 1473 2063 miracula,
1505 1999 1725 2054 dilatata

167 2095 211 2153 et
247 2088 470 2141 exaltata
532 2097 616 2143 est
665 2090 782 2158 ipsa
830 2088 1079 2153 ecclesia,
1112 2088 1365 2159 factaque
1391 2100 1577 2160 crypta
1608 2098 1728 2160 post

166 2180 315 2249 altare
339 2181 390 2236 in
411 2198 527 2252 qua
563 2181 953 2237 transferretur
982 2182 1171 2253 pignus
1199 2183 1527 2237 venerabile.
1571 2181 1731 2236 Dete-

165 2252 277 2339 guut
301 2270 462 2325 humo
496 2270 773 2337 loculum,
820 2287 928 2341 quo
963 2252 1329 2342 praeparatum
1363 2273 1635 2343 deponant
1675 2273 1725 2329 iu

165 2348 378 2427 antrum.
400 2362 495 2416 sed
540 2363 717 2432 ipsum
739 2364 954 2434 penitus
982 2380 1197 2420 movere
1230 2380 1333 2418 non
1357 2376 1598 2434 possunt.
1626 2365 1727 2443 Su-

164 2453 483 2532 perveniente
515 2469 648 2508 vero
686 2464 844 2510 nocte
867 2454 1050 2509 multis
1071 2455 1317 2510 accensis
1347 2454 1725 2521 luminaribns,

162 2542 287 2613 circa
315 2546 487 2599 noctis
523 2544 760 2599 medium
807 2560 967 2613 sopor
988 2547 1323 2601 excubantes
1352 2556 1586 2618 occupat
1607 2564 1725 2601 0m-

165 2649 262 2688 ncs.
307 2633 522 2702 Quibus
578 2635 999 2708 evigilantihus,
1072 2638 1345 2692 invenitur
1390 2648 1729 2694 transvectus

164 2740 296 2805 sacro
338 2743 459 2805 eum
516 2728 774 2784 thesauro
812 2730 1182 2800 sarcophagns
1207 2771 1223 2798 ,
1266 2730 1319 2784 in
1364 2722 1726 2801 praeparatum

165 2802 280 2894 (non
305 2802 421 2872 nisi
441 2819 703 2873 manibus
745 2821 1036 2891 angelicis)
1067 2822 1440 2877 habitaculum
1466 2824 1726 2894 deporta-

163 2890 251 2960 tus.
295 2907 582 2979 Tantaque
630 2890 835 2965 cuncti,
869 2911 1149 2981 replentur
1198 2913 1381 2968 odoris
1438 2916 1724 2981 suavitate,

160 2986 388 3063 quantam
407 2999 596 3068 lingua
613 3014 718 3054 non
736 3000 873 3056 valet
887 3003 1122 3056 humana
1139 3003 1445 3074 propalare.
1472 3004 1603 3073 Qum
1627 3006 1725 3061 de-

162 3082 436 3144 lectationis
462 3090 763 3145 amoenitas
784 3090 837 3145 in
863 3094 1067 3156 eadem,
1087 3109 1183 3163 per
1197 3103 1362 3149 lotam
1384 3094 1524 3149 diem
1558 3094 1722 3160 illam,

163 3178 239 3231 sed
266 3188 317 3234 et
344 3181 396 3235 in
433 3182 709 3249 crastina,
748 3186 1113 3253 perseveravit
1139 3186 1401 3243 Ecclesia.
1432 3187 1545 3244 Hac
1571 3189 1731 3260 igitur

159 3260 234 3321 die
273 3270 645 3326 translationis
695 3269 832 3343 ejus,
897 3273 1102 3329 scilicet
1156 3273 1409 3332 Kalendis
1457 3274 1729 3342 Octobris,

155 3371 263 3435 .cum
283 3360 473 3416 divinis
503 3360 754 3415 laudibus
781 3374 1005 3433 sumpta:
1034 3374 1156 3418 sum
1181 3365 1418 3435 reliquia:
1439 3367 1504 3423 de
1523 3368 1733 3438 capillis

1830 1898 2047 1969 prmsul,
2086 1900 2172 1954 vir
2200 1902 2364 1955 nobili
2408 1903 2655 1974 prosapia
2689 1907 2987 1961 oriundus:
3025 1909 3116 1977 qui
3141 1923 3236 1977 per
3259 1908 3424 1962 licen-

1831 1991 1963 2043 tiam
1994 1990 2237 2059 praedicti
2272 1992 2416 2061 regis
2448 1992 2632 2047 limina
2663 1995 2834 2050 sancti
2881 1995 3025 2050 Petri
3065 1997 3214 2051 adire
3237 1998 3424 2069 dispo~

1828 2097 1981 2150 nens,
2022 2085 2242 2140 divertit
2279 2085 2332 2140 in
2361 2089 2754 2142 monasterium
2790 2088 2937 2144 beati
2976 2089 3209 2160 Remigii
3251 2092 3416 2146 situm

1830 2179 1883 2234 in
1912 2178 2172 2235 suburbio
2221 2178 2508 2234 Remcusis
2552 2182 2725 2237 urbis.
2770 2180 2869 2238 Ubi
2903 2182 3203 2239 liberaliter
3231 2200 3260 2238 a
3309 2184 3423 2239 fra-

1832 2272 2004 2326 tribus
2033 2272 2273 2342 ejusdem
2310 2268 2413 2326 loci
2444 2282 2731 2342 susceptus
2755 2315 2770 2338 ,
2818 2273 3129 2344 impetravit
3163 2292 3190 2329 a
3222 2276 3422 2330 llcrue-

1830 2362 1999 2418 hardo
2025 2377 2303 2417 sacrorum
2357 2365 2581 2418 custode
2616 2364 2876 2433 reliquias
2905 2364 2972 2418 de
3021 2364 3180 2429 stola,
3220 2367 3417 2433 cilicio,

1830 2463 1994 2520 atque
2055 2452 2277 2506 sudario
2326 2452 2499 2505 sancti
2558 2451 2809 2522 Retnigil.
2885 2453 3092 2519 Quibus
3143 2464 3425 2524 gratanter

1831 2542 2088 2612 acceptis,
2138 2541 2243 2596 iter
2284 2540 2589 2610 iItCCI‘plllln‘
2610 2541 2764 2596 hctus
2791 2558 2976 2613 agens,
3021 2542 3146 2597 dum
3178 2554 3421 2614 permeat

1830 2630 2059 2697 Italiam,
2093 2631 2145 2686 in
2169 2640 2351 2686 monte
2380 2633 2685 2685 Bardonttm
2717 2632 2947 2700 quadam
2975 2645 3130 2689 nocte
3157 2645 3418 2690 metatum

1833 2706 2055 2791 habens,
2082 2712 2085 2715 ’
2113 2737 2439 2780 memoratas
2493 2728 2544 2779 in
2578 2726 2719 2780 ilicis
2759 2742 2912 2781 ramo
2957 2728 3239 2798 suspendit
3288 2727 3419 2782 reli-

1831 2815 2006 2885 quias.
2054 2814 2302 2885 Cumque
2325 2815 2563 2869 diluculo
2598 2832 2843 2887 surgens,
2877 2808 2985 2871 iter
3009 2827 3245 2886 emptum
3284 2817 3424 2872 arri-

1830 2914 2005 2976 peret,
2037 2894 2322 2963 immemor
2345 2908 2534 2961 harum
2575 2909 2755 2979 (nutu,
2798 2924 2894 2963 ceu
2927 2909 3185 2973 creditur,
3214 2910 3421 2978 divino)

1831 2996 1949 3053 tunc
2000 2997 2201 3053 ibidem
2255 3016 2570 3054 remansere
2623 3002 2866 3071 pignora.
2918 3001 3246 3056 Procedente
3293 3018 3421 3055 vero

1833 3089 2114 3159 aliquanto
2146 3089 2355 3160 longius
2399 3092 2674 3160 episcopo,
2732 3091 2820 3145 ubi
2855 3091 3159 3145 relictarum
3213 3106 3422 3144 memor

1758 3169 1802 3232 C
1836 3176 1895 3234 lit
1925 3179 2292 3250 reliquiarum,
2326 3198 2479 3235 suum
2521 3182 2701 3234 statim
2739 3183 2805 3235 ad
2831 3183 2927 3237 has
2961 3178 3293 3252 recipiendas
3330 3180 3421 3233 tli-

1835 3269 1961 3341 rigit
1986 3271 2262 3335 clericum,
2312 3272 2526 3327 nontine
2559 3270 2864 3328 Vulladum.
2918 3273 3035 3340 Quo
3058 3275 3123 3327 ad
3161 3273 3258 3327 has
3292 3287 3417 3343 per-

1833 3364 2104 3428 veniente,
2152 3363 2300 3418 nullo
2335 3365 2473 3420 valet
2513 3380 2607 3420 eas
2651 3366 2866 3438 ingenio
2911 3367 3241 3436 contingere,
3291 3367 3358 3420 du
3384 3383 3416 3419 n

1822 3444 2066 3510 ‘ruirabili
2099 3457 2274 3527 signo,
2305 3466 2365 3512 ut
2409 3472 2504 3512 cas
2530 3459 2798 3526 attingere
2843 3458 3024 3523 vellet,
3075 3458 3420 3513 cleVarentur

1824 3532 1888 3599 ‘in
1920 3545 2167 3600 sublime.
2199 3543 2309 3600 lloc
2333 3546 2588 3617 praefatus
2613 3547 2895 3617 episcopus
2923 3548 3105 3603 audito
3136 3546 3418 3615 miracula),

1826 3635 2168 3706 regrediens,
2218 3637 2268 3689 in
2305 3637 2492 3693 eodem
2534 3637 2652 3693 loco
2678 3637 2794 3694 llxit
2824 3636 3153 3703 tentorium:
3194 3638 3291 3694 scd
3332 3655 3416 3694 re-

1833 3722 1962 3781 licta
2005 3727 2226 3797 pignera
2259 3730 2448 3784 eadem
2480 3739 2641 3785 nocte
2692 3726 2911 3784 minime
2945 3730 3109 3785 valuit.
3151 3733 3414 3801 recipere,

1821 3810 2006 3874 idonee
2038 3820 2180 3876 facto
2208 3837 2387 3888 mane,
2418 3823 2469 3875 in
2505 3823 2833 3877 tuonasterio
2862 3824 3004 3892 qttod
3041 3834 3265 3878 vocatur
3287 3823 3420 3877 Ber-

1833 3921 2036 3976 cetutn,
2091 3912 2144 3965 in
2179 3912 2384 3967 honore
2419 3912 2479 3965 S.
2525 3910 2757 3966 Abundii
2803 3914 3059 3984 martyris
3100 3913 3230 3968 inibi
3281 3930 3418 3969 con-

1816 4009 2123 4066 ‘struetum,
2166 4002 2387 4055 missam
2434 4002 2735 4066 celebrans,
2790 4001 3170 4072 pratdictorum
3207 4012 3416 4072 partem

163 3446 276 3516 ejus,
303 3461 353 3507 et
382 3453 597 3513 casula,
629 3453 914 3523 tunicaque
946 3455 1112 3529 ipsius
1142 3474 1155 3509 :
1203 3468 1257 3511 et
1283 3458 1573 3528 integrum,
1597 3459 1732 3534 (licet

163 3542 486 3610 exsiccatum,
526 3559 729 3613 corpus
760 3544 999 3616 ejusdem
1031 3546 1198 3604 rubco
1236 3558 1449 3604 constat
1495 3549 1733 3606 brandeo

156 3618 458 3691 involutum.
516 3630 523 3635 ’

154 3718 161 3797 _'
219 3723 306 3781 llic
335 3728 518 3800 itaque
565 3726 729 3783 Pater
759 3728 1102 3793 reverendus,
1136 3738 1191 3783 et
1223 3729 1275 3783 in
1322 3730 1432 3785 vita
1463 3731 1730 3802 corporis,

155 3823 206 3875 ,ει
239 3827 349 3887 post
395 3820 634 3883 obitum,
692 3819 835 3873 sicut
877 3819 1105 3874 inﬁrmis
1157 3820 1447 3875 sanitatum
1502 3822 1730 3892 gratiam

162 3908 379 3973 contulit,
420 3906 509 3965 lsic
551 3911 690 3965 etin
722 3926 1034 3980 pervasorcs
1077 3910 1158 3965 vel
1192 3922 1610 3982 pracsmnptores
1635 3928 1734 3967 su:-

152 3998 359 4069 pi:sime
381 4001 582 4054 vindex
615 3998 881 4070 apparuit.
926 4000 1001 4055 De
1026 4016 1134 4070 quo
1157 3999 1411 4071 praefatus
1450 4002 1732 4070 episcopus

150 4086 425 4161 .Grrgorius
450 4089 663 4148 referre
688 4091 916 4157 studuit,
952 4092 1095 4162 quod
1127 4108 1190 4147 ex
1233 4092 1402 4161 ipsius
1441 4091 1526 4145 hie
1553 4093 1732 4147 verbis

163 4173 322 4232 indere
380 4177 593 4249 placuit
623 4177 888 4246 (Gnscon.
938 4179 1098 4246 Tum,
1147 4180 1235 4234 ubi
1279 4182 1460 4250 supra)
1495 4198 1508 4235 :
1547 4199 1565 4232 ι
1604 4180 1732 4236 Erat

163 4264 282 4320 enim
307 4267 447 4323 haud
470 4269 663 4340 procul
688 4285 718 4322 a
749 4270 971 4324 basilica
1002 4270 1139 4342 (scil.
1169 4269 1228 4325 S.
1261 4270 1504 4342 Renaigii)
1534 4263 1731 4327 fundus

166 4356 329 4414 tellure
369 4359 640 4415 fecundus
672 4360 833 4428 (tales
879 4362 1068 4417 incolae
1118 4360 1277 4417 Olcas
1319 4363 1534 4432 vocant)
1562 4372 1617 4417 et
1644 4363 1731 4418 hic

165 4446 297 4501 datus
324 4450 566 4506 basilica:
600 4452 774 4507 sancti
821 4451 1001 4507 fuerat
1048 4470 1062 4506 :
1108 4469 1267 4522 quem
1301 4467 1439 4505 unus
1463 4469 1493 4505 e
1519 4452 1728 4506 civibus

163 4539 403 4606 pervadit,
435 4541 746 4610 despiciens
772 4541 1045 4596 hominem
1078 4541 1168 4611 qui
1219 4556 1342 4595 eum
1390 4540 1509 4596 loco
1539 4551 1728 4598 saneto

148 4631 457 4701 contulerat.
497 4631 599 4699 Qui
628 4648 751 4687 eum
780 4636 848 4687 ab
884 4632 1136 4703 episcopo
1166 4646 1230 4684 ac
1252 4630 1351 4684 loci
1388 4631 1583 4685 abbate
1607 4646 1728 4686 cre-

146 4716 247 4793 bro
293 4731 589 4776 conventus
641 4720 863 4784 fuisset,
919 4729 979 4776 ut
1009 4736 1128 4790 quae
1177 4720 1373 4788 injuste
1414 4727 1727 4789 pervaserat

146 4811 389 4871 redderet
417 4828 435 4867 :
483 4811 878 4883 parvipendens
900 4813 1062 4867 verba
1094 4828 1215 4882 qua:
1256 4813 1529 4877 audiebat,
1560 4809 1726 4881 perti-

168 4901 265 4956 naci
293 4903 499 4975 direpta
535 4905 853 4961 defensabat
895 4905 1217 4961 intentione.
1268 4904 1512 4976 Denique
1548 4921 1723 4967 causa

149 4983 366 5058 'exstitit,
400 5006 456 5049 et
486 5013 589 5050 non
619 4996 853 5061 devotio,
906 5006 963 5050 ut
990 4997 1178 5052 urbem
1206 4998 1425 5062 adiens,
1460 5010 1723 5073 propera-

1834 4106 2115 4145 muncrum
2157 4093 2445 4147 devoveret
2490 4091 2685 4145 ibidem
2735 4106 2794 4147 se
2822 4091 3160 4149 relicturum.
3215 4092 3417 4164 Sicque

1834 4192 1989 4254 rapta
2045 4184 2145 4240 sibi
2210 4185 2513 4255 recipiens,
2568 4184 2789 4255 impleto
2836 4186 3219 4241 venerabiliter
3266 4197 3415 4250 voto,

1832 4286 2067 4344 coeptum
2096 4274 2293 4347 repetit
2336 4275 2459 4330 iter.
2506 4273 2605 4330 Cui
2633 4276 2824 4331 obvius
2852 4274 3027 4332 factus
3055 4277 3421 4334 Luitbrandus

1833 4366 2260 4441 [Luidhrandus]
2315 4367 2571 4424 Italorum
2629 4386 2724 4426 rex
2780 4380 3074 4440 strenuus,
3130 4374 3219 4444 qui
3278 4374 3417 4428 hanc

1832 4459 2016 4513 auditu
2055 4459 2167 4529 jam
2199 4469 2540 4529 compererat
2576 4475 2856 4516 sacrorum
2903 4463 3182 4527 virtutem,
3235 4478 3420 4521 amore

1760 4518 1804 4576 θ
1834 4549 1894 4604 Β.
1929 4549 2157 4621 Remigii
2189 4550 2405 4616 ductus,
2456 4553 2597 4607 idem
2648 4551 3032 4610 monasterium
3060 4598 3074 4622 ,
3134 4556 3418 4611 Berectum

1834 4640 2063 4705 Scilicet,
2094 4656 2218 4695 cum
2251 4642 2502 4696 omnibus
2545 4642 2885 4711 adjacentiis,
2943 4646 3200 4714 omnique
3248 4647 3420 4701 abha-

1834 4732 1927 4801 tia,
1958 4748 2176 4788 mansos
2203 4734 2538 4803 octingentos
2566 4732 2679 4805 [δη
2701 4733 2872 4807 octo],
2898 4743 2959 4789 ut
2981 4738 3218 4803 tradunt,
3249 4737 3422 4811 conti-

1806 4814 2004 4888 "neuti,
2036 4823 2258 4896 prtel'ato
2302 4826 2517 4894 pratsuli
2558 4825 2905 4883 Moderamno
2933 4827 3223 4899 delegavit,
3261 4824 3423 4901 eique

1831 4916 1885 4970 in
1916 4917 2202 4989 przesentia
2235 4916 2472 4971 ﬁdelium
2495 4932 2737 4984 suorum,
2775 4916 2935 4991 legali
2962 4919 3027 4974 de
3051 4934 3223 4985 more,
3257 4921 3426 4977 vesti-

1832 5015 2009 5064 turam
2042 5024 2109 5065 ex
2133 5023 2196 5064 ea
2221 5048 2238 5075 ,
2278 5017 2333 5064 et
2358 5010 2601 5067 chartam
2638 5009 2786 5064 fecit.
2832 5010 3104 5066 Remeans
3141 5018 3323 5067 autem
3352 5006 3425 5067 ab

154 5090 236 5157 pret
261 5083 323 5136 ad
355 5087 526 5140 sancti
559 5085 857 5140 basilicam.
896 5087 1155 5160 Arguitur
1179 5088 1373 5147 iterum
1416 5091 1483 5143 ab
1529 5088 1724 5143 abbate
1805 5146 1815 5169 .__
1832 5100 1966 5153 urbe
1993 5098 2161 5153 Roma
2187 5111 2518 5154 memoratus
2547 5098 2764 5169 prrcsul,
2793 5102 3024 5157 accessit
3052 5102 3118 5155 ad
3156 5114 3424 5155 veneran-

145 5182 246 5248 .pro
284 5174 457 5248 campi
514 5177 857 5251 pervasione.
909 5179 1017 5236 Sed
1068 5180 1201 5235 nihil
1256 5182 1475 5254 dignum
1499 5180 1724 5242 ratione
1803 5166 1957 5256 (dum
1983 5188 2044 5243 B.
2080 5187 2309 5259 Remigii
2345 5166 2649 5260 sepulcrum
2678 5206 2692 5241 :
2725 5198 2889 5261 atque
2914 5190 3053 5246 sicut
3078 5189 3150 5243 iTli
3174 5191 3423 5257 pra-mis-

166 5267 446 5332 respondet.
493 5266 881 5342 Explicitisque
919 5269 1151 5347 negetiis
1181 5289 1408 5333 ascenso
1437 5273 1581 5348 equo
1627 5275 1723 5345 do-
1801 5272 1925 5333 'sus
1958 5295 2050 5334 rex
2097 5279 2239 5334 hanc
2273 5288 2477 5337 terram
2515 5279 2776 5346 tradidit,
2822 5281 2897 5336 ita
2956 5280 3305 5337 nihilominus
3334 5280 3422 5337 ille

163 5365 284 5382 huc...
311 5359 480 5382 —...l:..-
512 5359 745 5382 19..---.3n
809 5363 841 5382 ﬂ
898 5365 911 5382 Ι
976 5368 988 5382 1
1044 5376 1054 5382 .
1100 5376 1113 5382 -
1185 5366 1198 5378 ο
1272 5369 1285 5381 ο
1349 5370 1362 5382 α
1638 5366 1651 5382 I

1833 5369 1963 5382 an
