3974 5392
492 373 594 427 7i

1557 333 1952 403 FLODOARDI
1991 325 2313 390 CANONICI
2352 314 2697 378 REMENSIS
3693 294 3766 350 72

491 463 779 546 vixit.iQui
803 487 1016 545 quoque
1044 465 1315 526 nonnullis
1343 461 1595 530 deinceps
1621 457 1772 510 locus
1797 445 2075 506 miraculis
2104 428 2149 484 Α
2181 440 2386 505 broque
2441 432 2609 504 ipsius
2657 428 2710 509 in
2752 435 2956 479 terram
3014 415 3318 477 deﬂuente,
3382 414 3628 465 mortuus
3667 409 3769 457 est.

2185 527 2379 546 ""““
2407 538 2531 546 ··“··’·
2565 519 2729 546 εκεῖ-ιι·
2763 516 2813 546 in
2845 513 3067 546 «lla-"Im
3114 517 3340 546 nol-anns
3371 511 3602 546 ηεινιρηι,
3648 511 3769 546 Der.

497 575 800 630 illustratus
834 564 1049 622 claruit.

533 706 536 709 .
567 663 828 718 Processu
871 653 1104 723 denique
1135 644 1394 718 temporis
1437 638 1701 711 Pippinus
1747 648 1864 695 rex,
1898 623 2082 683 Karoli

498 716 675 818 Magni
703 759 878 821 pater,
907 716 1165 815 episcopii
1203 716 1577 793 Laudunensis
1609 728 1811 790 villam,
1856 736 1977 792 quae
2005 716 2085 772 di-

497 848 641 905 citur
689 839 996 901 Anis’iacus,
1050 832 1300 900 accipere
1345 826 1498 881 nisus
1551 819 1704 890 quasi
1750 815 1850 871 sub
1895 813 2108 871 censu,

499 933 647 988 velut
675 929 808 983 alias
835 923 1098 995 quasdam
1132 919 1356 980 fecerat,
1385 911 1535 966 venit
1562 909 1614 962 in
1641 921 1782 966 eam,
1831 900 1921 954 ubi
1965 910 2088 950 cum

501 984 782 1082 dormiret,
819 984 1069 1086 apparuit
1094 1011 1141 1065 ei
1180 1007 1238 1063 S.
1272 1002 1571 1072 Remigius,
1596 998 1818 1072 dicens:
1858 989 1936 1043 Tu
1966 984 2090 1086 quid

503 1117 586 1170 hic
608 1113 738 1183 facis
765 1109 793 1163 3
828 1106 1004 1172 Quare
1034 1104 1259 1170 infirme
1298 1097 1476 1152 villam
1507 1091 1743 1152 intrasti,
1785 1100 1941 1162 quam
1967 1074 2094 1135 mihi

505 1209 660 1268 homo
681 1214 730 1256 te
760 1199 991 1253 devotior
1025 1195 1204 1258 dedit,
1245 1201 1292 1246 et
1320 1203 1478 1259 quam
1501 1201 1592 1255 ego
1616 1177 1844 1236 ecclesia:
1870 1172 2096 1228 dominre

507 1314 635 1353 mea:
663 1295 758 1349 Dei
785 1289 1062 1347 Geuitricis
1111 1283 1302 1352 donavi
1326 1282 1350 1334 ?
1398 1289 1453 1334 et
1482 1271 1771 1346 flagellavit
1815 1282 1938 1323 eum
1967 1263 2101 1319 satis

509 1390 729 1453 acriter,
765 1387 837 1441 ita
866 1392 924 1436 ut
953 1381 1152 1434 livores
1183 1377 1238 1430 in
1281 1373 1401 1444 ejus
1441 1378 1627 1441 postea
1676 1376 1902 1433 corpore
1941 1373 2100 1428 pare-

508 1489 653 1536 rent.
681 1451 750 1533 At
777 1476 865 1531 ubi
898 1469 1166 1542 disparuit
1192 1469 1251 1522 Β.
1295 1463 1595 1534 Remigius,
1643 1455 1886 1530 surrexit
1918 1451 2102 1523 Pippi-

511 1590 634 1637 nus,
665 1579 720 1626 et
747 1575 1030 1637 correptus
1063 1562 1237 1617 valida
1270 1559 1450 1623 febre,
1509 1551 1830 1625 quantoeius
1874 1547 1940 1600 ah
1988 1545 2104 1613 ipsa

509 1635 636 1720 villa
668 1635 919 1717 recessit.
942 1658 1016 1712 De
1041 1670 1146 1725 qua
1171 1652 1322 1707 febre
1348 1664 1452 1703 non
1485 1660 1655 1716 parvo
1692 1647 1934 1708 tempere
1958 1635 2110 1690 labor-

514 1753 675 1808 ravit.
709 1751 971 1815 Deinceps
1022 1722 1153 1797 vero
1192 1739 1340 1810 regni
1377 1736 1630 1807 princeps
1675 1729 1806 1785 inibi
1833 1739 2002 1796 usque
2038 1722 2104 1778 ad

516 1841 774 1906 mmlerua
823 1813 1066 1905 tempora
1106 1847 1212 1886 non
1245 1826 1482 1890 mansit,
1515 1831 1574 1876 ut
1603 1835 1702 1875 nec
1736 1818 1790 1872 in
1819 1813 2106 1871 Codiciaco

514 1932 600 1986 vel
621 1930 849 1991 Juliaco,
875 1925 977 1980 nisi
1000 1920 1305 1978 Ludovicus
1334 1931 1426 1969 rex
1441 1905 1871 1976 Germaniae,qui
1894 1902 2109 1974 quando

518 2022 708 2077 fratris
735 2019 818 2074 sui
850 2015 1033 2072 Karoli
1070 2024 1295 2082 regnum
1329 2003 1609 2076 pervasit,
1644 2001 1697 2054 in
1721 1997 1928 2054 Juliaco
1959 2010 2114 2049 man-

518 2114 611 2176 sit,
639 2120 693 2165 et
717 2108 841 2164 inde
865 2105 1092 2174 turpiter
1111 2103 1164 2156 in
1189 2097 1490 2154 crastinum
1527 2092 1738 2163 fugiens
1775 2096 1902 2143 ante
1939 2086 2112 2158 ipsum

520 2204 744 2260 fratrem
779 2213 956 2262 suum,
993 2196 1081 2248 vix
1104 2191 1296 2248 evasit.

538 2348 541 2350 _
590 2291 806 2346 Partem
861 2299 1076 2356 quoque
1123 2294 1374 2351 magnam
1427 2276 1576 2332 silva:
1630 2274 1684 2328 in
1723 2270 1863 2327 saltu
1906 2267 2117 2340 Vosago

521 2383 713 2456 beatus
761 2379 852 2432 hic
893 2376 1077 2439 Pater,
1130 2373 1256 2427 dato
1302 2367 1608 2437 comparuit
1648 2364 1861 2434 pretio;
1911 2359 2120 2415 villulas
2178 2408 2182 2412 .

523 2451 688 2527 etiam
717 2467 976 2540 quasdam
1009 2464 1138 2518 inibi
1168 2461 1518 2518 constituisse
1569 2457 1764 2521 fertur,
1815 2469 1936 2524 qua:
1959 2451 2118 2507 Cosla

527 2571 586 2618 et
627 2559 782 2616 Gleni
816 2565 1110 2618 vocantur;
1167 2551 1481 2619 incolasque
1523 2547 1590 2602 de
1632 2545 1813 2599 vicina
1862 2537 2121 2612 episcopii

525 2659 676 2723 villa,
706 2655 924 2710 nomine
952 2654 1142 2714 uerna,
1188 2648 1390 2702 dudum
1437 2643 1540 2699 sibi
1577 2660 1606 2695 a
1629 2640 1856 2695 Francis
1885 2640 2029 2701 data,
2063 2635 2118 2688 in

530 2763 626 2804 eas
665 2741 1021 2803 transferens,
1076 2738 1274 2791 ibidem
1335 2747 1556 2789 manere
1615 2729 1898 2799 disposuit,
1969 2734 2026 2781 et
2061 2732 2123 2779 ut

530 2841 706 2911 picem
744 2830 1012 2904 religiosis
1054 2827 1334 2882 annuatim
1386 2823 1520 2877 locis
1553 2819 1797 2876 ecclesia:
1841 2815 2126 2871 Remeusis

532 2904 1002 2987 administrarent,
1047 2919 1300 2975 instituit.
1337 2904 1545 2982 Quibus
1571 2920 1625 2968 ct
1657 2926 1879 2982 pensant
1910 2907 2122 2973 tribuit,

530 3036 652 3093 quae
691 3019 847 3073 hodie
877 3015 945 3071 ab
975 3015 1214 3082 ipsorum
1245 3005 1653 3065 successoribus
1680 3002 1964 3072 accipitur,
2001 3015 2125 3055 curn

533 3087 640 3184 qua
667 3124 824 3166 suum
854 3118 1072 3176 quoque
1113 3099 1425 3172 persolvunt
1462 3095 1727 3151 debitum.
1761 3090 1930 3162 llujus
1959 3087 2121 3144 etiam

534 3181 646 3268 suae
667 3197 1023 3269 coemptionis
1045 3194 1180 3247 fines
1208 3193 1276 3244 ita
1299 3206 1394 3260 per
1422 3203 1610 3259 gyrum
1639 3181 2041 3246 determinavit,
2072 3187 2125 3235 et

536 3302 598 3348 ut
621 3291 873 3346 omnibus
918 3284 1228 3341 videntibus
1274 3289 1457 3351 pateat
1499 3279 1612 3348 ipsa
1643 3271 2046 3338 determinatio,
2076 3277 2132 3324 et

540 3385 802 3440 hactenus
820 3378 920 3449 ipsi
951 3376 1086 3431 fines
1113 3373 1181 3428 ab
1211 3388 1276 3427 eo
1296 3369 1535 3426 denotati
1560 3369 1778 3422 nomine
1809 3374 1964 3420 tenus
1991 3361 2135 3418 voci-

534 3479 726 3532 tcritur
756 3484 811 3527 et
845 3471 1214 3539 assignentur.
1261 3465 1315 3519 lu
1347 3463 1546 3534 quibus
1592 3456 2135 3515 deter-minationibus

542 3566 672 3638 ligni
693 3561 971 3630 cujusdam
995 3569 1255 3621 concavo,
1284 3567 1448 3626 manu
1472 3566 1568 3604 sua
1601 3558 1810 3620 petram
1838 3543 2136 3612 conjecisse

544 3656 816 3714 traditur:
870 3665 1034 3721 quam
1082 3647 1393 3718 quicunque
1446 3640 1718 3696 voluerint
1769 3643 2136 3697 contrectare,

545 3761 765 3803 manum
799 3744 850 3798 in
891 3742 1061 3813 ipsam
1086 3751 1373 3793 cavernam
1408 3732 1588 3787 valent
1614 3729 1849 3792 inferre,
1903 3723 2138 3794 lapidem

547 3836 855 3903 devolvere,
911 3832 1005 3888 sed
1048 3830 1116 3884 ab
1168 3827 1358 3883 eadem
1403 3820 1742 3878 concavitate
1787 3815 1934 3871 nullo
1983 3811 2142 3868 modo

549 3939 758 4003 queunt
800 3929 1052 3984 educere.
1099 3923 1226 3978 Post
1272 3920 1450 3990 aliqua
1492 3932 1621 3972 vero
1652 3923 1897 3983 tempora
1925 3906 2141 3977 quidam

551 3997 693 4080 beati
724 4021 827 4076 viri
859 4018 1108 4074 laudibus
1139 4013 1406 4076 invidens,
1449 4011 1620 4080 ipsam
1647 4021 1808 4061 manu
1845 4011 2052 4073 petram
2079 3997 2146 4052 de

552 4115 696 4187 ligno
746 4113 894 4166 uisus
939 4117 1021 4162 est
1049 4105 1316 4168 evellere;
1368 4102 1510 4171 quod
1540 4097 1758 4166 explere
1795 4109 1897 4148 non
1940 4088 2146 4151 valens,

555 4208 730 4276 ipsum
759 4201 934 4258 securi
959 4199 1197 4253 foramen
1231 4193 1456 4247 tentavit
1488 4188 1764 4258 ampliare.
1799 4183 1905 4239 Sed
1931 4181 2145 4235 elevato

557 4298 702 4352 ferro
747 4303 806 4348 ut
852 4291 1102 4345 arborem
1151 4291 1500 4355 percuteret,
1558 4276 1792 4332 arefacta
1857 4287 1982 4326 mox
2035 4269 2150 4337 jam

559 4389 815 4450 dextera,
862 4396 1024 4453 quam
1072 4375 1377 4449 procaciter
1441 4369 1670 4431 extulit,
1723 4367 1895 4435 ipsum
1941 4361 2064 4434 [τηε.
2109 4360 2148 4424 i,

561 4475 696 4548 ipse]
728 4451 944 4545 quoque
975 4470 1154 4523 lumen
1184 4465 1461 4520 oculorum
1505 4459 1720 4521 amisit,
1748 4464 1799 4510 et
1834 4453 1924 4522 qui
1956 4451 2151 4504 faniam

560 4569 735 4625 sancti
766 4565 942 4620 Patris
967 4563 1125 4632 hujus
1147 4560 1498 4627 exstinguere
1527 4552 1716 4617 voluit,
1751 4545 2154 4602 venerationem

557 4657 739 4727 [laudis
768 4652 986 4709 adauxit
1019 4651 1235 4705 invitus.

635 4748 796 4802 istius
821 4753 1028 4816 partem
1075 4739 1225 4794 silva:
1252 4735 1413 4806 hujus
1444 4730 1568 4786 almi
1607 4726 1820 4800 patroni
1845 4721 2017 4778 nostri
2041 4728 2126 4775 stu

567 4839 673 4892 diis
699 4845 917 4905 emptaz,
943 4833 1047 4887 duo
1073 4829 1290 4899 quidam
1326 4825 1522 4879 fratres
1551 4818 1804 4874 custodes
1834 4813 1967 4880 regii
1992 4809 2162 4866 saltus

554 4929 912 5000 invadentes,
940 4922 1260 4978 asserebant
1293 4917 1434 4986 quod
1465 4913 1645 4984 potius
1671 4909 1737 4964 ad
1764 4908 1952 4962 liscum
1999 4914 2161 4973 quam

573 5025 639 5074 ad
673 5019 762 5087 jus
807 5017 864 5070 S.
918 5012 1148 5082 Remigii
1185 5010 1499 5079 pertineret.
1552 5000 1761 5058 Accidit
1810 5006 1991 5050 autem
2037 4993 2162 5047 dum

574 5108 844 5150 ullnlulmn
874 5121 998 5150 eum
1030 5081 1216 5150 incolis
1235 5097 1478 5150 ecclesia:
1510 5091 1794 5147 Rciuensis
1821 5085 2010 5141 ditioni
2043 5081 2169 5138 Stib-

2185 527 2379 582 Frater
2407 538 2534 577 vero
2565 519 2733 590 ipsius
2761 516 2815 572 in
2844 513 3069 568 alteram
3114 517 3340 576 pergens
3371 511 3602 572 partem,
3648 511 3775 568 per-

2188 615 2336 671 venit
2365 614 2432 668 ad
2453 610 2740 681 quamdam
2784 613 3016 676 petram,
3049 600 3276 655 dicens:
3310 591 3564 648 Omnibus
3596 599 3776 643 notum

2189 707 2278 770 sit,
2304 704 2425 775 quia
2455 717 2616 773 usque
2645 699 2712 753 ad
2752 699 2886 750 hanc
2914 703 3112 764 petram
3137 697 3212 743 est
3247 688 3348 741 ista
3373 683 3507 739 silva
3547 682 3775 750 impera-

2189 797 2358 852 toris:
2399 807 2572 863 eoque
2621 791 2700 846 sic
2752 787 2981 859 lapidem
3011 797 3134 837 cum
3163 779 3309 835 dicto
3335 773 3576 845 bipenni,
3617 784 3781 841 quam

2193 876 2654 958 mauu‘gestabat,
2706 879 3064 953 percutiente,
3109 873 3226 929 saxi
3271 867 3547 941 particulae
3586 866 3639 919 in
3668 863 3783 934 ejus

2193 980 2378 1036 oculos
2408 980 2475 1032 ab
2506 978 2622 1046 ipso
2650 971 2956 1044 prosiliunt,
3006 976 3059 1022 et
3097 978 3272 1020 ezecus
3294 961 3552 1024 efficitur;
3595 958 3785 1026 sicque

2199 1060 2632 1140 przesumptiouis
2671 1071 2895 1131 uterque
2943 1054 3247 1113 mercedem
3276 1049 3499 1122 recepit,
3547 1056 3603 1104 et
3635 1061 3788 1101 mer.‘

2198 1155 2337 1213 dacii
2371 1155 2473 1211 sui.

2271 1245 2499 1314 Quidam
2543 1241 2628 1297 vir
2667 1239 2864 1296 nobilis
2906 1251 2972 1292 ex
3022 1234 3297 1291 territorio
3343 1227 3692 1292 Niverneusi,
3727 1227 3789 1281 Β.

2199 1337 2429 1410 Remigii
2461 1334 2704 1406 reliquiis
2724 1331 2982 1397 obtentis,
3011 1329 3314 1385 oratorium
3343 1326 3396 1380 in
3427 1339 3522 1379 sua
3548 1322 3794 1393 proprie-

2203 1438 2315 1485 tate
2367 1428 2468 1483 sub
2523 1426 2692 1497 ipsius
2734 1421 3020 1479 :edificavit
3070 1421 3297 1475 honore.
3377 1415 3477 1472 Ubi
3531 1413 3798 1469 Dominus

2205 1517 2498 1584 nonnulla,
2559 1524 2780 1588 propter
2830 1511 2989 1581 hujus
3045 1510 3228 1566 dilecti
3285 1508 3369 1563 sui
3415 1506 3609 1561 merita
3671 1516 3799 1574 pro-

2207 1612 2460 1683 palanda,
2503 1610 2754 1681 dignatus
2780 1614 2864 1662 est
2883 1603 3170 1660 ostendere
3193 1602 3366 1672 signa.
3396 1599 3532 1654 Cum
3562 1598 3799 1666 denique

2208 1703 2483 1760 Ludovico
2531 1702 2860 1770 imperatore
2918 1695 3217 1759 defuncto,
3266 1689 3539 1762 Aquitanii
3591 1688 3802 1758 absque

2135 1789 2180 1848 Β
2210 1791 2473 1866 principis
2511 1790 2642 1862 jugo
2696 1788 2850 1854 facti,
2893 1785 3270 1858 gentilitiaque
3323 1779 3625 1837 mobilitate
3671 1791 3801 1847 ρει-δ

2214 1886 2366 1950 moti,
2403 1891 2559 1954 prout
2599 1881 2827 1952 quisque
2864 1885 3096 1949 poterat,
3141 1874 3334 1931 eiferre
3387 1885 3527 1935 sese,
3578 1879 3804 1923 mutuo-

2211 1992 2317 2047 que
2348 1976 2696 2044 impugnare,
2740 1986 2805 2025 ac
2842 1983 2940 2040 per
2967 1967 3250 2036 contiguos
3279 1976 3446 2034 pagos
3476 1956 3807 2015 debacchari

2214 2067 2526 2137 cmpissent,
2560 2075 2823 2133 pauperes
2853 2059 3053 2130 quique
3081 2071 3167 2111 res
3191 2069 3321 2110 suas
3351 2055 3403 2106 in
3431 2050 3678 2107 ecclesiis
3716 2063 3808 2103 re-

2215 2171 2417 2230 ponere
2445 2156 2786 2211 studuerunt.
2821 2149 2973 2206 Unde
3009 2145 3223 2210 confisi,
3259 2144 3520 2197 virtutum
3569 2152 3693 2209 quae
3729 2139 3809 2192 ius

2217 2247 2290 2304 ibi
2322 2247 2548 2311 fiebant,
2579 2243 2854 2315 opinione,
2887 2249 2987 2295 sua
3014 2236 3168 2293 multi
3216 2235 3480 2291 servanda
3519 2232 3576 2286 in
3612 2229 3812 2286 eodem

2223 2340 2476 2396 certatim
2506 2335 2805 2392 recondunt
2842 2331 3105 2387 oratorio.
3135 2327 3430 2383 Audientes
3451 2333 3631 2378 autem
3664 2334 3808 2392 prata

2222 2434 2388 2490 dones
2439 2431 2543 2485 hoc
2575 2428 2767 2498 opibus
2789 2425 3085 2480 oratorium
3115 2419 3356 2490 pluribus
3398 2413 3658 2470 refertum
3694 2412 3814 2483 plus

2224 2523 2505 2585 rimorum,
2540 2534 2637 2574 eas
2663 2518 2716 2573 vi
2746 2516 2981 2585 diripere
3009 2514 3277 2566 nituntur.
3303 2508 3541 2574 Quorum
3571 2505 3815 2574 quodam

2223 2613 2455 2669 obserati
2511 2621 2687 2666 seram
2734 2616 2970 2664 conante
3018 2603 3269 2674 frangere
3306 2599 3454 2664 ostii,
3501 2605 3624 2652 mox
3652 2597 3817 2666 utja-

2225 2721 2390 2761 uuam
2422 2703 2571 2759 calce
2610 2699 2899 2772 percussit,
2931 2697 3108 2752 eidem
3139 2695 3446 2750 cohaerente
3476 2689 3610 2761 pede
3634 2689 3812 2759 ipsius

2226 2797 2408 2860 ostio,
2467 2791 2756 2860 resupinus
2819 2789 2873 2843 in
2925 2797 3128 2842 terram
3180 2791 3538 2856 praesumptor
3592 2778 3816 2834 cecidit.

2228 2887 2381 2956 Quod
2431 2885 2523 2941 alii
2576 2891 2887 2955 cernentes,
2939 2878 3249 2950 aufugiunt.
3306 2876 3423 2947 Ipse
3462 2887 3593 2929 vero
3623 2871 3818 2939 miser,

2229 2993 2459 3056 cogente
2509 2980 2779 3040 cruciatu.
2815 2992 2939 3032 cum
2990 2975 3227 3032 maximo
3257 2988 3385 3027 suos
3422 2968 3622 3038 ejulatu
3651 2967 3821 3038 etrapit

2231 3073 2536 3144 exprimere
2564 3069 2798 3132 dolores,
2838 3077 2894 3121 et
2931 3061 3290 3119 amarissimis
3328 3059 3661 3130 praemittere
3689 3070 3820 3109 cum

2233 3166 2510 3238 lacrymis.
2540 3163 2666 3232 quia
2695 3161 2740 3216 si
2765 3161 2906 3215 Deus
2922 3174 3021 3229 per
3047 3155 3241 3212 merita
3267 3155 3326 3208 S.
3359 3150 3589 3222 Remigii
3618 3149 3820 3218 pedem

2234 3259 2401 3330 ipsius
2441 3257 2508 3310 ab
2537 3255 2639 3309 hac
2686 3250 2946 3320 compede
2973 3248 3228 3311 solveret,
3259 3242 3485 3299 ulterius
3517 3245 3822 3309 nunquam,

2237 3350 2322 3406 vel
2348 3351 2413 3406 de
2443 3348 2554 3415 illa,
2580 3346 2667 3403 vel
2703 3346 2771 3401 de
2797 3343 3040 3415 qualibet
3068 3338 3273 3409 aliquid
3318 3333 3549 3391 ecclesia
3584 3331 3825 3394 tolleret,

2238 3453 2333 3499 aut
2356 3442 2492 3506 tolli,
2521 3447 2786 3510 quantum
2817 3453 2884 3491 ex
2935 3435 3053 3504 ipso
3084 3439 3246 3494 esset,
3277 3428 3384 3482 ullo
3413 3424 3571 3481 modo
3593 3438 3833 3477 conserv

2241 3537 2390 3592 tiret.
2427 3530 2706 3588 Caballum
2737 3541 2951 3598 quoque
2981 3538 3136 3579 suum
3163 3535 3286 3574 cum
3317 3517 3470 3581 sella,
3499 3524 3556 3570 et
3575 3514 3678 3568 alia
3704 3528 3832 3583 quas

2240 3622 2418 3696 potuit
2450 3621 2518 3675 ad
2567 3616 2812 3673 eamdem
2861 3613 3088 3669 donavit
3126 3608 3434 3664 ecclesiam.
3477 3603 3679 3673 Sicque
3705 3603 3836 3672 post

2240 3713 2663 3774 confessionem,
2691 3708 2962 3779 lacrymas
2988 3713 3042 3758 et
3083 3711 3285 3762 votum,
3311 3713 3406 3768 pes
3428 3695 3546 3764 ejus
3566 3696 3633 3748 ah
3659 3696 3836 3761 ostio,

2243 3806 2328 3862 cui
2355 3803 2682 3866 adhaeserat,
2704 3806 2787 3853 est
2809 3796 3035 3852 solutus.
3068 3793 3453 3848 Verumtamen
3490 3799 3556 3840 eo
3583 3793 3842 3853 postmoa

2245 3899 2372 3954 dum
2401 3895 2534 3966 pede
2563 3891 2784 3947 claudus
2813 3883 3134 3958 permansit,
3162 3882 3289 3937 dum
3314 3891 3474 3934 crure
3512 3875 3839 3945 femoreque

2248 3995 2739 4058 computrescente,
2775 3988 2950 4034 morte
2977 3973 3231 4030 decessit.

2320 4054 2545 4144 Quando
2571 4083 2678 4128 tres
2710 4069 2909 4125 fratres
2937 4064 3258 4127 Lotharius,
3282 4057 3610 4120 Ludovicus,
3643 4063 3697 4108 et
3724 4054 3838 4109 Kan-

2255 4169 2400 4224 rolus
2424 4179 2648 4236 regnum
2673 4161 2776 4217 sibi
2810 4159 3142 4214 Francorum
3170 4162 3292 4224 post
3314 4151 3486 4222 patris
3513 4137 3718 4204 obitum
3756 4147 3840 4201 di-

2253 4260 2454 4322 visere,
2488 4255 2642 4308 villas
2671 4251 2932 4322 episcopii
2963 4245 3265 4306 Remeusis,
3293 4243 3436 4315 quod
3469 4241 3684 4298 tenebat
3711 4237 3842 4294 Ful—

2255 4365 2320 4403 co
2370 4347 2674 4417 presbyter,
2715 4341 2944 4396 Karolus
2990 4339 3104 4394 suis
3133 4332 3710 4392 distribuitmilitibus.
3759 4331 3843 4385 Ex

2258 4439 2455 4508 quibus
2482 4435 2661 4488 villam
2690 4430 2957 4486 Juliacum
2982 4430 3199 4484 cuidam
3230 4422 3460 4480 Ricuino
3483 4418 3650 4480 dedit.
3675 4420 3844 4492 Cujus

2263 4543 2401 4583 uxor
2444 4525 2663 4580 nomine
2705 4523 2868 4578 Berta
2925 4519 2998 4592 [c.
3033 4520 3074 4585 i,
3115 4515 3331 4585 Beutal,
3390 4515 3516 4569 dum
3573 4511 3628 4566 in
3673 4510 3845 4581 ipsius

2261 4619 2401 4674 villae
2437 4610 2686 4672 cubiculo
2734 4611 2970 4682 jaceret,
3026 4609 3174 4664 venit
3202 4607 3271 4661 ad
3315 4620 3436 4660 eam
3464 4602 3522 4657 S.
3565 4599 3846 4670 Remigius

2263 4710 2317 4765 in
2358 4706 2563 4763 somnis
2589 4705 2774 4760 dicens
2804 4720 2817 4755 :
2851 4700 2974 4755 Non
3021 4708 3094 4754 est
3122 4699 3216 4751 istc
3245 4693 3389 4748 locus
3423 4701 3542 4745 tuus
3575 4689 3644 4742 ad
3657 4688 3847 4759 jacen-

2266 4803 2418 4856 dum.
2459 4799 2686 4854 Alterius
2713 4797 2881 4850 meriti
2904 4804 2952 4848 et
2979 4792 3130 4863 ofﬁcii
3153 4788 3296 4842 debet
3323 4802 3452 4851 esse,
3474 4784 3562 4854 qui
3590 4782 3724 4835 lianc
3753 4779 3849 4835 vil-

2267 4894 2375 4947 lam
2426 4889 2653 4954 habere,
2694 4898 2741 4941 et
2793 4887 2848 4940 in
2893 4886 2988 4938 hoc
3011 4879 3246 4937 cubiculo
3271 4877 3415 4932 debet
3446 4875 3646 4946 jacere.
3681 4871 3849 4940 Surge

2267 4980 2577 5055 quantocius
2603 5015 2618 5042 ,
2669 4986 2716 5029 et
2758 4975 2878 5029 hinc
2907 4971 3144 5027 abscede.
3176 4968 3330 5036 Quod
3370 4966 3456 5021 illa
3481 4961 3845 5035 parvipendit,

2271 5083 2467 5144 putans
2498 5070 2655 5124 inane
2684 5083 2744 5122 se
2778 5066 2951 5118 visum
2988 5064 3191 5117 videre.
3227 5059 3426 5113 lterum
3450 5069 3665 5125 quoque
3686 5068 3852 5122 appa~
