3974 5392
184 390 241 445 is
746 368 1096 445 HISTORIA“.
1134 368 1487 447 ecctssm
1525 362 1871 445 attenuas
1909 368 2091 445 Luem
2128 368 2485 458 attamen.
2520 402 2592 432 ..ι
2641 377 2769 446 tut.
2805 389 2846 444 ι.
3373 384 3444 446 tt

177 502 288 555 hinc
307 496 614 553 abscedet“
637 497 666 551 .’
693 495 801 553 Sed
820 498 946 567 quia
970 513 1184 569 pergere
1205 499 1590 568 contempsisti,
1612 497 1752 555 alio-
1783 488 1828 545 Α
1858 502 2107 569 ﬁscalini,
2142 512 2348 559 terrore
2368 501 2623 574 perculsi,
2649 502 2839 560 mortis
2865 503 3148 560 imminere
3171 504 3272 560 sibi
3302 508 3436 576 peril

178 606 285 645 runt
325 589 690 656 deportationis
739 588 994 645 discedas.
1042 588 1108 644 Et
1128 590 1397 659 percussit
1421 589 1568 646 illam
1597 590 1767 662 virga.

174 697 325 754 quam
346 683 575 737 tenebat
602 682 655 736 iu
686 697 873 747 manu,
928 698 1050 752 quae
1078 698 1205 737 mox
1232 684 1286 739 in
1316 684 1615 740 maximum
1638 692 1755 739 toto

174 791 391 847 corpore
422 786 691 831 enaversa
745 784 1034 840 tumorem,
1062 775 1180 832 viro
1207 790 1328 840 suo,
1353 775 1496 846 quod
1519 776 1753 842 viderat,

175 867 393 936 aliisque
412 864 695 920 nonnullis
716 865 871 931 dixit,
897 873 952 921 ct
973 880 1071 935 per
1098 864 1305 935 aliquot
1324 863 1443 920 dies
1470 864 1754 920 severissi-

172 973 249 1013 tne
294 955 570 1022 erucista,
600 956 764 1013 vitam
796 955 987 1010 liuivit.
1017 954 1183 1023 Cujus
1228 970 1428 1025 corpus
1458 957 1540 1012 vir
1558 954 1673 1025 ejus
1698 956 1752 1012 iu

171 1049 392 1105 ecclesia
436 1047 496 1103 S.
538 1047 769 1119 Remigii
809 1046 1105 1118 deportari,
1128 1055 1185 1102 et
1209 1045 1407 1103 ibidem
1434 1046 1650 1118 sepeliri
1678 1044 1755 1102 fe-

171 1142 253 1194 cit.
291 1134 454 1206 Quod
501 1146 688 1194 autem
735 1136 897 1192 funus
922 1138 1091 1208 ipsius
1130 1137 1183 1192 in
1216 1136 1443 1193 ecclesia
1465 1152 1561 1194 sua
1590 1136 1755 1193 Pater

178 1233 257 1291 ltie
296 1232 486 1287 almus
531 1230 837 1299 receperit,
887 1244 995 1284 non
1044 1229 1181 1285 adeo
1214 1230 1522 1293 mirabitur,
1550 1229 1594 1285 si
1630 1229 1754 1299 quis

176 1324 327 1392 digne
347 1322 708 1393 perpenderit
727 1336 833 1390 qua
858 1321 1032 1376 sancti
1062 1320 1328 1376 vindictas
1360 1320 1415 1375 in
1435 1320 1754 1391 delinquen-

175 1422 246 1469 tes
266 1428 535 1471 exercere
560 1412 772 1469 soleant
809 1412 1108 1467 intentione
1137 1428 1151 1465 :
1182 1411 1433 1466 videlicet
1452 1420 1530 1477 ut,
1561 1412 1605 1465 si
1634 1425 1750 1481 pte-

171 1505 469 1571 aittterint,
524 1504 617 1563 hic
668 1503 935 1574 recipiant
976 1502 1121 1573 quod
1171 1510 1488 1569 merentur,
1533 1515 1602 1557 ne
1633 1508 1757 1572 post

168 1596 383 1650 uernis
404 1593 690 1665 suppliciis
714 1594 1060 1659 addicuntur,
1094 1601 1153 1647 ut
1197 1594 1251 1649 iu
1278 1592 1486 1665 Regum
1516 1592 1656 1649 libro
1684 1592 1755 1648 de

168 1687 423 1755 propheta
453 1687 674 1758 legitur,
698 1686 790 1757 qui
815 1687 898 1742 ori
928 1686 1139 1741 Domini
1167 1686 1484 1742 inobediens
1520 1685 1751 1751 exstitit,

171 1790 220 1837 et
235 1799 264 1836 ι
290 1783 453 1838 leone
467 1794 759 1851 percussus
788 1780 1012 1845 interiit,
1027 1788 1188 1850 atque
1214 1788 1337 1850 post
1360 1778 1617 1835 ultionem
1631 1794 1755 1849 per-

1855 597 1976 654 cula
1998 598 2179 663 veriti,
2212 597 2538 668 tandemque
2563 596 2830 666 correpti,
2870 606 3156 652 cessarunt
3198 598 3267 651 ab
3302 597 3439 652 ami-

1856 690 2034 749 ctione
2061 690 2313 760 pauperis
2342 687 2400 745 S.
2432 688 2687 761 Remigii.
2733 686 2837 744 Sed
2875 688 2999 763 quia
3032 704 3188 745 secus
3219 705 3434 745 amnem

1857 778 2047 837 Saram
2078 781 2280 854 (Serra)
2312 781 2428 838 loco
2462 781 2639 838 lutoso
2668 780 2940 848 manebat,
2977 790 3032 837 et
3064 784 3116 837 in
3144 784 3258 838 suis
3284 784 3441 840 babi—

1857 871 2050 927 taculis
2076 887 2107 926 a
2132 871 2477 943 serpentibus
2504 870 2808 927 molestiam
2837 887 3087 943 magnam
3114 872 3435 939 sustinebat,

1856 961 2128 1033 accipiens
2157 961 2455 1031 pulverem,
2497 976 2660 1033 quem
2680 977 2865 1017 secum
2895 963 2966 1017 ab
3004 964 3248 1019 ecclesia:
3292 948 3467 1036 pavi-i

1857 1060 2040 1109 mento
2070 1052 2357 1108 collectum
2388 1052 2680 1119 detulerat,
2732 1068 2829 1123 per
2860 1053 3166 1111 habitacula
3209 1072 3303 1111 sua
3354 1071 3441 1130 re-

1856 1143 2087 1217 spersit;
2109 1158 2173 1198 ac
2198 1150 2384 1213 postea
2407 1156 2633 1213 serpens
2658 1142 2710 1209 iu
2738 1143 2942 1199 eisdezu
2969 1144 3103 1201 locis
3133 1161 3237 1201 non
3267 1161 3434 1216 appa~

1856 1236 1984 1291 ruit.
2013 1236 2362 1306 Compertum
2394 1250 2608 1306 quoque
2638 1236 2870 1290 traditur
2919 1238 3061 1307 quod
3101 1238 3153 1292 iu
3184 1238 3438 1293 omnibus

1855 1324 2101 1382 ecclesizr
2147 1324 2292 1380 beati
2326 1324 2554 1397 Remigii
2598 1323 3108 1394 circuntjaceutibus
3135 1330 3310 1395 atriis,
3353 1329 3436 1385 vel

1856 1414 2206 1480 caemeteriis,
2229 1414 2449 1469 coluber
2468 1431 2741 1485 nunquam
2773 1416 2943 1473 soleat
2967 1419 3193 1475 inveniri
3222 1439 3235 1475 ε
3260 1421 3354 1477 sed
3382 1426 3442 1477 et

1856 1508 1901 1562 si
1937 1507 2145 1563 delatus
2193 1508 2298 1563 huc
2350 1507 2693 1579 aliquontodo
2743 1508 2928 1578 fuerit,
2994 1513 3301 1571 nullatenus
3347 1515 3438 1570 bic

1856 1600 2038 1654 vivere
2064 1599 2256 1670 possit.

1927 1689 1970 1744 Τ
1974 1706 2192 1762 cntpore
2212 1690 2393 1747 domui
2423 1691 2695 1749 llincmari
2718 1695 2987 1765 praesulis,
3004 1696 3222 1767 quidam
3236 1697 3440 1772 Blitga-

1857 1779 1970 1835 rius
2003 1779 2249 1836 ecclesiae
2280 1797 2526 1839 mansum
2572 1783 2625 1838 in
2659 1783 2781 1839 villa
2807 1785 3054 1856 ‘Tenoilo,
3086 1788 3227 1858 apud
3270 1789 3443 1858 ipsius

168 1870 1212 1945 eeptamcorpusipsiusintactumat'era
1243 1870 1505 1926 remansit
1533 1868 1583 1940 (1
1623 1868 1753 1941 Reg.
1789 1865 1832 1926 Β
1859 1869 2103 1927 ecclesiae
2129 1872 2409 1927 custodem
2450 1874 2760 1943 impetravit
2805 1876 2999 1948 pretio,
3026 1877 3171 1933 unde
3213 1877 3442 1935 fautulos

169 1963 468 2034 ωλι).οά
482 1978 611 2020 vero
623 1964 958 2033 praemissam
974 1959 1252 2017 mulierem
1268 1968 1350 2016 ter
1361 1962 1653 2019 autne-tere
1665 1976 1757 2018 cu-

170 2056 393 2121 raverit,
416 2070 519 2112 nec
545 2071 667 2110 eam
696 2055 876 2125 primo
905 2054 987 2109 vel
1011 2053 1251 2111 secundo
1279 2054 1530 2121 visitans,
1556 2068 1757 2124 percu-

174 2154 288 2201 tere
311 2144 485 2199 voluit
511 2145 530 2214 (
546 2160 714 2215 quam
740 2156 920 2201 tamen
974 2145 1178 2201 ultione
1198 2145 1535 2216 plectendam
1568 2154 1755 2217 utpote

169 2237 277 2293 Deo
311 2238 637 2309 conjunctae
664 2255 772 2293 non
823 2236 1120 2308 ignoravit)
1149 2236 1279 2306 quid
1304 2236 1450 2291 aliud
1479 2251 1639 2306 quam
1661 2251 1757 2306 paa

169 2328 372 2384 tientia:
394 2329 555 2385 nobis
577 2329 827 2399 exempla
851 2328 1174 2400 proposuit?
1201 2342 1270 2382 ne
1298 2326 1508 2384 scilicet
1532 2327 1600 2382 ad
1624 2341 1753 2397 pro-

166 2419 442 2477 ferendam
479 2421 534 2476 in
567 2435 840 2492 quemque
866 2419 1154 2477 scientiam
1187 2419 1374 2476 faciles
1420 2420 1616 2484 simus,
1659 2419 1754 2488 qui

164 2509 273 2566 Deo
302 2525 401 2580 per
420 2510 638 2567 diversa
664 2510 1050 2582 disiungimur,
1086 2526 1213 2581 cum
1238 2519 1292 2565 et
1322 2525 1448 2565 eum
1480 2511 1754 2581 patienter

166 2611 486 2671 exspectare
529 2602 843 2672 probemus,
879 2616 1047 2671 quem
1087 2603 1198 2658 Deo
1247 2601 1545 2666 cohaerere,
1585 2608 1753 2672 atque

164 2710 289 2752 cum
318 2697 436 2766 ipso
456 2695 709 2768 judicare
735 2696 1078 2751 conﬁdimus.

228 2786 495 2845 Moderno
522 2798 769 2859 tempore
792 2788 1019 2844 colonus
1044 2789 1267 2859 quidam
1298 2787 1437 2843 villa:
1465 2784 1753 2844 Remensis

166 2881 426 2951 episcopi,
479 2896 601 2952 qua!
646 2881 896 2952 plumbea
951 2880 1203 2936 Fontana
1242 2882 1473 2947 dicitur,
1527 2895 1754 2936 manens

160 2968 314 3038 juxta
351 2970 489 3041 regii
512 2969 695 3025 villam
728 2968 865 3035 ﬁsci,
914 2985 1079 3041 quam
1118 2969 1377 3027 Rosetum
1414 2979 1630 3035 vocant,
1660 2985 1753 3026 ne-

167 3076 273 3130 que
317 3076 575 3125 messem,
613 3075 790 3130 neque
833 3070 1071 3131 pratum,
1104 3071 1433 3118 czeterumve
1456 3062 1749 3134 peculium,

168 3156 387 3224 propter
421 3153 790 3209 iiscaliuorum
821 3152 1220 3211 infestationem
1245 3195 1264 3221 ,
1324 3155 1528 3213 habere
1571 3156 1753 3226 quiete

169 3243 376 3299 valebat
426 3261 439 3297 :
493 3244 636 3300 unde
689 3258 831 3314 saepe
863 3243 1136 3313 justitiam
1180 3248 1323 3327 apud
1369 3246 1755 3303 ministeriales

170 3336 344 3407 regios
380 3335 488 3391 sibi
531 3336 647 3393 ﬁeri
676 3336 849 3407 petiit,
889 3352 991 3394 nec
1010 3336 1258 3394 obtinere
1304 3340 1501 3409 potuit.
1543 3339 1753 3397 Invenit

169 3438 344 3483 autem
396 3429 621 3483 tandem
664 3427 771 3484 sibi
815 3428 1035 3485 salubre
1084 3428 1388 3488 consilium.
1447 3430 1583 3488 Nam
1605 3432 1753 3488 coxit

169 3533 335 3589 panes
360 3528 419 3575 et
457 3535 674 3586 carnes,
726 3528 780 3575 et
814 3529 1035 3592 accepta
1065 3521 1355 3587 cerevisia,
1375 3531 1538 3594 prout
1575 3523 1749 3579 visunt

169 3607 283 3673 fuit,
329 3612 384 3667 in
432 3610 713 3675 vasculis,-
740 3611 855 3666 btec
896 3613 1091 3667 omnia
1132 3612 1407 3679 vehiculo,
1435 3628 1556 3684 quae
1590 3614 1752 3686 vulgo

169 3700 337 3757 lacuna
365 3701 588 3768 dicitur,
621 3699 903 3772 imposuit,
952 3711 1009 3757 et
1027 3699 1236 3772 junctis
1277 3704 1460 3765 bobus
1480 3706 1548 3760 ad
1571 3706 1752 3761 basili-

171 3804 281 3844 cam
305 3791 487 3846 sancti
524 3791 780 3862 Remigii,
808 3792 1282 3848 candelammanu
1315 3793 1521 3862 ferens,
1551 3812 1748 3867 prope-

172 3883 322 3937 ravit.
370 3882 491 3950 Quo
536 3884 886 3954 perveniens,
930 3884 1151 3941 cibariis
1175 3901 1295 3955 quae
1325 3886 1525 3944 detulit
1552 3889 1747 3944 matri-

173 3974 401 4030 cularios
446 3975 635 4045 pavit,
687 3976 757 4030 ad
785 3976 1093 4048 sepulcrum
1136 3979 1313 4035 sancti
1342 3980 1622 4036 candelam
1647 3996 1748 4051 μιν

172 4067 269 4122 suit
290 4107 306 4129 ,
348 4076 405 4122 et
445 4068 562 4138 ejus
588 4068 852 4123 auxilium
892 4079 1087 4126 contra
1119 4086 1248 4127 suos
1271 4086 1632 4143 oppressuros
1655 4090 1749 4128 ex-

172 4159 334 4224 petiit.
366 4158 646 4215 Pulverem
694 4175 913 4230 quoque
932 4160 1000 4217 de
1026 4162 1338 4233 pavimento
1364 4163 1610 4220 ecclesia:
1630 4164 1745 4219 col-

174 4246 334 4319 ligens
354 4290 373 4315 ,
421 4265 601 4320 panno
640 4250 920 4322 colligavit
940 4291 956 4317 ,
1002 4261 1057 4306 et
1093 4252 1145 4307 in
1171 4253 1423 4323 praedicta
1452 4254 1627 4310 benna
1651 4272 1740 4326 po-

174 4358 295 4399 nens
322 4386 338 4407 ,
383 4345 612 4399 linteum
659 4345 894 4415 desuper
943 4349 1037 4413 (nt
1088 4359 1250 4416 supra
1307 4356 1501 4416 corpus
1548 4348 1745 4403 mortui

175 4434 297 4490 solet
323 4434 473 4504 ﬁeri)
500 4433 813 4505 composuit
839 4474 853 4499 ,
881 4442 936 4489 et
956 4434 1023 4489 ad
1046 4435 1265 4506 propria
1288 4449 1535 4490 remeare
1555 4439 1741 4508 cmpit.

176 4520 221 4575 Si
266 4523 358 4593 qui
412 4538 545 4578 vero
594 4524 663 4578 de
723 4523 1072 4580 obviantibus
1140 4539 1266 4580 eum
1336 4525 1746 4597 interrogabant

1855 1963 2028 2018 sancti
2074 1962 2306 2036 Remigii
2347 1962 2508 2033 ejccit
2536 1982 2659 2021 cum
2703 1964 2947 2038 ﬂagellis,
2975 1969 3443 2026 conclamantibus

1852 2054 1933 2111 eis
1960 2054 2019 2110 S.
2052 2054 2356 2127 Remigium
2388 2057 2491 2114 sibi
2521 2055 2664 2127 ferre
2689 2058 3013 2115 subsidium.
3046 2060 3254 2128 Quibus
3292 2061 3435 2118 idem

1854 2145 2150 2218 Blitgarius
2174 2163 2298 2204 cum
2327 2150 2581 2206 irrisione
2603 2149 2742 2206 dixit
2766 2169 2780 2206 :
2808 2151 2969 2206 Modo
2990 2154 3190 2222 parebit
3212 2153 3444 2225 qualiter

1855 2253 1942 2293 vos
1972 2249 2188 2294 sanctus
2222 2238 2492 2311 Remigius
2533 2241 2823 2311 adiuvabit.
2878 2240 3060 2297 Videte
3090 2244 3351 2315 quomodo
3385 2245 3443 2297 in

1855 2330 2183 2401 adjutorium
2214 2340 2437 2386 vestrum
2470 2333 2627 2386 venit.
2674 2330 2905 2403 Moxque
2937 2333 3081 2388 inter
3108 2334 3222 2407 haec
3249 2335 3441 2396 verba,

1855 2424 2093 2478 maxime
2150 2423 2392 2479 clamore
2451 2424 2833 2497 ingemiscens,
2906 2427 3142 2482 mirabili
3220 2437 3444 2499 turgere

1854 2514 2125 2569 distentus
2147 2515 2429 2583 intumuit,
2451 2526 2507 2572 et
2529 2518 2785 2588 expirans
2809 2504 3023 2589 crepuit
3054 2518 3283 2574 medius.
3326 2518 3445 2587 Qua

1855 2603 2090 2659 vindicta
2121 2619 2534 2666 commonemur
2578 2607 2839 2663 ultionem
2890 2609 3132 2663 divinam
3176 2608 3439 2679 pertime-

1855 2709 2028 2759 scere,
2071 2695 2366 2751 crudeliter
2410 2696 2834 2753 ecclesiasticam
2865 2714 2972 2754 non
3017 2708 3255 2755 tractare
3287 2700 3444 2754 fami-

1856 2786 2006 2853 lium,
2027 2796 2083 2843 et
2113 2787 2167 2841 in
2195 2788 2361 2844 Deum
2398 2803 2462 2844 ac
2490 2796 2712 2845 sanctos
2736 2787 2853 2859 cjus
2874 2804 3217 2861 summopere
3246 2806 3442 2847 cavere

1856 2874 2266 2947 blasphemiam.

1929 2967 2140 3024 Nostris
2165 2969 2293 3024 olim
2325 2970 2515 3026 diebus
2542 2971 2762 3042 quidam
2801 2971 3125 3027 Waruerius
3152 2972 3272 3043 pagi
3303 2971 3443 3027 Vor-

1857 3057 2131 3113 macensis
2172 3073 2380 3125 comes,
2409 3076 2497 3117 res
2541 3063 2720 3117 sancti
2752 3062 2982 3133 Remigii
3015 3065 3346 3134 praemissas,
3385 3065 3439 3117 in

1859 3145 2071 3218 Yosago
2099 3147 2252 3214 sitas,
2277 3148 2560 3215 invadens,
2592 3150 2904 3207 hominibus
2928 3152 3042 3207 suis
3066 3152 3442 3207 distribuerat.

1782 3221 1826 3283 ε
1859 3237 2092 3293 Veniens
2121 3247 2304 3293 autem
2334 3239 2396 3293 B.
2434 3238 2713 3312 Remigius
2743 3243 2809 3297 ad
2844 3241 3186 3316 Herigarium
3214 3243 3444 3315 Mogun-

1861 3329 1945 3386 tiu:
1968 3329 2273 3400 praesulem,
2308 3331 2361 3386 in
2393 3333 2599 3390 sumitis
2628 3333 2678 3388 ei
2716 3335 2861 3390 visus
2889 3345 2996 3400 est,
3038 3337 3359 3409 praecipiens
3384 3348 3445 3392 ut

1857 3421 1963 3476 iret
1991 3421 2059 3475 ad
2088 3420 2396 3477 Couradum
2450 3440 2653 3497 regem,
2693 3442 3047 3483 commoneas
3089 3444 3212 3483 eum
3246 3430 3442 3499 jubere

1854 3513 1957 3575 sibi
1992 3513 2255 3583 subjectis
2295 3523 2566 3585 quatenus
2595 3517 2935 3575 dimitterent
2972 3529 3174 3577 terram
3216 3537 3331 3579 suae
3357 3524 3442 3579 di-

1856 3606 2041 3675 tionis.
2076 3606 2177 3676 Qui
2209 3622 2545 3678 consurgens
2573 3626 2603 3664 a
2652 3625 2866 3677 somno,
2919 3613 3049 3670 licet
3092 3617 3325 3673 miratus
3372 3616 3441 3673 de

1851 3699 2081 3765 visione,
2135 3699 2247 3771 regi
2301 3711 2479 3755 tamen
2533 3701 2720 3757 omisit
2763 3704 3027 3762 indicare.
3074 3705 3287 3771 Rursus
3316 3722 3444 3780 post

1852 3787 2059 3859 aliquot
2085 3789 2202 3843 dies
2229 3803 2499 3861 apparens
2525 3792 2575 3846 ei
2596 3792 2654 3847 S.
2681 3792 2960 3865 Remigius
2985 3799 3260 3869 redarguit
3290 3818 3437 3867 eum,

1852 3893 2022 3950 quare
2077 3881 2331 3947 mandata
2383 3896 2490 3935 non
2532 3884 2882 3953 adimplesset
2927 3886 3091 3953 illius,
3140 3892 3443 3947 admonens

1852 3969 2045 4025 iterum
2077 3985 2145 4024 ne
2173 3967 2388 4024 differat
2437 3972 2568 4041 quin
2607 3975 2718 4045 regi
2761 3975 2912 4046 jussu
2944 3977 3245 4053 denuntiet.
3280 3964 3439 4049 item,

1851 4074 1948 4114 ceu
1989 4061 2159 4130 prius,
2194 4060 2279 4115 ille
2310 4061 2482 4117 visum
2509 4076 2768 4135 reputans
2796 4068 2980 4134 inane,
3010 4071 3246 4142 neglexit
3272 4077 3442 4144 perti-

1849 4163 1975 4211 cere
1994 4148 2319 4220 jussioneut.
2351 4151 2711 4219 Tertiobuuc
2734 4158 2850 4229 jam
2893 4176 3018 4218 cum
3063 4163 3273 4236 ﬂagello
3315 4183 3444 4240 san-

1850 4257 1973 4302 ctus
2013 4246 2223 4314 adiens,
2269 4248 2438 4319 ipsius
2471 4248 2771 4323 increpavit
2798 4259 3219 4324 contumaciam,
3246 4276 3442 4330 quem-

1848 4355 1955 4409 que
1981 4355 2079 4411 per
2109 4342 2395 4403 brachium
2446 4347 2935 4414 comprcbcudeus,
2983 4348 3124 4408 lecto
3168 4353 3315 4417 visus
3355 4364 3445 4412 est

1847 4435 2172 4492 extruxisse.
2209 4434 2407 4508 Sicque
2432 4436 2666 4510 ﬂagello,
2690 4443 2836 4512 quod
2885 4447 3289 4512 tenebat,.eum
3316 4467 3439 4507 ver-

1851 4524 2069 4588 berans,
2102 4527 2304 4584 acriter
2333 4543 2532 4589 caesum
2562 4532 2769 4591 dimisit
2811 4543 2866 4588 et
2923 4536 3287 4597 humiliatum.
3320 4543 3441 4601 Non

173 4617 288 4684 quid
308 4617 363 4670 in
388 4616 482 4671 illo
502 4631 668 4673 carro
698 4616 944 4684 duceret,
972 4618 1337 4688 respondebat
1376 4632 1436 4674 se
1467 4617 1526 4674 S.
1559 4619 1744 4675 Remi-
1780 4587 1828 4646 θ
1852 4618 2084 4687 amplius
2120 4620 2265 4674 enim
2285 4618 2399 4689 jam
2430 4629 2672 4679 temnere
2691 4625 2841 4694 jussa
2874 4641 3232 4698 prtesumous,
3258 4651 3440 4706 regem

173 4707 303 4774 gium
337 4709 556 4765 ducere.
585 4706 935 4763 Mirabantur
973 4718 1155 4765 autem
1198 4723 1391 4765 omnes
1419 4711 1472 4765 in
1504 4711 1667 4767 dictis
1691 4721 1744 4767 ct

174 4796 318 4856 laetis
343 4801 505 4866 illius,
535 4809 815 4857 amentem
847 4802 993 4857 hunc
1021 4817 1140 4858 esse
1163 4802 1421 4860 ferentes.
1444 4805 1501 4860 lu
1531 4816 1744 4876 pratum

175 4902 292 4948 vero
314 4909 468 4950 suum
496 4895 848 4966 perveniens,
877 4902 1123 4962 pastores
1148 4895 1282 4951 inibi
1313 4896 1383 4952 de
1426 4896 1629 4954 Roseto
1658 4898 1745 4952 di-

176 4984 303 5039 versi
339 4986 553 5057 generis
596 4984 860 5041 animalia
908 4998 1196 5056 pascentes
1240 4989 1467 5047 invenit.
1513 4993 1615 5050 Ast
1656 4991 1746 5047 ubi

184 5069 234 5128 ὃ.
258 5073 553 5156 Remigium
593 5076 745 5133 ferre
778 5068 880 5130 sibi
908 5076 1162 5151 suﬂ‘ragia
1191 5081 1491 5151 postulans,
1522 5084 1749 5140 invoca-

181 5161 259 5206 ῆι-
282 5181 487 5206 omna
513 5169 686 5206 Imm:
737 5163 897 5206 bimi,
943 5181 1229 5206 nant-anuus
1260 5171 1487 5206 inetiam
1524 5190 1582 5206 η-
1624 5187 1751 5206 ann.

1852 4722 1979 4763 mox
2005 4709 2140 4777 adit,
2183 4720 2452 4769 secretum
2499 4715 2654 4785 petit,
2689 4724 2896 4770 vestem
2943 4721 3183 4790 deponit,
3215 4724 3469 4784 lividnut‘

1852 4813 2053 4870 corpus
2078 4802 2335 4867 ostendit,
2366 4811 2424 4857 et
2452 4803 2595 4859 dicta
2628 4804 2711 4859 vel
2739 4816 2860 4861 acta
2895 4809 3126 4866 ﬁdeliter
3154 4792 3220 4868 es
3248 4819 3442 4875 ordine

1850 4890 2061 4963 pandit.
2088 4890 2300 4947 Accidit
2328 4901 2535 4960 autem,
2563 4905 2623 4951 ut
2649 4897 2838 4952 eadem
2877 4900 2967 4957 die
3012 4904 3223 4975 legatus
3251 4909 3438 4969 domui

1850 4979 2100 5047 przesulis
2112 4982 2287 5039 nostri
2306 4980 2531 5052 Hirivei,
2557 4986 2775 5043 nomine
2797 4988 3131 5062 Tendoinns,
3151 4999 3221 5053 ab
3246 5002 3436 5058 eodem

1852 5074 2068 5135 seniore
2097 5089 2196 5129 suo
2243 5090 2345 5145 pro
2390 5077 2526 5147 ipsis
2578 5081 2739 5145 rebus
2785 5089 3098 5152 repetendis
3141 5091 3208 5144 ad
3261 5108 3440 5164 regem
3488 5130 3504 5164 ς

2850 5151 2859 5152 ί
3322 5151 3353 5164 ν

1849 5178 1974 5206 mnm
2006 5166 2322 5206 mnnprilmc
2347 5168 2627 5206 (inventis-nl
2719 5182 2883 5206 nlnnn
2933 5180 3119 5206 In.--“
3193 5197 3292 5206 -....
3331 5186 3448 5206 --μι
3486 5151 3503 5203 Ξ
