3974 5392
498 211 570 278 7's
1229 247 1234 252 -
1567 197 2328 284 rLonoaaot'casoNta
2362 199 2707 286 annalists
2879 197 2882 200 ’
3165 191 3168 194 ’
3329 301 3334 305 η
3713 191 3810 290 τι

492 355 615 412 rege
667 339 949 406 reddente,
1001 339 1210 411 recipit,
1265 348 1314 395 et
1366 341 1556 396 eodem
1606 343 1821 397 favente
1865 341 2090 412 praefato
2125 335 2168 394 A
2205 343 2540 400 reconditum
2574 344 2835 412 eburneo,
2891 343 3078 400 Remis
3129 343 3324 399 abiude
3355 321 3690 413 reservatur,
3726 348 3780 404 in

491 433 739 500 pontiﬁci
791 432 1075 503 llerigario
1116 433 1369 487 tutaudas
1408 434 1474 488 ad
1503 433 1834 488 .lldelitatem
1873 435 1927 488 S.
1981 433 2088 488 Ile-

493 525 645 596 migii
691 526 1005 580 committit.
1055 524 1358 594 Posteaque
1409 527 1637 581 dommts
1685 526 1881 596 praesul
1931 525 2086 580 lleri-

491 632 646 683 vcus,
687 617 811 673 dum
844 617 1065 680 advixit,
1101 631 1166 670 ex
1201 615 1391 672 iisdem
1429 617 1591 672 rebus
1621 619 1904 672 annuatim
1937 617 2087 674 debi-

491 718 606 764 tum
641 711 760 766 sine
789 709 1223 765 contradictione
1248 725 1471 765 censum
1511 711 1736 780 recepit.

573 800 803 855 Easdem
819 815 906 855 res
921 800 1149 854 domnus
1171 799 1426 855 Artaldus
1443 799 1724 870 episcopus
1739 802 1936 856 dudum
1951 799 2086 858 Con-

493 891 636 945 rado
658 891 777 946 duci
806 889 1157 946 commiserat
1181 907 1196 945 :
1225 905 1361 960 quas
1386 890 1474 944 ille
1491 889 1844 961 Ragenbaldo
1869 893 2084 948 cuidam

491 1003 716 1041 suorum
769 986 1134 1057 delegaverat.
1188 985 1290 1052 Qui
1353 985 1728 1055 Ragenbaldns
1767 987 2079 1042 earumdem

489 1092 676 1130 rerum
698 1076 918 1131 colonos
935 1077 1090 1131 valde
1105 1075 1392 1146 aliligebat.
1407 1077 1512 1146 ipsi
1540 1091 1664 1132 vero
1681 1093 1776 1148 pro
1793 1077 2082 1134 afﬂictione

493 1181 589 1220 sua
622 1181 765 1236 sazpe
795 1167 862 1220 ad
891 1177 1138 1222 sanetum
1171 1166 1476 1237 Remigium
1517 1167 1845 1235 clamabant,
1893 1169 2104 1224 Remis

483 1255 784 1319 venientes,
821 1265 875 1312 et
904 1255 1074 1327 ipsius
1105 1257 1316 1327 patroni
1347 1257 1429 1311 sui
1461 1257 1762 1327 patrocinia
1797 1259 2080 1328 requiren-

487 1358 587 1402 tes.
622 1347 728 1405 Pro
782 1363 887 1417 qua
941 1363 1000 1402 re
1039 1363 1211 1418 nuper
1259 1363 1402 1403 anno
1449 1349 1742 1417 praeterito,
1779 1365 1899 1404 cum
1955 1363 2082 1419 rege

487 1439 690 1495 Ottonc
719 1449 774 1494 et
803 1439 1030 1509 prtel'ato
1059 1439 1196 1493 duce
1219 1439 1382 1493 locuti
1414 1455 1622 1504 sumus,
1673 1439 1887 1508 quando
1914 1440 2080 1509 Aquis

484 1530 550 1586 ad
580 1531 828 1585 eumdem
867 1545 1046 1600 regem
1098 1529 1248 1585 missi
1283 1528 1500 1584 fuimus.
1561 1529 1670 1585 Sed
1709 1539 1767 1584 ut
1798 1531 1936 1585 idem
1971 1533 2077 1584 lia-

481 1621 777 1693 geubaltlus
819 1622 888 1675 ab
916 1621 1155 1690 ipsarum
1211 1635 1390 1674 rerum
1443 1619 1746 1690 direptione
1793 1621 2078 1676 desisteret

2184 435 2429 490 ecclesia
2458 435 2632 491 beata:
2670 436 2762 491 Dei
2793 435 3072 508 genitricis
3120 435 3322 492 Mariae.
3379 437 3620 508 Denique
3659 454 3778 496 cum

2183 541 2388 594 corpus
2437 526 2606 595 ipsius
2642 527 3068 581 sacratissimum
3099 529 3166 581 de
3211 527 3422 596 lapideo
3447 528 3782 600 sarcophago

2183 619 2240 674 in
2267 615 2548 689 praimisso
2577 621 2948 691 transponitur
2975 621 3170 686 loculo,
3199 620 3351 676 Rado
3373 623 3595 692 quidam
3619 623 3780 680 Sues-

2189 711 2388 766 sonicae
2417 721 2546 765 tunc
2569 695 2825 768 Ecclesia:
2851 713 3344 784 subdiaconus,qui
3370 731 3494 770 eum
3519 715 3778 788 episcopo

2187 817 2285 855 suo
2335 799 2588 856 Rothado
2632 803 2760 858 illuc
2811 804 3132 872 advenerat,
3165 806 3303 860 adeo
3327 805 3512 864 dolore
3538 805 3784 866 dentium

2183 905 2282 961 per
2314 892 2580 961 integrum
2613 903 2838 949 vexatus
2879 909 3106 961 annum,
3149 905 3228 962 ut,
3277 883 3479 953 doloris
3505 900 3786 956 nimietate

2183 979 2496 1050 perditurus
2511 989 2842 1038 metueretur
2863 999 3102 1052 sensum,
3121 987 3394 1040 maxillam
3411 998 3562 1057 peste
3583 1007 3784 1062 grava-

2185 1075 2292 1123 tam
2320 1071 2437 1126 loco
2466 1071 2555 1126 tibi
2603 1083 2850 1127 sanctum
2901 1075 3092 1144 pignus
3111 1074 3380 1144 jacuerat,
3409 1080 3660 1148 apposuit
3689 1098 3701 1132 :
3727 1091 3783 1142 et

2177 1163 2308 1216 mox
2337 1163 2403 1217 ab
2429 1163 2529 1217 hac
2556 1163 2691 1218 liber
2718 1165 2958 1219 redditus
2983 1167 3321 1237 aegritudine,
3353 1169 3598 1223 dolorem
3625 1171 3777 1225 dein-

2182 1243 2698 1325 ceps-hujuscemodi
2725 1257 2922 1311 meruit
2951 1273 3058 1311 non
3081 1259 3308 1314 sentire.
3337 1257 3448 1314 liae
3475 1260 3670 1316 eadem
3696 1261 3783 1317 die

2185 1345 2290 1399 duo
2329 1347 2546 1414 quidam
2581 1347 2828 1402 homines
2871 1351 3064 1404 merbo
3095 1351 3361 1406 contracti
3411 1353 3552 1423 apud
3579 1365 3780 1425 pagum

2181 1425 2501 1492 Ribuarium
2532 1437 2799 1508 (Bruiéres
2823 1440 2874 1494 in
2897 1439 3179 1511 L‘annois),
3197 1442 3247 1496 in
3282 1443 3522 1498 oratorio
3543 1445 3788 1514 quodam

2181 1531 2457 1584 memoria:
2488 1527 2648 1598 hujus
2673 1532 2813 1587 beati
2855 1533 3024 1587 nostri
3077 1535 3290 1603 patroni
3346 1535 3600 1590 dedicato
3628 1537 3786 1590 sani-
3865 1603 3868 1606 ἢ

2183 1629 2350 1675 tatem
2381 1623 2665 1678 nuntiatur
2689 1625 2977 1694 recepisse.
3011 1625 3065 1678 ln
3121 1626 3288 1696 ipsius
3317 1635 3498 1682 autem
3529 1643 3634 1698 qua
3657 1644 3786 1682 eor-

483 1711 776 1782 impetrare
803 1711 1166 1782 nequivimus.
1199 1710 1352 1766 Unde
1375 1711 1598 1782 contigit
1651 1713 1824 1768 horno
1871 1711 1930 1784 [i,
1975 1705 2076 1768 huc
2108 1710 2152 1769 Β
2180 1731 2308 1788 pore
2345 1718 2576 1786 quiescit
2619 1715 2864 1785 baSilica,
2892 1719 3150 1774 continua
3177 1719 3293 1776 tieri
3315 1737 3420 1776 non
3449 1707 3790 1786 omittuntur

483 1802 623 1875 am],
655 1811 714 1856 ut
743 1793 881 1855 dum
915 1801 1153 1872 quodam
1201 1801 1439 1858 Sabbalo
1484 1803 1703 1858 eosdem
1761 1804 1980 1859 colonos
2010 1805 2077 1860 ad

480 1907 617 1964 opus
666 1892 936 1962 quoddam
991 1893 1359 1963 peragendum
1416 1902 1772 1966 congregatos
1837 1893 2074 1962 haberet,

479 1987 916 2056 pratciperetque
965 1985 1286 2056 presbytero
1361 2001 1429 2040 ne
1489 1987 1640 2057 signa
1697 1987 2077 2056 vespertinalia

485 2091 652 2147 usque
693 2093 861 2148 prope
905 2087 1120 2132 noctem
1176 2077 1440 2148 pulsaret,
1502 2079 1762 2149 operique
1805 2079 2077 2149 implendo

491 2169 763 2222 insisteret
784 2208 798 2233 ,
845 2175 1222 2236 percuteretur
1251 2161 1578 2238 percussore
1601 2169 1791 2225 inviso.
1820 2169 1920 2237 Qui
1949 2171 2074 2225 dum

481 2257 787 2328 requireret
809 2259 930 2327 quis
943 2273 1066 2312 eum
1083 2257 1458 2327 percussisset,
1487 2273 1784 2328 omnesque
1805 2261 2074 2316 sevidisse

480 2357 764 2418 negarent,
815 2347 970 2402 furiis
1019 2342 1348 2418 exagitatus,
1377 2361 1598 2403 sensum
1643 2347 1847 2412 amisit,
1889 2351 2070 2420 gravi-

481 2447 669 2508 terque
697 2447 943 2502 vexatus,
985 2439 1243 2507 spiritum
1301 2437 1598 2493 exhalavit.
1649 2437 1766 2504 Quo
1795 2449 2073 2509 comperto
2119 2437 2122 2440 ’

479 2530 588 2583 dux
633 2527 916 2583 Conradns
967 2527 1192 2581 nimium
1237 2528 1464 2583 territus
1505 2529 1573 2583 ad
1617 2537 1862 2582 sanctum
1893 2529 2074 2582 Remi-

481 2619 627 2690 gium
655 2605 824 2682 venit,
849 2617 1012 2687 eique
1033 2633 1121 2672 res
1153 2617 1298 2686 ipsas
1321 2617 1572 2683 reddidit,
1598 2632 1735 2686 quas
1763 2613 2087 2686 praemissus

481 2708 676 2778 praesul
703 2707 956 2762 Artaldus
983 2705 1276 2761 iliucmaro
1301 2707 1504 2769 abbati,
1542 2721 1603 2760 ac
1629 2707 1842 2762 caeteris
1883 2723 2073 2762 mona-

478 2799 597 2856 chis
636 2801 702 2856 ad
732 2800 1165 2870 supplementum
1187 2800 1363 2855 vietus
1393 2799 1664 2855 attribuit.

549 2893 606 2948 In
665 2891 962 2948 Vulliuiaco
1017 2892 1171 2955 Rivo,
1225 2907 1364 2962 pago
1412 2891 1780 2958 Lauduneusi,
1837 2883 2071 2948 habetur

481 2985 774 3040 oratorium
815 2986 866 3039 in
905 2985 1112 3040 honore
1143 2985 1199 3039 S.
1229 2985 1458 3054 Remigii
1489 2985 1814 3040 dedicatum.
1857 2985 1914 3040 in
1962 3001 2068 3056 quo

479 3079 606 3132 dum
643 3075 905 3131 Rodulfus
935 3092 1028 3131 rex
1061 3075 1277 3131 Heribet
1293 3085 1402 3130 tum
1438 3076 1688 3131 comitem
1720 3091 2072 3148 persequere-
2098 3065 2144 3127 C

481 3179 593 3233 tur,
611 3167 702 3238 qui
725 3167 1094 3238 episcopatum
1125 3165 1447 3222 Remensem
1471 3183 1500 3220 a
1525 3181 1650 3237 rege
1673 3168 1775 3224 sibi
1799 3183 2074 3224 commen-

483 3261 668 3314 datutu
704 3259 946 3323 tenebat,
965 3258 1210 3312 homines
1231 3258 1403 3329 ipsius
1431 3257 1571 3312 villa:
1591 3273 1679 3313 res
1703 3275 1826 3314 suas
1856 3263 2076 3330 propter

483 3345 706 3407 hostiles
729 3349 980 3402 incursus
1009 3347 1303 3401 recondere
1328 3345 1673 3402 studuerunt.
1706 3349 1775 3401 At
1817 3350 1942 3402 dum
1979 3363 2070 3402 rex

479 3441 736 3512 praefatus
763 3441 830 3495 ad
853 3440 1206 3495 obsidendam
1232 3439 1556 3494 Remensem
1593 3440 1833 3495 venisset
1859 3443 2069 3508 urbem,

481 3544 538 3588 et
575 3533 629 3588 in
653 3531 1016 3588 Culmissiaco
1053 3539 1286 3585 metatus
1314 3539 1478 3596 esset,
1505 3531 1775 3586 exercitus
1803 3531 1921 3600 ejus
1941 3531 2074 3585 vici-

481 3641 582 3686 nas
606 3627 890 3698 occupavit
929 3625 1103 3681 villas.
1155 3625 1385 3693 Quidam
1433 3641 1567 3680 vero
1609 3617 1841 3692 illorum,
1899 3627 1988 3695 qui
2019 3626 2072 3680 in

477 3729 775 3793 prtenotata
805 3720 953 3786 villa,
1001 3719 1211 3776 scilicet
1251 3715 1554 3774 Vulliniaco
1611 3717 1749 3773 Rivo
1812 3727 2072 3772 metatum

479 3805 789 3876 habebant,
823 3811 1008 3864 vinum
1058 3808 1202 3877 quod
1251 3807 1306 3862 in
1361 3807 1592 3862 ecclesia
1646 3799 1854 3862 timoris
1909 3813 2072 3861 causa

489 3901 830 3958 reconditum
860 3899 1037 3954 fuerat
1093 3898 1334 3964 invadit;
1365 3905 1419 3953 et
1447 3897 1602 3967 quasi
1637 3897 1913 3951 tabernam
1939 3911 2072 3951 con-

484 3991 724 4050 stituens
749 3993 804 4047 in
827 3992 1018 4048 eadem
1042 3988 1292 4055 ecclesia,
1314 3988 1536 4058 paribus
1559 3987 1671 4040 suis
1693 3987 1820 4041 illud
1843 3988 2074 4042 vendere

483 4087 670 4157 ctrp'tt.
702 4085 828 4140 llaec
851 4083 977 4138 dum
1007 4090 1214 4154 ageret,
1251 4095 1543 4152 percussus
1595 4081 1806 4144 morbo,
1854 4089 2074 4150 repente

482 4189 702 4232 sensum
727 4173 930 4236 amisit,
947 4187 1044 4228 ore
1065 4171 1166 4229 sibi
1198 4169 1264 4225 ad
1287 4185 1476 4225 aurem
1499 4183 1670 4239 usque
1691 4185 1826 4240 pene
1849 4179 2071 4234 retorto,

490 4269 692 4336 diuque
717 4265 994 4322 cruciatus
1021 4269 1290 4318 tormento
1343 4262 1508 4315 vitam
1549 4261 1744 4316 ﬁnivit.
1775 4261 1930 4328 Quod
1957 4275 2075 4315 cer-

487 4369 679 4416 nentes
708 4353 917 4424 emteri,
949 4355 1124 4412 eidem
1174 4355 1293 4410 loco
1339 4369 1494 4410 sacro
1547 4353 1780 4408 debitam
1820 4352 2074 4424 deinceps

485 4451 803 4506 exhibentes
821 4445 1199 4511 reverentiam,
1219 4445 1286 4500 ab
1310 4443 1618 4516 huiusmodi
1645 4457 1766 4499 sese
1785 4443 2074 4498 cohibuere

483 4543 920 4614 prtcsmuptione.

1071 4655 1299 4712 CAPUT
1359 4657 1498 4711 XXI.

491 4749 568 4806 De
597 4749 762 4804 altera
803 4749 882 4803 vel
907 4751 1098 4803 iterata
1139 4749 1505 4808 translatione,
1561 4763 1651 4800 seu
1684 4745 1932 4800 relatione
1959 4761 2076 4800 cor-

974 4821 1118 4890 poris
1148 4819 1261 4887 ejus
1288 4819 1356 4871 ad
1385 4821 1584 4870 urbem.

487 4901 492 4906 ’
563 4911 732 4982 Hujus
755 4909 1058 4965 beatissimi
1089 4907 1266 4963 Patris
1310 4907 1480 4962 nostri
1525 4906 1828 4961 venerabile
1858 4906 2074 4977 pignus,

491 5008 724 5062 domnus
755 5004 1079 5058 lliuemarus
1116 5001 1581 5070 archiepiscopus,
1613 4999 1790 5058 adlmc
1819 4999 2076 5069 ampliata

493 5099 664 5169 ipsius
687 5095 942 5162 ecclesia,
971 5103 1270 5168 eryptaque
1323 5107 1484 5164 opera
1537 5090 1741 5159 majore
1769 5101 1931 5160 atque
1962 5092 2080 5160 pul-

493 5191 708 5246 chriore
727 5198 1054 5258 praeparata,
1085 5185 1444 5255 praesentibus
1486 5192 1540 5239 et
1572 5183 1937 5237 annitentibus
1965 5183 2080 5252 epi-

489 5281 672 5350 scopis
694 5282 989 5336 (limeeseos
1012 5278 1174 5348 hujus
1189 5276 1494 5340 Remensis,
1511 5275 1784 5329 transtulit
1799 5273 1910 5347 [πη.
1943 5273 2070 5339 852,

497 5371 534 5392 Il
583 5373 658 5392 1...-
687 5371 700 5392 Ι
753 5370 914 5392 Π-.-ι-
947 5370 966 5392 Ἱ
997 5389 1004 5392 .
1041 5370 1114 5392 2---

753 5370 914 5392 nAI-‘n
947 5370 966 5392 Ἰ
997 5389 1004 5392 .
1041 5370 1414 5392 ευ-ΙΑαιΑΑ--Α-ηιιΑ
1459 5366 1586 5392 :‘I-Ia'
1641 5381 1758 5392 All-I‘
1815 5365 2048 5392 ...ιλιι-ιιιιι

2181 1807 2433 1880 insignia,
2467 1810 2591 1863 dum
2639 1811 2988 1865 advenientes
3033 1813 3219 1882 aegroti
3252 1805 3786 1882 sanantuhperjuri

2185 1899 2428 1955 daemone
2473 1901 2861 1970 pervaduntur,
2893 1905 3246 1974 energnmeni
3301 1905 3624 1972 liberantur,
3651 1903 3788 1958 illu-

2182 1990 2467 2045 minantur
2495 1992 2648 2054 caeci,
2673 1993 2960 2064 eriguntur
2983 1995 3180 2061 claudi,
3207 2003 3262 2049 ut
3287 1995 3337 2049 in
3365 1995 3515 2050 coelis
3541 1995 3798 2070 gloriose,

2179 2095 2300 2134 cum
2337 2080 2553 2136 Christo
2607 2083 2790 2138 vivere
2827 2083 3229 2140 demonstretur
3267 2087 3358 2155 qui
3407 2095 3486 2140 tot
3533 2088 3785 2142 miracu-

2123 2199 2126 2202 ~
2157 2167 2354 2252 "lorum
2385 2173 2573 2243 signis,
2609 2175 2700 2229 ubi
2731 2191 2928 2246 corpus
2955 2177 3205 2230 examine
3240 2186 3511 2242 servatur,
3537 2178 3590 2232 in
3627 2188 3787 2233 terra

2177 2263 2366 2344 vivere
2395 2268 2808 2336 comprobatur.
2839 2267 2894 2321 in
2926 2267 3100 2332 loculo
3126 2284 3250 2344 vero
3283 2253 3375 2324 ubi
3403 2279 3530 2324 tunc
3559 2271 3786 2339 deposi-

2179 2342 2291 2409 tum
2315 2371 2513 2426 corpus
2536 2357 2654 2429 ejus
2689 2368 2796 2426 est,
2829 2358 2883 2412 bi
2935 2342 3190 2426 versusa
3235 2360 3432 2414 domno
3479 2357 3786 2415 Hincmaro

2175 2449 2326 2516 editi,
2358 2447 2911 2521 legunturinsculpti.
3200 2515 3204 2518 _
3267 2439 3270 2442 ’
3311 2449 3313 2452 ⁴
3463 2515 3466 2517 _
3581 2449 3584 2452 ί
3621 2511 3624 2514 Α

2236 2577 2328 2641 llic
2345 2578 2552 2641 famulus
2575 2580 2804 2630 lliuemar
2829 2583 3015 2632 Domini
3049 2595 3194 2641 sacra
3219 2584 3440 2640 membra
3477 2581 3678 2638 locavit.

2302 2639 2468 2706 Dulcis
2493 2639 2723 2702 Remigii,
2750 2644 2921 2691 ductus
2942 2639 3107 2692 amore
3133 2647 3227 2706 pio.

2353 2705 2486 2763 prius
2510 2711 2588 2752 est
2609 2699 2823 2768 sanctus,
2847 2707 3025 2754 mundo
3047 2699 3200 2766 quam
3229 2714 3382 2756 matre
3423 2715 3650 2768 creatus,

2299 2761 2365 2811 Et
2377 2777 2581 2825 magnus
2604 2765 2764 2821 dictus
2786 2769 2985 2816 caelitus
3005 2761 3096 2816 ore
3124 2768 3234 2818 Dei.

2237 2821 2329 2892 Bis
2347 2821 2516 2892 denos,
2550 2827 2792 2892 binosque
2823 2841 3008 2892 gerens
3033 2831 3244 2880 feliciter
3279 2843 3460 2892 annos,

2297 2887 2444 2936 Sorte
2471 2887 2565 2935 Dei
2593 2887 2800 2952 sumpsit
2823 2887 3096 2952 pontiﬁcale
3115 2893 3288 2951 decus,

2235 2947 2502 3015 Sejtaginta
2527 2949 2671 3015 simul
2697 2947 2768 2999 bis
2791 2947 2980 3012 septem
2999 2947 3421 3015 ,tnanserat'annis

2261 3007 2609 3078 “Istiusutbis
2635 3013 2806 3074 bonur,
2825 3007 3030 3078 t-‘raesul,
3071 3023 3122 3064 et
3142 3018 3276 3064 urbis
3298 3007 3450 3063 arnor.

2235 3070 2394 3138 Vitam
2433 3071 2698 3131 defunctis,
2717 3070 2930 3124 reddens
2953 3070 3148 3138 qucque
3189 3081 3364 3125 lumina
3386 3078 3529 3126 caecis
3555 3087 3580 3126 ι

2300 3131 2484 3198 Egerat
2507 3145 2560 3184 et.
2581 3139 2748 3186 vivens
2773 3131 2983 3198 pluritna'
2999 3131 3118 3186 inira
3141 3142 3276 3186 satis.

2173 3181 2175 3184 ⁴
2234 3181 2372 3262 Νειρῖ
2383 3181 2568 3247 enim
2592 3181 2868 3262 irrigetur
2885 3181 3307 3262 Ξὶιῖηιῦλιῖυἶᾶο
3329 3198 3572 3260 proquUs,

2301 3259 2563 3307 Stcatubrte
2595 3259 2782 3322 gentis,
2805 3261 2948 3320 regis
2973 3259 3168 3322 sceptra
3184 3259 3418 3309 Vsacraus.

2235 3317 2510 3382 Nonaginta
2535 3317 2734 3380 quidem
2760 3317 2848 3368 sex
2870 3317 2986 3370 cum
3009 3317 3340 3382 conquieverat
3365 3335 3544 3380 atinas,

2301 3377 2566 3440 Spléndida
2589 3383 2666 3428 lux
2707 3389 2892 3430 nostras
2912 3377 3130 3430 deseruit
3155 3385 3400 3430 tenebras.

2237 3439 2352 3504 Idus
2373 3447 2468 3502 jam
2496 3441 2664 3502 plenas
2687 3454 2795 3489 eum
2819 3442 2972 3490 Janus
3005 3447 3190 3493 mensis
3220 3444 3452 3504 haberet,

2301 3502 2545 3565 Eruet-ilus
2566 3507 2708 3550 miles
2731 3504 2926 3563 praemia
2951 3505 3098 3565 digna
3122 3507 3266 3564 capit.

2235 3561 2394 3614 Isdem
2425 3565 2707 3612 lliuemarus
2731 3561 2912 3624 primus
2932 3561 3029 3611 bac'
3041 3565 3160 3613 sede
3182 3561 3414 3614 Sacerdos

2301 3627 2414 3674 l‘ost
2435 3626 2651 3686 triginta,
2677 3626 2784 3673 loco
2809 3626 3026 3673 ωειςιὶιῆ
3051 3636 3098 3673 et
3126 3639 3330 3674 numero
3352 3641 3366 3675 :

2238 3685 2331 3744 Qui
2357 3685 2530 3738 sextus
2551 3686 2769 3736 decimus
2789 3687 2882 3736 sub
2911 3687 2998 3735 hac
3039 3688 3255 3736 radiante
3279 3689 3480 3738 lucerna

2279 3749 2525 3812 Remigio,
2549 3745 2714 3812 llemis
2748 3749 2908 3812 munia
2935 3749 3078 3798 chara
3116 3749 3270 3798 dedit.

2241 3815 2394 3867 Annis
2407 3812 2644 3872 septenis,
2671 3811 2831 3872 quiuis
2848 3821 2902 3857 ac
2925 3813 3176 3859 mensibus
3201 3813 3304 3870 egit

2302 3875 2515 3924 Pastoris
2547 3871 2734 3936 curam,
2761 3871 2864 3919 haec
2887 3873 3146 3922 recoleuda
3171 3885 3408 3936 parans.

2241 3939 2604 3996 Octingenteuo
2643 3935 2904 3996 quiquage:
2927 3947 3056 3994 oque
3081 3935 3298 3982 secundo

2299 3995 2409 4054 Quo
2433 3997 2566 4044 Deus
2590 3995 2671 4043 est
2689 4007 2817 4043 anno
2843 3995 3038 4054 virgine
3063 4005 3204 4044 natus
3225 3997 3368 4044 homo
3393 4011 3410 4044 :

2238 4059 2438 4110 Tertius
2460 4065 2513 4119 et
2546 4056 2746 4119 Karolus
2771 4056 2912 4118 regul
2942 4067 3270 4119 componeret
3290 4070 3444 4119 actus,

2301 4118 2549 4169 Uctitnber
2571 4117 2770 4180 primatu
2796 4117 2902 4164 cum
2922 4117 3064 4166 daret
3085 4127 3232 4180 atque
3253 4119 3404 4182 diem,

2240 4183 2311 4232 Ac
2335 4189 2409 4228 ter
2432 4188 2673 4226 centenus
2707 4185 2904 4226 octavus
2925 4185 3156 4236 tangeret
3177 4189 3332 4228 ιιιιιιιιι

2302 4242 2394 4291 Hie
2413 4245 2572 4301 justus
2595 4239 2783 4288 Domini
2807 4251 2904 4299 quo
2931 4241 3056 4302 petit
3088 4248 3218 4289 astra
3244 4243 3359 4302 ριιιὶ.

2238 4304 2339 4356 Ter
2364 4299 2795 4364 centutnfuerant,
2821 4299 2992 4364 tres'et
3016 4299 3127 4350 deni
3153 4299 3328 4364 quater
3349 4304 3481 4362 auul,

2302 4366 2410 4424 Quo
2435 4367 2546 4412 vitm
2573 4362 2784 4411 Francos
2809 4363 3007 4423 gurgite
3031 4364 3148 4413 lavit
3167 4362 3331 4413 ovans.

2241 4427 2398 4490 Ipsius
2419 4429 2459 4476 is
2485 4426 2925 4490 precibusqutestt
2956 4425 3001 4472 in
3023 4427 3148 4474 sede
3173 4424 3385 4486 locetur,

2305 4490 2460 4550 Quem
2485 4485 2632 4537 terris
2654 4485 2806 4535 coluit
2827 4499 2970 4536 verus
2991 4495 3192 4538 amator.
3213 4485 3388 4538 Amen.

2249 4623 2460 4679 Accidit
2484 4630 2664 4675 autem
2687 4629 2894 4689 postea,
2925 4629 3272 4689 peccatorum
3313 4620 3520 4676 merit's
3545 4620 3770 4692 exigen-

2181 4712 2346 4778 tibus,
2375 4721 2437 4766 ut
2468 4709 2760 4766 Dominiéa:
2785 4711 3179 4764 incarnationis
3207 4726 3350 4765 anno
3389 4712 3494 4766 882
3517 4712 3618 4766 stib
3639 4724 3768 4779 rege

2179 4809 2566 4872 Karlomanuo,
2581 4805 2840 4878 pratdicto
2859 4805 3059 4860 dotnno
3083 4805 3373 4862 lliuemaro
3401 4806 3768 4874 archiepisco-

2185 4919 2252 4973 po
2282 4910 2587 4971 satagente,
2621 4897 3012 4954 trat‘tsl‘erretur
3061 4899 3366 4952 venerabile
3415 4897 3608 4969 pignus
3641 4911 3767 4951 cor-

2185 4995 2331 5064 poris
2361 4993 2520 5062 hujus
2547 4991 2900 5048 sacratissimi
2925 4991 3101 5060 patris
3147 5001 3201 5045 et
3243 4991 3424 5046 domni
3457 4991 3625 5048 nostri
3656 4991 3766 5045 Re-

2187 5088 2333 5159 migii
2370 5087 2614 5159 (propter
2665 5082 3060 5138 infestationem
3095 5082 3450 5152 paganorum)
3489 5083 3556 5136 ad
3585 5081 3767 5136 villam

2187 5177 2486 5249 ipsiusjam
2511 5191 2672 5246 supra
2703 5181 2963 5238 laxatam,
3001 5173 3220 5226 nomine
3250 5172 3606 5242 Sparnacum,
3639 5171 3768 5240 quia

2188 5270 2382 5324 civitas
2427 5269 2718 5322 Remorum
2771 5274 2901 5319 tunc
2953 5265 3209 5332 temporis
3265 5277 3370 5317 non
3427 5263 3664 5316 habebat
3713 5261 3768 5314 in

2527 5371 2741 5392 Innrllrn
2793 5355 2958 5392 Cuium
2981 5355 3201 5392 nhlpnln
3229 5353 3391 5392 lnlinc
3412 5361 3536 5392 hum
3550 5351 3677 5392 ututi
3701 5349 3768 5392 ad

2185 5362 2388 5392 ῆηιιιῖιιι
2420 5361 2499 5392 an:
