3974 5392
173 310 241 365 77
756 289 1103 370 nis-roma:
1141 310 1494 370 eccassm
1533 291 1882 372 acamas
1918 311 2101 369 nam
2140 292 2496 383 QUATUOR.
2541 347 2608 357 —
2648 315 2776 376 ua.
2817 318 2859 371 l.
3380 317 3475 378 τι

174 427 337 484 tilicis
383 427 601 484 obitum
646 427 806 498 (obiit
862 429 1002 484 dicto
1051 446 1141 482 an.
1194 428 1322 502 882,
1365 439 1418 482 ut
1473 439 1547 483 est
1584 431 1636 483 in
1665 429 1769 497 ﬁne
1798 417 1842 476 Α
1873 427 2180 483 Grimoldus
2209 430 2448 485 nomine.
2493 430 2582 483 ditt
2630 431 2830 486 lumine
2858 431 3128 501 privatus,
3150 447 3212 488 os
3237 435 3454 505 quoqﬁe‘

173 519 401 590 lib._tn),
430 518 814 576 desiderabilis
858 519 945 574 hic
969 534 1248 574 sacrorum
1281 521 1568 574 thesaurus
1598 535 1770 574 mem-

173 612 422 676 brorum,
451 611 526 666 ad
549 610 858 667 Orbacense
888 611 1202 682 perducitur
1240 611 1649 665 monasterium.
1674 610 1772 666 llic

175 719 390 774 quoque
443 704 750 764 beatissimi
808 701 970 772 hujus
1018 703 1230 774 patroni
1283 703 1454 758 nostri
1498 703 1770 772 suffragiis

175 797 351 851 omnis
389 797 764 852 commoditas
811 796 954 851 aeris
983 797 1408 865 circumquaque
1453 796 1770 866 degentibus

177 888 500 942 attribuitur
528 887 741 952 incolis,
768 902 890 941 cum
916 886 1132 942 insolita
1161 885 1439 940 fertilitate
1470 886 1697 940 telluris.

242 981 374 1036 Post
396 983 690 1036 decessum
717 996 845 1035 vero
889 980 1165 1049 saepedicti
1209 979 1454 1050 praesulis
1493 978 1770 1034 llincmari

177 1089 297 1128 cum
319 1072 687 1141 pontificatus
707 1070 960 1126 subiissct
987 1072 1245 1124 honorem
1276 1069 1463 1132 Fulco,
1491 1070 1574 1124 sui
1597 1069 1772 1138 primo

181 1163 518 1234 przcsulatus
561 1179 710 1222 anno.
758 1162 964 1218 referre
989 1161 1232 1216 decrevit
1283 1162 1421 1216 alma
1473 1160 1770 1216 beatissimi

177 1259 337 1328 hujus
361 1258 540 1313 nostri
575 1257 754 1311 Patris
772 1271 898 1311 ossa
929 1255 1040 1328 [an.
1070 1255 1218 1327 885].
1270 1255 1423 1321 Quod
1457 1255 1545 1309 ubi
1585 1270 1771 1325 aggre-

175 1346 339 1411 ditur,
362 1346 845 1417 pervenientejam
871 1361 957 1409 eo,
985 1361 1106 1400 cum
1146 1345 1478 1415 coepiscOpis
1519 1354 1574 1399 et
1612 1343 1772 1398 cleris

174 1436 432 1505 plurimis
463 1437 534 1490 ad
559 1437 735 1490 locum
770 1436 858 1490 ubi
890 1437 1085 1507 pignus
1108 1435 1428 1490 servabatur
1453 1435 1769 1504 pretiosum,

179 1541 299 1580 cum
332 1519 483 1581 esset
512 1531 705 1596 magna
736 1527 860 1581 coeli
895 1528 1182 1590 serenitas,
1213 1527 1304 1581 sed
1347 1526 1563 1582 fervens
1587 1527 1773 1581 admo-

177 1617 298 1671 dum
363 1618 610 1678 siccitas.
670 1618 848 1673 subito
898 1633 957 1672 se
1011 1627 1191 1672 tantus
1239 1616 1427 1672 effudit
1481 1617 1674 1678 imber,
1715 1624 1775 1670 ut

176 1708 339 1761 totius
398 1708 565 1778 hujus
620 1706 962 1778 superficiem
1013 1716 1170 1761 terrae
1215 1707 1486 1761 videretur
1536 1705 1770 1760 ubertim

176 1801 459 1872 irrigasse.
492 1799 551 1854 In
583 1801 883 1854 crastinum
913 1814 1041 1852 vero
1063 1800 1189 1853 dum
1235 1805 1390 1854 sacra
1415 1797 1617 1852 referre
1646 1813 1772 1867 pro-
1802 1771 1848 1829 Β

176 1902 393 1946 movent
419 1906 671 1964 munera,
691 1900 884 1946 cuncta
903 1891 1069 1956 clara,
1087 1898 1280 1945 cuncta
1294 1889 1554 1959 jucunda,
1576 1899 1772 1944 cuncta

178 1985 466 2039 mundana:
509 1985 710 2054 speciei
765 1984 1064 2038 redduntur
1110 1998 1358 2048 ammna;
1407 1997 1773 2054 prosperoquc

176 2089 469 2144 progressu
515 2074 914 2130 confluentibus
965 2076 1204 2145 undique
1233 2075 1463 2146 pupulis,
1497 2074 1562 2128 ad
1593 2075 1770 2130 vicum

176 2165 471 2240 deveniunt
514 2165 926 2229 Calmiciacum,
961 2167 1014 2219 in
1047 2182 1156 2236 quo
1194 2166 1448 2220 nonnulla
1492 2165 1654 2221 Pater
1685 2167 1772 2222 hic

176 2256 406 2309 eximius
438 2255 619 2311 adhuc
673 2271 837 2312 carne
887 2261 1073 2325 Seplns
1123 2257 1384 2312 virtutum
1437 2257 1774 2327 dignoscitur

177 2330 493 2420 exhibuisse
541 2345 827 2416 magnalia.
892 2343 992 2400 Hic
1049 2347 1290 2400 membra
1348 2346 1654 2400 veneranda
1719 2346 1772 2400 in

177 2437 405 2492 ecclesia
458 2438 797 2506 deponentes
842 2437 959 2508 ejus
1014 2438 1235 2494 nomine
1275 2437 1541 2501 dedicata,
1600 2437 1773 2491 noctis

178 2529 360 2597 quiete
410 2527 558 2586 fessa
615 2528 800 2600 levant
849 2545 1102 2600 corpora.
1161 2529 1290 2584 Post
1337 2529 1542 2599 requiei
1598 2529 1773 2584 subsi-

181 2625 350 2689 dium,
403 2623 519 2693 jam
586 2633 768 2682 terras
821 2623 952 2679 solis
1007 2625 1311 2684 illustrante
1361 2621 1577 2692 jubarc,
1613 2625 1774 2678 voces

179 2716 420 2785 undique
442 2716 611 2771 Deum
637 2706 1073 2770 benedicentium
1105 2725 1439 2784 concrepant
1465 2723 1628 2784 atque
1660 2714 1774 2767 Ian-

183 2809 454 2874 dautium,
493 2809 636 2879 quod
698 2809 778 2863 eis
831 2817 1126 2879 pastorem,
1183 2817 1492 2878 patronum,
1549 2822 1613 2862 ac
1651 2822 1775 2877 pro-

185 2908 458 2953 tectorem
520 2898 770 2953 redderet
831 2899 1192 2968 corporaliter
1249 2896 1550 2967 proprium,
1610 2911 1770 2966 quem

179 3006 395 3061 scniper
451 2992 594 3061 apud
644 2991 884 3046 divinam
943 2991 1286 3046 clementiam
1333 2990 1770 3054 intercessorem,

179 3092 233 3136 et
263 3084 539 3138 assiduum
572 3099 631 3138 se
663 3084 865 3138 habere
920 3083 1196 3138 confidant
1245 3081 1586 3134 advocatum.
1627 3078 1771 3134 Prte-

181 3169 321 3226 fatus
346 3172 553 3226 interea
578 3172 798 3241 praesul,
825 3171 1127 3226 cmlestium
1171 3169 1528 3225 sacramentis
1570 3178 1770 3238 myste-

180 3263 382 3318 riorum
431 3263 538 3324 rite
585 3263 896 3329 celebratis,
943 3261 1276 3317 imminentis
1313 3260 1443 3331 juga
1495 3275 1620 3316 cum
1653 3260 1771 3313 lau-

180 3355 339 3410 dibus
371 3355 588 3410 scandit
639 3356 862 3418 montis,
910 3352 1298 3409 comitantibus
1332 3350 1570 3422 undique
1612 3365 1770 3406 secus

180 3445 503 3514 populorum
561 3443 793 3514 stipatus
845 3443 1098 3497 catervis.
1146 3441 1245 3496 llic
1301 3441 1390 3494 ubi
1441 3457 1540 3509 pro
1588 3439 1767 3511 populi

180 3536 409 3602 delictis,
452 3545 507 3590 et
545 3535 642 3588 irae
677 3534 1015 3603 mitigatioue
1077 3532 1316 3587 caelestis
1367 3531 1435 3585 ad
1483 3531 1766 3585 Dominum

180 3625 403 3682 fudisset
433 3626 762 3696 oratiOuem,
797 3623 1185 3694 paululumque
1222 3623 1641 3693 processissent,
1674 3622 1769 3676 ad-

181 3717 280 3774 huc
305 3719 616 3774 clarificare
641 3717 913 3782 Christus,
942 3717 1232 3772 mirificare
1276 3729 1438 3785 atque
1464 3715 1768 3785 glorificare

182 3810 473 3880 disponens
531 3809 675 3864 hunc
720 3809 1094 3863 beatissinmm
1140 3806 1360 3861 Patrem
1409 3814 1657 3861 nostrum
1711 3806 1766 3859 in

182 3902 354 3966 terris,
407 3916 573 3970 quem
612 3901 964 3971 magniﬁcare
1021 3914 1142 3952 cum
1177 3897 1387 3968 angelis
1436 3895 1676 3964 elegerat
1712 3895 1765 3950 in

182 3995 352 4059 cretis,
378 3994 570 4063 quanti
600 3993 670 4046 sit
704 3991 848 4062 apttd
885 4006 944 4047 se
971 3990 1150 4046 meriti
1181 3987 1527 4043 coneurrenti
1571 4001 1769 4057 propa-

182 4083 291 4140 lare
319 4086 569 4140 decernit
601 4083 959 4139 multitudini.

743 4174 973 4230 CAPUT
1031 4172 1196 4228 XXII.

391 4271 469 4326 De
492 4271 736 4326 remediis
764 4269 986 4323 subinde
1007 4266 1246 4337 pluribus
1277 4267 1546 4336 impensis.

250 4363 479 4420 Accedit
505 4364 692 4434 itaque
719 4361 918 4418 mulier
953 4375 1120 4426 caeca,
1154 4360 1372 4415 nomine
1403 4359 1573 4423 Doda,
1604 4373 1767 4412 manu

183 4454 281 4508 sibi
309 4464 531 4525 gressus
571 4451 816 4524 regentis
852 4451 1059 4515 innixa,
1099 4465 1221 4519 qua:
1258 4459 1484 4514 mox,ut
1521 4449 1768 4504 cominus
1799 4481 1850 4540 υ

183 4555 526 4615 approperat,
555 4546 734 4600 visum
763 4543 865 4598 sibi
899 4543 1110 4598 restitui
1148 4557 1334 4596 coram
1364 4542 1620 4596 omnibus
1663 4541 1765 4595 im-

183 4646 378 4705 petrat.
425 4634 576 4705 Quod
608 4635 811 4707 prtesul
837 4635 1081 4696 audiens,
1136 4634 1397 4703 hymnum
1448 4632 1624 4687 laudis
1669 4632 1765 4686 Dei

182 4742 306 4779 cuiu
353 4727 565 4797 papulo,
619 4741 823 4797 magno
865 4726 1098 4797 repletus
1147 4724 1497 4778 concelebrat
1544 4722 1763 4792 gaudio.-

183 4799 419 4870 Needum
450 4817 702 4871 finierant
748 4816 884 4869 odas
925 4814 1289 4870 exsultatione
1318 4813 1516 4868 caelum
1547 4813 1765 4884 repleu-

183 4915 289 4969 tes,
327 4915 382 4960 et
421 4922 541 4964 ecce
572 4909 874 4963 frustratus
920 4908 1136 4976 quidam
1185 4905 1370 4960 multis
1410 4919 1598 4974 gressu
1647 4903 1762 4957 die-

183 4995 288 5052 bus
340 5013 454 5052 cum
502 5000 718 5072 integra
777 4999 1025 5068 procedit
1076 4998 1456 5055 incolumitate
1502 4997 1767 5052 laniabun-

184 5087 309 5140 dua.

255 5171 678 5235 Transiere'cum
709 5170 958 5234 laudibus
985 5179 1107 5235 inde
1139 5175 1419 5249 paulisper
1449 5195 1461 5232 :
1491 5187 1544 5232 et
1567 5166 1767 5230 mulier

183 5265 421 5330 ‘l'ta'dam
461 5283 721 5324 manuum
780 5267 944 5336 potita
989 5269 1229 5324 sanitate
1275 5267 1536 5321 succedit.
1579 5261 1764 5333 Dupli-

182 5364 307 5392 t-nnl
377 5374 494 5392 IIl-nn
617 5359 1007 5392 In:nl:nnnlnnn
1071 5361 1388 5392 Δηινιῖιηηιίη
1457 5361 1759 5392 ηνηαῖηιοιιιτὶ

1874 517 2258 572 miserabiliter
2280 531 2310 570 a
2343 519 2682 572 rectitudinis
2709 518 2825 573 loco
2849 521 3130 585 distortus,
3166 522 3452 593 invisaque

1871 601 2215 663 deformitate
2245 619 2494 678 turpatus
2522 627 2550 662 a
2591 612 2905 679 parentibus
2950 614 3167 669 obviam
3217 615 3451 682 delatus;

1871 698 2184 767 pristinum,
2213 716 2372 769 quem
2403 702 2604 756 dudtun
2647 704 2926 767 amiserat,
2957 717 3040 760 cst
3064 707 3237 762 visum
3267 707 3472 764 conss?

1871 799 2050 853 cutus,
2076 799 2131 844 et
2160 791 2212 844 iu
2242 793 2513 861 propriam
2547 795 2881 849 sanctissimi
2928 794 3110 850 Patris
3141 797 3302 868 hujus
3330 797 3450 868 op‘i-

1873 879 2133 936 tulatione
2165 882 2485 938 mirabiliter
2531 894 2613 939 est
2657 885 2886 956 effigiem
2932 887 3237 942 restitutus.
3283 889 3456 943 luter-

1867 970 2012 1042 jecto
2055 974 2200 1028 velut
2228 976 2388 1030 unius
2423 977 2570 1031 hora:
2598 978 2794 1046 spatio,
2823 993 2958 1047 puer
3007 979 3147 1034 alius
3173 997 3203 1034 a
3239 991 3456 1035 contra;

1871 1064 2052 1119 ctionc
2080 1066 2324 1135 corporis
2361 1065 2600 1135 ejusdem
2651 1069 2862 1136 patroni
2895 1068 3166 1139 suffragiis
3215 1069 3448 1126 feliciter

1872 1165 1954 1211 est
1977 1166 2210 1212 erectus.
2237 1157 2446 1213 Cohors
2474 1159 2638 1229 igitur
2661 1161 2879 1227 devota,
2919 1162 3166 1219 melodiis
3193 1165 3448 1222 Davidica

1873 1262 2213 1317 nequaquam
2278 1248 2552 1305 subiciens
2609 1253 2834 1308 reboare
2891 1257 3156 1321 carmina,
3217 1257 3456 1311 maximo

1874 1338 2055 1393 cordis
2077 1338 2271 1394 affectu
2295 1350 2561 1410 permota,
2594 1341 2735 1398 inter
2756 1343 2972 1400 laudum
2995 1352 3175 1410 voces,
3205 1347 3458 1402 eliciente

1874 1429 2067 1500 gaudio
2121 1429 2376 1502 lacrymis
2419 1447 2514 1486 ora
2556 1434 2733 1505 rigare
2784 1436 3042 1506 profusis,
3095 1443 3152 1493 et
3197 1440 3454 1508 suspiria,

1875 1520 2247 1592 singulttisque
2287 1519 2523 1578 formare
2566 1541 2666 1594 pro
2715 1527 2961 1582 canticis.
3005 1528 3456 1584 Concurrentiuni

1875 1613 2088 1682 quoque
2119 1613 2283 1667 nimia
2316 1614 2533 1684 stipatio
2564 1615 2825 1686 plebium,
2856 1619 2999 1674 sacri
3027 1621 3269 1675 muneris
3294 1637 3456 1691 geru-

1877 1704 1984 1759 lum
2027 1707 2327 1762 deosculari
2377 1710 2709 1779 cupientium
2742 1709 2993 1778 loculum,
3047 1715 3461 1785 importunitate

1875 1797 2046 1852 valida
2103 1800 2416 1854 vellentium
2462 1800 2626 1871 coepit
2667 1802 2833 1874 figere
2881 1811 3148 1875 gressum.
3192 1794 3454 1861 biirorlm

1873 1884 2142 1961 siquidem
2183 1908 2302 1962 qua:
2348 1895 2674 1963 gerebantur
2731 1898 3206 1966 percrebrescebat
3243 1899 3458 1969 opinio;

1873 1982 2233 2052 certatimque
2264 1991 2373 2038 tam
2415 1984 2532 2038 sani
2588 2001 2752 2055 quam
2781 1987 3014 2042 diversis
3053 1988 3458 2044 calamitatibus

1872 2071 2042 2126 attriti
2090 2087 2381 2142 properare
2434 2074 2744 2139 studebant,
2785 2078 3064 2146 cupientes
3103 2079 3301 2134 intueri
3339 2095 3459 2132 nta-

1873 2161 2050 2232 gnalia
2083 2177 2202 2231 qum
2235 2161 2494 2218 Dominus
2536 2166 2896 2234 omnipotens,
2932 2167 2984 2221 in
3015 2170 3188 2224 sancti
3219 2170 3302 2224 sui
3343 2168 3456 2224 cla-

1875 2251 2198 2312 rificatione,
2252 2252 2613 2323 multiplicare
2659 2261 3038 2327 proposuerat.
3104 2259 3211 2314 Pro
3260 2276 3458 2329 magno

1875 2357 2109 2412 namque
2132 2343 2230 2396 sibi
2259 2344 2458 2398 damno
2479 2345 2706 2415 quisque
2733 2349 3040 2417 reputabat,
3067 2351 3177 2404 imo
3200 2351 3455 2406 delictum

1874 2435 2184 2506 deputabat,
2215 2453 2322 2491 non
2353 2437 2534 2504 modo,
2578 2440 2621 2494 si
2666 2457 2772 2495 non
2804 2442 3146 2512 procederet,
3184 2459 3372 2498 verunt
3414 2438 3462 2498 si

1874 2535 2180 2596 postremus
2232 2529 2534 2588 accederet.
2591 2530 3028 2601 Approperantes
3079 2543 3260 2588 autem
3312 2535 3463 2591 cives

1875 2617 2113 2681 Obviam,
2141 2616 2267 2671 dum
2293 2623 2448 2688 grata
2481 2617 2677 2675 deferri
2715 2630 2946 2676 cernunt
2971 2639 3220 2689 munera,
3248 2638 3306 2678 se
3333 2640 3462 2694 pro-

1874 2716 2201 2774 sternentcs,
2227 2707 2326 2762 soli
2349 2708 2732 2764 deosculaiitur
2753 2708 2898 2782 terga
2927 2729 2939 2764 :
2967 2713 3459 2784 suspicientesque,

1875 2800 1965 2854 tibi
1991 2792 2650 2870 contemplanturlocum,
2691 2803 2942 2871 pretiosa:
2972 2804 3138 2859 divini
3179 2806 3456 2861 diadema.

1877 2877 1947 2945 tis
1974 2892 2199 2962 gemmte
2239 2889 2495 2960 hajulum,
2529 2892 2727 2947 multas
2758 2896 2898 2950 inter
2928 2895 3126 2950 eximia
3157 2897 3352 2966 gaudia
3381 2896 3434 2950 Ia

1876 2997 2091 3052 crymas
2138 2981 2384 3044 fundunt,
2439 2984 2788 3039 obsecrantes
2841 3001 2908 3040 ne
2943 2987 3175 3056 amplius
3219 2988 3458 3058 ejusdem

1873 3064 2054 3124 Patris
2080 3070 2214 3126 allici
2243 3083 2570 3127 censeantur
2607 3075 2876 3140 absentia,
2906 3077 3036 3145 quin
3065 3086 3324 3148 perpetua
3351 3089 3462 3132 me-

1877 3165 2097 3214 reantur
2138 3163 2394 3232 gratulari
2434 3166 2742 3232 praesentia.
2776 3165 2936 3220 Pater
2966 3167 3174 3222 interea
3207 3169 3464 3224 beatissi—

1873 3268 1992 3307 ttnts
2043 3249 2276 3308 filiorum
2327 3255 2600 3310 devotioni
2656 3255 2929 3326 praeclaris
2977 3258 3168 3314 favens
3216 3261 3458 3326 nutibus,

1871 3351 2022 3406 addit
2051 3352 2228 3406 adhuc
2249 3351 2446 3406 divinis
2476 3352 2684 3422 plebem
2715 3369 2866 3409 suam
2896 3348 3267 3426 multipliciter
3299 3357 3456 3412 exhi-

1871 3438 2048 3498 larare
2073 3443 2432 3500 mirabilibus.
2464 3444 2674 3500 Etenim
2699 3445 2826 3500 dum
2849 3438 3028 3502 clerus
3050 3463 3172 3502 cum
3203 3448 3459 3502 sacerdo-

1875 3535 2035 3592 tibus.
2061 3534 2306 3605 psalmis,
2341 3537 2577 3606 hymnis,
2605 3545 2660 3590 ct
2699 3539 2930 3594 canticis
2959 3540 3207 3595 intonant
3234 3539 3458 3611 spirita-

1869 3627 2031 3692 libus,
2079 3628 2309 3697 populus
2344 3628 2510 3684 etiam
2547 3628 2888 3696 jubilationis
2939 3633 3215 3688 immensre
3266 3635 3457 3688 reboat

1870 3718 2116 3780 vocibus,
2149 3726 2208 3771 ut
2235 3719 2539 3773 mirabilem
2573 3719 2738 3774 Deum
2769 3721 2822 3774 in
2855 3724 3061 3776 sanctis
3115 3723 3228 3777 suis
3261 3723 3458 3791 jucun-

1871 3809 2116 3863 dioribus
2165 3809 2339 3864 adlmc
2391 3820 2836 3878 przceonarentur
2888 3813 3104 3876 animis,
3166 3815 3453 3884 pristinam

1871 3901 2158 3957 multitudo
2183 3901 2556 3970 languentium
2584 3903 2902 3972 sospitatem
2934 3905 3218 3962 manifeste
3238 3908 3452 3976 conspi-

1870 3990 2014 4047 citur
2051 4005 2397 4061 reettperare,
2431 3993 2622 4050 levatis
2665 3994 2914 4064 pluribus
2957 3996 3108 4051 varia
3152 4000 3304 4068 peste
3334 4013 3458 4052 cor-

1870 4083 2094 4162 poribus
2124 4097 2138 4136 :
2186 4083 2430 4154 adeoque
2466 4099 2562 4155 per
2597 4084 2807 4155 singula
2841 4099 2976 4156 pene
3015 4097 3314 4155 momenta,
3344 4103 3456 4144 em-

1871 4172 2026 4228 lestia
2055 4175 2432 4244 pandebantur
2460 4175 2743 4241 miracula,
2777 4187 2835 4229 ut
2856 4177 2923 4230 ad
2957 4177 3071 4233 haec
3102 4177 3341 4234 locorum
3369 4180 3454 4234 vel

1872 4258 2175 4333 temporum
2221 4261 2311 4317 vix
2353 4264 2720 4319 enumeranda
2753 4265 2965 4320 censeri
3011 4258 3256 4322 valerent
3289 4267 3459 4323 inter-

1871 4352 2040 4406 stitia.

1945 4436 2098 4497 Tunc
2124 4442 2287 4512 igitur
2332 4443 2586 4500 llosanna
2611 4447 2856 4515 quasdam
2888 4447 3102 4512 mulier,
3133 4464 3256 4502 cum
3287 4449 3462 4503 admi-

1876 4536 2086 4591 ratione
2115 4537 2484 4607 gaudentium,
2517 4539 2680 4593 celeri
2715 4540 2912 4593 meruit
2937 4542 3295 4609 prosperitate
3321 4543 3459 4598 reci-

1875 4642 2004 4698 pere
2043 4629 2238 4682 visum.
2274 4629 2339 4682 Et
2377 4639 2498 4700 post
2525 4627 2779 4700 pusillum
2807 4631 3034 4686 claudus
3057 4632 3280 4700 quidam
3312 4631 3455 4688 felici

1874 4733 2099 4775 munere
2118 4721 2469 4789 consequitur
2494 4736 2762 4791 gressum.
2795 4721 3032 4776 Deodata
3060 4724 3327 4790 qutcdam,
3361 4739 3459 4793 pa-

1873 4810 2088 4866 tefactis
2141 4812 2354 4866 aurium
2397 4812 2604 4882 januis,
2657 4813 2976 4884 adipiscitur
3020 4815 3284 4868 auditum.
3331 4814 3463 4882 Qui-

1871 4899 2020 4982 dam,
2060 4902 2275 4956 nomine
2303 4903 2500 4969 Teuto,
2558 4904 2901 4960 desiderabili
2946 4906 3151 4977 potitur
3193 4903 3459 4959 illumina.

1875 4990 2036 5046 tionis
2082 4992 2241 5048 dono.
2283 4991 2440 5059 Item,
2496 4998 2742 5065 quaedam
2794 4995 2994 5052 mulier
3033 4997 3223 5052 eodem
3273 4997 3459 5063 gavisa
3529 5061 3531 5064 p

1870 5081 2087 5136 laetatur
2133 5083 2421 5142 beneficio.
2482 5086 2748 5143 Similiter
2795 5087 3068 5144 Ausoldus
3130 5087 3194 5158 Li,
3246 5086 3458 5158 Ansol.]

1870 5187 2085 5244 quoque
2112 5175 2335 5239 lumine,
2387 5179 2531 5248 quod
2563 5180 2731 5235 nimio
2760 5178 3022 5248 ﬂagrabat
3055 5179 3270 5246 assequi
3316 5179 3459 5232 desi-
3512 5161 3526 5225 ἶ

1868 5251 2046 5330 ίΙόΓὶο,
2093 5265 2200 5320 fido
2243 5280 2342 5319 ceu
2397 5268 2634 5326 credidit
2662 5269 2862 5330 animo,
2897 5267 3078 5324 Patris
3126 5265 3284 5332 hujus
3329 5269 3459 5337 piis-

1867 5353 2005 5392 eintn
2080 5354 2382 5392 nnrfmlilnn

2463 5360 2723 5392 ριιΙῬ-ηηῖη
2821 5357 2990 5392 Πιιῖιιη
3001 5375 3048 5392 ηι
3123 5356 3344 5392 Ιξαιιῑὶηιιι
3355 5373 3415 5392 no
