3974 5392
500 395 603 452 π’
1294 380 1307 393 ’
1563 387 1956 448 FLODOABDI
1993 387 2314 447 canorum
2354 388 2699 449 neumsrs
3170 433 3173 436 ‹
3688 372 3750 451 se

497 516 710 570 obviam
736 498 1015 569 studerent
1050 524 1372 577 occurrere,
1406 526 1468 567 ac
1508 527 1616 568 non
1650 513 1807 568 modo
1858 509 2078 582 benigni
2113 488 2160 548 Α
2189 503 2578 571 immolatione.
2631 506 2827 564 mulier
2881 507 3127 579 quaedam
3177 508 3243 566 de
3303 523 3443 582 pago
3470 506 3753 565 Trecasino

496 608 676 662 cordis
698 605 1237 674 intentionem,quin
1283 604 1445 659 etiam
1483 619 1662 658 rerum
1702 604 2079 675 temporalium
2183 597 2548 652 membrorum
2597 598 2838 655 omnium
2890 600 3184 673 agitatione
3238 601 3498 666 millia“.
3542 600 3754 656 νθηῖθει

497 697 920 763 exhibitionem,
974 705 1136 767 prout
1196 695 1391 767 cuique
1444 694 1677 751 facultas
1723 696 2077 766 suppetebat,
2181 705 2363 745 coram
2393 690 2546 746 altari
2573 692 2681 747 ruit
2704 693 2755 748 in
2782 694 3127 763 pavimento;
3158 693 3339 765 ibique
3382 691 3757 748 miserabiliter

498 774 794 845 afferrent:
828 788 1022 842 mulier
1062 786 1307 857 quaedam
1358 786 1709 858 paupercula,
1752 788 1818 841 de
1861 787 2081 843 civitate
2181 776 2271 834 ditt
2301 790 2490 836 vexata
2545 781 2702 852 hujus
2747 782 2975 851 piissimi
3025 783 3388 839 consolatorie
3420 782 3758 839 miseratione

494 897 792 957 properans
832 866 884 936 in
928 895 1239 946 occursum,
1268 896 1432 934 manu
1462 894 1680 934 cereum
1734 878 1961 944 ferebat,
1986 879 2079 950 qui
2149 871 2355 942 'Snrgil
2403 871 2691 928 incolumis
2740 872 2949 929 eﬂ‘ccta.
3002 874 3132 942 Quae
3172 891 3335 947 super
3378 883 3572 930 eventu
3604 883 3759 931 tantm

495 988 759 1029 accensus
822 987 1100 1043 nunquam
1160 970 1358 1026 fuerat.
1407 970 1649 1026 Mirabile
1685 972 1856 1038 dictu,
1899 972 2079 1027 subito
2180 961 2425 1017 consulta
2466 963 2825 1033 calamitatis,
2854 980 3039 1021 necem
3086 982 3143 1023 se
3195 967 3428 1037 propriae
3475 966 3762 1023 confitetur

494 1062 709 1120 coalitus
753 1071 884 1117 nutu
935 1061 1118 1117 divino
1173 1075 1365 1117 cereus
1422 1061 1476 1117 in
1526 1076 1687 1116 manu
1726 1062 1963 1133 gerentis
1995 1074 2063 1118 est

2192 1062 2522 1123 perpetrasse
2566 1054 2776 1109 matris.
2820 1054 3107 1111 Missurum
3157 1058 3389 1128 denique
3438 1056 3761 1113 solemnibus

494 1154 878 1219 illnntinatus:
920 1154 1178 1225 illumque
1231 1156 1356 1208 dum
1407 1169 1506 1224 per
1562 1160 1728 1210 totam
1762 1151 1936 1210 defert
1987 1154 2063 1210 illa

2192 1157 2242 1197 2x
2282 1158 2432 1200 more
2482 1145 2739 1216 peractis,
2792 1160 2888 1201 sua
2941 1148 3144 1218 quique
3195 1158 3465 1218 repetunt,
3497 1146 3761 1204 reversuri

492 1247 670 1310 viam,
706 1246 799 1301 Dei
851 1244 1156 1301 confitendo
1207 1244 1550 1309 miraculum,
1609 1259 1949 1315 nequaquam
1980 1262 2061 1300 su-

2199 1244 2392 1290 nature
2424 1234 2478 1289 in
2507 1236 2834 1301 crastinum,
2872 1237 2938 1292 ad
2975 1238 3079 1294 hoc
3106 1238 3286 1293 tutela:
3321 1253 3432 1294 suae
3457 1236 3768 1308 praesidium

494 1338 646 1409 perni
690 1336 909 1392 luminis
939 1335 1138 1390 amittit
1166 1335 1253 1391 ille
1278 1335 1596 1391 beneficium
1618 1377 1633 1402 ,
1660 1338 1829 1391 donec
1859 1335 2075 1393 mirifici
2179 1326 2233 1381 in
2262 1328 2534 1385 cii’ilalem
2562 1328 2964 1401 perferendum.
3009 1331 3299 1400 Manciam
3342 1329 3518 1396 facto,
3551 1331 3679 1387 dum
3701 1329 3765 1384 ad

494 1428 718 1497 pignora
762 1426 930 1496 patris
966 1426 1017 1480 in
1044 1425 1291 1481 stationis
1312 1426 1545 1495 propria:
1574 1424 1944 1496 perferrentur
1977 1427 2075 1481 do-
2179 1421 2493 1477 condictum
2539 1423 2783 1479 studiose
2827 1424 3192 1488 contenditur,
3242 1423 3479 1480 Erluidis
3519 1422 3765 1494 quredam

494 1534 662 1583 mum,
705 1516 900 1588 hicque
957 1531 986 1571 a
1042 1516 1297 1586 pontifice
1350 1516 1614 1571 solemnia
1670 1516 2078 1572 celebrarentur
2180 1514 2394 1581 mulier,
2450 1517 2592 1571 haud
2629 1517 2815 1589 procul
2855 1517 2924 1572 ab
2947 1518 3079 1573 urbe
3103 1518 3323 1588 degens,
3358 1516 3425 1573 ad
3458 1525 3623 1571 tanta:
3645 1529 3769 1585 pro-

494 1608 803 1685 missarum.
836 1606 987 1662 Tunc
1022 1605 1222 1661 femina
1264 1621 1481 1660 cereum
1515 1605 1717 1661 lumine
1750 1604 2072 1675 flagrantem
2179 1604 2438 1661 cessionis
2479 1607 2847 1677 spectaculum
2897 1608 3215 1678 disponebat
3268 1609 3451 1675 exire,
3501 1618 3769 1677 quatenus

494 1700 727 1755 mirabili
754 1700 990 1755 basilica:
1015 1696 1178 1753 tradit
1198 1698 1409 1754 custodi
1440 1699 1569 1770 :qui
1591 1699 1660 1755 ob
1686 1714 1934 1770 supernae
1955 1716 2077 1771 gra-
2178 1705 2377 1766 optata:
2434 1698 2713 1769 sospitatis
2743 1701 2818 1754 uti
2868 1710 3173 1757 mereretur
3203 1716 3448 1757 munere.
3481 1700 3611 1769 Quae
3643 1702 3768 1772 quia

488 1791 582 1859 tia:
604 1791 747 1862 quod
775 1792 1075 1861 contigerat
1112 1790 1390 1861 gaudium,
1430 1788 1715 1844 luminaria
1741 1805 2076 1861 qttzccunque
2111 1847 2149 1864 ﬂ
2175 1785 2286 1856 jam
2310 1804 2407 1860 per
2431 1790 2859 1862 quinquennium
2892 1792 3149 1863 languore
3174 1808 3383 1863 pressa,
3412 1802 3624 1864 partem
3651 1809 3770 1850 cor-

490 1897 589 1953 per
610 1882 895 1939 ecclesiam
920 1883 1244 1939 videbantur
1280 1881 1471 1937 ardere
1520 1882 1737 1937 mandat
1781 1884 2075 1954 exstingui,
2111 1847 2152 1907 B
2182 1882 2327 1950 poris
2368 1883 2614 1937 dextram
2660 1894 3072 1954 prmmortuam,
3108 1900 3354 1956 peneque
3404 1886 3655 1957 gestabat
3693 1885 3771 1940 in-

491 1974 804 2045 ltunineque
832 1972 1091 2029 divinitus
1116 1974 1220 2028 hoc
1246 1973 1370 2027 dato
1396 1988 1584 2027 rursus
1609 1974 1830 2029 accendi
1870 1992 1882 2027 :
1917 1973 2079 2046 hujus
2182 1972 2391 2038 utilem,
2437 1973 2558 2029 nisu
2587 1989 2695 2044 quo
2722 1984 2931 2045 poterat
2979 1977 3241 2032 accedere
3260 2016 3275 2043 ,
3308 1986 3362 2030 et
3391 1977 3456 2030 ad
3488 1976 3770 2031 visendum

491 2080 624 2142 vero
666 2072 874 2135 partem
906 2063 1051 2119 cerei
1099 2062 1240 2118 coelo
1265 2061 1376 2119 dati
1428 2062 1671 2119 miraculi
1720 2064 1965 2121 decernit
2022 2066 2075 2121 in
2180 2063 2319 2118 sacri
2351 2063 2510 2133 lmjus
2559 2065 2800 2120 muneris
2829 2064 3088 2132 loculum,
3121 2080 3240 2121 sese
3290 2066 3512 2121 molitur
3550 2080 3777 2136 promo-

491 2154 859 2212 testimonium
888 2154 1179 2210 reservari.
2180 2171 2329 2211 vere.
2373 2156 2614 2226 Cumque
2645 2156 2735 2210 tali
2764 2157 3055 2213 conamine
3080 2157 3190 2226 jam
3231 2156 3342 2213 fere
3377 2157 3611 2213 medium
3648 2172 3775 2228 per-

476 2234 481 2238 »
564 2248 870 2321 Rotgardtts
893 2246 1619 2323 [ntr.,Totgardis]qutedam
1638 2248 1919 2305 feminade
1942 2266 2077 2322 pago
2180 2255 2429 2318 agrasset
2477 2247 2684 2302 itineris
2720 2246 2878 2315 hujus
2922 2249 3192 2318 spatium,
3243 2264 3347 2302 non
3391 2248 3577 2302 valens
3625 2250 3771 2302 ultra

490 2332 773 2404 Castricio,
802 2337 1083 2410 gradiendi
1128 2352 1324 2393 carens
1369 2337 1547 2393 officio
1568 2379 1582 2403 ,
1611 2336 1854 2409 pristina:
1882 2339 2078 2409 gaudet
2179 2338 2496 2408 procedere,
2529 2338 2679 2409 gravi
2726 2339 2932 2394 corruit
2967 2338 3209 2394 confecta
3239 2337 3441 2392 labore.
3479 2336 3777 2392 Meditatur

491 2445 616 2484 eum
640 2418 1027 2484 incolumitatis
1051 2427 1194 2484 dono
1225 2444 1239 2481 :
1270 2436 1329 2484 ut
1352 2443 1471 2499 qum
1508 2428 1752 2498 plaustro
1778 2427 2077 2484 devehente
2179 2430 2397 2485 donmm
2434 2431 2632 2495 redire,
2664 2431 2756 2486 sed
2792 2430 2981 2502 neqrit
3026 2430 3130 2485 hoc
3154 2429 3419 2484 ullatenus
3447 2428 3770 2498 adimplere.

489 2514 667 2573 fuerat
692 2519 945 2583 adducta,
964 2519 1199 2590 propriis
1219 2520 1560 2589 postmodum
1585 2519 1809 2591 pedibus
1833 2536 2077 2575 remeare
2179 2519 2309 2586 Quae
2338 2527 2622 2589 postquam
2651 2521 2752 2575 hac
2773 2519 3087 2590 aliquandiu
3111 2530 3309 2573 nutans
3344 2519 3513 2589 jaeuit
3549 2518 3801 2573 h:csita--

494 2610 703 2666 valeret
755 2611 822 2666 ad
871 2627 987 2666 sua.
1040 2609 1308 2666 Prmtcrca
1361 2612 1555 2666 mulier
1599 2612 1841 2681 quaedam
1888 2629 2072 2668 secum
2182 2610 2344 2675 tione,
2378 2610 2595 2665 demum
2638 2619 2915 2680 resumpto
2947 2608 3240 2665 moliminis
3276 2624 3431 2672 ausu,
3473 2617 3652 2664 tentat
3704 2623 3773 2662 an

489 2699 769 2770 parvulam
813 2716 909 2755 se:
956 2715 1220 2755 annorum
1275 2698 1389 2756 fere
1417 2699 1591 2755 defert
1640 2700 1824 2766 tiliam,
1858 2701 2076 2757 nomine
2177 2700 2355 2755 valeat
2407 2701 2583 2757 adhuc
2632 2700 3024 2770 aliquantulum
3080 2700 3471 2771 prOpinquare.
3534 2698 3775 2770 Moxque

498 2791 757 2848 Vulfidem
791 2809 805 2845 :
838 2806 959 2862 qua:
991 2790 1118 2845 dum
1160 2790 1393 2862 quadam
1434 2789 1521 2844 die
1557 2804 1679 2845 cum
1708 2790 1905 2845 ceteris
1928 2789 2076 2847 lude—
2178 2790 2360 2846 divina
2410 2791 2702 2846 miserante
2732 2791 3038 2855 clementia,
3069 2790 3222 2863 vigor
3255 2791 3413 2861 éegris
3439 2792 3657 2845 additur
3684 2789 3774 2845 ni-

492 2892 595 2949 ret,
628 2885 696 2939 ab
745 2882 925 2953 aliqua
975 2890 1289 2938 transeunte
1341 2879 1481 2936 forte
1537 2879 1764 2937 muliere
1812 2897 2069 2952 percussa
2178 2882 2359 2949 sibus;
2390 2883 2701 2953 viribusque
2746 2897 2868 2938 cum
2913 2881 3228 2939 salubritate
3288 2883 3545 2954 receptis,
3589 2882 3772 2938 libera

493 2968 671 3043 fuerat
719 2975 774 3029 in
826 2975 1020 3046 capite.
1052 2970 1170 3041 Quo
1212 2973 1320 3028 ictu
1370 2972 1519 3041 lassa,
1576 2973 1648 3028 ita
1687 2982 1746 3028 ut
1780 2974 1897 3042 ejus
1926 2968 2073 3031 retro
2136 3030 2143 3035 ,
2180 2974 2444 3030 festinans
2467 2974 2767 3041 celeritate,
2793 2975 3068 3045 nimiaque
3109 2974 3414 3045 tripudians
3457 2973 3769 3036 hilaritate,

495 3064 752 3143 reflexum
798 3065 1062 3121 inhmrere
1106 3064 1254 3121 cervi
1291 3064 1569 3119 videretur
1609 3065 1943 3137 occipitium,
1974 3083 2075 3124 nec
2177 3079 2285 3136 quo
2306 3066 2623 3122 decreverat
2643 3075 2845 3134 aegrota
2868 3081 2927 3121 se
2956 3066 3173 3120 trahere
3206 3065 3330 3136 agili
3359 3065 3523 3133 erepit
3550 3064 3776 3120 incessu

491 3160 546 3216 iu
567 3156 726 3213 aliam
759 3165 920 3228 caput
951 3155 1218 3211 reclinare
1252 3163 1465 3225 partem
1505 3154 1741 3222 valeret;
1788 3156 1891 3213 cibi
1943 3173 2073 3214 vero
2105 3217 2142 3230 Α
2179 3156 2421 3228 gaudens
2447 3158 3180 3230 approperare.lttfirmitatis
3194 3159 3357 3213 ctiam
3382 3172 3492 3213 stne
3520 3157 3775 3213 solamen

488 3247 712 3315 nullam,
736 3217 842 3303 nisi
870 3246 1128 3317 liquidam
1159 3260 1373 3301 sumere
1393 3254 1577 3315 posset
1599 3247 2069 3316 sustentationem,
2099 3217 2142 3279 C
2178 3217 2341 3303 manu
2370 3217 2552 3305 ferens
2590 3217 2863 3314 baculum,
2892 3251 2997 3304 iter
3035 3250 3248 3321 peragit
3273 3250 3623 3314 destinatum,
3655 3264 3775 3305 non
3825 3282 3833 3288 -

491 3355 612 3409 quae
654 3340 922 3412 integrum
968 3336 1069 3393 sub
1119 3335 1210 3392 tali
1260 3335 1430 3391 ferme
1469 3335 1655 3392 labore
1678 3337 1910 3395 duxerat
1947 3341 2073 3396 anni
2178 3348 2237 3394 ut
2265 3336 2381 3407 ejus
2412 3338 2643 3408 amplius
2673 3347 2856 3409 egeret
2882 3336 3109 3404 auxilio,
3137 3339 3232 3394 sed
3260 3351 3317 3394 ut
3349 3339 3402 3394 in
3442 3339 3605 3409 hujus
3626 3340 3779 3394 datm

491 3425 842 3485 curriculum.
893 3423 1065 3492 Quam
1120 3433 1293 3480 mater
1335 3423 1529 3481 alTectu
1590 3425 1818 3499 diligens
1864 3436 2071 3497 tenero,
2178 3429 2278 3483 sibi
2326 3428 2575 3484 sanitatis
2611 3429 2924 3483 ostenderet
2954 3429 3284 3484 testimonio.
3327 3427 3778 3501 Perveniensque

491 3509 665 3593 deque
714 3519 906 3576 salutis
952 3517 1121 3590 ipsius
1141 3517 1367 3573 sollicita
1397 3519 1828 3589 recuperatione,
1869 3522 2075 3578 studuit
2175 3532 2283 3588 quo
2312 3515 3097 3582 desideraverat,laudabuuda
3123 3519 3349 3575 devotas
3398 3520 3769 3576 interventori

491 3611 702 3666 obviam
737 3610 1024 3665 deducere.
1067 3607 1312 3678 Dumque
1355 3608 1600 3663 cominus
1633 3608 1702 3664 ob
1748 3610 2071 3667 densitatem
2175 3622 2274 3661 suo
2333 3606 2577 3676 rependit
2623 3606 2826 3677 gratias
2881 3624 2895 3660 :
2942 3606 3137 3677 hicque
3176 3596 3441 3679 perlatum
3476 3610 3779 3666 dimittens

491 3700 852 3757 multitudinis
879 3716 984 3756 non
1019 3699 1163 3755 valet
1203 3699 1485 3765 accedere,
1532 3708 1789 3769 procurat
1824 3700 2071 3770 aliquan-
2176 3694 2449 3759 bacillum,
2503 3696 2693 3765 prisca:
2724 3695 3051 3751 calamitatis
3092 3712 3204 3752 suzc
3251 3698 3538 3764 solatium,
3562 3701 3783 3761 alacris

492 3792 663 3849 tolum
687 3791 874 3863 vulgus
900 3789 1241 3846 antecedere.
1268 3788 1386 3844 Mox
1441 3789 1495 3845 in
1521 3790 1607 3844 via
1648 3805 1745 3860 per
1779 3806 1940 3861 quam
1971 3792 2074 3847 iter
2170 3784 2303 3858 iam,
2334 3800 2434 3842 nec
2460 3787 2580 3856 opis
2624 3785 2785 3856 hujus
2815 3786 3051 3859 indigna,
3090 3788 3282 3858 repetit
3326 3789 3428 3844 iter
3455 3805 3783 3861 emensum,

491 3891 611 3938 erat
634 3883 926 3954 agendum,
956 3896 1077 3936 sese
1105 3890 1477 3951 prosternens,
1524 3880 1685 3935 simul
1711 3896 1832 3935 cum
1868 3880 2071 3946 sobole,
2175 3877 2416 3933 referens
2447 3877 2564 3933 lteta
2597 3879 2884 3949 qumsitum
2924 3879 3119 3936 divinae
3149 3880 3540 3938 consolationis
3569 3882 3783 3941 suifra-

488 3973 623 4028 fnlta
664 3973 840 4028 valida
869 3974 990 4040 fide,
1023 3987 1213 4042 preces
1260 3972 1326 4026 ad
1360 3964 1646 4027 Dominum
1670 3973 1862 4028 devota
1891 3974 2074 4047 dirigit
2174 3970 2345 4041 gium.

490 4062 689 4122 tuente.
721 4065 959 4121 Necdum
990 4063 1059 4117 ab
1099 4063 1343 4119 oratione
1367 4072 1647 4128 cessarat,
1677 4072 1732 4118 et
1757 4078 1883 4120 ecce
1907 4066 2074 4136 ipsius
2244 4060 2552 4117 Adveniens
2596 4060 2862 4131 pontifex,
2901 4061 3031 4118 cieri
3072 4072 3492 4136 magnatttmque
3530 4066 3778 4135 stipatus

489 4157 651 4227 coepit
680 4154 965 4211 vociferari
1014 4153 1141 4208 filia.
1182 4152 1353 4220 Quam
1391 4153 1661 4224 genitrix,
1704 4162 1762 4207 ut
1808 4156 2073 4211 maternis
2174 4153 2411 4221 agmine,
2452 4151 2672 4205 victima
2721 4151 2913 4206 salutis
2943 4152 3148 4218 oblata,
3180 4154 3421 4209 vestibus
3450 4155 3585 4211 albis
3616 4157 3780 4213 indu-

491 4249 800 4304 cousoletur
847 4245 1146 4311 blanditiis,
1207 4228 1458 4315 surgens,
1508 4245 1726 4310 intuita,
1770 4257 1935 4317 caput
1955 4250 2073 4320 ejus
2175 4248 2279 4302 tus,
2315 4256 2435 4294 cum
2465 4239 2650 4295 choris
2676 4239 3017 4309 psallentium
3048 4243 3419 4311 gratissimum
3455 4246 3671 4301 deducit
3694 4250 3776 4303 ad

491 4340 560 4397 ab
597 4338 885 4397 inﬂexione
904 4336 1052 4391 videt
1078 4336 1146 4391 ad
1176 4336 1448 4407 propriam
1499 4338 1835 4393 rectitudinis
1874 4340 2071 4396 tineam
2175 4333 2374 4386 moenia
2426 4333 2663 4387 civitatis
2714 4334 3047 4388 thesaurum.
3075 4333 3181 4389 lllis
3212 4348 3392 4391 autent
3423 4336 3656 4395 feliciter
3686 4356 3778 4397 eo

493 4443 784 4485 remeasse.
812 4425 855 4482 Τ
862 4442 964 4481 unc
993 4425 1157 4481 nimia
1183 4425 1475 4486 hilaritate
1523 4427 1749 4498 repleta,
1781 4432 1876 4484 sed
1918 4436 1974 4484 et
2007 4430 2072 4485 de
2176 4424 2673 4495 progredientibus,
2704 4435 2761 4481 et
2792 4436 3070 4497 gratanter
3098 4428 3163 4483 ad
3208 4431 3535 4486 destinatum
3583 4432 3774 4490 locum

488 4514 660 4594 prolis
706 4519 939 4574 sanitate
985 4517 1209 4580 confisa,
1242 4517 1578 4586 perlustrans
1609 4519 1846 4575 vulneris
1868 4520 2068 4586 locum,
2100 4558 2150 4620 Β
2179 4519 2538 4583 tendentibus,
2582 4520 2925 4589 omnipotens
2976 4522 3116 4576 Deus
3172 4525 3227 4578 in
3259 4525 3417 4593 hujus
3454 4526 3775 4585 charissimi

492 4612 667 4668 cernit
689 4608 947 4680 sanguine
976 4605 1268 4674 madidum,
1293 4622 1592 4677 nervosque
1620 4609 1711 4664 diu
1737 4619 2068 4679 contractos,
2102 4605 2146 4620 “’
2180 4612 2262 4666 sui
2289 4610 2676 4682 glorificatione
2707 4610 2905 4668 fontem
2953 4629 3063 4667 sum
3086 4614 3433 4687 benignitatis
3456 4633 3520 4672 ac
3549 4619 3776 4689 largita-

420 4702 425 4707 ⁴
493 4720 559 4759 ac
585 4703 628 4758 si
660 4700 814 4755 funes
841 4698 1075 4761 extendi,
1107 4698 1416 4768 productos.
1458 4699 1552 4753 Sic
1600 4710 1821 4769 accepta
1861 4702 2074 4755 miseri-
2182 4703 2252 4759 tis
2276 4702 2487 4758 abunde
2512 4710 2596 4758 est
2629 4703 2880 4775 dignatus
2906 4704 3201 4770 effundere,
3230 4716 3288 4761 ut
3317 4708 3595 4780 vixlingua
3615 4727 3778 4779 quac-

490 4791 690 4846 cordia:
732 4803 893 4858 quam
923 4786 1213 4857 qumsierat
1253 4786 1652 4852 benedictione,
1692 4787 1909 4844 domum
1952 4789 2071 4845 lteta
2180 4799 2313 4854 libet
2334 4797 2482 4853 cﬁ‘ari
2506 4797 2700 4864 valeat,
2724 4813 2843 4867 quae
2870 4798 2971 4852 hoc
2998 4807 3123 4854 tunc
3150 4799 3343 4853 itinere
3365 4814 3460 4870 per
3488 4802 3601 4870 ipsa
3626 4818 3774 4871 pene

491 4897 614 4937 cum
647 4879 942 4951 gratiarum
967 4877 1255 4932 revertitur
1282 4877 1516 4932 actione.

2198 4898 2559 4944 uomentanea
2602 4896 2753 4956 gesta
2805 4886 3125 4955 probantur
3153 4886 3405 4943 horarum
3446 4889 3767 4946 interstitio.

565 4974 678 5029 [lac
700 4970 1133 5032 igiturdignitate
1157 4968 1582 5032 clarificationis,
1611 4978 1665 5025 et
1689 4986 1866 5027 rerum
1893 4982 2073 5032 gesta-
2180 4979 2313 5032 Nam
2345 4987 2546 5032 tantam
2577 4962 2834 5031 Dominus
2864 4976 2951 5031 hic
2979 4986 3232 5032 oneratus
3281 4988 3364 5032 est
3409 4979 3511 5032 hac
3536 4981 3624 5032 die
3660 4982 3770 5032 mi-
