  <div class='ocr_page' id='page_1' title='image "/cluster/home/n/w/nwhite01/storage/ocr_20150623/135/hvd.32044015471758/046.png"; bbox 0 0 3974 5392; ppageno 0'>
   <div class='ocr_carea' id='block_1_1' title="bbox 196 264 1804 360">
    <p class='ocr_par' dir='ltr' id='par_1_1' title="bbox 196 264 1804 360">
     <span class='ocr_line' id='line_1_1' title="bbox 196 264 1804 360; baseline 0.004 -33"><span class='ocrx_word' id='word_1_1' title='bbox 196 269 259 328; x_wconf 65' lang='grc' dir='ltr'><strong>αι</strong></span> <span class='ocrx_word' id='word_1_2' title='bbox 790 264 1162 360; x_wconf 60' lang='grc' dir='ltr'><strong>ΙξίΒΊὉΙῖΙΑῖ⁶</strong></span> <span class='ocrx_word' id='word_1_3' title='bbox 1179 274 1536 334; x_wconf 66' lang='lat' dir='ltr'><strong>ECCLESIE</strong></span> <span class='ocrx_word' id='word_1_4' title='bbox 1577 275 1804 333; x_wconf 64' lang='lat' dir='ltr'><strong>REMER</strong></span> 
     </span>
    </p>
   </div>
   <div class='ocr_carea' id='block_1_2' title="bbox 1912 264 3488 360">
    <p class='ocr_par' dir='ltr' id='par_1_2' title="bbox 1912 276 3488 355">
     <span class='ocr_line' id='line_1_2' title="bbox 1912 276 3488 355; baseline 0.013 -21"><span class='ocrx_word' id='word_1_5' title='bbox 1912 281 1923 334; x_wconf 67' lang='grc' dir='ltr'><strong>ι</strong></span> <span class='ocrx_word' id='word_1_6' title='bbox 1959 279 2141 337; x_wconf 79' lang='lat' dir='ltr'><strong>ueni</strong></span> <span class='ocrx_word' id='word_1_7' title='bbox 2180 276 2647 352; x_wconf 62' lang='lat' dir='ltr'><strong>QU.trU0tt.‘——</strong></span> <span class='ocrx_word' id='word_1_8' title='bbox 2680 289 2806 344; x_wconf 82' lang='lat' dir='ltr'><strong>un.</strong></span> <span class='ocrx_word' id='word_1_9' title='bbox 2846 291 2885 345; x_wconf 93' lang='lat' dir='ltr'><strong>t.</strong></span> <span class='ocrx_word' id='word_1_10' title='bbox 2964 322 2973 331; x_wconf 70' lang='grc' dir='ltr'><strong>ς</strong></span> <span class='ocrx_word' id='word_1_11' title='bbox 3416 297 3488 355; x_wconf 73' lang='lat' dir='ltr'><strong>ts</strong></span> 
     </span>
    </p>
   </div>
   <div class='ocr_carea' id='block_1_3' title="bbox 195 381 3492 485">
    <p class='ocr_par' dir='ltr' id='par_1_3' title="bbox 195 381 3492 485">
     <span class='ocr_line' id='line_1_3' title="bbox 195 381 3492 485; baseline 0.008 -50"><span class='ocrx_word' id='word_1_12' title='bbox 195 384 451 485; x_wconf 76' lang='lat' dir='ltr'><strong>gemitus</strong></span> <span class='ocrx_word' id='word_1_13' title='bbox 476 384 682 449; x_wconf 84' lang='lat' dir='ltr'><strong>ederet,</strong></span> <span class='ocrx_word' id='word_1_14' title='bbox 708 396 904 485; x_wconf 69' lang='lat' dir='ltr'><strong>pectus</strong></span> <span class='ocrx_word' id='word_1_15' title='bbox 923 387 1199 455; x_wconf 89' lang='lat' dir='ltr'><strong>tunderet,</strong></span> <span class='ocrx_word' id='word_1_16' title='bbox 1225 387 1494 460; x_wconf 87' lang='lat' dir='ltr'><strong>lacrymas</strong></span> <span class='ocrx_word' id='word_1_17' title='bbox 1528 386 1796 454; x_wconf 85' lang='lat' dir='ltr'><strong>funderet,</strong></span> <span class='ocrx_word' id='word_1_18' title='bbox 1832 381 1875 436; x_wconf 74' lang='grc' dir='ltr'><strong>Α</strong></span> <span class='ocrx_word' id='word_1_19' title='bbox 1906 403 2097 463; x_wconf 90' lang='lat' dir='ltr'><strong>petunt</strong></span> <span class='ocrx_word' id='word_1_20' title='bbox 2125 398 2388 464; x_wconf 66' lang='lat' dir='ltr'><strong>ecclesias,</strong></span> <span class='ocrx_word' id='word_1_21' title='bbox 2419 402 2602 459; x_wconf 85' lang='lat' dir='ltr'><strong>videre</strong></span> <span class='ocrx_word' id='word_1_22' title='bbox 2647 385 2928 475; x_wconf 83' lang='lat' dir='ltr'><strong>cupientes</strong></span> <span class='ocrx_word' id='word_1_23' title='bbox 2952 410 3217 485; x_wconf 82' lang='lat' dir='ltr'><strong>magnalia</strong></span> <span class='ocrx_word' id='word_1_24' title='bbox 3249 412 3367 468; x_wconf 78' lang='lat' dir='ltr'><strong>Dei.</strong></span> <span class='ocrx_word' id='word_1_25' title='bbox 3399 416 3492 469; x_wconf 71' lang='grc' dir='ltr'><strong>γε.</strong></span> 
     </span>
    </p>
   </div>
   <div class='ocr_carea' id='block_1_4' title="bbox 198 475 1800 546">
    <p class='ocr_par' dir='ltr' id='par_1_4' title="bbox 198 475 1800 546">
     <span class='ocr_line' id='line_1_4' title="bbox 198 475 1800 546; baseline 0.004 -18"><span class='ocrx_word' id='word_1_26' title='bbox 198 476 329 528; x_wconf 84' lang='lat' dir='ltr'><strong>dum</strong></span> <span class='ocrx_word' id='word_1_27' title='bbox 381 483 500 529; x_wconf 91' lang='lat' dir='ltr'><strong>tam</strong></span> <span class='ocrx_word' id='word_1_28' title='bbox 561 476 823 546; x_wconf 87' lang='lat' dir='ltr'><strong>stupenda</strong></span> <span class='ocrx_word' id='word_1_29' title='bbox 854 475 1159 533; x_wconf 91' lang='lat' dir='ltr'><strong>divinorum</strong></span> <span class='ocrx_word' id='word_1_30' title='bbox 1212 478 1352 533; x_wconf 86' lang='lat' dir='ltr'><strong>dona</strong></span> <span class='ocrx_word' id='word_1_31' title='bbox 1415 478 1800 534; x_wconf 87' lang='lat' dir='ltr'><strong>charismatum</strong></span> 
     </span>
    </p>
   </div>
   <div class='ocr_carea' id='block_1_5' title="bbox 196 566 1803 641">
    <p class='ocr_par' dir='ltr' id='par_1_5' title="bbox 196 566 1803 641">
     <span class='ocr_line' id='line_1_5' title="bbox 196 566 1803 641; baseline 0.003 -22"><span class='ocrx_word' id='word_1_32' title='bbox 196 566 592 636; x_wconf 80' lang='lat' dir='ltr'><strong>conspiceret?</strong></span> <span class='ocrx_word' id='word_1_33' title='bbox 625 567 758 636; x_wconf 86' lang='lat' dir='ltr'><strong>Quis</strong></span> <span class='ocrx_word' id='word_1_34' title='bbox 784 568 984 623; x_wconf 89' lang='lat' dir='ltr'><strong>etenim</strong></span> <span class='ocrx_word' id='word_1_35' title='bbox 1007 578 1168 641; x_wconf 90' lang='lat' dir='ltr'><strong>queat</strong></span> <span class='ocrx_word' id='word_1_36' title='bbox 1193 583 1515 625; x_wconf 82' lang='lat' dir='ltr'><strong>enumerare</strong></span> <span class='ocrx_word' id='word_1_37' title='bbox 1543 570 1803 624; x_wconf 88' lang='lat' dir='ltr'><strong>ntirorum</strong></span> 
     </span>
    </p>
   </div>
   <div class='ocr_carea' id='block_1_6' title="bbox 196 655 1800 730">
    <p class='ocr_par' dir='ltr' id='par_1_6' title="bbox 196 655 1800 730">
     <span class='ocr_line' id='line_1_6' title="bbox 196 655 1800 730; baseline 0.001 -19"><span class='ocrx_word' id='word_1_38' title='bbox 196 655 417 727; x_wconf 86' lang='lat' dir='ltr'><strong>copiam</strong></span> <span class='ocrx_word' id='word_1_39' title='bbox 446 656 672 713; x_wconf 63' lang='lat' dir='ltr'><strong>caelitus</strong></span> <span class='ocrx_word' id='word_1_40' title='bbox 726 657 814 713; x_wconf 88' lang='lat' dir='ltr'><strong>hic</strong></span> <span class='ocrx_word' id='word_1_41' title='bbox 853 673 916 713; x_wconf 90' lang='lat' dir='ltr'><strong>ea</strong></span> <span class='ocrx_word' id='word_1_42' title='bbox 940 657 1027 714; x_wconf 91' lang='lat' dir='ltr'><strong>die</strong></span> <span class='ocrx_word' id='word_1_43' title='bbox 1056 658 1368 730; x_wconf 81' lang='lat' dir='ltr'><strong>profusam?</strong></span> <span class='ocrx_word' id='word_1_44' title='bbox 1386 658 1556 714; x_wconf 80' lang='lat' dir='ltr'><strong>Nemo</strong></span> <span class='ocrx_word' id='word_1_45' title='bbox 1592 674 1800 724; x_wconf 82' lang='lat' dir='ltr'><strong>revera,</strong></span> 
     </span>
    </p>
   </div>
   <div class='ocr_carea' id='block_1_7' title="bbox 197 749 1805 822">
    <p class='ocr_par' dir='ltr' id='par_1_7' title="bbox 197 749 1805 822">
     <span class='ocr_line' id='line_1_7' title="bbox 197 749 1805 822; baseline 0.004 -21"><span class='ocrx_word' id='word_1_46' title='bbox 197 749 289 818; x_wconf 90' lang='lat' dir='ltr'><strong>qui</strong></span> <span class='ocrx_word' id='word_1_47' title='bbox 330 749 643 818; x_wconf 67' lang='lat' dir='ltr'><strong>prasvaleat</strong></span> <span class='ocrx_word' id='word_1_48' title='bbox 681 751 936 820; x_wconf 80' lang='lat' dir='ltr'><strong>expedire</strong></span> <span class='ocrx_word' id='word_1_49' title='bbox 994 767 1247 807; x_wconf 91' lang='lat' dir='ltr'><strong>sermone</strong></span> <span class='ocrx_word' id='word_1_50' title='bbox 1291 760 1422 821; x_wconf 92' lang='lat' dir='ltr'><strong>quot</strong></span> <span class='ocrx_word' id='word_1_51' title='bbox 1476 757 1805 822; x_wconf 72' lang='lat' dir='ltr'><strong>aegrotantes</strong></span> 
     </span>
    </p>
   </div>
   <div class='ocr_carea' id='block_1_8' title="bbox 200 838 1805 914">
    <p class='ocr_par' dir='ltr' id='par_1_8' title="bbox 200 838 1805 914">
     <span class='ocr_line' id='line_1_8' title="bbox 200 838 1805 914; baseline 0.005 -23"><span class='ocrx_word' id='word_1_52' title='bbox 200 838 409 905; x_wconf 85' lang='lat' dir='ltr'><strong>sanati,</strong></span> <span class='ocrx_word' id='word_1_53' title='bbox 437 848 581 911; x_wconf 90' lang='lat' dir='ltr'><strong>quot</strong></span> <span class='ocrx_word' id='word_1_54' title='bbox 610 840 907 896; x_wconf 71' lang='lat' dir='ltr'><strong>titubantes</strong></span> <span class='ocrx_word' id='word_1_55' title='bbox 934 842 1125 909; x_wconf 86' lang='lat' dir='ltr'><strong>erecti,</strong></span> <span class='ocrx_word' id='word_1_56' title='bbox 1165 850 1299 913; x_wconf 89' lang='lat' dir='ltr'><strong>quot</strong></span> <span class='ocrx_word' id='word_1_57' title='bbox 1330 842 1446 914; x_wconf 88' lang='lat' dir='ltr'><strong>ipsa</strong></span> <span class='ocrx_word' id='word_1_58' title='bbox 1468 842 1555 899; x_wconf 91' lang='lat' dir='ltr'><strong>die</strong></span> <span class='ocrx_word' id='word_1_59' title='bbox 1576 843 1805 900; x_wconf 78' lang='lat' dir='ltr'><strong>diversis</strong></span> 
     </span>
    </p>
   </div>
   <div class='ocr_carea' id='block_1_9' title="bbox 199 929 1020 990">
    <p class='ocr_par' dir='ltr' id='par_1_9' title="bbox 199 929 1020 990">
     <span class='ocr_line' id='line_1_9' title="bbox 199 929 1020 990; baseline 0.004 -4"><span class='ocrx_word' id='word_1_60' title='bbox 199 929 289 986; x_wconf 82' lang='lat' dir='ltr'><strong>ltic</strong></span> <span class='ocrx_word' id='word_1_61' title='bbox 312 940 455 987; x_wconf 91' lang='lat' dir='ltr'><strong>sunt</strong></span> <span class='ocrx_word' id='word_1_62' title='bbox 482 932 735 988; x_wconf 82' lang='lat' dir='ltr'><strong>cladibus</strong></span> <span class='ocrx_word' id='word_1_63' title='bbox 766 932 1020 990; x_wconf 83' lang='lat' dir='ltr'><strong>absoluti.</strong></span> 
     </span>
    </p>
   </div>
   <div class='ocr_carea' id='block_1_10' title="bbox 265 1043 1802 1119">
    <p class='ocr_par' dir='ltr' id='par_1_10' title="bbox 265 1043 1802 1119">
     <span class='ocr_line' id='line_1_10' title="bbox 265 1043 1802 1119; baseline 0.005 -22"><span class='ocrx_word' id='word_1_64' title='bbox 265 1043 407 1098; x_wconf 83' lang='lat' dir='ltr'><strong>Post</strong></span> <span class='ocrx_word' id='word_1_65' title='bbox 444 1044 667 1116; x_wconf 76' lang='lat' dir='ltr'><strong>expleta</strong></span> <span class='ocrx_word' id='word_1_66' title='bbox 713 1046 1061 1119; x_wconf 77' lang='lat' dir='ltr'><strong>mysticorum</strong></span> <span class='ocrx_word' id='word_1_67' title='bbox 1117 1047 1457 1106; x_wconf 89' lang='lat' dir='ltr'><strong>discedentes</strong></span> <span class='ocrx_word' id='word_1_68' title='bbox 1482 1065 1659 1117; x_wconf 89' lang='lat' dir='ltr'><strong>sacra,</strong></span> <span class='ocrx_word' id='word_1_69' title='bbox 1683 1065 1802 1105; x_wconf 90' lang='lat' dir='ltr'><strong>ma-</strong></span> 
     </span>
    </p>
   </div>
   <div class='ocr_carea' id='block_1_11' title="bbox 200 1137 1806 1211">
    <p class='ocr_par' dir='ltr' id='par_1_11' title="bbox 200 1137 1806 1211">
     <span class='ocr_line' id='line_1_11' title="bbox 200 1137 1806 1211; baseline 0.004 -20"><span class='ocrx_word' id='word_1_70' title='bbox 200 1137 467 1193; x_wconf 81' lang='lat' dir='ltr'><strong>turabant</strong></span> <span class='ocrx_word' id='word_1_71' title='bbox 496 1140 703 1211; x_wconf 87' lang='lat' dir='ltr'><strong>quique</strong></span> <span class='ocrx_word' id='word_1_72' title='bbox 752 1149 998 1211; x_wconf 83' lang='lat' dir='ltr'><strong>repetere</strong></span> <span class='ocrx_word' id='word_1_73' title='bbox 1040 1157 1159 1198; x_wconf 86' lang='lat' dir='ltr'><strong>sua.</strong></span> <span class='ocrx_word' id='word_1_74' title='bbox 1197 1141 1304 1198; x_wconf 92' lang='lat' dir='ltr'><strong>Sed</strong></span> <span class='ocrx_word' id='word_1_75' title='bbox 1332 1143 1475 1199; x_wconf 87' lang='lat' dir='ltr'><strong>inter</strong></span> <span class='ocrx_word' id='word_1_76' title='bbox 1511 1142 1806 1200; x_wconf 88' lang='lat' dir='ltr'><strong>absceden-</strong></span> 
     </span>
    </p>
   </div>
   <div class='ocr_carea' id='block_1_12' title="bbox 198 1229 1807 1296">
    <p class='ocr_par' dir='ltr' id='par_1_12' title="bbox 198 1229 1807 1296">
     <span class='ocr_line' id='line_1_12' title="bbox 198 1229 1807 1296; baseline 0.001 -11"><span class='ocrx_word' id='word_1_77' title='bbox 198 1230 326 1285; x_wconf 84' lang='lat' dir='ltr'><strong>dam</strong></span> <span class='ocrx_word' id='word_1_78' title='bbox 356 1229 557 1285; x_wconf 80' lang='lat' dir='ltr'><strong>minax</strong></span> <span class='ocrx_word' id='word_1_79' title='bbox 583 1231 716 1286; x_wconf 91' lang='lat' dir='ltr'><strong>oriri</strong></span> <span class='ocrx_word' id='word_1_80' title='bbox 766 1232 1068 1296; x_wconf 88' lang='lat' dir='ltr'><strong>territatio,</strong></span> <span class='ocrx_word' id='word_1_81' title='bbox 1112 1233 1283 1289; x_wconf 86' lang='lat' dir='ltr'><strong>nubes</strong></span> <span class='ocrx_word' id='word_1_82' title='bbox 1319 1234 1612 1289; x_wconf 81' lang='lat' dir='ltr'><strong>teterrimae</strong></span> <span class='ocrx_word' id='word_1_83' title='bbox 1646 1233 1807 1288; x_wconf 85' lang='lat' dir='ltr'><strong>terri-</strong></span> 
     </span>
    </p>
   </div>
   <div class='ocr_carea' id='block_1_13' title="bbox 197 1321 1808 1401">
    <p class='ocr_par' dir='ltr' id='par_1_13' title="bbox 197 1321 1808 1401">
     <span class='ocr_line' id='line_1_13' title="bbox 197 1321 1808 1401; baseline 0.001 -23"><span class='ocrx_word' id='word_1_84' title='bbox 197 1321 454 1393; x_wconf 81' lang='lat' dir='ltr'><strong>bilesque</strong></span> <span class='ocrx_word' id='word_1_85' title='bbox 487 1339 840 1395; x_wconf 75' lang='lat' dir='ltr'><strong>consurgere,</strong></span> <span class='ocrx_word' id='word_1_86' title='bbox 867 1325 1168 1381; x_wconf 82' lang='lat' dir='ltr'><strong>truculenta</strong></span> <span class='ocrx_word' id='word_1_87' title='bbox 1194 1326 1376 1401; x_wconf 91' lang='lat' dir='ltr'><strong>polum</strong></span> <span class='ocrx_word' id='word_1_88' title='bbox 1407 1326 1638 1399; x_wconf 86' lang='lat' dir='ltr'><strong>caligine</strong></span> <span class='ocrx_word' id='word_1_89' title='bbox 1666 1326 1808 1381; x_wconf 88' lang='lat' dir='ltr'><strong>clau-</strong></span> 
     </span>
    </p>
   </div>
   <div class='ocr_carea' id='block_1_14' title="bbox 197 1415 1808 1490">
    <p class='ocr_par' dir='ltr' id='par_1_14' title="bbox 197 1415 1808 1490">
     <span class='ocr_line' id='line_1_14' title="bbox 197 1415 1808 1490; baseline 0.002 -20"><span class='ocrx_word' id='word_1_90' title='bbox 197 1415 347 1479; x_wconf 83' lang='lat' dir='ltr'><strong>dere.</strong></span> <span class='ocrx_word' id='word_1_91' title='bbox 362 1417 583 1473; x_wconf 85' lang='lat' dir='ltr'><strong>micare</strong></span> <span class='ocrx_word' id='word_1_92' title='bbox 597 1416 833 1489; x_wconf 76' lang='lat' dir='ltr'><strong>fulgura,</strong></span> <span class='ocrx_word' id='word_1_93' title='bbox 857 1433 1186 1490; x_wconf 82' lang='lat' dir='ltr'><strong>concrepare</strong></span> <span class='ocrx_word' id='word_1_94' title='bbox 1215 1419 1472 1483; x_wconf 87' lang='lat' dir='ltr'><strong>tonitrua,</strong></span> <span class='ocrx_word' id='word_1_95' title='bbox 1493 1416 1808 1488; x_wconf 85' lang='lat' dir='ltr'><strong>grandoque</strong></span> 
     </span>
    </p>
   </div>
   <div class='ocr_carea' id='block_1_15' title="bbox 198 1508 1808 1580">
    <p class='ocr_par' dir='ltr' id='par_1_15' title="bbox 198 1508 1808 1580">
     <span class='ocr_line' id='line_1_15' title="bbox 198 1508 1808 1580; baseline -0.002 -16"><span class='ocrx_word' id='word_1_96' title='bbox 198 1509 374 1564; x_wconf 85' lang='lat' dir='ltr'><strong>solum</strong></span> <span class='ocrx_word' id='word_1_97' title='bbox 433 1508 734 1575; x_wconf 83' lang='lat' dir='ltr'><strong>verberare</strong></span> <span class='ocrx_word' id='word_1_98' title='bbox 783 1510 951 1580; x_wconf 49' lang='lat' dir='ltr'><strong>carpit</strong></span> <span class='ocrx_word' id='word_1_99' title='bbox 998 1525 1106 1565; x_wconf 89' lang='lat' dir='ltr'><strong>non</strong></span> <span class='ocrx_word' id='word_1_100' title='bbox 1160 1508 1399 1564; x_wconf 88' lang='lat' dir='ltr'><strong>mininta.</strong></span> <span class='ocrx_word' id='word_1_101' title='bbox 1435 1508 1553 1576; x_wconf 92' lang='lat' dir='ltr'><strong>Quo</strong></span> <span class='ocrx_word' id='word_1_102' title='bbox 1598 1516 1808 1561; x_wconf 85' lang='lat' dir='ltr'><strong>terrore</strong></span> 
     </span>
    </p>
   </div>
   <div class='ocr_carea' id='block_1_16' title="bbox 199 1598 1808 1670">
    <p class='ocr_par' dir='ltr' id='par_1_16' title="bbox 199 1598 1808 1670">
     <span class='ocr_line' id='line_1_16' title="bbox 199 1598 1808 1670; baseline 0.001 -18"><span class='ocrx_word' id='word_1_103' title='bbox 199 1600 445 1669; x_wconf 77' lang='lat' dir='ltr'><strong>perculsi</strong></span> <span class='ocrx_word' id='word_1_104' title='bbox 504 1600 720 1656; x_wconf 87' lang='lat' dir='ltr'><strong>rediere</strong></span> <span class='ocrx_word' id='word_1_105' title='bbox 759 1599 1015 1670; x_wconf 85' lang='lat' dir='ltr'><strong>plurimi,</strong></span> <span class='ocrx_word' id='word_1_106' title='bbox 1064 1599 1406 1656; x_wconf 89' lang='lat' dir='ltr'><strong>clementiam</strong></span> <span class='ocrx_word' id='word_1_107' title='bbox 1454 1598 1808 1669; x_wconf 88' lang='lat' dir='ltr'><strong>deprecantes</strong></span> 
     </span>
    </p>
   </div>
   <div class='ocr_carea' id='block_1_17' title="bbox 197 1687 1810 1761">
    <p class='ocr_par' dir='ltr' id='par_1_17' title="bbox 197 1687 1810 1761">
     <span class='ocr_line' id='line_1_17' title="bbox 197 1687 1810 1761; baseline -0.002 -16"><span class='ocrx_word' id='word_1_108' title='bbox 197 1690 498 1756; x_wconf 75' lang='lat' dir='ltr'><strong>Altissitni,</strong></span> <span class='ocrx_word' id='word_1_109' title='bbox 518 1700 788 1760; x_wconf 86' lang='lat' dir='ltr'><strong>quatenus</strong></span> <span class='ocrx_word' id='word_1_110' title='bbox 808 1690 971 1761; x_wconf 84' lang='lat' dir='ltr'><strong>hujus</strong></span> <span class='ocrx_word' id='word_1_111' title='bbox 995 1690 1388 1746; x_wconf 89' lang='lat' dir='ltr'><strong>intercessione</strong></span> <span class='ocrx_word' id='word_1_112' title='bbox 1412 1688 1584 1759; x_wconf 86' lang='lat' dir='ltr'><strong>patris</strong></span> <span class='ocrx_word' id='word_1_113' title='bbox 1605 1687 1810 1743; x_wconf 86' lang='lat' dir='ltr'><strong>beatis-</strong></span> 
     </span>
    </p>
   </div>
   <div class='ocr_carea' id='block_1_18' title="bbox 201 1780 1801 1853">
    <p class='ocr_par' dir='ltr' id='par_1_18' title="bbox 201 1780 1801 1853">
     <span class='ocr_line' id='line_1_18' title="bbox 201 1780 1801 1853; baseline -0.003 -15"><span class='ocrx_word' id='word_1_114' title='bbox 201 1783 322 1838; x_wconf 81' lang='lat' dir='ltr'><strong>simi</strong></span> <span class='ocrx_word' id='word_1_115' title='bbox 356 1792 713 1839; x_wconf 77' lang='lat' dir='ltr'><strong>mererentur</strong></span> <span class='ocrx_word' id='word_1_116' title='bbox 740 1782 809 1838; x_wconf 89' lang='lat' dir='ltr'><strong>ab</strong></span> <span class='ocrx_word' id='word_1_117' title='bbox 836 1782 921 1839; x_wconf 88' lang='lat' dir='ltr'><strong>bis</strong></span> <span class='ocrx_word' id='word_1_118' title='bbox 952 1782 1360 1837; x_wconf 85' lang='lat' dir='ltr'><strong>imminentibus</strong></span> <span class='ocrx_word' id='word_1_119' title='bbox 1385 1780 1640 1853; x_wconf 85' lang='lat' dir='ltr'><strong>periculis</strong></span> <span class='ocrx_word' id='word_1_120' title='bbox 1660 1780 1801 1835; x_wconf 90' lang='lat' dir='ltr'><strong>erui.</strong></span> 
     </span>
    </p>
   </div>
   <div class='ocr_carea' id='block_1_19' title="bbox 201 1871 1804 1946">
    <p class='ocr_par' dir='ltr' id='par_1_19' title="bbox 201 1871 1804 1946">
     <span class='ocr_line' id='line_1_19' title="bbox 201 1871 1804 1946; baseline -0.002 -16"><span class='ocrx_word' id='word_1_121' title='bbox 201 1875 399 1933; x_wconf 68' lang='lat' dir='ltr'><strong>Mirum</strong></span> <span class='ocrx_word' id='word_1_122' title='bbox 430 1876 491 1930; x_wconf 87' lang='lat' dir='ltr'><strong>itt</strong></span> <span class='ocrx_word' id='word_1_123' title='bbox 519 1876 742 1931; x_wconf 84' lang='lat' dir='ltr'><strong>modum</strong></span> <span class='ocrx_word' id='word_1_124' title='bbox 783 1874 1145 1946; x_wconf 82' lang='lat' dir='ltr'><strong>perturbatio,</strong></span> <span class='ocrx_word' id='word_1_125' title='bbox 1177 1890 1299 1945; x_wconf 67' lang='lat' dir='ltr'><strong>quae</strong></span> <span class='ocrx_word' id='word_1_126' title='bbox 1325 1884 1588 1929; x_wconf 87' lang='lat' dir='ltr'><strong>terrorem</strong></span> <span class='ocrx_word' id='word_1_127' title='bbox 1622 1871 1804 1941; x_wconf 82' lang='lat' dir='ltr'><strong>incus-</strong></span> 
     </span>
    </p>
   </div>
   <div class='ocr_carea' id='block_1_20' title="bbox 203 1961 1804 2037">
    <p class='ocr_par' dir='ltr' id='par_1_20' title="bbox 203 1961 1804 2037">
     <span class='ocr_line' id='line_1_20' title="bbox 203 1961 1804 2037; baseline -0.003 -15"><span class='ocrx_word' id='word_1_128' title='bbox 203 1977 370 2031; x_wconf 74' lang='lat' dir='ltr'><strong>serat,</strong></span> <span class='ocrx_word' id='word_1_129' title='bbox 408 1967 718 2032; x_wconf 79' lang='lat' dir='ltr'><strong>immutari,</strong></span> <span class='ocrx_word' id='word_1_130' title='bbox 745 1966 967 2021; x_wconf 91' lang='lat' dir='ltr'><strong>nubium</strong></span> <span class='ocrx_word' id='word_1_131' title='bbox 997 1979 1277 2021; x_wconf 86' lang='lat' dir='ltr'><strong>rarescere</strong></span> <span class='ocrx_word' id='word_1_132' title='bbox 1303 1963 1370 2037; x_wconf 74' lang='grc' dir='ltr'><strong>[ε.</strong></span> <span class='ocrx_word' id='word_1_133' title='bbox 1408 1964 1447 2018; x_wconf 87' lang='lat' dir='ltr'><strong>i.</strong></span> <span class='ocrx_word' id='word_1_134' title='bbox 1479 1961 1804 2034; x_wconf 81' lang='lat' dir='ltr'><strong>clarescere]</strong></span> 
     </span>
    </p>
   </div>
   <div class='ocr_carea' id='block_1_21' title="bbox 206 2056 1804 2131">
    <p class='ocr_par' dir='ltr' id='par_1_21' title="bbox 206 2056 1804 2131">
     <span class='ocr_line' id='line_1_21' title="bbox 206 2056 1804 2131; baseline -0.004 -15"><span class='ocrx_word' id='word_1_135' title='bbox 206 2060 609 2125; x_wconf 76' lang='lat' dir='ltr'><strong>tenebrositas,</strong></span> <span class='ocrx_word' id='word_1_136' title='bbox 657 2074 879 2116; x_wconf 90' lang='lat' dir='ltr'><strong>cessare</strong></span> <span class='ocrx_word' id='word_1_137' title='bbox 941 2058 1184 2131; x_wconf 89' lang='lat' dir='ltr'><strong>fulgura,</strong></span> <span class='ocrx_word' id='word_1_138' title='bbox 1239 2057 1479 2128; x_wconf 84' lang='lat' dir='ltr'><strong>mitigari</strong></span> <span class='ocrx_word' id='word_1_139' title='bbox 1532 2056 1804 2120; x_wconf 84' lang='lat' dir='ltr'><strong>tonitrua,</strong></span> 
     </span>
    </p>
   </div>
   <div class='ocr_carea' id='block_1_22' title="bbox 205 2148 1808 2225">
    <p class='ocr_par' dir='ltr' id='par_1_22' title="bbox 205 2148 1808 2225">
     <span class='ocr_line' id='line_1_22' title="bbox 205 2148 1808 2225; baseline -0.002 -19"><span class='ocrx_word' id='word_1_140' title='bbox 205 2161 520 2225; x_wconf 83' lang='lat' dir='ltr'><strong>cunctaque</strong></span> <span class='ocrx_word' id='word_1_141' title='bbox 547 2150 727 2206; x_wconf 90' lang='lat' dir='ltr'><strong>sedari</strong></span> <span class='ocrx_word' id='word_1_142' title='bbox 755 2150 921 2220; x_wconf 75' lang='lat' dir='ltr'><strong>erepit</strong></span> <span class='ocrx_word' id='word_1_143' title='bbox 955 2164 1020 2205; x_wconf 90' lang='lat' dir='ltr'><strong>ac</strong></span> <span class='ocrx_word' id='word_1_144' title='bbox 1044 2148 1295 2219; x_wconf 90' lang='lat' dir='ltr'><strong>dissipari</strong></span> <span class='ocrx_word' id='word_1_145' title='bbox 1327 2155 1638 2218; x_wconf 85' lang='lat' dir='ltr'><strong>tempestas,</strong></span> <span class='ocrx_word' id='word_1_146' title='bbox 1668 2157 1808 2202; x_wconf 79' lang='lat' dir='ltr'><strong>ctex</strong></span> 
     </span>
    </p>
   </div>
   <div class='ocr_carea' id='block_1_23' title="bbox 210 2236 1806 2311">
    <p class='ocr_par' dir='ltr' id='par_1_23' title="bbox 210 2236 1806 2311">
     <span class='ocr_line' id='line_1_23' title="bbox 210 2236 1806 2311; baseline -0.003 -14"><span class='ocrx_word' id='word_1_147' title='bbox 210 2243 346 2297; x_wconf 89' lang='lat' dir='ltr'><strong>truci</strong></span> <span class='ocrx_word' id='word_1_148' title='bbox 376 2256 653 2298; x_wconf 87' lang='lat' dir='ltr'><strong>conversa</strong></span> <span class='ocrx_word' id='word_1_149' title='bbox 699 2241 756 2295; x_wconf 91' lang='lat' dir='ltr'><strong>in</strong></span> <span class='ocrx_word' id='word_1_150' title='bbox 797 2239 1161 2311; x_wconf 75' lang='lat' dir='ltr'><strong>exoptabilem</strong></span> <span class='ocrx_word' id='word_1_151' title='bbox 1215 2237 1448 2308; x_wconf 80' lang='lat' dir='ltr'><strong>pluviam</strong></span> <span class='ocrx_word' id='word_1_152' title='bbox 1511 2236 1806 2308; x_wconf 86' lang='lat' dir='ltr'><strong>grandine,</strong></span> 
     </span>
    </p>
   </div>
   <div class='ocr_carea' id='block_1_24' title="bbox 208 2328 1807 2402">
    <p class='ocr_par' dir='ltr' id='par_1_24' title="bbox 208 2328 1807 2402">
     <span class='ocr_line' id='line_1_24' title="bbox 208 2328 1807 2402; baseline -0.004 -13"><span class='ocrx_word' id='word_1_153' title='bbox 208 2334 421 2389; x_wconf 87' lang='lat' dir='ltr'><strong>telluris</strong></span> <span class='ocrx_word' id='word_1_154' title='bbox 446 2333 689 2388; x_wconf 90' lang='lat' dir='ltr'><strong>ubertim</strong></span> <span class='ocrx_word' id='word_1_155' title='bbox 735 2330 1070 2402; x_wconf 80' lang='lat' dir='ltr'><strong>superficies,</strong></span> <span class='ocrx_word' id='word_1_156' title='bbox 1106 2345 1225 2400; x_wconf 77' lang='lat' dir='ltr'><strong>qua:</strong></span> <span class='ocrx_word' id='word_1_157' title='bbox 1261 2329 1431 2384; x_wconf 92' lang='lat' dir='ltr'><strong>nimio</strong></span> <span class='ocrx_word' id='word_1_158' title='bbox 1457 2328 1586 2383; x_wconf 89' lang='lat' dir='ltr'><strong>solis</strong></span> <span class='ocrx_word' id='word_1_159' title='bbox 1614 2339 1807 2383; x_wconf 78' lang='lat' dir='ltr'><strong>exusta</strong></span> 
     </span>
    </p>
   </div>
   <div class='ocr_carea' id='block_1_25' title="bbox 206 2421 1809 2495">
    <p class='ocr_par' dir='ltr' id='par_1_25' title="bbox 206 2421 1809 2495">
     <span class='ocr_line' id='line_1_25' title="bbox 206 2421 1809 2495; baseline -0.003 -14"><span class='ocrx_word' id='word_1_160' title='bbox 206 2426 460 2481; x_wconf 74' lang='lat' dir='ltr'><strong>fervebat</strong></span> <span class='ocrx_word' id='word_1_161' title='bbox 484 2426 707 2489; x_wconf 90' lang='lat' dir='ltr'><strong>ardore,</strong></span> <span class='ocrx_word' id='word_1_162' title='bbox 751 2424 969 2495; x_wconf 85' lang='lat' dir='ltr'><strong>perfusa</strong></span> <span class='ocrx_word' id='word_1_163' title='bbox 998 2422 1237 2479; x_wconf 86' lang='lat' dir='ltr'><strong>secundo</strong></span> <span class='ocrx_word' id='word_1_164' title='bbox 1272 2422 1568 2477; x_wconf 75' lang='lat' dir='ltr'><strong>salubriter</strong></span> <span class='ocrx_word' id='word_1_165' title='bbox 1599 2421 1809 2476; x_wconf 84' lang='lat' dir='ltr'><strong>refove-</strong></span> 
     </span>
    </p>
   </div>
   <div class='ocr_carea' id='block_1_26' title="bbox 206 2512 1810 2588">
    <p class='ocr_par' dir='ltr' id='par_1_26' title="bbox 206 2512 1810 2588">
     <span class='ocr_line' id='line_1_26' title="bbox 206 2512 1810 2588; baseline -0.002 -17"><span class='ocrx_word' id='word_1_166' title='bbox 206 2526 295 2572; x_wconf 83' lang='lat' dir='ltr'><strong>tttr</strong></span> <span class='ocrx_word' id='word_1_167' title='bbox 319 2518 578 2573; x_wconf 74' lang='lat' dir='ltr'><strong>humore.</strong></span> <span class='ocrx_word' id='word_1_168' title='bbox 614 2517 816 2588; x_wconf 82' lang='lat' dir='ltr'><strong>Sicque</strong></span> <span class='ocrx_word' id='word_1_169' title='bbox 857 2515 1144 2572; x_wconf 80' lang='lat' dir='ltr'><strong>manifeste</strong></span> <span class='ocrx_word' id='word_1_170' title='bbox 1173 2514 1416 2585; x_wconf 85' lang='lat' dir='ltr'><strong>dignosci</strong></span> <span class='ocrx_word' id='word_1_171' title='bbox 1463 2513 1623 2567; x_wconf 90' lang='lat' dir='ltr'><strong>datur</strong></span> <span class='ocrx_word' id='word_1_172' title='bbox 1670 2512 1810 2568; x_wconf 77' lang='lat' dir='ltr'><strong>indi-</strong></span> 
     </span>
    </p>
   </div>
   <div class='ocr_carea' id='block_1_27' title="bbox 207 2602 1811 2680">
    <p class='ocr_par' dir='ltr' id='par_1_27' title="bbox 207 2602 1811 2680">
     <span class='ocr_line' id='line_1_27' title="bbox 207 2602 1811 2680; baseline -0.003 -17"><span class='ocrx_word' id='word_1_173' title='bbox 207 2610 487 2680; x_wconf 84' lang='lat' dir='ltr'><strong>gnationis</strong></span> <span class='ocrx_word' id='word_1_174' title='bbox 510 2609 581 2664; x_wconf 82' lang='lat' dir='ltr'><strong>ad</strong></span> <span class='ocrx_word' id='word_1_175' title='bbox 628 2609 821 2664; x_wconf 85' lang='lat' dir='ltr'><strong>horam</strong></span> <span class='ocrx_word' id='word_1_176' title='bbox 859 2608 1129 2665; x_wconf 88' lang='lat' dir='ltr'><strong>concitata</strong></span> <span class='ocrx_word' id='word_1_177' title='bbox 1161 2605 1460 2678; x_wconf 89' lang='lat' dir='ltr'><strong>permotio,</strong></span> <span class='ocrx_word' id='word_1_178' title='bbox 1489 2603 1679 2659; x_wconf 87' lang='lat' dir='ltr'><strong>salutis</strong></span> <span class='ocrx_word' id='word_1_179' title='bbox 1709 2602 1811 2658; x_wconf 81' lang='lat' dir='ltr'><strong>im—</strong></span> 
     </span>
    </p>
   </div>
   <div class='ocr_carea' id='block_1_28' title="bbox 213 2692 1807 2769">
    <p class='ocr_par' dir='ltr' id='par_1_28' title="bbox 213 2692 1807 2769">
     <span class='ocr_line' id='line_1_28' title="bbox 213 2692 1807 2769; baseline -0.005 -13"><span class='ocrx_word' id='word_1_180' title='bbox 213 2711 424 2756; x_wconf 84' lang='lat' dir='ltr'><strong>mutata</strong></span> <span class='ocrx_word' id='word_1_181' title='bbox 457 2700 725 2756; x_wconf 89' lang='lat' dir='ltr'><strong>subsidio.</strong></span> <span class='ocrx_word' id='word_1_182' title='bbox 757 2698 999 2769; x_wconf 76' lang='lat' dir='ltr'><strong>Denique</strong></span> <span class='ocrx_word' id='word_1_183' title='bbox 1024 2696 1398 2769; x_wconf 86' lang='lat' dir='ltr'><strong>benignissimi</strong></span> <span class='ocrx_word' id='word_1_184' title='bbox 1441 2695 1612 2766; x_wconf 85' lang='lat' dir='ltr'><strong>patris</strong></span> <span class='ocrx_word' id='word_1_185' title='bbox 1646 2692 1807 2762; x_wconf 89' lang='lat' dir='ltr'><strong>lmjns</strong></span> 
     </span>
    </p>
   </div>
   <div class='ocr_carea' id='block_1_29' title="bbox 208 2784 1808 2861">
    <p class='ocr_par' dir='ltr' id='par_1_29' title="bbox 208 2784 1808 2861">
     <span class='ocr_line' id='line_1_29' title="bbox 208 2784 1808 2861; baseline -0.004 -15"><span class='ocrx_word' id='word_1_186' title='bbox 208 2794 404 2848; x_wconf 85' lang='lat' dir='ltr'><strong>solatio</strong></span> <span class='ocrx_word' id='word_1_187' title='bbox 475 2793 643 2847; x_wconf 84' lang='lat' dir='ltr'><strong>totius</strong></span> <span class='ocrx_word' id='word_1_188' title='bbox 685 2792 818 2846; x_wconf 67' lang='lat' dir='ltr'><strong>dira</strong></span> <span class='ocrx_word' id='word_1_189' title='bbox 884 2790 1052 2861; x_wconf 86' lang='lat' dir='ltr'><strong>pestis</strong></span> <span class='ocrx_word' id='word_1_190' title='bbox 1096 2789 1299 2845; x_wconf 86' lang='lat' dir='ltr'><strong>nostris</strong></span> <span class='ocrx_word' id='word_1_191' title='bbox 1353 2789 1565 2843; x_wconf 90' lang='lat' dir='ltr'><strong>videtur</strong></span> <span class='ocrx_word' id='word_1_192' title='bbox 1610 2784 1808 2840; x_wconf 86' lang='lat' dir='ltr'><strong>ﬁnibus</strong></span> 
     </span>
    </p>
   </div>
   <div class='ocr_carea' id='block_1_30' title="bbox 206 2872 1809 2952">
    <p class='ocr_par' dir='ltr' id='par_1_30' title="bbox 206 2872 1809 2952">
     <span class='ocr_line' id='line_1_30' title="bbox 206 2872 1809 2952; baseline -0.003 -15"><span class='ocrx_word' id='word_1_193' title='bbox 206 2872 491 2938; x_wconf 80' lang='lat' dir='ltr'><strong>eliminata</strong></span> <span class='ocrx_word' id='word_1_194' title='bbox 514 2883 821 2952; x_wconf 78' lang='lat' dir='ltr'><strong>corruptio.</strong></span> <span class='ocrx_word' id='word_1_195' title='bbox 852 2882 1102 2938; x_wconf 87' lang='lat' dir='ltr'><strong>Salubris</strong></span> <span class='ocrx_word' id='word_1_196' title='bbox 1135 2896 1229 2937; x_wconf 88' lang='lat' dir='ltr'><strong>aer</strong></span> <span class='ocrx_word' id='word_1_197' title='bbox 1248 2922 1264 2945; x_wconf 93' lang='lat'><strong>,</strong></span> <span class='ocrx_word' id='word_1_198' title='bbox 1309 2879 1489 2952; x_wconf 87' lang='lat' dir='ltr'><strong>pluvia</strong></span> <span class='ocrx_word' id='word_1_199' title='bbox 1526 2879 1651 2933; x_wconf 89' lang='lat' dir='ltr'><strong>data</strong></span> <span class='ocrx_word' id='word_1_200' title='bbox 1681 2893 1809 2934; x_wconf 84' lang='lat' dir='ltr'><strong>con-</strong></span> 
     </span>
    </p>
   </div>
   <div class='ocr_carea' id='block_1_31' title="bbox 206 2969 1807 3044">
    <p class='ocr_par' dir='ltr' id='par_1_31' title="bbox 206 2969 1807 3044">
     <span class='ocr_line' id='line_1_31' title="bbox 206 2969 1807 3044; baseline -0.002 -17"><span class='ocrx_word' id='word_1_201' title='bbox 206 2989 430 3044; x_wconf 74' lang='lat' dir='ltr'><strong>gruens,</strong></span> <span class='ocrx_word' id='word_1_202' title='bbox 466 2975 635 3029; x_wconf 83' lang='lat' dir='ltr'><strong>timor</strong></span> <span class='ocrx_word' id='word_1_203' title='bbox 659 2974 824 3028; x_wconf 78' lang='lat' dir='ltr'><strong>etiam</strong></span> <span class='ocrx_word' id='word_1_204' title='bbox 855 2972 947 3042; x_wconf 79' lang='lat' dir='ltr'><strong>qui</strong></span> <span class='ocrx_word' id='word_1_205' title='bbox 974 2987 1197 3043; x_wconf 78' lang='lat' dir='ltr'><strong>regnum</strong></span> <span class='ocrx_word' id='word_1_206' title='bbox 1227 2980 1546 3040; x_wconf 82' lang='lat' dir='ltr'><strong>pervaserat</strong></span> <span class='ocrx_word' id='word_1_207' title='bbox 1575 2969 1807 3032; x_wconf 86' lang='lat' dir='ltr'><strong>hostilis,</strong></span> 
     </span>
    </p>
   </div>
   <div class='ocr_carea' id='block_1_32' title="bbox 212 3059 1808 3135">
    <p class='ocr_par' dir='ltr' id='par_1_32' title="bbox 212 3059 1808 3135">
     <span class='ocr_line' id='line_1_32' title="bbox 212 3059 1808 3135; baseline -0.003 -16"><span class='ocrx_word' id='word_1_208' title='bbox 212 3066 262 3119; x_wconf 87' lang='lat' dir='ltr'><strong>in</strong></span> <span class='ocrx_word' id='word_1_209' title='bbox 290 3080 449 3135; x_wconf 85' lang='lat' dir='ltr'><strong>spem</strong></span> <span class='ocrx_word' id='word_1_210' title='bbox 500 3064 765 3135; x_wconf 86' lang='lat' dir='ltr'><strong>paulatim</strong></span> <span class='ocrx_word' id='word_1_211' title='bbox 801 3062 1110 3119; x_wconf 85' lang='lat' dir='ltr'><strong>securitatis</strong></span> <span class='ocrx_word' id='word_1_212' title='bbox 1159 3059 1547 3131; x_wconf 79' lang='lat' dir='ltr'><strong>tranquillitate</strong></span> <span class='ocrx_word' id='word_1_213' title='bbox 1578 3060 1808 3114; x_wconf 90' lang='lat' dir='ltr'><strong>vertitur</strong></span> 
     </span>
    </p>
   </div>
   <div class='ocr_carea' id='block_1_33' title="bbox 209 3160 382 3229">
    <p class='ocr_par' dir='ltr' id='par_1_33' title="bbox 209 3160 382 3229">
     <span class='ocr_line' id='line_1_33' title="bbox 209 3160 382 3229; baseline 0.017 -19"><span class='ocrx_word' id='word_1_214' title='bbox 209 3160 382 3229; x_wconf 81' lang='lat' dir='ltr'><strong>pacis.</strong></span> 
     </span>
    </p>
   </div>
   <div class='ocr_carea' id='block_1_34' title="bbox 276 3246 1805 3319">
    <p class='ocr_par' dir='ltr' id='par_1_34' title="bbox 276 3246 1805 3319">
     <span class='ocr_line' id='line_1_34' title="bbox 276 3246 1805 3319; baseline -0.001 -16"><span class='ocrx_word' id='word_1_215' title='bbox 276 3248 395 3309; x_wconf 80' lang='lat' dir='ltr'><strong>ilae</strong></span> <span class='ocrx_word' id='word_1_216' title='bbox 421 3248 615 3303; x_wconf 86' lang='lat' dir='ltr'><strong>eadem</strong></span> <span class='ocrx_word' id='word_1_217' title='bbox 642 3248 866 3319; x_wconf 63' lang='lat' dir='ltr'><strong>praefata</strong></span> <span class='ocrx_word' id='word_1_218' title='bbox 899 3247 1110 3318; x_wconf 71' lang='lat' dir='ltr'><strong>scilicet</strong></span> <span class='ocrx_word' id='word_1_219' title='bbox 1144 3246 1404 3302; x_wconf 88' lang='lat' dir='ltr'><strong>illatiouis</strong></span> <span class='ocrx_word' id='word_1_220' title='bbox 1439 3247 1578 3302; x_wconf 88' lang='lat' dir='ltr'><strong>sacri</strong></span> <span class='ocrx_word' id='word_1_221' title='bbox 1610 3262 1805 3318; x_wconf 82' lang='lat' dir='ltr'><strong>corpo-</strong></span> 
     </span>
    </p>
   </div>
   <div class='ocr_carea' id='block_1_35' title="bbox 213 3336 1805 3411">
    <p class='ocr_par' dir='ltr' id='par_1_35' title="bbox 213 3336 1805 3411">
     <span class='ocr_line' id='line_1_35' title="bbox 213 3336 1805 3411; baseline -0.001 -17"><span class='ocrx_word' id='word_1_222' title='bbox 213 3355 269 3394; x_wconf 90' lang='lat' dir='ltr'><strong>re</strong></span> <span class='ocrx_word' id='word_1_223' title='bbox 312 3340 371 3394; x_wconf 87' lang='lat' dir='ltr'><strong>itt</strong></span> <span class='ocrx_word' id='word_1_224' title='bbox 424 3340 617 3394; x_wconf 91' lang='lat' dir='ltr'><strong>urbem</strong></span> <span class='ocrx_word' id='word_1_225' title='bbox 667 3338 776 3405; x_wconf 83' lang='lat' dir='ltr'><strong>die,</strong></span> <span class='ocrx_word' id='word_1_226' title='bbox 810 3339 977 3411; x_wconf 82' lang='lat' dir='ltr'><strong>tingui</strong></span> <span class='ocrx_word' id='word_1_227' title='bbox 1009 3337 1218 3395; x_wconf 87' lang='lat' dir='ltr'><strong>fervida</strong></span> <span class='ocrx_word' id='word_1_228' title='bbox 1252 3337 1366 3408; x_wconf 89' lang='lat' dir='ltr'><strong>jam</strong></span> <span class='ocrx_word' id='word_1_229' title='bbox 1415 3339 1548 3395; x_wconf 89' lang='lat' dir='ltr'><strong>solis</strong></span> <span class='ocrx_word' id='word_1_230' title='bbox 1586 3336 1805 3395; x_wconf 87' lang='lat' dir='ltr'><strong>Oceano</strong></span> 
     </span>
    </p>
   </div>
   <div class='ocr_carea' id='block_1_36' title="bbox 210 3429 1801 3503">
    <p class='ocr_par' dir='ltr' id='par_1_36' title="bbox 210 3429 1801 3503">
     <span class='ocr_line' id='line_1_36' title="bbox 210 3429 1801 3503; baseline 0.001 -18"><span class='ocrx_word' id='word_1_231' title='bbox 210 3443 324 3487; x_wconf 87' lang='lat' dir='ltr'><strong>rota</strong></span> <span class='ocrx_word' id='word_1_232' title='bbox 357 3440 595 3502; x_wconf 69' lang='lat' dir='ltr'><strong>petente,</strong></span> <span class='ocrx_word' id='word_1_233' title='bbox 624 3432 868 3503; x_wconf 87' lang='lat' dir='ltr'><strong>quidam,</strong></span> <span class='ocrx_word' id='word_1_234' title='bbox 895 3429 1117 3487; x_wconf 85' lang='lat' dir='ltr'><strong>Nivolus</strong></span> <span class='ocrx_word' id='word_1_235' title='bbox 1155 3431 1393 3495; x_wconf 88' lang='lat' dir='ltr'><strong>nomine,</strong></span> <span class='ocrx_word' id='word_1_236' title='bbox 1426 3431 1494 3488; x_wconf 91' lang='lat' dir='ltr'><strong>de</strong></span> <span class='ocrx_word' id='word_1_237' title='bbox 1518 3431 1643 3487; x_wconf 89' lang='lat' dir='ltr'><strong>villa</strong></span> <span class='ocrx_word' id='word_1_238' title='bbox 1678 3447 1801 3502; x_wconf 77' lang='lat' dir='ltr'><strong>quze</strong></span> 
     </span>
    </p>
   </div>
   <div class='ocr_carea' id='block_1_37' title="bbox 210 3522 1800 3588">
    <p class='ocr_par' dir='ltr' id='par_1_37' title="bbox 210 3522 1800 3588">
     <span class='ocr_line' id='line_1_37' title="bbox 210 3522 1800 3588; baseline 0.001 -13"><span class='ocrx_word' id='word_1_239' title='bbox 210 3533 442 3578; x_wconf 86' lang='lat' dir='ltr'><strong>vocatur</strong></span> <span class='ocrx_word' id='word_1_240' title='bbox 481 3522 790 3588; x_wconf 80' lang='lat' dir='ltr'><strong>Dominiea,</strong></span> <span class='ocrx_word' id='word_1_241' title='bbox 820 3522 1113 3578; x_wconf 84' lang='lat' dir='ltr'><strong>Remorum</strong></span> <span class='ocrx_word' id='word_1_242' title='bbox 1140 3523 1340 3578; x_wconf 90' lang='lat' dir='ltr'><strong>montis</strong></span> <span class='ocrx_word' id='word_1_243' title='bbox 1380 3523 1431 3577; x_wconf 91' lang='lat' dir='ltr'><strong>in</strong></span> <span class='ocrx_word' id='word_1_244' title='bbox 1483 3523 1653 3577; x_wconf 75' lang='lat' dir='ltr'><strong>latere</strong></span> <span class='ocrx_word' id='word_1_245' title='bbox 1678 3523 1800 3586; x_wconf 87' lang='lat' dir='ltr'><strong>sita,</strong></span> 
     </span>
    </p>
   </div>
   <div class='ocr_carea' id='block_1_38' title="bbox 208 3612 1804 3685">
    <p class='ocr_par' dir='ltr' id='par_1_38' title="bbox 208 3612 1804 3685">
     <span class='ocr_line' id='line_1_38' title="bbox 208 3612 1804 3685; baseline -0.001 -17"><span class='ocrx_word' id='word_1_246' title='bbox 208 3615 407 3670; x_wconf 85' lang='lat' dir='ltr'><strong>surdus</strong></span> <span class='ocrx_word' id='word_1_247' title='bbox 435 3622 491 3670; x_wconf 88' lang='lat' dir='ltr'><strong>et</strong></span> <span class='ocrx_word' id='word_1_248' title='bbox 524 3623 728 3679; x_wconf 89' lang='lat' dir='ltr'><strong>mutus,</strong></span> <span class='ocrx_word' id='word_1_249' title='bbox 764 3612 1013 3669; x_wconf 86' lang='lat' dir='ltr'><strong>manibus</strong></span> <span class='ocrx_word' id='word_1_250' title='bbox 1041 3629 1258 3683; x_wconf 86' lang='lat' dir='ltr'><strong>quoque</strong></span> <span class='ocrx_word' id='word_1_251' title='bbox 1292 3629 1390 3685; x_wconf 92' lang='lat' dir='ltr'><strong>per</strong></span> <span class='ocrx_word' id='word_1_252' title='bbox 1409 3628 1582 3669; x_wconf 89' lang='lat' dir='ltr'><strong>annos</strong></span> <span class='ocrx_word' id='word_1_253' title='bbox 1610 3628 1804 3668; x_wconf 86' lang='lat' dir='ltr'><strong>novent</strong></span> 
     </span>
    </p>
   </div>
   <div class='ocr_carea' id='block_1_39' title="bbox 206 3702 1800 3776">
    <p class='ocr_par' dir='ltr' id='par_1_39' title="bbox 206 3702 1800 3776">
     <span class='ocr_line' id='line_1_39' title="bbox 206 3702 1800 3776; baseline 0.001 -18"><span class='ocrx_word' id='word_1_254' title='bbox 206 3702 404 3760; x_wconf 80' lang='lat' dir='ltr'><strong>debilis</strong></span> <span class='ocrx_word' id='word_1_255' title='bbox 452 3719 521 3759; x_wconf 89' lang='lat' dir='ltr'><strong>ac</strong></span> <span class='ocrx_word' id='word_1_256' title='bbox 560 3706 820 3775; x_wconf 86' lang='lat' dir='ltr'><strong>pedibus,</strong></span> <span class='ocrx_word' id='word_1_257' title='bbox 873 3703 1236 3776; x_wconf 81' lang='lat' dir='ltr'><strong>qualicunque</strong></span> <span class='ocrx_word' id='word_1_258' title='bbox 1279 3704 1448 3759; x_wconf 88' lang='lat' dir='ltr'><strong>valuit</strong></span> <span class='ocrx_word' id='word_1_259' title='bbox 1491 3720 1588 3775; x_wconf 89' lang='lat' dir='ltr'><strong>per</strong></span> <span class='ocrx_word' id='word_1_260' title='bbox 1632 3713 1800 3760; x_wconf 90' lang='lat' dir='ltr'><strong>totam</strong></span> 
     </span>
    </p>
   </div>
   <div class='ocr_carea' id='block_1_40' title="bbox 211 3792 1804 3866">
    <p class='ocr_par' dir='ltr' id='par_1_40' title="bbox 211 3792 1804 3866">
     <span class='ocr_line' id='line_1_40' title="bbox 211 3792 1804 3866; baseline 0.001 -20"><span class='ocrx_word' id='word_1_261' title='bbox 211 3793 351 3848; x_wconf 88' lang='lat' dir='ltr'><strong>diem</strong></span> <span class='ocrx_word' id='word_1_262' title='bbox 385 3793 698 3855; x_wconf 85' lang='lat' dir='ltr'><strong>conamine,</strong></span> <span class='ocrx_word' id='word_1_263' title='bbox 737 3792 807 3847; x_wconf 90' lang='lat' dir='ltr'><strong>ab</strong></span> <span class='ocrx_word' id='word_1_264' title='bbox 837 3793 1005 3863; x_wconf 92' lang='lat' dir='ltr'><strong>ipsius</strong></span> <span class='ocrx_word' id='word_1_265' title='bbox 1035 3793 1309 3866; x_wconf 81' lang='lat' dir='ltr'><strong>surgentis</strong></span> <span class='ocrx_word' id='word_1_266' title='bbox 1345 3809 1555 3849; x_wconf 69' lang='lat' dir='ltr'><strong>aurorae</strong></span> <span class='ocrx_word' id='word_1_267' title='bbox 1582 3794 1804 3859; x_wconf 89' lang='lat' dir='ltr'><strong>lumine,</strong></span> 
     </span>
    </p>
   </div>
   <div class='ocr_carea' id='block_1_41' title="bbox 213 3884 1808 3955">
    <p class='ocr_par' dir='ltr' id='par_1_41' title="bbox 213 3884 1808 3955">
     <span class='ocr_line' id='line_1_41' title="bbox 213 3884 1808 3955; baseline 0.001 -17"><span class='ocrx_word' id='word_1_268' title='bbox 213 3898 307 3952; x_wconf 33' lang='lat' dir='ltr'><strong>ptr</strong></span> <span class='ocrx_word' id='word_1_269' title='bbox 337 3885 584 3954; x_wconf 87' lang='lat' dir='ltr'><strong>quinque</strong></span> <span class='ocrx_word' id='word_1_270' title='bbox 628 3884 800 3938; x_wconf 88' lang='lat' dir='ltr'><strong>ferme</strong></span> <span class='ocrx_word' id='word_1_271' title='bbox 843 3899 1101 3955; x_wconf 89' lang='lat' dir='ltr'><strong>passuum</strong></span> <span class='ocrx_word' id='word_1_272' title='bbox 1154 3899 1348 3955; x_wconf 88' lang='lat' dir='ltr'><strong>repens</strong></span> <span class='ocrx_word' id='word_1_273' title='bbox 1392 3885 1580 3950; x_wconf 86' lang='lat' dir='ltr'><strong>millia,</strong></span> <span class='ocrx_word' id='word_1_274' title='bbox 1615 3885 1701 3941; x_wconf 78' lang='lat' dir='ltr'><strong>vix</strong></span> <span class='ocrx_word' id='word_1_275' title='bbox 1740 3886 1808 3939; x_wconf 88' lang='lat' dir='ltr'><strong>ad</strong></span> 
     </span>
    </p>
   </div>
   <div class='ocr_carea' id='block_1_42' title="bbox 214 3974 1809 4046">
    <p class='ocr_par' dir='ltr' id='par_1_42' title="bbox 214 3974 1809 4046">
     <span class='ocr_line' id='line_1_42' title="bbox 214 3974 1809 4046; baseline 0.003 -21"><span class='ocrx_word' id='word_1_276' title='bbox 214 3975 380 4044; x_wconf 78' lang='lat' dir='ltr'><strong>ipsius</strong></span> <span class='ocrx_word' id='word_1_277' title='bbox 420 3974 555 4029; x_wconf 68' lang='lat' dir='ltr'><strong>aedis</strong></span> <span class='ocrx_word' id='word_1_278' title='bbox 575 3974 812 4045; x_wconf 87' lang='lat' dir='ltr'><strong>sepulcri</strong></span> <span class='ocrx_word' id='word_1_279' title='bbox 834 3974 1043 4040; x_wconf 90' lang='lat' dir='ltr'><strong>limina,</strong></span> <span class='ocrx_word' id='word_1_280' title='bbox 1071 3991 1176 4046; x_wconf 90' lang='lat' dir='ltr'><strong>qua</strong></span> <span class='ocrx_word' id='word_1_281' title='bbox 1201 3975 1409 4032; x_wconf 88' lang='lat' dir='ltr'><strong>decima</strong></span> <span class='ocrx_word' id='word_1_282' title='bbox 1441 3976 1657 4031; x_wconf 86' lang='lat' dir='ltr'><strong>tandem</strong></span> <span class='ocrx_word' id='word_1_283' title='bbox 1691 3991 1809 4045; x_wconf 82' lang='lat' dir='ltr'><strong>per-</strong></span> 
     </span>
    </p>
   </div>
   <div class='ocr_carea' id='block_1_43' title="bbox 213 4062 1804 4135">
    <p class='ocr_par' dir='ltr' id='par_1_43' title="bbox 213 4062 1804 4135">
     <span class='ocr_line' id='line_1_43' title="bbox 213 4062 1804 4135; baseline 0.004 -19"><span class='ocrx_word' id='word_1_284' title='bbox 213 4066 353 4121; x_wconf 80' lang='lat' dir='ltr'><strong>venit</strong></span> <span class='ocrx_word' id='word_1_285' title='bbox 376 4064 538 4119; x_wconf 81' lang='lat' dir='ltr'><strong>hora.</strong></span> <span class='ocrx_word' id='word_1_286' title='bbox 571 4063 673 4133; x_wconf 86' lang='lat' dir='ltr'><strong>Qui</strong></span> <span class='ocrx_word' id='word_1_287' title='bbox 702 4062 827 4118; x_wconf 86' lang='lat' dir='ltr'><strong>dum</strong></span> <span class='ocrx_word' id='word_1_288' title='bbox 858 4066 1106 4130; x_wconf 90' lang='lat' dir='ltr'><strong>veniens,</strong></span> <span class='ocrx_word' id='word_1_289' title='bbox 1129 4079 1344 4120; x_wconf 91' lang='lat' dir='ltr'><strong>sacrum</strong></span> <span class='ocrx_word' id='word_1_290' title='bbox 1376 4080 1572 4135; x_wconf 91' lang='lat' dir='ltr'><strong>corpus</strong></span> <span class='ocrx_word' id='word_1_291' title='bbox 1604 4067 1804 4122; x_wconf 81' lang='lat' dir='ltr'><strong>ibidem</strong></span> 
     </span>
    </p>
   </div>
   <div class='ocr_carea' id='block_1_44' title="bbox 216 4158 1803 4229">
    <p class='ocr_par' dir='ltr' id='par_1_44' title="bbox 216 4158 1803 4229">
     <span class='ocr_line' id='line_1_44' title="bbox 216 4158 1803 4229; baseline 0.001 -15"><span class='ocrx_word' id='word_1_292' title='bbox 216 4175 315 4214; x_wconf 90' lang='lat' dir='ltr'><strong>non</strong></span> <span class='ocrx_word' id='word_1_293' title='bbox 349 4159 547 4213; x_wconf 86' lang='lat' dir='ltr'><strong>adesse</strong></span> <span class='ocrx_word' id='word_1_294' title='bbox 578 4159 960 4229; x_wconf 86' lang='lat' dir='ltr'><strong>comperisset,</strong></span> <span class='ocrx_word' id='word_1_295' title='bbox 990 4158 1282 4229; x_wconf 88' lang='lat' dir='ltr'><strong>templique</strong></span> <span class='ocrx_word' id='word_1_296' title='bbox 1319 4158 1466 4214; x_wconf 88' lang='lat' dir='ltr'><strong>fores</strong></span> <span class='ocrx_word' id='word_1_297' title='bbox 1502 4161 1640 4216; x_wconf 91' lang='lat' dir='ltr'><strong>seris</strong></span> <span class='ocrx_word' id='word_1_298' title='bbox 1677 4161 1803 4216; x_wconf 87' lang='lat' dir='ltr'><strong>dili-</strong></span> 
     </span>
    </p>
   </div>
   <div class='ocr_carea' id='block_1_45' title="bbox 215 4251 1805 4322">
    <p class='ocr_par' dir='ltr' id='par_1_45' title="bbox 215 4251 1805 4322">
     <span class='ocr_line' id='line_1_45' title="bbox 215 4251 1805 4322; baseline 0 -13"><span class='ocrx_word' id='word_1_299' title='bbox 215 4262 404 4318; x_wconf 71' lang='lat' dir='ltr'><strong>genter</strong></span> <span class='ocrx_word' id='word_1_300' title='bbox 429 4251 732 4317; x_wconf 75' lang='lat' dir='ltr'><strong>obfirmatis</strong></span> <span class='ocrx_word' id='word_1_301' title='bbox 759 4251 973 4306; x_wconf 86' lang='lat' dir='ltr'><strong>clausas</strong></span> <span class='ocrx_word' id='word_1_302' title='bbox 1017 4251 1367 4322; x_wconf 89' lang='lat' dir='ltr'><strong>perspiceret.</strong></span> <span class='ocrx_word' id='word_1_303' title='bbox 1413 4254 1613 4309; x_wconf 85' lang='lat' dir='ltr'><strong>cadens</strong></span> <span class='ocrx_word' id='word_1_304' title='bbox 1646 4257 1698 4309; x_wconf 92' lang='lat' dir='ltr'><strong>in</strong></span> <span class='ocrx_word' id='word_1_305' title='bbox 1724 4255 1805 4310; x_wconf 86' lang='lat' dir='ltr'><strong>fa-</strong></span> 
     </span>
    </p>
   </div>
   <div class='ocr_carea' id='block_1_46' title="bbox 215 4343 1805 4417">
    <p class='ocr_par' dir='ltr' id='par_1_46' title="bbox 215 4343 1805 4417">
     <span class='ocr_line' id='line_1_46' title="bbox 215 4343 1805 4417; baseline 0.003 -21"><span class='ocrx_word' id='word_1_306' title='bbox 215 4344 347 4399; x_wconf 86' lang='lat' dir='ltr'><strong>ciem</strong></span> <span class='ocrx_word' id='word_1_307' title='bbox 386 4358 550 4413; x_wconf 90' lang='lat' dir='ltr'><strong>super</strong></span> <span class='ocrx_word' id='word_1_308' title='bbox 579 4353 806 4405; x_wconf 89' lang='lat' dir='ltr'><strong>terram,</strong></span> <span class='ocrx_word' id='word_1_309' title='bbox 837 4343 1071 4412; x_wconf 88' lang='lat' dir='ltr'><strong>quadam</strong></span> <span class='ocrx_word' id='word_1_310' title='bbox 1102 4344 1544 4413; x_wconf 86' lang='lat' dir='ltr'><strong>praesumptionis</strong></span> <span class='ocrx_word' id='word_1_311' title='bbox 1601 4345 1805 4417; x_wconf 82' lang='lat' dir='ltr'><strong>impor-</strong></span> 
     </span>
    </p>
   </div>
   <div class='ocr_carea' id='block_1_47' title="bbox 1908 481 3487 569">
    <p class='ocr_par' dir='ltr' id='par_1_47' title="bbox 1908 481 3487 569">
     <span class='ocr_line' id='line_1_47' title="bbox 1908 481 3487 569; baseline 0.009 -30"><span class='ocrx_word' id='word_1_312' title='bbox 1908 481 2116 551; x_wconf 88' lang='lat' dir='ltr'><strong>dentes,</strong></span> <span class='ocrx_word' id='word_1_313' title='bbox 2172 498 2232 543; x_wconf 93' lang='lat' dir='ltr'><strong>ut</strong></span> <span class='ocrx_word' id='word_1_314' title='bbox 2288 491 2593 560; x_wconf 86' lang='lat' dir='ltr'><strong>audierant,</strong></span> <span class='ocrx_word' id='word_1_315' title='bbox 2647 494 2952 550; x_wconf 86' lang='lat' dir='ltr'><strong>divinarum</strong></span> <span class='ocrx_word' id='word_1_316' title='bbox 2992 481 3144 568; x_wconf 85' lang='lat' dir='ltr'><strong>signa</strong></span> <span class='ocrx_word' id='word_1_317' title='bbox 3199 503 3487 569; x_wconf 81' lang='lat' dir='ltr'><strong>virtutum,</strong></span> 
     </span>
    </p>
   </div>
   <div class='ocr_carea' id='block_1_48' title="bbox 1908 576 3496 655">
    <p class='ocr_par' dir='ltr' id='par_1_48' title="bbox 1908 576 3496 655">
     <span class='ocr_line' id='line_1_48' title="bbox 1908 576 3496 655; baseline 0.014 -27"><span class='ocrx_word' id='word_1_318' title='bbox 1908 576 2159 633; x_wconf 87' lang='lat' dir='ltr'><strong>manibus</strong></span> <span class='ocrx_word' id='word_1_319' title='bbox 2181 591 2458 651; x_wconf 87' lang='lat' dir='ltr'><strong>gratanter</strong></span> <span class='ocrx_word' id='word_1_320' title='bbox 2493 582 2545 638; x_wconf 93' lang='lat' dir='ltr'><strong>in</strong></span> <span class='ocrx_word' id='word_1_321' title='bbox 2594 584 2792 641; x_wconf 65' lang='lat' dir='ltr'><strong>coelum</strong></span> <span class='ocrx_word' id='word_1_322' title='bbox 2839 591 3124 655; x_wconf 86' lang='lat' dir='ltr'><strong>porrectis,</strong></span> <span class='ocrx_word' id='word_1_323' title='bbox 3164 591 3496 650; x_wconf 75' lang='lat' dir='ltr'><strong>benedicunt‘</strong></span> 
     </span>
    </p>
   </div>
   <div class='ocr_carea' id='block_1_49' title="bbox 1910 663 3490 747">
    <p class='ocr_par' dir='ltr' id='par_1_49' title="bbox 1910 663 3490 747">
     <span class='ocr_line' id='line_1_49' title="bbox 1910 663 3490 747; baseline 0.013 -26"><span class='ocrx_word' id='word_1_324' title='bbox 1910 663 2218 724; x_wconf 91' lang='lat' dir='ltr'><strong>Dominum.</strong></span> <span class='ocrx_word' id='word_1_325' title='bbox 2243 669 2396 739; x_wconf 84' lang='lat' dir='ltr'><strong>Quod</strong></span> <span class='ocrx_word' id='word_1_326' title='bbox 2416 671 2611 729; x_wconf 72' lang='lat' dir='ltr'><strong>divina:</strong></span> <span class='ocrx_word' id='word_1_327' title='bbox 2622 673 2972 747; x_wconf 84' lang='lat' dir='ltr'><strong>benignitatis</strong></span> <span class='ocrx_word' id='word_1_328' title='bbox 2995 680 3311 738; x_wconf 90' lang='lat' dir='ltr'><strong>miraculum</strong></span> <span class='ocrx_word' id='word_1_329' title='bbox 3332 684 3490 741; x_wconf 81' lang='lat' dir='ltr'><strong>valde</strong></span> 
     </span>
    </p>
   </div>
   <div class='ocr_carea' id='block_1_50' title="bbox 1910 760 3495 846">
    <p class='ocr_par' dir='ltr' id='par_1_50' title="bbox 1910 760 3495 846">
     <span class='ocr_line' id='line_1_50' title="bbox 1910 760 3495 846; baseline 0.013 -36"><span class='ocrx_word' id='word_1_330' title='bbox 1910 764 2039 811; x_wconf 90' lang='lat' dir='ltr'><strong>tunc</strong></span> <span class='ocrx_word' id='word_1_331' title='bbox 2075 760 2345 829; x_wconf 87' lang='lat' dir='ltr'><strong>profuisse</strong></span> <span class='ocrx_word' id='word_1_332' title='bbox 2389 763 2723 833; x_wconf 83' lang='lat' dir='ltr'><strong>dignoscitur</strong></span> <span class='ocrx_word' id='word_1_333' title='bbox 2758 767 2825 823; x_wconf 91' lang='lat' dir='ltr'><strong>ad</strong></span> <span class='ocrx_word' id='word_1_334' title='bbox 2869 783 3057 825; x_wconf 90' lang='lat' dir='ltr'><strong>eorum</strong></span> <span class='ocrx_word' id='word_1_335' title='bbox 3096 773 3372 840; x_wconf 90' lang='lat' dir='ltr'><strong>solatium,</strong></span> <span class='ocrx_word' id='word_1_336' title='bbox 3396 776 3495 846; x_wconf 80' lang='lat' dir='ltr'><strong>qui</strong></span> 
     </span>
    </p>
   </div>
   <div class='ocr_carea' id='block_1_51' title="bbox 1909 852 3493 935">
    <p class='ocr_par' dir='ltr' id='par_1_51' title="bbox 1909 852 3493 935">
     <span class='ocr_line' id='line_1_51' title="bbox 1909 852 3493 935; baseline 0.013 -34"><span class='ocrx_word' id='word_1_337' title='bbox 1909 860 1968 902; x_wconf 89' lang='lat' dir='ltr'><strong>se</strong></span> <span class='ocrx_word' id='word_1_338' title='bbox 1994 852 2349 919; x_wconf 80' lang='lat' dir='ltr'><strong>corporaliter</strong></span> <span class='ocrx_word' id='word_1_339' title='bbox 2402 854 2579 911; x_wconf 88' lang='lat' dir='ltr'><strong>deseri</strong></span> <span class='ocrx_word' id='word_1_340' title='bbox 2622 864 2774 911; x_wconf 91' lang='lat' dir='ltr'><strong>tanto</strong></span> <span class='ocrx_word' id='word_1_341' title='bbox 2813 860 3180 928; x_wconf 88' lang='lat' dir='ltr'><strong>querebantur</strong></span> <span class='ocrx_word' id='word_1_342' title='bbox 3230 875 3493 935; x_wconf 61' lang='lat' dir='ltr'><strong>patrono.</strong></span> 
     </span>
    </p>
   </div>
   <div class='ocr_carea' id='block_1_52' title="bbox 1909 935 3494 1028">
    <p class='ocr_par' dir='ltr' id='par_1_52' title="bbox 1909 935 3494 1028">
     <span class='ocr_line' id='line_1_52' title="bbox 1909 935 3494 1028; baseline 0.017 -41"><span class='ocrx_word' id='word_1_343' title='bbox 1909 935 2114 1004; x_wconf 85' lang='lat' dir='ltr'><strong>Quibus</strong></span> <span class='ocrx_word' id='word_1_344' title='bbox 2144 950 2320 997; x_wconf 90' lang='lat' dir='ltr'><strong>tamen</strong></span> <span class='ocrx_word' id='word_1_345' title='bbox 2347 945 2664 1014; x_wconf 87' lang='lat' dir='ltr'><strong>spiritaliter</strong></span> <span class='ocrx_word' id='word_1_346' title='bbox 2690 963 2748 1004; x_wconf 92' lang='lat' dir='ltr'><strong>se</strong></span> <span class='ocrx_word' id='word_1_347' title='bbox 2777 964 2884 1005; x_wconf 93' lang='lat' dir='ltr'><strong>non</strong></span> <span class='ocrx_word' id='word_1_348' title='bbox 2919 951 3108 1009; x_wconf 88' lang='lat' dir='ltr'><strong>deesse</strong></span> <span class='ocrx_word' id='word_1_349' title='bbox 3138 954 3228 1011; x_wconf 91' lang='lat' dir='ltr'><strong>tali</strong></span> <span class='ocrx_word' id='word_1_350' title='bbox 3264 940 3494 1028; x_wconf 74' lang='lat' dir='ltr'><strong>patratar</strong></span> 
     </span>
    </p>
   </div>
   <div class='ocr_carea' id='block_1_53' title="bbox 1909 1030 3493 1101">
    <p class='ocr_par' dir='ltr' id='par_1_53' title="bbox 1909 1030 3493 1101">
     <span class='ocr_line' id='line_1_53' title="bbox 1909 1030 3493 1101; baseline 0.016 -17"><span class='ocrx_word' id='word_1_351' title='bbox 1909 1030 2124 1101; x_wconf 87' lang='lat' dir='ltr'><strong>pietatis</strong></span> <span class='ocrx_word' id='word_1_352' title='bbox 2145 1033 2438 1092; x_wconf 77' lang='lat' dir='ltr'><strong>declaravit</strong></span> <span class='ocrx_word' id='word_1_353' title='bbox 2458 1037 2679 1095; x_wconf 88' lang='lat' dir='ltr'><strong>indicio.</strong></span> <span class='ocrx_word' id='word_1_354' title='bbox 3488 1060 3493 1063; x_wconf 66' lang='grc'>⁷</span> 
     </span>
    </p>
   </div>
   <div class='ocr_carea' id='block_1_54' title="bbox 1968 1123 3494 1204">
    <p class='ocr_par' dir='ltr' id='par_1_54' title="bbox 1968 1123 3494 1204">
     <span class='ocr_line' id='line_1_54' title="bbox 1968 1123 3494 1204; baseline 0.01 -21"><span class='ocrx_word' id='word_1_355' title='bbox 1968 1123 2036 1183; x_wconf 89' lang='lat' dir='ltr'><strong>.ln</strong></span> <span class='ocrx_word' id='word_1_356' title='bbox 2065 1126 2291 1182; x_wconf 86' lang='lat' dir='ltr'><strong>ecclesia</strong></span> <span class='ocrx_word' id='word_1_357' title='bbox 2315 1142 2530 1201; x_wconf 89' lang='lat' dir='ltr'><strong>quoque</strong></span> <span class='ocrx_word' id='word_1_358' title='bbox 2556 1130 2731 1187; x_wconf 72' lang='lat' dir='ltr'><strong>beata:</strong></span> <span class='ocrx_word' id='word_1_359' title='bbox 2755 1133 2849 1189; x_wconf 92' lang='lat' dir='ltr'><strong>Dei</strong></span> <span class='ocrx_word' id='word_1_360' title='bbox 2873 1132 3187 1204; x_wconf 86' lang='lat' dir='ltr'><strong>Genitricis,</strong></span> <span class='ocrx_word' id='word_1_361' title='bbox 3222 1139 3311 1196; x_wconf 88' lang='lat' dir='ltr'><strong>ubi</strong></span> <span class='ocrx_word' id='word_1_362' title='bbox 3334 1156 3494 1198; x_wconf 85' lang='lat' dir='ltr'><strong>vene-</strong></span> 
     </span>
    </p>
   </div>
   <div class='ocr_carea' id='block_1_55' title="bbox 1911 1213 3494 1297">
    <p class='ocr_par' dir='ltr' id='par_1_55' title="bbox 1911 1213 3494 1297">
     <span class='ocr_line' id='line_1_55' title="bbox 1911 1213 3494 1297; baseline 0.012 -30"><span class='ocrx_word' id='word_1_363' title='bbox 1911 1213 2080 1268; x_wconf 88' lang='lat' dir='ltr'><strong>rabile</strong></span> <span class='ocrx_word' id='word_1_364' title='bbox 2105 1217 2276 1286; x_wconf 89' lang='lat' dir='ltr'><strong>patris</strong></span> <span class='ocrx_word' id='word_1_365' title='bbox 2318 1216 2475 1288; x_wconf 91' lang='lat' dir='ltr'><strong>bujus</strong></span> <span class='ocrx_word' id='word_1_366' title='bbox 2519 1221 2841 1278; x_wconf 88' lang='lat' dir='ltr'><strong>servabatur</strong></span> <span class='ocrx_word' id='word_1_367' title='bbox 2884 1225 3113 1297; x_wconf 85' lang='lat' dir='ltr'><strong>pignus,</strong></span> <span class='ocrx_word' id='word_1_368' title='bbox 3146 1229 3388 1285; x_wconf 89' lang='lat' dir='ltr'><strong>nonnulli</strong></span> <span class='ocrx_word' id='word_1_369' title='bbox 3411 1232 3494 1286; x_wconf 85' lang='lat' dir='ltr'><strong>di-</strong></span> 
     </span>
    </p>
   </div>
   <div class='ocr_carea' id='block_1_56' title="bbox 1910 1305 3495 1389">
    <p class='ocr_par' dir='ltr' id='par_1_56' title="bbox 1910 1305 3495 1389">
     <span class='ocr_line' id='line_1_56' title="bbox 1910 1305 3495 1389; baseline 0.012 -31"><span class='ocrx_word' id='word_1_370' title='bbox 1910 1305 2084 1359; x_wconf 89' lang='lat' dir='ltr'><strong>versis</strong></span> <span class='ocrx_word' id='word_1_371' title='bbox 2113 1308 2299 1378; x_wconf 72' lang='lat' dir='ltr'><strong>wgroti</strong></span> <span class='ocrx_word' id='word_1_372' title='bbox 2328 1321 2456 1366; x_wconf 91' lang='lat' dir='ltr'><strong>sunt</strong></span> <span class='ocrx_word' id='word_1_373' title='bbox 2485 1311 2705 1368; x_wconf 92' lang='lat' dir='ltr'><strong>interim</strong></span> <span class='ocrx_word' id='word_1_374' title='bbox 2736 1317 2914 1371; x_wconf 87' lang='lat' dir='ltr'><strong>curati</strong></span> <span class='ocrx_word' id='word_1_375' title='bbox 2958 1317 3330 1389; x_wconf 82' lang='lat' dir='ltr'><strong>languoribus.</strong></span> <span class='ocrx_word' id='word_1_376' title='bbox 3359 1320 3495 1377; x_wconf 77' lang='lat' dir='ltr'><strong>Nam</strong></span> 
     </span>
    </p>
   </div>
   <div class='ocr_carea' id='block_1_57' title="bbox 1910 1399 3494 1477">
    <p class='ocr_par' dir='ltr' id='par_1_57' title="bbox 1910 1399 3494 1477">
     <span class='ocr_line' id='line_1_57' title="bbox 1910 1399 3494 1477; baseline 0.012 -27"><span class='ocrx_word' id='word_1_377' title='bbox 1910 1399 2127 1467; x_wconf 86' lang='lat' dir='ltr'><strong>quidam</strong></span> <span class='ocrx_word' id='word_1_378' title='bbox 2169 1402 2385 1458; x_wconf 89' lang='lat' dir='ltr'><strong>nomine</strong></span> <span class='ocrx_word' id='word_1_379' title='bbox 2413 1402 2622 1462; x_wconf 87' lang='lat' dir='ltr'><strong>Natalis</strong></span> <span class='ocrx_word' id='word_1_380' title='bbox 2652 1406 2717 1462; x_wconf 92' lang='lat' dir='ltr'><strong>de</strong></span> <span class='ocrx_word' id='word_1_381' title='bbox 2746 1405 3081 1477; x_wconf 74' lang='lat' dir='ltr'><strong>Burrienaeo,</strong></span> <span class='ocrx_word' id='word_1_382' title='bbox 3108 1411 3303 1468; x_wconf 90' lang='lat' dir='ltr'><strong>mulier</strong></span> <span class='ocrx_word' id='word_1_383' title='bbox 3330 1414 3494 1469; x_wconf 89' lang='lat' dir='ltr'><strong>etiant</strong></span> 
     </span>
    </p>
   </div>
   <div class='ocr_carea' id='block_1_58' title="bbox 1911 1490 3497 1567">
    <p class='ocr_par' dir='ltr' id='par_1_58' title="bbox 1911 1490 3497 1567">
     <span class='ocr_line' id='line_1_58' title="bbox 1911 1490 3497 1567; baseline 0.009 -24"><span class='ocrx_word' id='word_1_384' title='bbox 1911 1490 2154 1559; x_wconf 64' lang='lat' dir='ltr'><strong>quaedam</strong></span> <span class='ocrx_word' id='word_1_385' title='bbox 2179 1493 2320 1547; x_wconf 88' lang='lat' dir='ltr'><strong>dicta</strong></span> <span class='ocrx_word' id='word_1_386' title='bbox 2350 1490 2677 1567; x_wconf 77' lang='lat' dir='ltr'><strong>Teutberga,</strong></span> <span class='ocrx_word' id='word_1_387' title='bbox 2701 1498 2831 1555; x_wconf 88' lang='lat' dir='ltr'><strong>item</strong></span> <span class='ocrx_word' id='word_1_388' title='bbox 2863 1500 3057 1557; x_wconf 89' lang='lat' dir='ltr'><strong>mulier</strong></span> <span class='ocrx_word' id='word_1_389' title='bbox 3086 1502 3254 1558; x_wconf 88' lang='lat' dir='ltr'><strong>altera</strong></span> <span class='ocrx_word' id='word_1_390' title='bbox 3279 1504 3497 1559; x_wconf 85' lang='lat' dir='ltr'><strong>nomine</strong></span> 
     </span>
    </p>
   </div>
   <div class='ocr_carea' id='block_1_59' title="bbox 1910 1578 3495 1663">
    <p class='ocr_par' dir='ltr' id='par_1_59' title="bbox 1910 1578 3495 1663">
     <span class='ocr_line' id='line_1_59' title="bbox 1910 1578 3495 1663; baseline 0.008 -27"><span class='ocrx_word' id='word_1_391' title='bbox 1910 1578 2237 1650; x_wconf 83' lang='lat' dir='ltr'><strong>Gonthildis,</strong></span> <span class='ocrx_word' id='word_1_392' title='bbox 2278 1583 2437 1651; x_wconf 85' lang='lat' dir='ltr'><strong>hujus</strong></span> <span class='ocrx_word' id='word_1_393' title='bbox 2485 1588 2783 1656; x_wconf 88' lang='lat' dir='ltr'><strong>patrocinio</strong></span> <span class='ocrx_word' id='word_1_394' title='bbox 2812 1590 2985 1660; x_wconf 89' lang='lat' dir='ltr'><strong>patris</strong></span> <span class='ocrx_word' id='word_1_395' title='bbox 3028 1591 3204 1647; x_wconf 89' lang='lat' dir='ltr'><strong>visum</strong></span> <span class='ocrx_word' id='word_1_396' title='bbox 3250 1593 3495 1663; x_wconf 86' lang='lat' dir='ltr'><strong>recipere</strong></span> 
     </span>
    </p>
   </div>
   <div class='ocr_carea' id='block_1_60' title="bbox 1914 1674 3498 1752">
    <p class='ocr_par' dir='ltr' id='par_1_60' title="bbox 1914 1674 3498 1752">
     <span class='ocr_line' id='line_1_60' title="bbox 1914 1674 3498 1752; baseline 0.009 -26"><span class='ocrx_word' id='word_1_397' title='bbox 1914 1684 2247 1729; x_wconf 87' lang='lat' dir='ltr'><strong>meruerunt.</strong></span> <span class='ocrx_word' id='word_1_398' title='bbox 2279 1674 2398 1731; x_wconf 83' lang='lat' dir='ltr'><strong>Alia</strong></span> <span class='ocrx_word' id='word_1_399' title='bbox 2424 1678 2669 1749; x_wconf 70' lang='lat' dir='ltr'><strong>qumtlatn</strong></span> <span class='ocrx_word' id='word_1_400' title='bbox 2698 1695 2914 1752; x_wconf 88' lang='lat' dir='ltr'><strong>quoque</strong></span> <span class='ocrx_word' id='word_1_401' title='bbox 2943 1682 3136 1737; x_wconf 90' lang='lat' dir='ltr'><strong>mulier</strong></span> <span class='ocrx_word' id='word_1_402' title='bbox 3159 1684 3318 1739; x_wconf 88' lang='lat' dir='ltr'><strong>unius</strong></span> <span class='ocrx_word' id='word_1_403' title='bbox 3354 1685 3498 1740; x_wconf 82' lang='lat' dir='ltr'><strong>Oculi</strong></span> 
     </span>
    </p>
   </div>
   <div class='ocr_carea' id='block_1_61' title="bbox 1836 1740 3497 1842">
    <p class='ocr_par' dir='ltr' id='par_1_61' title="bbox 1836 1740 3497 1842">
     <span class='ocr_line' id='line_1_61' title="bbox 1836 1740 3497 1842; baseline 0.008 -26"><span class='ocrx_word' id='word_1_404' title='bbox 1836 1740 1881 1800; x_wconf 71' lang='grc' dir='ltr'><strong>Β</strong></span> <span class='ocrx_word' id='word_1_405' title='bbox 1911 1763 2149 1819; x_wconf 88' lang='lat' dir='ltr'><strong>visumiu</strong></span> <span class='ocrx_word' id='word_1_406' title='bbox 2167 1766 2355 1822; x_wconf 80' lang='lat' dir='ltr'><strong>eadem</strong></span> <span class='ocrx_word' id='word_1_407' title='bbox 2381 1767 2542 1823; x_wconf 91' lang='lat' dir='ltr'><strong>domo</strong></span> <span class='ocrx_word' id='word_1_408' title='bbox 2564 1773 2902 1842; x_wconf 74' lang='lat' dir='ltr'><strong>recuperavit</strong></span> <span class='ocrx_word' id='word_1_409' title='bbox 2926 1773 3208 1829; x_wconf 88' lang='lat' dir='ltr'><strong>amissum.</strong></span> <span class='ocrx_word' id='word_1_410' title='bbox 3239 1773 3497 1841; x_wconf 75' lang='lat' dir='ltr'><strong>Quredam</strong></span> 
     </span>
    </p>
   </div>
   <div class='ocr_carea' id='block_1_62' title="bbox 1908 1858 3498 1938">
    <p class='ocr_par' dir='ltr' id='par_1_62' title="bbox 1908 1858 3498 1938">
     <span class='ocr_line' id='line_1_62' title="bbox 1908 1858 3498 1938; baseline 0.009 -30"><span class='ocrx_word' id='word_1_411' title='bbox 1908 1864 2170 1925; x_wconf 67' lang='lat' dir='ltr'><strong>prasterea</strong></span> <span class='ocrx_word' id='word_1_412' title='bbox 2216 1858 2413 1927; x_wconf 89' lang='lat' dir='ltr'><strong>puclla,</strong></span> <span class='ocrx_word' id='word_1_413' title='bbox 2442 1862 2763 1932; x_wconf 85' lang='lat' dir='ltr'><strong>cognomine</strong></span> <span class='ocrx_word' id='word_1_414' title='bbox 2788 1863 3087 1935; x_wconf 84' lang='lat' dir='ltr'><strong>Fletgildis,</strong></span> <span class='ocrx_word' id='word_1_415' title='bbox 3117 1881 3181 1922; x_wconf 83' lang='lat' dir='ltr'><strong>ex</strong></span> <span class='ocrx_word' id='word_1_416' title='bbox 3225 1868 3347 1922; x_wconf 86' lang='lat' dir='ltr'><strong>villa</strong></span> <span class='ocrx_word' id='word_1_417' title='bbox 3377 1883 3498 1938; x_wconf 72' lang='lat' dir='ltr'><strong>qua:</strong></span> 
     </span>
    </p>
   </div>
   <div class='ocr_carea' id='block_1_63' title="bbox 1910 1949 3496 2029">
    <p class='ocr_par' dir='ltr' id='par_1_63' title="bbox 1910 1949 3496 2029">
     <span class='ocr_line' id='line_1_63' title="bbox 1910 1949 3496 2029; baseline 0.008 -29"><span class='ocrx_word' id='word_1_418' title='bbox 1910 1958 2134 2004; x_wconf 80' lang='lat' dir='ltr'><strong>vocatur</strong></span> <span class='ocrx_word' id='word_1_419' title='bbox 2158 1949 2404 2007; x_wconf 86' lang='lat' dir='ltr'><strong>Caucella</strong></span> <span class='ocrx_word' id='word_1_420' title='bbox 2435 1968 2592 2008; x_wconf 89' lang='lat' dir='ltr'><strong>secus</strong></span> <span class='ocrx_word' id='word_1_421' title='bbox 2610 1952 2826 2009; x_wconf 88' lang='lat' dir='ltr'><strong>Libram</strong></span> <span class='ocrx_word' id='word_1_422' title='bbox 2858 1956 3086 2011; x_wconf 89' lang='lat' dir='ltr'><strong>rivulum</strong></span> <span class='ocrx_word' id='word_1_423' title='bbox 3113 1957 3237 2024; x_wconf 91' lang='lat' dir='ltr'><strong>sita,</strong></span> <span class='ocrx_word' id='word_1_424' title='bbox 3262 1968 3496 2029; x_wconf 88' lang='lat' dir='ltr'><strong>quatuor</strong></span> 
     </span>
    </p>
   </div>
   <div class='ocr_carea' id='block_1_64' title="bbox 1911 2036 3493 2118">
    <p class='ocr_par' dir='ltr' id='par_1_64' title="bbox 1911 2036 3493 2118">
     <span class='ocr_line' id='line_1_64' title="bbox 1911 2036 3493 2118; baseline 0.007 -27"><span class='ocrx_word' id='word_1_425' title='bbox 1911 2036 2131 2093; x_wconf 87' lang='lat' dir='ltr'><strong>circiter</strong></span> <span class='ocrx_word' id='word_1_426' title='bbox 2158 2041 2336 2095; x_wconf 69' lang='lat' dir='ltr'><strong>aetatis</strong></span> <span class='ocrx_word' id='word_1_427' title='bbox 2369 2057 2542 2097; x_wconf 90' lang='lat' dir='ltr'><strong>annos</strong></span> <span class='ocrx_word' id='word_1_428' title='bbox 2588 2057 2804 2113; x_wconf 87' lang='lat' dir='ltr'><strong>gerens,</strong></span> <span class='ocrx_word' id='word_1_429' title='bbox 2855 2043 3174 2101; x_wconf 67' lang='lat' dir='ltr'><strong>lubrisando</strong></span> <span class='ocrx_word' id='word_1_430' title='bbox 3219 2047 3493 2118; x_wconf 87' lang='lat' dir='ltr'><strong>prolapsa,</strong></span> 
     </span>
    </p>
   </div>
   <div class='ocr_carea' id='block_1_65' title="bbox 1912 2130 3495 2202">
    <p class='ocr_par' dir='ltr' id='par_1_65' title="bbox 1912 2130 3495 2202">
     <span class='ocr_line' id='line_1_65' title="bbox 1912 2130 3495 2202; baseline 0.006 -21"><span class='ocrx_word' id='word_1_431' title='bbox 1912 2138 2200 2201; x_wconf 83' lang='lat' dir='ltr'><strong>utrumque</strong></span> <span class='ocrx_word' id='word_1_432' title='bbox 2247 2130 2348 2186; x_wconf 86' lang='lat' dir='ltr'><strong>sibi</strong></span> <span class='ocrx_word' id='word_1_433' title='bbox 2378 2147 2518 2202; x_wconf 87' lang='lat' dir='ltr'><strong>genu</strong></span> <span class='ocrx_word' id='word_1_434' title='bbox 2548 2132 2931 2191; x_wconf 72' lang='lat' dir='ltr'><strong>debilitaverat</strong></span> <span class='ocrx_word' id='word_1_435' title='bbox 2961 2135 3066 2191; x_wconf 89' lang='lat' dir='ltr'><strong>:ita</strong></span> <span class='ocrx_word' id='word_1_436' title='bbox 3108 2136 3298 2192; x_wconf 79' lang='lat' dir='ltr'><strong>clauda</strong></span> <span class='ocrx_word' id='word_1_437' title='bbox 3327 2136 3495 2202; x_wconf 84' lang='lat' dir='ltr'><strong>facta,</strong></span> 
     </span>
    </p>
   </div>
   <div class='ocr_carea' id='block_1_66' title="bbox 1910 2222 3497 2298">
    <p class='ocr_par' dir='ltr' id='par_1_66' title="bbox 1910 2222 3497 2298">
     <span class='ocr_line' id='line_1_66' title="bbox 1910 2222 3497 2298; baseline 0.006 -24"><span class='ocrx_word' id='word_1_438' title='bbox 1910 2228 1968 2274; x_wconf 91' lang='lat' dir='ltr'><strong>ut</strong></span> <span class='ocrx_word' id='word_1_439' title='bbox 1991 2222 2212 2276; x_wconf 91' lang='lat' dir='ltr'><strong>omnino</strong></span> <span class='ocrx_word' id='word_1_440' title='bbox 2241 2237 2340 2278; x_wconf 87' lang='lat' dir='ltr'><strong>nec</strong></span> <span class='ocrx_word' id='word_1_441' title='bbox 2366 2239 2612 2294; x_wconf 80' lang='lat' dir='ltr'><strong>gressum</strong></span> <span class='ocrx_word' id='word_1_442' title='bbox 2658 2225 2844 2297; x_wconf 82' lang='lat' dir='ltr'><strong>figere,</strong></span> <span class='ocrx_word' id='word_1_443' title='bbox 2887 2243 2987 2283; x_wconf 90' lang='lat' dir='ltr'><strong>nec</strong></span> <span class='ocrx_word' id='word_1_444' title='bbox 3034 2229 3262 2298; x_wconf 88' lang='lat' dir='ltr'><strong>pedibus</strong></span> <span class='ocrx_word' id='word_1_445' title='bbox 3293 2229 3497 2284; x_wconf 85' lang='lat' dir='ltr'><strong>valeret</strong></span> 
     </span>
    </p>
   </div>
   <div class='ocr_carea' id='block_1_67' title="bbox 1911 2311 3496 2391">
    <p class='ocr_par' dir='ltr' id='par_1_67' title="bbox 1911 2311 3496 2391">
     <span class='ocr_line' id='line_1_67' title="bbox 1911 2311 3496 2391; baseline 0.005 -25"><span class='ocrx_word' id='word_1_446' title='bbox 1911 2311 2183 2367; x_wconf 86' lang='lat' dir='ltr'><strong>insistere.</strong></span> <span class='ocrx_word' id='word_1_447' title='bbox 2212 2313 2383 2380; x_wconf 89' lang='lat' dir='ltr'><strong>Quam</strong></span> <span class='ocrx_word' id='word_1_448' title='bbox 2408 2324 2662 2384; x_wconf 89' lang='lat' dir='ltr'><strong>parentes</strong></span> <span class='ocrx_word' id='word_1_449' title='bbox 2681 2317 2817 2387; x_wconf 85' lang='lat' dir='ltr'><strong>ejus,</strong></span> <span class='ocrx_word' id='word_1_450' title='bbox 2845 2320 3090 2387; x_wconf 88' lang='lat' dir='ltr'><strong>quamvis</strong></span> <span class='ocrx_word' id='word_1_451' title='bbox 3115 2335 3398 2391; x_wconf 86' lang='lat' dir='ltr'><strong>pauperes,</strong></span> <span class='ocrx_word' id='word_1_452' title='bbox 3429 2322 3496 2378; x_wconf 85' lang='lat' dir='ltr'><strong>de</strong></span> 
     </span>
    </p>
   </div>
   <div class='ocr_carea' id='block_1_68' title="bbox 1910 2405 3498 2481">
    <p class='ocr_par' dir='ltr' id='par_1_68' title="bbox 1910 2405 3498 2481">
     <span class='ocr_line' id='line_1_68' title="bbox 1910 2405 3498 2481; baseline 0.006 -22"><span class='ocrx_word' id='word_1_453' title='bbox 1910 2405 2170 2477; x_wconf 82' lang='lat' dir='ltr'><strong>sospitate</strong></span> <span class='ocrx_word' id='word_1_454' title='bbox 2210 2417 2388 2463; x_wconf 89' lang='lat' dir='ltr'><strong>tamen</strong></span> <span class='ocrx_word' id='word_1_455' title='bbox 2418 2408 2584 2477; x_wconf 86' lang='lat' dir='ltr'><strong>ipsius</strong></span> <span class='ocrx_word' id='word_1_456' title='bbox 2613 2408 2852 2473; x_wconf 86' lang='lat' dir='ltr'><strong>solliciti,</strong></span> <span class='ocrx_word' id='word_1_457' title='bbox 2881 2426 2978 2481; x_wconf 90' lang='lat' dir='ltr'><strong>per</strong></span> <span class='ocrx_word' id='word_1_458' title='bbox 3007 2411 3248 2467; x_wconf 89' lang='lat' dir='ltr'><strong>diversas</strong></span> <span class='ocrx_word' id='word_1_459' title='bbox 3284 2411 3498 2470; x_wconf 85' lang='lat' dir='ltr'><strong>deferre</strong></span> 
     </span>
    </p>
   </div>
   <div class='ocr_carea' id='block_1_69' title="bbox 1911 2500 3495 2573">
    <p class='ocr_par' dir='ltr' id='par_1_69' title="bbox 1911 2500 3495 2573">
     <span class='ocr_line' id='line_1_69' title="bbox 1911 2500 3495 2573; baseline 0.003 -21"><span class='ocrx_word' id='word_1_460' title='bbox 1911 2506 2222 2552; x_wconf 88' lang='lat' dir='ltr'><strong>sanctorum</strong></span> <span class='ocrx_word' id='word_1_461' title='bbox 2270 2508 2603 2554; x_wconf 89' lang='lat' dir='ltr'><strong>curaverunt</strong></span> <span class='ocrx_word' id='word_1_462' title='bbox 2647 2500 2924 2555; x_wconf 86' lang='lat' dir='ltr'><strong>ecclesias.</strong></span> <span class='ocrx_word' id='word_1_463' title='bbox 2966 2501 3064 2556; x_wconf 80' lang='lat' dir='ltr'><strong>Ast</strong></span> <span class='ocrx_word' id='word_1_464' title='bbox 3111 2501 3199 2556; x_wconf 89' lang='lat' dir='ltr'><strong>ubi</strong></span> <span class='ocrx_word' id='word_1_465' title='bbox 3244 2501 3356 2573; x_wconf 88' lang='lat' dir='ltr'><strong>jam</strong></span> <span class='ocrx_word' id='word_1_466' title='bbox 3397 2517 3495 2571; x_wconf 81' lang='lat' dir='ltr'><strong>per</strong></span> 
     </span>
    </p>
   </div>
   <div class='ocr_carea' id='block_1_70' title="bbox 1909 2585 3496 2660">
    <p class='ocr_par' dir='ltr' id='par_1_70' title="bbox 1909 2585 3496 2660">
     <span class='ocr_line' id='line_1_70' title="bbox 1909 2585 3496 2660; baseline 0.003 -19"><span class='ocrx_word' id='word_1_467' title='bbox 1909 2585 2217 2642; x_wconf 85' lang='lat' dir='ltr'><strong>duodenum</strong></span> <span class='ocrx_word' id='word_1_468' title='bbox 2274 2586 2388 2642; x_wconf 88' lang='lat' dir='ltr'><strong>fere</strong></span> <span class='ocrx_word' id='word_1_469' title='bbox 2448 2604 2715 2643; x_wconf 90' lang='lat' dir='ltr'><strong>annorum</strong></span> <span class='ocrx_word' id='word_1_470' title='bbox 2764 2590 2998 2660; x_wconf 91' lang='lat' dir='ltr'><strong>spatium</strong></span> <span class='ocrx_word' id='word_1_471' title='bbox 3051 2590 3143 2646; x_wconf 89' lang='lat' dir='ltr'><strong>tali</strong></span> <span class='ocrx_word' id='word_1_472' title='bbox 3209 2600 3496 2647; x_wconf 82' lang='lat' dir='ltr'><strong>vexaretur</strong></span> 
     </span>
    </p>
   </div>
   <div class='ocr_carea' id='block_1_71' title="bbox 1912 2676 3495 2753">
    <p class='ocr_par' dir='ltr' id='par_1_71' title="bbox 1912 2676 3495 2753">
     <span class='ocr_line' id='line_1_71' title="bbox 1912 2676 3495 2753; baseline 0.006 -24"><span class='ocrx_word' id='word_1_473' title='bbox 1912 2676 2186 2750; x_wconf 84' lang='lat' dir='ltr'><strong>languoris</strong></span> <span class='ocrx_word' id='word_1_474' title='bbox 2224 2679 2543 2744; x_wconf 87' lang='lat' dir='ltr'><strong>acerbitate,</strong></span> <span class='ocrx_word' id='word_1_475' title='bbox 2573 2694 2673 2736; x_wconf 85' lang='lat' dir='ltr'><strong>nec</strong></span> <span class='ocrx_word' id='word_1_476' title='bbox 2714 2681 3013 2736; x_wconf 85' lang='lat' dir='ltr'><strong>remedium</strong></span> <span class='ocrx_word' id='word_1_477' title='bbox 3060 2692 3245 2753; x_wconf 88' lang='lat' dir='ltr'><strong>posset</strong></span> <span class='ocrx_word' id='word_1_478' title='bbox 3290 2682 3495 2739; x_wconf 76' lang='lat' dir='ltr'><strong>doloris</strong></span> 
     </span>
    </p>
   </div>
   <div class='ocr_carea' id='block_1_72' title="bbox 1912 2768 3492 2845">
    <p class='ocr_par' dir='ltr' id='par_1_72' title="bbox 1912 2768 3492 2845">
     <span class='ocr_line' id='line_1_72' title="bbox 1912 2768 3492 2845; baseline 0.004 -22"><span class='ocrx_word' id='word_1_479' title='bbox 1912 2768 2186 2836; x_wconf 88' lang='lat' dir='ltr'><strong>invenire;</strong></span> <span class='ocrx_word' id='word_1_480' title='bbox 2234 2771 2572 2841; x_wconf 89' lang='lat' dir='ltr'><strong>comperiens</strong></span> <span class='ocrx_word' id='word_1_481' title='bbox 2620 2771 2688 2827; x_wconf 86' lang='lat' dir='ltr'><strong>de</strong></span> <span class='ocrx_word' id='word_1_482' title='bbox 2737 2772 2999 2829; x_wconf 88' lang='lat' dir='ltr'><strong>relatione</strong></span> <span class='ocrx_word' id='word_1_483' title='bbox 3034 2774 3175 2829; x_wconf 89' lang='lat' dir='ltr'><strong>sacri</strong></span> <span class='ocrx_word' id='word_1_484' title='bbox 3226 2775 3492 2845; x_wconf 85' lang='lat' dir='ltr'><strong>corporis,</strong></span> 
     </span>
    </p>
   </div>
   <div class='ocr_carea' id='block_1_73' title="bbox 1910 2860 3494 2935">
    <p class='ocr_par' dir='ltr' id='par_1_73' title="bbox 1910 2860 3494 2935">
     <span class='ocr_line' id='line_1_73' title="bbox 1910 2860 3494 2935; baseline 0.004 -21"><span class='ocrx_word' id='word_1_485' title='bbox 1910 2872 2242 2930; x_wconf 89' lang='lat' dir='ltr'><strong>operumque</strong></span> <span class='ocrx_word' id='word_1_486' title='bbox 2264 2860 2560 2927; x_wconf 74' lang='lat' dir='ltr'><strong>miraculis,</strong></span> <span class='ocrx_word' id='word_1_487' title='bbox 2588 2877 2696 2931; x_wconf 91' lang='lat' dir='ltr'><strong>quo</strong></span> <span class='ocrx_word' id='word_1_488' title='bbox 2717 2861 2885 2916; x_wconf 91' lang='lat' dir='ltr'><strong>valuit</strong></span> <span class='ocrx_word' id='word_1_489' title='bbox 2907 2862 3049 2929; x_wconf 90' lang='lat' dir='ltr'><strong>nisu,</strong></span> <span class='ocrx_word' id='word_1_490' title='bbox 3086 2878 3277 2934; x_wconf 85' lang='lat' dir='ltr'><strong>repere</strong></span> <span class='ocrx_word' id='word_1_491' title='bbox 3305 2863 3494 2935; x_wconf 66' lang='lat' dir='ltr'><strong>coepit,</strong></span> 
     </span>
    </p>
   </div>
   <div class='ocr_carea' id='block_1_74' title="bbox 1912 2954 3498 3028">
    <p class='ocr_par' dir='ltr' id='par_1_74' title="bbox 1912 2954 3498 3028">
     <span class='ocr_line' id='line_1_74' title="bbox 1912 2954 3498 3028; baseline 0.001 -19"><span class='ocrx_word' id='word_1_492' title='bbox 1912 2967 2014 3009; x_wconf 88' lang='lat' dir='ltr'><strong>nec</strong></span> <span class='ocrx_word' id='word_1_493' title='bbox 2044 2968 2103 3008; x_wconf 82' lang='lat' dir='ltr'><strong>se</strong></span> <span class='ocrx_word' id='word_1_494' title='bbox 2140 2962 2399 3024; x_wconf 88' lang='lat' dir='ltr'><strong>carpento</strong></span> <span class='ocrx_word' id='word_1_495' title='bbox 2424 2954 2688 3026; x_wconf 90' lang='lat' dir='ltr'><strong>permittit</strong></span> <span class='ocrx_word' id='word_1_496' title='bbox 2714 2954 2937 3025; x_wconf 88' lang='lat' dir='ltr'><strong>imponi,</strong></span> <span class='ocrx_word' id='word_1_497' title='bbox 2966 2955 3061 3010; x_wconf 91' lang='lat' dir='ltr'><strong>sed</strong></span> <span class='ocrx_word' id='word_1_498' title='bbox 3110 2964 3306 3021; x_wconf 90' lang='lat' dir='ltr'><strong>tractu,</strong></span> <span class='ocrx_word' id='word_1_499' title='bbox 3337 2968 3498 3028; x_wconf 87' lang='lat' dir='ltr'><strong>prent</strong></span> 
     </span>
    </p>
   </div>
   <div class='ocr_carea' id='block_1_75' title="bbox 1912 3041 3495 3117">
    <p class='ocr_par' dir='ltr' id='par_1_75' title="bbox 1912 3041 3495 3117">
     <span class='ocr_line' id='line_1_75' title="bbox 1912 3041 3495 3117; baseline 0.005 -23"><span class='ocrx_word' id='word_1_500' title='bbox 1912 3041 2073 3109; x_wconf 86' lang='lat' dir='ltr'><strong>valet,</strong></span> <span class='ocrx_word' id='word_1_501' title='bbox 2097 3041 2226 3099; x_wconf 87' lang='lat' dir='ltr'><strong>illud</strong></span> <span class='ocrx_word' id='word_1_502' title='bbox 2251 3057 2413 3115; x_wconf 85' lang='lat' dir='ltr'><strong>agere</strong></span> <span class='ocrx_word' id='word_1_503' title='bbox 2450 3043 2613 3114; x_wconf 79' lang='lat' dir='ltr'><strong>gestit</strong></span> <span class='ocrx_word' id='word_1_504' title='bbox 2643 3043 2764 3098; x_wconf 87' lang='lat' dir='ltr'><strong>iter.</strong></span> <span class='ocrx_word' id='word_1_505' title='bbox 2797 3044 2879 3099; x_wconf 88' lang='lat' dir='ltr'><strong>Ad</strong></span> <span class='ocrx_word' id='word_1_506' title='bbox 2913 3044 3166 3116; x_wconf 90' lang='lat' dir='ltr'><strong>templum</strong></span> <span class='ocrx_word' id='word_1_507' title='bbox 3207 3059 3335 3100; x_wconf 87' lang='lat' dir='ltr'><strong>vero</strong></span> <span class='ocrx_word' id='word_1_508' title='bbox 3368 3062 3495 3117; x_wconf 61' lang='lat' dir='ltr'><strong>perv-</strong></span> 
     </span>
    </p>
   </div>
   <div class='ocr_carea' id='block_1_76' title="bbox 1834 3107 3498 3216">
    <p class='ocr_par' dir='ltr' id='par_1_76' title="bbox 1834 3107 3498 3216">
     <span class='ocr_line' id='line_1_76' title="bbox 1834 3107 3498 3216; baseline 0.003 -28"><span class='ocrx_word' id='word_1_509' title='bbox 1834 3107 1877 3168; x_wconf 57' lang='grc' dir='ltr'><strong>(δ</strong></span> <span class='ocrx_word' id='word_1_510' title='bbox 1912 3134 2177 3200; x_wconf 82' lang='lat' dir='ltr'><strong>veniens,</strong></span> <span class='ocrx_word' id='word_1_511' title='bbox 2234 3149 2343 3205; x_wconf 88' lang='lat' dir='ltr'><strong>quo</strong></span> <span class='ocrx_word' id='word_1_512' title='bbox 2404 3136 2703 3205; x_wconf 90' lang='lat' dir='ltr'><strong>pretiosum</strong></span> <span class='ocrx_word' id='word_1_513' title='bbox 2760 3134 2950 3196; x_wconf 89' lang='lat' dir='ltr'><strong>salutis</strong></span> <span class='ocrx_word' id='word_1_514' title='bbox 3006 3136 3251 3192; x_wconf 90' lang='lat' dir='ltr'><strong>audierat</strong></span> <span class='ocrx_word' id='word_1_515' title='bbox 3302 3146 3498 3216; x_wconf 82' lang='lat' dir='ltr'><strong>munus</strong></span> 
     </span>
    </p>
   </div>
   <div class='ocr_carea' id='block_1_77' title="bbox 1909 3226 3498 3300">
    <p class='ocr_par' dir='ltr' id='par_1_77' title="bbox 1909 3226 3498 3300">
     <span class='ocr_line' id='line_1_77' title="bbox 1909 3226 3498 3300; baseline 0.001 -19"><span class='ocrx_word' id='word_1_516' title='bbox 1909 3227 2107 3294; x_wconf 88' lang='lat' dir='ltr'><strong>inesse,</strong></span> <span class='ocrx_word' id='word_1_517' title='bbox 2134 3226 2269 3283; x_wconf 91' lang='lat' dir='ltr'><strong>fusis</strong></span> <span class='ocrx_word' id='word_1_518' title='bbox 2295 3227 2505 3283; x_wconf 87' lang='lat' dir='ltr'><strong>Domini</strong></span> <span class='ocrx_word' id='word_1_519' title='bbox 2527 3227 2870 3283; x_wconf 86' lang='lat' dir='ltr'><strong>clementiam</strong></span> <span class='ocrx_word' id='word_1_520' title='bbox 2900 3228 3038 3282; x_wconf 91' lang='lat' dir='ltr'><strong>votis</strong></span> <span class='ocrx_word' id='word_1_521' title='bbox 3067 3243 3166 3298; x_wconf 94' lang='lat' dir='ltr'><strong>pro</strong></span> <span class='ocrx_word' id='word_1_522' title='bbox 3187 3228 3269 3283; x_wconf 89' lang='lat' dir='ltr'><strong>sui</strong></span> <span class='ocrx_word' id='word_1_523' title='bbox 3292 3226 3498 3300; x_wconf 84' lang='lat' dir='ltr'><strong>ﬂagitat</strong></span> 
     </span>
    </p>
   </div>
   <div class='ocr_carea' id='block_1_78' title="bbox 1907 3318 3498 3391">
    <p class='ocr_par' dir='ltr' id='par_1_78' title="bbox 1907 3318 3498 3391">
     <span class='ocr_line' id='line_1_78' title="bbox 1907 3318 3498 3391; baseline 0 -15"><span class='ocrx_word' id='word_1_524' title='bbox 1907 3321 2245 3377; x_wconf 81' lang='lat' dir='ltr'><strong>liberatione.</strong></span> <span class='ocrx_word' id='word_1_525' title='bbox 2284 3320 2391 3376; x_wconf 80' lang='lat' dir='ltr'><strong>Sed</strong></span> <span class='ocrx_word' id='word_1_526' title='bbox 2420 3329 2476 3375; x_wconf 90' lang='lat' dir='ltr'><strong>et</strong></span> <span class='ocrx_word' id='word_1_527' title='bbox 2503 3319 2736 3390; x_wconf 87' lang='lat' dir='ltr'><strong>propriis</strong></span> <span class='ocrx_word' id='word_1_528' title='bbox 2776 3318 2951 3375; x_wconf 89' lang='lat' dir='ltr'><strong>fertur</strong></span> <span class='ocrx_word' id='word_1_529' title='bbox 2980 3321 3290 3391; x_wconf 88' lang='lat' dir='ltr'><strong>pavimenta</strong></span> <span class='ocrx_word' id='word_1_530' title='bbox 3322 3320 3498 3391; x_wconf 78' lang='lat' dir='ltr'><strong>lacry-</strong></span> 
     </span>
    </p>
   </div>
   <div class='ocr_carea' id='block_1_79' title="bbox 1907 3409 3501 3482">
    <p class='ocr_par' dir='ltr' id='par_1_79' title="bbox 1907 3409 3501 3482">
     <span class='ocr_line' id='line_1_79' title="bbox 1907 3409 3501 3482; baseline 0.001 -15"><span class='ocrx_word' id='word_1_531' title='bbox 1907 3412 2010 3467; x_wconf 91' lang='lat' dir='ltr'><strong>mis</strong></span> <span class='ocrx_word' id='word_1_532' title='bbox 2062 3411 2423 3467; x_wconf 87' lang='lat' dir='ltr'><strong>ltnmectasse.</strong></span> <span class='ocrx_word' id='word_1_533' title='bbox 2467 3412 2598 3478; x_wconf 79' lang='lat' dir='ltr'><strong>Qua:</strong></span> <span class='ocrx_word' id='word_1_534' title='bbox 2626 3420 2912 3482; x_wconf 85' lang='lat' dir='ltr'><strong>postquam</strong></span> <span class='ocrx_word' id='word_1_535' title='bbox 2976 3426 3072 3482; x_wconf 89' lang='lat' dir='ltr'><strong>per</strong></span> <span class='ocrx_word' id='word_1_536' title='bbox 3113 3419 3224 3467; x_wconf 90' lang='lat' dir='ltr'><strong>tres</strong></span> <span class='ocrx_word' id='word_1_537' title='bbox 3252 3409 3327 3467; x_wconf 87' lang='lat' dir='ltr'><strong>ita</strong></span> <span class='ocrx_word' id='word_1_538' title='bbox 3382 3412 3501 3468; x_wconf 78' lang='lat' dir='ltr'><strong>dies</strong></span> 
     </span>
    </p>
   </div>
   <div class='ocr_carea' id='block_1_80' title="bbox 1906 3502 3496 3575">
    <p class='ocr_par' dir='ltr' id='par_1_80' title="bbox 1906 3502 3496 3575">
     <span class='ocr_line' id='line_1_80' title="bbox 1906 3502 3496 3575; baseline -0.001 -17"><span class='ocrx_word' id='word_1_539' title='bbox 1906 3504 2139 3575; x_wconf 84' lang='lat' dir='ltr'><strong>egisset,</strong></span> <span class='ocrx_word' id='word_1_540' title='bbox 2194 3504 2321 3560; x_wconf 88' lang='lat' dir='ltr'><strong>dum</strong></span> <span class='ocrx_word' id='word_1_541' title='bbox 2372 3504 2551 3559; x_wconf 92' lang='lat' dir='ltr'><strong>denuo</strong></span> <span class='ocrx_word' id='word_1_542' title='bbox 2607 3504 2858 3574; x_wconf 86' lang='lat' dir='ltr'><strong>precibus</strong></span> <span class='ocrx_word' id='word_1_543' title='bbox 2906 3503 3267 3568; x_wconf 86' lang='lat' dir='ltr'><strong>incumberet,</strong></span> <span class='ocrx_word' id='word_1_544' title='bbox 3313 3502 3496 3558; x_wconf 82' lang='lat' dir='ltr'><strong>divina</strong></span> 
     </span>
    </p>
   </div>
   <div class='ocr_carea' id='block_1_81' title="bbox 1907 3599 3498 3672">
    <p class='ocr_par' dir='ltr' id='par_1_81' title="bbox 1907 3599 3498 3672">
     <span class='ocr_line' id='line_1_81' title="bbox 1907 3599 3498 3672; baseline -0.001 -17"><span class='ocrx_word' id='word_1_545' title='bbox 1907 3600 2008 3656; x_wconf 89' lang='lat' dir='ltr'><strong>sibi</strong></span> <span class='ocrx_word' id='word_1_546' title='bbox 2042 3601 2212 3672; x_wconf 77' lang='lat' dir='ltr'><strong>gratia</strong></span> <span class='ocrx_word' id='word_1_547' title='bbox 2241 3601 2674 3671; x_wconf 88' lang='lat' dir='ltr'><strong>superveniente,</strong></span> <span class='ocrx_word' id='word_1_548' title='bbox 2703 3600 2811 3655; x_wconf 91' lang='lat' dir='ltr'><strong>vim</strong></span> <span class='ocrx_word' id='word_1_549' title='bbox 2869 3600 3152 3657; x_wconf 87' lang='lat' dir='ltr'><strong>medicinae</strong></span> <span class='ocrx_word' id='word_1_550' title='bbox 3178 3599 3271 3655; x_wconf 77' lang='lat' dir='ltr'><strong>vix</strong></span> <span class='ocrx_word' id='word_1_551' title='bbox 3309 3599 3498 3655; x_wconf 82' lang='lat' dir='ltr'><strong>valens</strong></span> 
     </span>
    </p>
   </div>
   <div class='ocr_carea' id='block_1_82' title="bbox 1909 3689 3498 3762">
    <p class='ocr_par' dir='ltr' id='par_1_82' title="bbox 1909 3689 3498 3762">
     <span class='ocr_line' id='line_1_82' title="bbox 1909 3689 3498 3762; baseline -0.001 -16"><span class='ocrx_word' id='word_1_552' title='bbox 1909 3689 2053 3747; x_wconf 88' lang='lat' dir='ltr'><strong>ferre</strong></span> <span class='ocrx_word' id='word_1_553' title='bbox 2103 3692 2313 3762; x_wconf 86' lang='lat' dir='ltr'><strong>magnis</strong></span> <span class='ocrx_word' id='word_1_554' title='bbox 2361 3690 2527 3760; x_wconf 76' lang='lat' dir='ltr'><strong>erepit</strong></span> <span class='ocrx_word' id='word_1_555' title='bbox 2571 3691 2795 3748; x_wconf 88' lang='lat' dir='ltr'><strong>vocibus</strong></span> <span class='ocrx_word' id='word_1_556' title='bbox 2848 3700 3112 3760; x_wconf 85' lang='lat' dir='ltr'><strong>strepere,</strong></span> <span class='ocrx_word' id='word_1_557' title='bbox 3161 3701 3217 3747; x_wconf 89' lang='lat' dir='ltr'><strong>et</strong></span> <span class='ocrx_word' id='word_1_558' title='bbox 3265 3690 3498 3761; x_wconf 80' lang='lat' dir='ltr'><strong>ejulatus</strong></span> 
     </span>
    </p>
   </div>
   <div class='ocr_carea' id='block_1_83' title="bbox 1908 3783 3495 3852">
    <p class='ocr_par' dir='ltr' id='par_1_83' title="bbox 1908 3783 3495 3852">
     <span class='ocr_line' id='line_1_83' title="bbox 1908 3783 3495 3852; baseline 0 -15"><span class='ocrx_word' id='word_1_559' title='bbox 1908 3784 2138 3839; x_wconf 88' lang='lat' dir='ltr'><strong>acerbos</strong></span> <span class='ocrx_word' id='word_1_560' title='bbox 2167 3785 2351 3839; x_wconf 88' lang='lat' dir='ltr'><strong>edere.</strong></span> <span class='ocrx_word' id='word_1_561' title='bbox 2407 3783 2607 3852; x_wconf 88' lang='lat' dir='ltr'><strong>Sicque</strong></span> <span class='ocrx_word' id='word_1_562' title='bbox 2661 3783 2819 3838; x_wconf 91' lang='lat' dir='ltr'><strong>nodis</strong></span> <span class='ocrx_word' id='word_1_563' title='bbox 2872 3798 3164 3837; x_wconf 88' lang='lat' dir='ltr'><strong>nervorum</strong></span> <span class='ocrx_word' id='word_1_564' title='bbox 3218 3783 3495 3848; x_wconf 84' lang='lat' dir='ltr'><strong>resolutis,</strong></span> 
     </span>
    </p>
   </div>
   <div class='ocr_carea' id='block_1_84' title="bbox 1908 3872 3497 3944">
    <p class='ocr_par' dir='ltr' id='par_1_84' title="bbox 1908 3872 3497 3944">
     <span class='ocr_line' id='line_1_84' title="bbox 1908 3872 3497 3944; baseline 0.001 -16"><span class='ocrx_word' id='word_1_565' title='bbox 1908 3873 2165 3944; x_wconf 91' lang='lat' dir='ltr'><strong>omnique</strong></span> <span class='ocrx_word' id='word_1_566' title='bbox 2190 3887 2293 3943; x_wconf 89' lang='lat' dir='ltr'><strong>pop</strong></span> <span class='ocrx_word' id='word_1_567' title='bbox 2318 3873 2452 3927; x_wconf 91' lang='lat' dir='ltr'><strong>itum</strong></span> <span class='ocrx_word' id='word_1_568' title='bbox 2479 3872 2848 3928; x_wconf 90' lang='lat' dir='ltr'><strong>contractione</strong></span> <span class='ocrx_word' id='word_1_569' title='bbox 2871 3872 3133 3939; x_wconf 84' lang='lat' dir='ltr'><strong>relaxata,</strong></span> <span class='ocrx_word' id='word_1_570' title='bbox 3166 3874 3328 3931; x_wconf 87' lang='lat' dir='ltr'><strong>unius</strong></span> <span class='ocrx_word' id='word_1_571' title='bbox 3351 3874 3497 3929; x_wconf 73' lang='lat' dir='ltr'><strong>bona</strong></span> 
     </span>
    </p>
   </div>
   <div class='ocr_carea' id='block_1_85' title="bbox 1907 3961 3493 4036">
    <p class='ocr_par' dir='ltr' id='par_1_85' title="bbox 1907 3961 3493 4036">
     <span class='ocr_line' id='line_1_85' title="bbox 1907 3961 3493 4036; baseline 0 -17"><span class='ocrx_word' id='word_1_572' title='bbox 1907 3964 2080 4020; x_wconf 90' lang='lat' dir='ltr'><strong>ferme</strong></span> <span class='ocrx_word' id='word_1_573' title='bbox 2106 3965 2300 4036; x_wconf 89' lang='lat' dir='ltr'><strong>spatio,</strong></span> <span class='ocrx_word' id='word_1_574' title='bbox 2327 3965 2535 4019; x_wconf 86' lang='lat' dir='ltr'><strong>viribus</strong></span> <span class='ocrx_word' id='word_1_575' title='bbox 2564 3964 2849 4029; x_wconf 79' lang='lat' dir='ltr'><strong>exhausta,</strong></span> <span class='ocrx_word' id='word_1_576' title='bbox 2877 3961 3051 4032; x_wconf 84' lang='lat' dir='ltr'><strong>jacuit</strong></span> <span class='ocrx_word' id='word_1_577' title='bbox 3076 3964 3231 4033; x_wconf 88' lang='lat' dir='ltr'><strong>quasi</strong></span> <span class='ocrx_word' id='word_1_578' title='bbox 3259 3975 3493 4020; x_wconf 88' lang='lat' dir='ltr'><strong>mortua.</strong></span> 
     </span>
    </p>
   </div>
   <div class='ocr_carea' id='block_1_86' title="bbox 1909 4053 3498 4126">
    <p class='ocr_par' dir='ltr' id='par_1_86' title="bbox 1909 4053 3498 4126">
     <span class='ocr_line' id='line_1_86' title="bbox 1909 4053 3498 4126; baseline 0.001 -16"><span class='ocrx_word' id='word_1_579' title='bbox 1909 4053 2016 4110; x_wconf 89' lang='lat' dir='ltr'><strong>Sed</strong></span> <span class='ocrx_word' id='word_1_580' title='bbox 2043 4054 2134 4126; x_wconf 92' lang='lat' dir='ltr'><strong>qui</strong></span> <span class='ocrx_word' id='word_1_581' title='bbox 2164 4054 2393 4111; x_wconf 91' lang='lat' dir='ltr'><strong>contulit</strong></span> <span class='ocrx_word' id='word_1_582' title='bbox 2421 4054 2781 4112; x_wconf 87' lang='lat' dir='ltr'><strong>absolutionis</strong></span> <span class='ocrx_word' id='word_1_583' title='bbox 2826 4070 2985 4125; x_wconf 91' lang='lat' dir='ltr'><strong>opem</strong></span> <span class='ocrx_word' id='word_1_584' title='bbox 3004 4095 3020 4121; x_wconf 91' lang='lat'><strong>,</strong></span> <span class='ocrx_word' id='word_1_585' title='bbox 3053 4055 3266 4110; x_wconf 88' lang='lat' dir='ltr'><strong>roboris</strong></span> <span class='ocrx_word' id='word_1_586' title='bbox 3291 4055 3498 4111; x_wconf 85' lang='lat' dir='ltr'><strong>addidit</strong></span> 
     </span>
    </p>
   </div>
   <div class='ocr_carea' id='block_1_87' title="bbox 1908 4146 3499 4219">
    <p class='ocr_par' dir='ltr' id='par_1_87' title="bbox 1908 4146 3499 4219">
     <span class='ocr_line' id='line_1_87' title="bbox 1908 4146 3499 4219; baseline 0.001 -19"><span class='ocrx_word' id='word_1_587' title='bbox 1908 4161 2123 4218; x_wconf 91' lang='lat' dir='ltr'><strong>quoque</strong></span> <span class='ocrx_word' id='word_1_588' title='bbox 2174 4149 2436 4218; x_wconf 88' lang='lat' dir='ltr'><strong>vigorem.</strong></span> <span class='ocrx_word' id='word_1_589' title='bbox 2486 4146 2718 4217; x_wconf 81' lang='lat' dir='ltr'><strong>Moxque</strong></span> <span class='ocrx_word' id='word_1_590' title='bbox 2770 4161 2869 4202; x_wconf 90' lang='lat' dir='ltr'><strong>ceu</strong></span> <span class='ocrx_word' id='word_1_591' title='bbox 2922 4146 2989 4203; x_wconf 90' lang='lat' dir='ltr'><strong>de</strong></span> <span class='ocrx_word' id='word_1_592' title='bbox 3039 4147 3189 4219; x_wconf 87' lang='lat' dir='ltr'><strong>gravi</strong></span> <span class='ocrx_word' id='word_1_593' title='bbox 3237 4146 3499 4219; x_wconf 87' lang='lat' dir='ltr'><strong>evigilaus</strong></span> 
     </span>
    </p>
   </div>
   <div class='ocr_carea' id='block_1_88' title="bbox 1907 4223 3496 4310">
    <p class='ocr_par' dir='ltr' id='par_1_88' title="bbox 1907 4223 3496 4310">
     <span class='ocr_line' id='line_1_88' title="bbox 1907 4223 3496 4310; baseline -0.001 -17"><span class='ocrx_word' id='word_1_594' title='bbox 1907 4253 2117 4304; x_wconf 89' lang='lat' dir='ltr'><strong>somno,</strong></span> <span class='ocrx_word' id='word_1_595' title='bbox 2148 4240 2243 4297; x_wconf 86' lang='lat' dir='ltr'><strong>ubi</strong></span> <span class='ocrx_word' id='word_1_596' title='bbox 2265 4223 2559 4310; x_wconf 85' lang='lat' dir='ltr'><strong>supernum</strong></span> <span class='ocrx_word' id='word_1_597' title='bbox 2596 4238 2699 4295; x_wconf 86' lang='lat' dir='ltr'><strong>sibi</strong></span> <span class='ocrx_word' id='word_1_598' title='bbox 2758 4239 2923 4294; x_wconf 89' lang='lat' dir='ltr'><strong>sentit</strong></span> <span class='ocrx_word' id='word_1_599' title='bbox 2965 4239 3251 4296; x_wconf 89' lang='lat' dir='ltr'><strong>obvenisse</strong></span> <span class='ocrx_word' id='word_1_600' title='bbox 3287 4237 3496 4294; x_wconf 79' lang='lat' dir='ltr'><strong>benefl-</strong></span> 
     </span>
    </p>
   </div>
   <div class='ocr_carea' id='block_1_89' title="bbox 1908 4330 3494 4403">
    <p class='ocr_par' dir='ltr' id='par_1_89' title="bbox 1908 4330 3494 4403">
     <span class='ocr_line' id='line_1_89' title="bbox 1908 4330 3494 4403; baseline 0.001 -18"><span class='ocrx_word' id='word_1_601' title='bbox 1908 4331 2076 4396; x_wconf 89' lang='lat' dir='ltr'><strong>cium,</strong></span> <span class='ocrx_word' id='word_1_602' title='bbox 2099 4330 2342 4402; x_wconf 80' lang='lat' dir='ltr'><strong>pignoris</strong></span> <span class='ocrx_word' id='word_1_603' title='bbox 2369 4331 2499 4387; x_wconf 87' lang='lat' dir='ltr'><strong>almi</strong></span> <span class='ocrx_word' id='word_1_604' title='bbox 2542 4331 2676 4402; x_wconf 87' lang='lat' dir='ltr'><strong>petit</strong></span> <span class='ocrx_word' id='word_1_605' title='bbox 2702 4330 2961 4398; x_wconf 90' lang='lat' dir='ltr'><strong>loculum,</strong></span> <span class='ocrx_word' id='word_1_606' title='bbox 2995 4330 3150 4400; x_wconf 86' lang='lat' dir='ltr'><strong>cujus</strong></span> <span class='ocrx_word' id='word_1_607' title='bbox 3185 4330 3358 4403; x_wconf 85' lang='lat' dir='ltr'><strong>gratia</strong></span> <span class='ocrx_word' id='word_1_608' title='bbox 3389 4331 3494 4387; x_wconf 89' lang='lat' dir='ltr'><strong>sibi</strong></span> 
     </span>
    </p>
   </div>
   <div class='ocr_carea' id='block_1_90' title="bbox 220 4423 3498 4515">
    <p class='ocr_par' dir='ltr' id='par_1_90' title="bbox 220 4423 3498 4515">
     <span class='ocr_line' id='line_1_90' title="bbox 220 4423 3498 4515; baseline 0 -39"><span class='ocrx_word' id='word_1_609' title='bbox 220 4438 470 4498; x_wconf 59' lang='grc' dir='ltr'><strong>ιιιηίιπιρ,</strong></span> <span class='ocrx_word' id='word_1_610' title='bbox 494 4434 803 4491; x_wconf 53' lang='lat' dir='ltr'><strong>sanctitatis</strong></span> <span class='ocrx_word' id='word_1_611' title='bbox 824 4448 984 4487; x_wconf 65' lang='lat' dir='ltr'><strong>aures</strong></span> <span class='ocrx_word' id='word_1_612' title='bbox 1014 4432 1349 4488; x_wconf 63' lang='lat' dir='ltr'><strong>clandestino</strong></span> <span class='ocrx_word' id='word_1_613' title='bbox 1371 4434 1533 4505; x_wconf 74' lang='grc' dir='ltr'><strong>ρωνίι</strong></span> <span class='ocrx_word' id='word_1_614' title='bbox 1567 4435 1803 4491; x_wconf 61' lang='lat' dir='ltr'><strong>clamore</strong></span> <span class='ocrx_word' id='word_1_615' title='bbox 1834 4454 1883 4515; x_wconf 71' lang='grc' dir='ltr'><strong>ο</strong></span> <span class='ocrx_word' id='word_1_616' title='bbox 1910 4423 2200 4492; x_wconf 82' lang='lat' dir='ltr'><strong>contigisse</strong></span> <span class='ocrx_word' id='word_1_617' title='bbox 2234 4439 2342 4478; x_wconf 91' lang='lat' dir='ltr'><strong>non</strong></span> <span class='ocrx_word' id='word_1_618' title='bbox 2386 4424 2671 4487; x_wconf 66' lang='lat' dir='ltr'><strong>haesitabat</strong></span> <span class='ocrx_word' id='word_1_619' title='bbox 2709 4424 3028 4480; x_wconf 83' lang='lat' dir='ltr'><strong>remedium.</strong></span> <span class='ocrx_word' id='word_1_620' title='bbox 3059 4423 3271 4479; x_wconf 87' lang='lat' dir='ltr'><strong>Dehinc</strong></span> <span class='ocrx_word' id='word_1_621' title='bbox 3295 4424 3498 4495; x_wconf 83' lang='lat' dir='ltr'><strong>gratias</strong></span> 
     </span>
    </p>
   </div>
   <div class='ocr_carea' id='block_1_91' title="bbox 218 4523 1800 4597">
    <p class='ocr_par' dir='ltr' id='par_1_91' title="bbox 218 4523 1800 4597">
     <span class='ocr_line' id='line_1_91' title="bbox 218 4523 1800 4597; baseline 0.002 -21"><span class='ocrx_word' id='word_1_622' title='bbox 218 4526 448 4594; x_wconf 86' lang='lat' dir='ltr'><strong>pulsare,</strong></span> <span class='ocrx_word' id='word_1_623' title='bbox 470 4534 574 4578; x_wconf 84' lang='lat' dir='ltr'><strong>tam</strong></span> <span class='ocrx_word' id='word_1_624' title='bbox 598 4538 800 4592; x_wconf 72' lang='lat' dir='ltr'><strong>magno</strong></span> <span class='ocrx_word' id='word_1_625' title='bbox 826 4538 883 4579; x_wconf 88' lang='lat' dir='ltr'><strong>se</strong></span> <span class='ocrx_word' id='word_1_626' title='bbox 909 4538 1249 4593; x_wconf 86' lang='lat' dir='ltr'><strong>conquerens</strong></span> <span class='ocrx_word' id='word_1_627' title='bbox 1283 4523 1466 4578; x_wconf 87' lang='lat' dir='ltr'><strong>labore</strong></span> <span class='ocrx_word' id='word_1_628' title='bbox 1499 4524 1800 4597; x_wconf 81' lang='lat' dir='ltr'><strong>fatigatum,</strong></span> 
     </span>
    </p>
   </div>
   <div class='ocr_carea' id='block_1_92' title="bbox 222 4613 1801 4686">
    <p class='ocr_par' dir='ltr' id='par_1_92' title="bbox 222 4613 1801 4686">
     <span class='ocr_line' id='line_1_92' title="bbox 222 4613 1801 4686; baseline 0.001 -16"><span class='ocrx_word' id='word_1_629' title='bbox 222 4632 309 4672; x_wconf 87' lang='lat' dir='ltr'><strong>nec</strong></span> <span class='ocrx_word' id='word_1_630' title='bbox 339 4616 443 4672; x_wconf 89' lang='lat' dir='ltr'><strong>sibi</strong></span> <span class='ocrx_word' id='word_1_631' title='bbox 462 4613 576 4670; x_wconf 90' lang='lat' dir='ltr'><strong>fore</strong></span> <span class='ocrx_word' id='word_1_632' title='bbox 606 4613 935 4686; x_wconf 87' lang='lat' dir='ltr'><strong>permissum</strong></span> <span class='ocrx_word' id='word_1_633' title='bbox 964 4613 1148 4669; x_wconf 87' lang='lat' dir='ltr'><strong>videre</strong></span> <span class='ocrx_word' id='word_1_634' title='bbox 1176 4614 1365 4669; x_wconf 84' lang='lat' dir='ltr'><strong>saltem</strong></span> <span class='ocrx_word' id='word_1_635' title='bbox 1399 4614 1630 4669; x_wconf 90' lang='lat' dir='ltr'><strong>loculum</strong></span> <span class='ocrx_word' id='word_1_636' title='bbox 1662 4618 1801 4672; x_wconf 87' lang='lat' dir='ltr'><strong>sacri</strong></span> 
     </span>
    </p>
   </div>
   <div class='ocr_carea' id='block_1_93' title="bbox 220 4703 1802 4779">
    <p class='ocr_par' dir='ltr' id='par_1_93' title="bbox 220 4703 1802 4779">
     <span class='ocr_line' id='line_1_93' title="bbox 220 4703 1802 4779; baseline 0.005 -24"><span class='ocrx_word' id='word_1_637' title='bbox 220 4707 452 4779; x_wconf 66' lang='lat' dir='ltr'><strong>pignoris</strong></span> <span class='ocrx_word' id='word_1_638' title='bbox 491 4705 750 4774; x_wconf 74' lang='lat' dir='ltr'><strong>baiulum,</strong></span> <span class='ocrx_word' id='word_1_639' title='bbox 779 4704 869 4774; x_wconf 90' lang='lat' dir='ltr'><strong>qui</strong></span> <span class='ocrx_word' id='word_1_640' title='bbox 903 4714 1079 4759; x_wconf 88' lang='lat' dir='ltr'><strong>tamen</strong></span> <span class='ocrx_word' id='word_1_641' title='bbox 1124 4703 1241 4771; x_wconf 73' lang='lat' dir='ltr'><strong>ejus</strong></span> <span class='ocrx_word' id='word_1_642' title='bbox 1294 4704 1394 4759; x_wconf 85' lang='lat' dir='ltr'><strong>sibi</strong></span> <span class='ocrx_word' id='word_1_643' title='bbox 1426 4720 1582 4774; x_wconf 88' lang='lat' dir='ltr'><strong>posse</strong></span> <span class='ocrx_word' id='word_1_644' title='bbox 1607 4707 1802 4763; x_wconf 85' lang='lat' dir='ltr'><strong>subve-</strong></span> 
     </span>
    </p>
   </div>
   <div class='ocr_carea' id='block_1_94' title="bbox 154 4780 1800 4871">
    <p class='ocr_par' dir='ltr' id='par_1_94' title="bbox 154 4780 1800 4871">
     <span class='ocr_line' id='line_1_94' title="bbox 154 4780 1800 4871; baseline 0.001 -20"><span class='ocrx_word' id='word_1_645' title='bbox 154 4780 159 4785; x_wconf 57' lang='grc'><em>’</em></span> <span class='ocrx_word' id='word_1_646' title='bbox 222 4801 328 4856; x_wconf 85' lang='lat' dir='ltr'><strong>nire</strong></span> <span class='ocrx_word' id='word_1_647' title='bbox 351 4801 555 4856; x_wconf 89' lang='lat' dir='ltr'><strong>celsum</strong></span> <span class='ocrx_word' id='word_1_648' title='bbox 601 4812 950 4871; x_wconf 87' lang='lat' dir='ltr'><strong>nequaquam</strong></span> <span class='ocrx_word' id='word_1_649' title='bbox 980 4795 1248 4851; x_wconf 82' lang='lat' dir='ltr'><strong>difﬁderet</strong></span> <span class='ocrx_word' id='word_1_650' title='bbox 1282 4797 1610 4866; x_wconf 71' lang='lat' dir='ltr'><strong>prmsidium.</strong></span> <span class='ocrx_word' id='word_1_651' title='bbox 1643 4797 1800 4854; x_wconf 87' lang='lat' dir='ltr'><strong>Talia</strong></span> 
     </span>
    </p>
   </div>
   <div class='ocr_carea' id='block_1_95' title="bbox 221 4886 1801 4958">
    <p class='ocr_par' dir='ltr' id='par_1_95' title="bbox 221 4886 1801 4958">
     <span class='ocr_line' id='line_1_95' title="bbox 221 4886 1801 4958; baseline 0.003 -16"><span class='ocrx_word' id='word_1_652' title='bbox 221 4887 444 4958; x_wconf 85' lang='lat' dir='ltr'><strong>denique</strong></span> <span class='ocrx_word' id='word_1_653' title='bbox 491 4889 617 4944; x_wconf 90' lang='lat' dir='ltr'><strong>dum</strong></span> <span class='ocrx_word' id='word_1_654' title='bbox 661 4888 827 4945; x_wconf 87' lang='lat' dir='ltr'><strong>tacita</strong></span> <span class='ocrx_word' id='word_1_655' title='bbox 872 4902 1055 4942; x_wconf 88' lang='lat' dir='ltr'><strong>secum</strong></span> <span class='ocrx_word' id='word_1_656' title='bbox 1096 4886 1328 4949; x_wconf 86' lang='lat' dir='ltr'><strong>volutat,</strong></span> <span class='ocrx_word' id='word_1_657' title='bbox 1378 4898 1560 4943; x_wconf 89' lang='lat' dir='ltr'><strong>mente</strong></span> <span class='ocrx_word' id='word_1_658' title='bbox 1608 4888 1801 4946; x_wconf 90' lang='lat' dir='ltr'><strong>salutis</strong></span> 
     </span>
    </p>
   </div>
   <div class='ocr_carea' id='block_1_96' title="bbox 225 4976 1801 5051">
    <p class='ocr_par' dir='ltr' id='par_1_96' title="bbox 225 4976 1801 5051">
     <span class='ocr_line' id='line_1_96' title="bbox 225 4976 1801 5051; baseline 0.002 -20"><span class='ocrx_word' id='word_1_659' title='bbox 225 4980 364 5047; x_wconf 81' lang='lat' dir='ltr'><strong>vigor</strong></span> <span class='ocrx_word' id='word_1_660' title='bbox 393 4979 561 5051; x_wconf 88' lang='lat' dir='ltr'><strong>ipsius</strong></span> <span class='ocrx_word' id='word_1_661' title='bbox 587 4994 685 5049; x_wconf 86' lang='lat' dir='ltr'><strong>per</strong></span> <span class='ocrx_word' id='word_1_662' title='bbox 722 4976 960 5032; x_wconf 88' lang='lat' dir='ltr'><strong>membra</strong></span> <span class='ocrx_word' id='word_1_663' title='bbox 983 4992 1213 5048; x_wconf 85' lang='lat' dir='ltr'><strong>quaeque</strong></span> <span class='ocrx_word' id='word_1_664' title='bbox 1236 4976 1435 5031; x_wconf 88' lang='lat' dir='ltr'><strong>sensim</strong></span> <span class='ocrx_word' id='word_1_665' title='bbox 1465 4978 1627 5048; x_wconf 73' lang='lat' dir='ltr'><strong>cmpit</strong></span> <span class='ocrx_word' id='word_1_666' title='bbox 1662 4979 1801 5034; x_wconf 85' lang='lat' dir='ltr'><strong>irrc-</strong></span> 
     </span>
    </p>
   </div>
   <div class='ocr_carea' id='block_1_97' title="bbox 225 5056 1798 5143">
    <p class='ocr_par' dir='ltr' id='par_1_97' title="bbox 225 5056 1798 5143">
     <span class='ocr_line' id='line_1_97' title="bbox 225 5056 1798 5143; baseline 0.002 -20"><span class='ocrx_word' id='word_1_667' title='bbox 225 5084 362 5139; x_wconf 84' lang='lat' dir='ltr'><strong>perc,</strong></span> <span class='ocrx_word' id='word_1_668' title='bbox 391 5071 710 5143; x_wconf 79' lang='lat' dir='ltr'><strong>priscosque</strong></span> <span class='ocrx_word' id='word_1_669' title='bbox 733 5068 891 5124; x_wconf 87' lang='lat' dir='ltr'><strong>simul</strong></span> <span class='ocrx_word' id='word_1_670' title='bbox 912 5056 1091 5141; x_wconf 82' lang='lat' dir='ltr'><strong>stupet</strong></span> <span class='ocrx_word' id='word_1_671' title='bbox 1112 5068 1353 5123; x_wconf 91' lang='lat' dir='ltr'><strong>omnium</strong></span> <span class='ocrx_word' id='word_1_672' title='bbox 1389 5084 1446 5125; x_wconf 86' lang='lat' dir='ltr'><strong>se</strong></span> <span class='ocrx_word' id='word_1_673' title='bbox 1484 5067 1633 5123; x_wconf 88' lang='lat' dir='ltr'><strong>vires</strong></span> <span class='ocrx_word' id='word_1_674' title='bbox 1670 5084 1798 5126; x_wconf 85' lang='lat' dir='ltr'><strong>sen-</strong></span> 
     </span>
    </p>
   </div>
   <div class='ocr_carea' id='block_1_98' title="bbox 227 5158 1799 5233">
    <p class='ocr_par' dir='ltr' id='par_1_98' title="bbox 227 5158 1799 5233">
     <span class='ocr_line' id='line_1_98' title="bbox 227 5158 1799 5233; baseline 0.001 -18"><span class='ocrx_word' id='word_1_675' title='bbox 227 5176 370 5217; x_wconf 86' lang='lat' dir='ltr'><strong>suum</strong></span> <span class='ocrx_word' id='word_1_676' title='bbox 400 5175 745 5233; x_wconf 82' lang='lat' dir='ltr'><strong>recuperare.</strong></span> <span class='ocrx_word' id='word_1_677' title='bbox 785 5158 1027 5231; x_wconf 84' lang='lat' dir='ltr'><strong>Cumque</strong></span> <span class='ocrx_word' id='word_1_678' title='bbox 1061 5175 1245 5218; x_wconf 90' lang='lat' dir='ltr'><strong>rumor</strong></span> <span class='ocrx_word' id='word_1_679' title='bbox 1274 5159 1642 5229; x_wconf 79' lang='lat' dir='ltr'><strong>hujuscemodi</strong></span> <span class='ocrx_word' id='word_1_680' title='bbox 1666 5175 1799 5231; x_wconf 82' lang='lat' dir='ltr'><strong>ope-</strong></span> 
     </span>
    </p>
   </div>
   <div class='ocr_carea' id='block_1_99' title="bbox 231 5250 1803 5327">
    <p class='ocr_par' dir='ltr' id='par_1_99' title="bbox 231 5250 1803 5327">
     <span class='ocr_line' id='line_1_99' title="bbox 231 5250 1803 5327; baseline 0.001 -20"><span class='ocrx_word' id='word_1_681' title='bbox 231 5256 457 5317; x_wconf 80' lang='lat' dir='ltr'><strong>rationis,</strong></span> <span class='ocrx_word' id='word_1_682' title='bbox 490 5253 815 5327; x_wconf 85' lang='lat' dir='ltr'><strong>quibusdam</strong></span> <span class='ocrx_word' id='word_1_683' title='bbox 849 5250 1243 5315; x_wconf 87' lang='lat' dir='ltr'><strong>uuutiantibus,</strong></span> <span class='ocrx_word' id='word_1_684' title='bbox 1284 5268 1442 5309; x_wconf 85' lang='lat' dir='ltr'><strong>aures</strong></span> <span class='ocrx_word' id='word_1_685' title='bbox 1480 5250 1803 5325; x_wconf 87' lang='lat' dir='ltr'><strong>pcrcellerct</strong></span> 
     </span>
    </p>
   </div>
   <div class='ocr_carea' id='block_1_100' title="bbox 231 5344 1798 5392">
    <p class='ocr_par' dir='ltr' id='par_1_100' title="bbox 231 5344 1798 5392">
     <span class='ocr_line' id='line_1_100' title="bbox 231 5344 1798 5392; baseline 0 0"><span class='ocrx_word' id='word_1_686' title='bbox 231 5345 585 5392; x_wconf 77' lang='lat' dir='ltr'><strong>nlnrimnrmn-</strong></span> <span class='ocrx_word' id='word_1_687' title='bbox 612 5344 864 5392; x_wconf 66' lang='lat' dir='ltr'><strong>rerlnlim</strong></span> <span class='ocrx_word' id='word_1_688' title='bbox 889 5347 1088 5392; x_wconf 80' lang='lat' dir='ltr'><strong>nuimm</strong></span> <span class='ocrx_word' id='word_1_689' title='bbox 1111 5354 1455 5392; x_wconf 79' lang='lat' dir='ltr'><strong>ument-runt-</strong></span> <span class='ocrx_word' id='word_1_690' title='bbox 1481 5344 1798 5392; x_wconf 69' lang='lat' dir='ltr'><strong>admiranda</strong></span> 
     </span>
    </p>
   </div>
   <div class='ocr_carea' id='block_1_101' title="bbox 1914 4516 3498 4589">
    <p class='ocr_par' dir='ltr' id='par_1_101' title="bbox 1914 4516 3498 4589">
     <span class='ocr_line' id='line_1_101' title="bbox 1914 4516 3498 4589; baseline 0 -18"><span class='ocrx_word' id='word_1_691' title='bbox 1914 4516 2000 4571; x_wconf 78' lang='lat' dir='ltr'><strong>hic</strong></span> <span class='ocrx_word' id='word_1_692' title='bbox 2021 4531 2205 4587; x_wconf 84' lang='lat' dir='ltr'><strong>agens,</strong></span> <span class='ocrx_word' id='word_1_693' title='bbox 2235 4516 2542 4587; x_wconf 84' lang='lat' dir='ltr'><strong>ibidemque</strong></span> <span class='ocrx_word' id='word_1_694' title='bbox 2572 4518 2767 4589; x_wconf 87' lang='lat' dir='ltr'><strong>degere</strong></span> <span class='ocrx_word' id='word_1_695' title='bbox 2800 4516 3045 4588; x_wconf 83' lang='lat' dir='ltr'><strong>gratifica</strong></span> <span class='ocrx_word' id='word_1_696' title='bbox 3090 4516 3411 4585; x_wconf 86' lang='lat' dir='ltr'><strong>decernens,</strong></span> <span class='ocrx_word' id='word_1_697' title='bbox 3440 4528 3498 4572; x_wconf 87' lang='lat' dir='ltr'><strong>et</strong></span> 
     </span>
    </p>
   </div>
   <div class='ocr_carea' id='block_1_102' title="bbox 1912 4607 3497 4679">
    <p class='ocr_par' dir='ltr' id='par_1_102' title="bbox 1912 4607 3497 4679">
     <span class='ocr_line' id='line_1_102' title="bbox 1912 4607 3497 4679; baseline 0.001 -18"><span class='ocrx_word' id='word_1_698' title='bbox 1912 4608 2161 4679; x_wconf 82' lang='lat' dir='ltr'><strong>precibus</strong></span> <span class='ocrx_word' id='word_1_699' title='bbox 2208 4607 2423 4663; x_wconf 91' lang='lat' dir='ltr'><strong>crebris</strong></span> <span class='ocrx_word' id='word_1_700' title='bbox 2450 4608 2733 4671; x_wconf 84' lang='lat' dir='ltr'><strong>insistens,</strong></span> <span class='ocrx_word' id='word_1_701' title='bbox 2781 4607 2988 4662; x_wconf 84' lang='lat' dir='ltr'><strong>debitas</strong></span> <span class='ocrx_word' id='word_1_702' title='bbox 3026 4607 3342 4662; x_wconf 87' lang='lat' dir='ltr'><strong>medicatori</strong></span> <span class='ocrx_word' id='word_1_703' title='bbox 3394 4621 3497 4663; x_wconf 89' lang='lat' dir='ltr'><strong>suo</strong></span> 
     </span>
    </p>
   </div>
   <div class='ocr_carea' id='block_1_103' title="bbox 1911 4697 3498 4768">
    <p class='ocr_par' dir='ltr' id='par_1_103' title="bbox 1911 4697 3498 4768">
     <span class='ocr_line' id='line_1_103' title="bbox 1911 4697 3498 4768; baseline -0.001 -13"><span class='ocrx_word' id='word_1_704' title='bbox 1911 4700 2151 4755; x_wconf 87' lang='lat' dir='ltr'><strong>celebrat</strong></span> <span class='ocrx_word' id='word_1_705' title='bbox 2198 4697 2487 4767; x_wconf 72' lang='lat' dir='ltr'><strong>excubias,</strong></span> <span class='ocrx_word' id='word_1_706' title='bbox 2530 4714 2595 4763; x_wconf 81' lang='lat' dir='ltr'><strong>ac</strong></span> <span class='ocrx_word' id='word_1_707' title='bbox 2645 4698 2900 4766; x_wconf 81' lang='lat' dir='ltr'><strong>salptaris</strong></span> <span class='ocrx_word' id='word_1_708' title='bbox 2926 4697 3167 4768; x_wconf 89' lang='lat' dir='ltr'><strong>quotidie</strong></span> <span class='ocrx_word' id='word_1_709' title='bbox 3226 4697 3498 4753; x_wconf 84' lang='lat' dir='ltr'><strong>libaminis</strong></span> 
     </span>
    </p>
   </div>
   <div class='ocr_carea' id='block_1_104' title="bbox 1909 4790 2418 4847">
    <p class='ocr_par' dir='ltr' id='par_1_104' title="bbox 1909 4790 2418 4847">
     <span class='ocr_line' id='line_1_104' title="bbox 1909 4790 2418 4847; baseline -0.008 0"><span class='ocrx_word' id='word_1_710' title='bbox 1909 4790 2067 4847; x_wconf 82' lang='lat' dir='ltr'><strong>oll&#39;crt</strong></span> <span class='ocrx_word' id='word_1_711' title='bbox 2095 4790 2418 4846; x_wconf 84' lang='lat' dir='ltr'><strong>oblationes.</strong></span> 
     </span>
    </p>
   </div>
   <div class='ocr_carea' id='block_1_105' title="bbox 1984 4880 3501 4953">
    <p class='ocr_par' dir='ltr' id='par_1_105' title="bbox 1984 4880 3501 4953">
     <span class='ocr_line' id='line_1_105' title="bbox 1984 4880 3501 4953; baseline -0.001 -16"><span class='ocrx_word' id='word_1_712' title='bbox 1984 4883 2105 4937; x_wconf 79' lang='lat' dir='ltr'><strong>Fuit</strong></span> <span class='ocrx_word' id='word_1_713' title='bbox 2135 4894 2317 4938; x_wconf 89' lang='lat' dir='ltr'><strong>autem</strong></span> <span class='ocrx_word' id='word_1_714' title='bbox 2340 4882 2527 4940; x_wconf 78' lang='lat' dir='ltr'><strong>ltemis</strong></span> <span class='ocrx_word' id='word_1_715' title='bbox 2552 4884 2603 4938; x_wconf 92' lang='lat' dir='ltr'><strong>in</strong></span> <span class='ocrx_word' id='word_1_716' title='bbox 2627 4882 2849 4953; x_wconf 66' lang='lat' dir='ltr'><strong>prmfata</strong></span> <span class='ocrx_word' id='word_1_717' title='bbox 2882 4882 2975 4943; x_wconf 87' lang='lat' dir='ltr'><strong>Dei</strong></span> <span class='ocrx_word' id='word_1_718' title='bbox 2998 4882 3294 4939; x_wconf 84' lang='lat' dir='ltr'><strong>Genitricis</strong></span> <span class='ocrx_word' id='word_1_719' title='bbox 3322 4880 3501 4936; x_wconf 84' lang='lat' dir='ltr'><strong>eccle-</strong></span> 
     </span>
    </p>
   </div>
   <div class='ocr_carea' id='block_1_106' title="bbox 1909 4974 3502 5044">
    <p class='ocr_par' dir='ltr' id='par_1_106' title="bbox 1909 4974 3502 5044">
     <span class='ocr_line' id='line_1_106' title="bbox 1909 4974 3502 5044; baseline 0.001 -15"><span class='ocrx_word' id='word_1_720' title='bbox 1909 4974 1988 5029; x_wconf 90' lang='lat' dir='ltr'><strong>sia</strong></span> <span class='ocrx_word' id='word_1_721' title='bbox 2019 4990 2217 5044; x_wconf 85' lang='lat' dir='ltr'><strong>corpus</strong></span> <span class='ocrx_word' id='word_1_722' title='bbox 2266 4974 2398 5029; x_wconf 89' lang='lat' dir='ltr'><strong>illud</strong></span> <span class='ocrx_word' id='word_1_723' title='bbox 2450 4974 2884 5035; x_wconf 85' lang='lat' dir='ltr'><strong>sacratissimum</strong></span> <span class='ocrx_word' id='word_1_724' title='bbox 2937 4975 3236 5032; x_wconf 88' lang='lat' dir='ltr'><strong>beatissimi</strong></span> <span class='ocrx_word' id='word_1_725' title='bbox 3285 4978 3502 5043; x_wconf 83' lang='lat' dir='ltr'><strong>patroni</strong></span> 
     </span>
    </p>
   </div>
   <div class='ocr_carea' id='block_1_107' title="bbox 1910 5062 3505 5140">
    <p class='ocr_par' dir='ltr' id='par_1_107' title="bbox 1910 5062 3505 5140">
     <span class='ocr_line' id='line_1_107' title="bbox 1910 5062 3505 5140; baseline 0.001 -21"><span class='ocrx_word' id='word_1_726' title='bbox 1910 5066 2078 5120; x_wconf 89' lang='lat' dir='ltr'><strong>nostri</strong></span> <span class='ocrx_word' id='word_1_727' title='bbox 2111 5063 2340 5135; x_wconf 76' lang='lat' dir='ltr'><strong>Remigii</strong></span> <span class='ocrx_word' id='word_1_728' title='bbox 2380 5067 2511 5124; x_wconf 89' lang='lat' dir='ltr'><strong>dum</strong></span> <span class='ocrx_word' id='word_1_729' title='bbox 2540 5074 2989 5140; x_wconf 67' lang='lat' dir='ltr'><strong>praememorattts</strong></span> <span class='ocrx_word' id='word_1_730' title='bbox 3016 5065 3244 5126; x_wconf 84' lang='lat' dir='ltr'><strong>antistes</strong></span> <span class='ocrx_word' id='word_1_731' title='bbox 3269 5062 3505 5120; x_wconf 85' lang='lat' dir='ltr'><strong>domnus</strong></span> 
     </span>
    </p>
   </div>
   <div class='ocr_carea' id='block_1_108' title="bbox 1910 5156 3505 5230">
    <p class='ocr_par' dir='ltr' id='par_1_108' title="bbox 1910 5156 3505 5230">
     <span class='ocr_line' id='line_1_108' title="bbox 1910 5156 3505 5230; baseline -0.001 -19"><span class='ocrx_word' id='word_1_732' title='bbox 1910 5157 2076 5213; x_wconf 82' lang='lat' dir='ltr'><strong>Fulco</strong></span> <span class='ocrx_word' id='word_1_733' title='bbox 2122 5157 2447 5227; x_wconf 71' lang='lat' dir='ltr'><strong>praesulatus</strong></span> <span class='ocrx_word' id='word_1_734' title='bbox 2477 5159 2724 5230; x_wconf 85' lang='lat' dir='ltr'><strong>fungitur</strong></span> <span class='ocrx_word' id='word_1_735' title='bbox 2754 5156 2961 5226; x_wconf 82' lang='lat' dir='ltr'><strong>olllcio,</strong></span> <span class='ocrx_word' id='word_1_736' title='bbox 2981 5156 3188 5214; x_wconf 88' lang='lat' dir='ltr'><strong>scilicet</strong></span> <span class='ocrx_word' id='word_1_737' title='bbox 3230 5167 3404 5225; x_wconf 82' lang='lat' dir='ltr'><strong>usque</strong></span> <span class='ocrx_word' id='word_1_738' title='bbox 3433 5157 3505 5210; x_wconf 85' lang='lat' dir='ltr'><strong>ad</strong></span> 
     </span>
    </p>
   </div>
   <div class='ocr_carea' id='block_1_109' title="bbox 1909 5243 3502 5317">
    <p class='ocr_par' dir='ltr' id='par_1_109' title="bbox 1909 5243 3502 5317">
     <span class='ocr_line' id='line_1_109' title="bbox 1909 5243 3502 5317; baseline -0.003 -14"><span class='ocrx_word' id='word_1_739' title='bbox 1909 5248 2279 5317; x_wconf 86' lang='lat' dir='ltr'><strong>episcopatum</strong></span> <span class='ocrx_word' id='word_1_740' title='bbox 2318 5248 2655 5307; x_wconf 78' lang='lat' dir='ltr'><strong>venerabilis</strong></span> <span class='ocrx_word' id='word_1_741' title='bbox 2705 5245 2921 5304; x_wconf 89' lang='lat' dir='ltr'><strong>Herivei</strong></span> <span class='ocrx_word' id='word_1_742' title='bbox 2970 5243 3382 5316; x_wconf 81' lang='lat' dir='ltr'><strong>archiepiscopi,</strong></span> <span class='ocrx_word' id='word_1_743' title='bbox 3406 5247 3502 5315; x_wconf 87' lang='lat' dir='ltr'><strong>qui</strong></span> 
     </span>
    </p>
   </div>
   <div class='ocr_carea' id='block_1_110' title="bbox 1907 5331 3500 5392">
    <p class='ocr_par' dir='ltr' id='par_1_110' title="bbox 1907 5331 3500 5392">
     <span class='ocr_line' id='line_1_110' title="bbox 1907 5331 3500 5392; baseline -0.003 0"><span class='ocrx_word' id='word_1_744' title='bbox 1907 5348 2155 5392; x_wconf 79' lang='lat' dir='ltr'><strong>crssaute</strong></span> <span class='ocrx_word' id='word_1_745' title='bbox 2182 5337 2650 5392; x_wconf 82' lang='lat' dir='ltr'><strong>Nortmannnmm</strong></span> <span class='ocrx_word' id='word_1_746' title='bbox 2690 5337 3062 5392; x_wconf 77' lang='lat' dir='ltr'><strong>persecutione</strong></span> <span class='ocrx_word' id='word_1_747' title='bbox 3088 5336 3200 5392; x_wconf 81' lang='lat' dir='ltr'><strong>(an.</strong></span> <span class='ocrx_word' id='word_1_748' title='bbox 3227 5331 3380 5392; x_wconf 75' lang='lat'><strong>901).</strong></span> <span class='ocrx_word' id='word_1_749' title='bbox 3403 5347 3500 5392; x_wconf 81' lang='lat' dir='ltr'><strong>per</strong></span> 
     </span>
    </p>
   </div>
  </div>
