3974 5392
1107 170 1120 194 ι
1137 161 1142 166 .

493 212 564 273 ss
1107 161 1142 194 δ’
1559 199 1950 260 FLODOARDI
1990 189 2313 254 CANONlCl
2348 185 2691 247 ltEMENStS
3163 148 3202 166 ”
3690 181 3759 242 st

492 333 611 403 ejus
643 344 747 384 non
779 327 984 384 distulit
1024 323 1490 388 clarificationem,
1527 337 1748 377 suorum
1785 315 2076 388 repetentis
2105 293 2155 360 Α
2179 307 2342 378 cipia.
2367 304 2784 362 Aderatllilaria
2809 303 3244 372 diaconarquam
3267 300 3596 358 benedicens
3623 299 3766 355 idem

491 423 696 478 ossium
726 423 930 475 sedem.
964 417 1202 487 Contigit
1236 417 1404 482 enim,
1463 415 1587 469 dum
1641 427 1838 480 magna
1895 407 2076 480 pOptlli

493 511 814 568 conﬂuentis
836 510 1126 578 stiparetur
1153 514 1391 570 caterva,
1412 513 1696 575 postquam
1730 509 1856 557 sunt
1887 499 2075 553 urbem

493 603 724 674 egressi,
748 601 969 672 quidam
1001 597 1226 654 claudus
1274 605 1330 652 et
1373 596 1626 660 ariditate
1665 607 1954 648 nervorum
1983 604 2078 660 po-

492 695 796 766 plitmnque
841 697 1172 752 contractus,
1210 687 1483 746 Abraham
1539 683 1780 750 nomine,
1827 681 1918 750 qui
1964 695 2079 734 sca.-

495 785 707 848 bellulis
737 783 970 855 haerens,
1007 795 1105 849 per
1146 786 1346 833 terram
1379 791 1437 831 se
1474 773 1846 828 tantummodo
1895 770 2076 824 trahe-

495 875 606 940 bat,
637 865 974 941 ut‘poterat,
1001 868 1093 924 ubi
1145 881 1302 922 secus
1353 866 1540 920 urbem
1583 863 1825 926 veniens,
1863 859 1966 912 iter
2012 857 2080 911 ad

496 975 746 1030 sanctam
809 961 1092 1022 basilicam
1156 958 1465 1013 inchoasset
1534 953 1843 1014 intendere,
1899 949 2078 1004 divina

499 1069 676 1116 tactus
708 1057 973 1128 potentia,
1005 1066 1326 1122 compagum
1367 1047 1565 1102 duritia
1617 1043 1886 1108 resoluta,
1917 1039 2082 1109 erepit

495 1151 562 1206 ad
591 1145 1028 1208 salutisextendi
1063 1141 1321 1202 remedia.
1354 1139 1524 1214 Quem
1569 1133 1829 1205 sospitate
1864 1139 2080 1200 recepta

491 1244 739 1316 pluribus
763 1240 996 1296 vidimus
1019 1236 1174 1295 annis
1202 1232 1542 1294 incolumem,
1562 1236 1801 1284 erectum
1832 1224 2084 1294 gradien-

465 1379 468 1384 .
497 1347 628 1400 tem,
656 1334 958 1401 collataque
1007 1329 1106 1385 sibi
1139 1325 1498 1399 prosperitate
1539 1319 1884 1390 gaudentem.
1916 1316 1972 1371 ln
2018 1331 2084 1374 eo

493 1443 624 1482 vero
646 1426 767 1480 loco
796 1423 886 1478 ubi
909 1424 1012 1482 hoc
1042 1419 1232 1478 salutis
1261 1417 1460 1476 accidit
1481 1416 1702 1480 donum,
1729 1415 1904 1485 posita
1931 1411 2084 1466 dein.-

493 1537 624 1592 eeps
667 1525 846 1580 exstat
889 1515 1136 1572 columna
1170 1526 1330 1567 cruce
1379 1510 1623 1580 praeﬁxa,
1675 1504 2084 1580 gloriﬁcationis

497 1614 656 1683 hujus
681 1609 967 1666 continens
1017 1605 1366 1660 monimenla.
1402 1601 1506 1655 Sed
1541 1609 1596 1656 et
1641 1609 1748 1653 tam
1783 1599 1932 1670 prius
1963 1611 2082 1651 cre-

497 1706 755 1769 berrime,
803 1718 964 1772 quam
989 1709 1174 1771 postea
1195 1739 1208 1760 ,
1245 1695 1562 1751 clarissimis
1591 1708 1732 1762 serpe
1772 1689 2082 1759 multiplici-

495 1800 708 1868 busque
740 1793 1016 1851 miraculis
1062 1793 1178 1861 ejus
1225 1787 1460 1859 sepulcri
1509 1786 1798 1840 decoratur
1825 1782 2078 1846 ecclesia,

495 1901 614 1957 quae
645 1898 981 1954 nequaquam
1005 1878 1201 1935 litteris
1226 1875 1496 1932 habentur
1517 1873 1903 1948 coriiprelietisa
1924 1891 1936 1926 :
1956 1881 2083 1932 sunt

491 1995 727 2050 namque
749 1974 1083 2036 multimoda.

1059 2069 1284 2126 CAPUT
1323 2069 1509 2128 XXIII.

742 2166 820 2220 De
843 2161 1115 2231 discipulis
1141 2161 1374 2232 ejusdem
1403 2160 1536 2222 benti
1577 2158 1822 2228 Remigii.

566 2261 810 2314 Fuerunt
855 2255 1014 2326 hujus
1070 2253 1304 2322 denique
1357 2251 1650 2308 beatissimi
1704 2243 1875 2319 patris
1911 2245 2080 2302 nostri

497 2349 856 2420 temporibus,
885 2347 938 2401 in
969 2347 1070 2400 hac
1104 2345 1236 2399 urbe
1270 2343 1368 2398 viri
1395 2342 1704 2408 clarissimi,
1733 2341 1947 2408 Deoque
1975 2339 2083 2394 vir-

497 2441 700 2494 tutibus
720 2436 948 2506 accepti,
973 2443 1080 2489 tam
1112 2449 1176 2506 eat
1218 2431 1362 2498 clero
1388 2448 1547 2501 quam
1575 2447 1638 2486 ex
1668 2431 1856 2485 ordine
1882 2428 2082 2496 laita'i,

491 2541 688 2603 utpote
717 2531 808 2599 qui
843 2528 958 2592 tali,
995 2537 1104 2582 tam
1136 2527 1460 2588 venerando,
1497 2533 1714 2592 tamque
1739 2521 2083 2582 sanctissimo

499 2623 898 2684 famulabantur
919 2619 1080 2690 patri.
1115 2617 1354 2685 Quorum
1384 2617 1594 2670 videtur
1620 2615 1872 2678 eximius,
1925 2611 2084 2684 Agri-

497 2717 616 2772 cola
646 2729 816 2784 nepos
855 2713 1045 2782 ipsius,
1073 2711 1355 2781 presbyter
1393 2705 1770 2772 venerandus,
1813 2715 1868 2760 et
1906 2707 2082 2764 eidem

485 2806 795 2876 obsequiis,
825 2812 882 2858 ut
910 2804 1024 2873 ipse
1051 2809 1300 2866 testatur,
1335 2815 1364 2853 a
1395 2799 1622 2870 pueritia
1647 2797 1896 2868 placitus,
1920 2812 2081 2867 quam

500 2899 828 2956 domesticos
853 2895 972 2965 ejus
1017 2894 1195 2962 exegit
1240 2892 1380 2946 intra
1433 2889 1882 2960 parieteszquem
1919 2887 2084 2944 etiam

501 3009 625 3050 cum
651 2990 893 3046 Ecclesia
919 2984 1195 3046 Remensi,
1218 2984 1484 3052 beatoque
1514 2981 1662 3050 Lupo
1685 2980 1940 3050 episcopo
1967 2977 2078 3038 fra-
2109 3008 2155 3067 ρ

502 3089 602 3144 tris
629 3085 709 3141 sui
741 3083 872 3147 tilio,
906 3082 958 3136 in
985 3077 1129 3134 omni
1162 3075 1463 3132 substantia
1488 3090 1604 3136 sua,
1641 3081 1839 3142 prauer
1863 3071 1914 3126 id
1939 3070 2082 3140 quod

501 3175 814 3248 speciaiiter
859 3169 1151 3238 unicuique
1194 3167 1528 3232 donaverat,
1583 3164 1767 3222 darive
1807 3162 2084 3230 jusserat,

503 3267 774 3325 haeredem
821 3260 1122 3322 constituit.
1155 3258 1214 3322 Ei
1266 3271 1480 3326 quoque
1528 3255 1794 3324 mancipia
1830 3251 2085 3318 nonnulla

503 3375 626 3414 cum
658 3355 829 3412 vineis
871 3350 1212 3424 peculiariter
1263 3349 1530 3416 deputans
1598 3343 1854 3408 tradidit,
1881 3343 1983 3398 hoc
2012 3343 2086 3403 illi

469 3451 476 3466 '
509 3451 739 3506 ﬁdenter
766 3445 1051 3516 injungens
1101 3452 1160 3497 ut
1206 3441 1395 3496 diebus
1433 3439 1585 3494 festis
1613 3447 1668 3494 et
1706 3437 1955 3492 omnibus
1987 3435 2088 3490 υος-

505 3539 740 3605 tuinicis,
769 3536 940 3592 sacris
973 3533 1232 3588 altaribus
1275 3531 1392 3600 ejus
1429 3530 1716 3586 oli‘erretur
1741 3527 1965 3592 oblatio,
1987 3541 2084 3579 an-

503 3645 720 3701 unaque
741 3625 989 3684 convivia
1016 3621 1374 3692 Bemeusibus
1404 3621 1736 3692 presbyteris
1763 3629 1818 3677 et
1849 3617 2088 3674 diaconi-

508 3723 610 3776 bus
641 3719 1033 3791 praeberentur.
1081 3715 1213 3772 Erat
1260 3722 1316 3776 et
1365 3713 1501 3780 alius
1558 3727 1728 3781 nepos
1769 3709 1907 3779 ejus,
1937 3707 2088 3764 Elius

491 3805 746 3875 .‘nomin‘e,
785 3811 869 3865 cui
922 3816 1130 3879 partem
1177 3805 1245 3862 de
1295 3803 1610 3867 Cesuruico,
1637 3816 1757 3878 qua:
1807 3799 1907 3854 sibi
1939 3805 2088 3854 sorte

507 3904 790 3959 divisionis
815 3903 1132 3965 obvenerat,
1161 3915 1287 3954 cum
1331 3896 1478 3962 omni
1513 3896 1636 3966 jure
1661 3894 1802 3964 quod
1826 3892 1897 3948 ibi
1930 3903 2087 3946 tenu-

502 4005 622 4052 erat
650 4005 812 4064 atque
834 3992 1160 4065 possederat.
1196 3989 1542 4053 Ambrosium
1595 4000 1808 4055 quoque
1837 3999 2088 4054 puerum,

505 4107 630 4146 cum
657 4089 874 4148 farniliis
899 4087 1220 4159 quibusdam
1262 4086 1570 4155 designans,
1601 4081 1668 4138 ad
1686 4079 1778 4149 jus
1829 4079 1969 4134 illius
1990 4079 2087 4136 do-

509 4181 840 4250 miniumque
881 4178 1220 4236 transmittit.
1278 4176 1480 4238 Aderat
1532 4180 1590 4228 et
1645 4169 2042 4240 Agathimerus
2072 4208 2086 4232 ,

506 4289 660 4345 mque
686 4287 852 4342 nepos
883 4271 1068 4341 ipsius,
1094 4270 1177 4324 cui
1219 4266 1451 4328 familias
1502 4263 1764 4333 quasdam
1807 4261 2085 4332 dclegans,

2177 409 2335 472 pater
2391 399 2792 462 sanctissimus,
2853 397 3018 451 ﬁliam
3071 403 3232 466 vocat
3290 413 3320 468 :_
3364 393 3450 470 cui
3511 391 3764 448 ancillam

2178 465 2468 560 quamdam
2510 487 2751 557 deputat,
2783 496 2838 542 et
2885 487 3075 541 vitium
3119 465 3473 556 pedatu—rami,
3504 471 3628 554 quae
3656 499 3768 537 suze

2173 581 2502 653 jungebatur
2525 581 2719 643 vineae,
2763 579 2952 644 donat,
2981 579 3302 650 partemque
3348 579 3502 632 suam
3545 575 3615 628 de
3645 573 3769 628 Tal-

2178 675 2430 748 pusciaco
2474 690 2571 744 pro
2613 674 2886 744 obsequiis
2915 690 3035 744 qua:
3069 656 3170 728 sibi
3199 671 3572 726 indesinenter
3599 669 3667 722 ab
3703 681 3766 722 ea

2179 763 2422 834 impensa
2449 771 2702 828 testatur,
2724 763 2772 817 ei
2797 761 3130 817 transcribit.
3163 761 3292 815 Erat
3313 767 3366 814 et
3395 756 3770 828 Remigia,cui

2181 859 2272 914 dat
2316 857 2619 914 cochlearia
2667 857 2794 921 tria,
2848 872 2968 926 qua:
3019 855 3191 925 ipsius
3241 853 3546 908 beatissimi
3597 851 3771 922 patris

2181 953 2397 1009 fuerant
2427 937 2646 1009 nomine
2694 952 2932 1016 titulata,
2963 939 3226 1020 delegans‘
3269 947 3342 1001 illi
3371 945 3474 998 alia
3520 937 3771 1014 quaedam

2182 1060 2398 1116 quoque
2421 1044 2763 1104 munuscula.
2795 1041 2900 1098 Sed
2929 1049 2985 1096 et
3025 1023 3148 1095 laici
3197 1038 3483 1094 clarissimi
3523 1033 3773 1090 nonnulli

2181 1133 2489 1192 renitebant
2514 1135 2636 1200 viri,
2680 1149 2909 1206 quorum
2962 1131 3250 1203 Pappolus,
3293 1121 3775 1192 Euloditts,Ettse-.-

2183 1227 2324 1290 hius,
2371 1225 2718 1291 Rusticolus,
2778 1221 3097 1294 Eutropius,
3149 1219 3204 1276 et
3249 1207 3500 1274 Dauveus
3547 1215 3776 1287 privatis

2183 1319 2328 1378 beati
2359 1319 2461 1374 viri
2513 1319 2676 1373 rebus
2727 1315 3109 1378 interfuerunt,
3137 1319 3192 1367 et
3233 1311 3403 1382 ipsius
3447 1311 3777 1364 testamento

2183 1411 2588 1467 subscribeutes
2619 1410 2836 1463 nomina
2861 1407 3080 1480 propria
3105 1403 3483 1460 subdiderunt.

2263 1501 2475 1556 Enituit
2501 1501 2667 1563 etiam
2697 1499 2777 1552 vir
2805 1497 3099 1568 praeclarus
3140 1493 3374 1558 Attolus,
3404 1493 3516 1561 qui,
3547 1490 3689 1544 sicut
3723 1488 3776 1543 in

2185 1591 2302 1661 ejus
2331 1591 2605 1662 epitapbio
2655 1589 2869 1660 legitur,
2903 1601 3088 1643 amore
3135 1585 3420 1654 studioque
3461 1582 3634 1638 sancti
3671 1580 3782 1635 “6-.

2187 1685 2355 1755 migii,
2382 1683 2714 1738 xenodochia
2737 1681 3018 1737 duodecim
3043 1679 3200 1736 rebus
3221 1695 3251 1734 e
3271 1677 3502 1749 propriis
3531 1670 3736 1730 struxit
3761 1691 3776 1740 ι

2185 1775 2536 1852 sepultusque
2563 1791 2684 1830 cum
2735 1775 2846 1829 tilio
2887 1783 2940 1828 et
2979 1773 3088 1828 tilia
3115 1781 3237 1844 post
3259 1771 3433 1826 altare
3465 1769 3515 1823 in
3541 1766 3782 1822 ecclesia

2183 1867 2327 1922 beati
2373 1865 2570 1921 Juliani
2629 1865 2908 1938 martyris,
2959 1866 3104 1920 hunc
3151 1859 3784 1934 sepultarze‘declaratur

2183 1959 2386 2032 habere
2415 1957 2626 2013 titulum
2661 1959 2842 2029 templi
2869 1957 3163 2028 pin‘naculo
3190 1958 3492 2012 innotatum
3520 1972 3534 2007 :
3725 1949 3728 1952 ’

2246 2055 2336 2104 Hic
2356 2055 2506 2114 igitur
2529 2051 2712 2102 nullum
2739 2051 2910 2113 lateat,
2933 2052 3048 2112 quid
3072 2059 3201 2100 terra
3230 2053 3464 2110 retentat,
3499 2063 3502 2066 '

2307 2115 2380 2166 Ne
2399 2119 2510 2178 quis
2533 2117 2574 2164 si
2597 2118 2760 2175 cupiat
2782 2116 2996 2174 discere,
3020 2125 3187 2164 cassus
3209 2119 3303 2162 eat.

2255 2171 2449 2230 Subrius
2474 2180 2602 2226 enim
2629 2171 2718 2226 tria
2740 2171 3009 2226 consistunt
3033 2180 3341 2224 monumenta
3366 2171 3573 2233 petriua,

2312 2239 2365 2288 In
2400 2239 2575 2298 quibus
2597 2239 2832 2288 almorum
2857 2247 3058 2297 corpora
3083 2238 3273 2286 condita
3296 2241 3427 2298 sum.

2247 2300 2339 2351 llic
2365 2297 2504 2360 pater
2527 2307 2606 2350 est
2627 2301 2836 2357 Attalus,
2861 2308 2993 2359 nato,
3019 2305 3228 2360 nataque
3254 2297 3498 2356 sepultus.

2313 2359 2707 2424 Exspectantque
2730 2363 2860 2412 diem
2883 2373 3008 2410 nunc
3035 2359 3222 2424 Domini
3251 2370 3528 2422 prOperam.

2251 2421 2391 2475 Illius
2413 2421 2551 2472 iterte
2570 2435 2710 2472 natus
2729 2429 3025 2470 memoratur
3055 2421 3246 2470 Elanus.
3345 2421 3349 2422 ⁷
3475 2429 3478 2432 ’

2307 2484 2428 2534 Nata
2451 2486 2633 2535 deinde
2653 2497 2740 2534 sua
2761 2485 2939 2534 dicitur
2963 2483 3199 2533 Eufrazia.
3449 2527 3452 2530 .
3501 2505 3526 2522 μ

2199 2579 2202 2582 ~
2247 2546 2347 2608 Qui
2367 2548 2594 2606 placuere
2621 2547 2747 2608 Deo,
2773 2547 2918 2596 dictis
2939 2544 3176 2608 furtisque
3199 2555 3449 2608 supremo,
3489 2547 3502 2608 _‘

2308 2599 2446 2674 Nunc
2466 2599 2676 2674 pariter,
2695 2599 2902 2674 quorum
2928 2599 3345 2674 mentiti-sterteia
3379 2599 3605 2654 loculum.
3663 2599 3670 2622 ³
3731 2607 3740 2618 “

2249 2665 2296 2717 ls
2317 2665 2500 2719 struxit
2522 2670 2596 2718 bis
2621 2665 2748 2719 sena
2765 2672 2866 2718 suis
2889 2669 3196 2718 xenodoebis
3232 2669 3402 2729 rebus,
3483 2693 3486 2696 -
3618 2680 3620 2682 '

2306 2730 2428 2780 Jure
2450 2731 2620 2782 fovens
2643 2731 2836 2792 plebes,
2861 2731 3283 2792 divitiislnopes._
3381 2787 3398 2792 _
3451 2785 3490 2792 ,λ
3528 2783 3534 2792 ν,
3623 2773 3626 2776 .

2247 2791 2326 2856 Sic
2350 2805 2594 2856 prOprtutn
2619 2787 3014 2856 censum'cmlum
3041 2787 3310 2856 transvexit
3341 2787 3398 2856 ad
3422 2787 3590 2856 altum.

2281 2915 2284 2916 ν
2312 2847 2361 2901 Ιιί
2381 2847 2478 2914 quo
2491 2855 2846 2916 suscepitun
2865 2855 3140 2902 tuiserando
3157 2853 3286 2914 [ms.,
3301 2850 3612 2916 miserando]
3622 2847 3787 2909 dedit.

2244 2915 2366 2982 Hoc
2383 2923 2536 2982 totum
2563 2913 2652 2964 sub
2674 2913 2838 2982 amore
2863 2917 2987 2982 sacri
3012 2913 3272 2982 studioque
3290 2913 3511 2982 llemigi,

2309 2977 2385 3027 Ob
2405 2978 2531 3039 quod
2559 2980 2862 3040 praerutilum
2882 2973 3075 3026 detmet
3093 2973 3203 3039 ipse
3225 2973 3408 3038 polum.

2259 3079 2411 3136 lianc
2445 3096 2564 3136 esse
2585 3097 2798 3152 quoque
2840 3097 2962 3135 reor
3003 3080 3308 3150 ecclesiam,
3335 3079 3401 3144 de
3433 3093 3538 3148 qua
3574 3076 3789 3147 Grego-

2187 3169 2298 3226 rius
2339 3170 2672 3226 Turonensis
2715 3167 2880 3225 refert
2929 3169 3054 3241 (lib.
3128 3187 3166 3224 ιι
3217 3169 3406 3223 Mirac.
3456 3167 3547 3238 qui
3593 3174 3677 3220 est
3721 3167 3792 3220 de

2185 3265 2426 3334 passione
2474 3274 2522 3318 et
2567 3266 2751 3318 mirac.
2801 3261 2860 3318 S.
2887 3262 3112 3326 Iuliani,
3146 3277 3194 3316 c.
3236 3261 3348 3330 52),
3391 3261 3532 3331 quod
3563 3258 3790 3328 quidam

2186 3357 2416 3426 Belgicae
2459 3356 2707 3410 secunda:
2747 3353 3038 3424 provincia:
3091 3353 3144 3407 in
3191 3352 3450 3407 suburhio
3503 3349 3614 3404 Rea
3638 3349 3792 3404 ensis

2189 3443 2338 3502 urbis
2368 3448 2420 3501 in
2447 3447 2655 3502 honore
2679 3447 2740 3500 Β.
2772 3447 3027 3516 martyris
3047 3443 3207 3513 hujus
3237 3427 3794 3510 basilicamjstudiose

2188 3537 2513 3592 Construxit.
2543 3537 2710 3608 Cujus
2733 3537 2989 3606 reliquias
3020 3543 3141 3606 post
3171 3533 3466 3604 perfectam
3492 3531 3790 3595 fabricam,

2191 3627 2425 3690 iideliter
2466 3633 2728 3696 expetens
2775 3641 2838 3680 ac
2885 3627 3097 3688 devote,
3131 3623 3406 3694 percepit:
3440 3619 3794 3690 acceptisque

2189 3719 2380 3774 viatim
2415 3717 2691 3788 psallendo
2737 3717 3068 3788 regrediens,
3115 3717 3240 3771 dum
3291 3715 3610 3768 Remensem
3658 3727 3788 3778 cum

2189 3807 2276 3864 his
2326 3807 2666 3877 campaniam
2715 3806 3046 3878 ingreditur,
3090 3819 3120 3858 a
3157 3801 3476 3874 pervasione
3526 3795 3790 3856 dannonis

2191 3899 2349 3958 Inoino
2369 3897 2620 3967 quidam,
2654 3897 2830 3952 sancti
2862 3895 2962 3960 sibi
2989 3895 3249 3966 martyris
3285 3891 3445 3961 hujus
3467 3889 3786 3962 pignoribus

2189 3987 2478 4060 applicitis,
2511 3988 2795 4042 liberatur.

2233 4065 2236 4070 ’
2757 4077 2983 4132 CAPUT
3022 4074 3212 4130 XXIV.

2665 4169 2742 4223 De
2777 4180 2956 4228 sancto
2998 4167 3333 4222 Theoderico.

2267 4262 2488 4318 Exstitit
2536 4261 2620 4327 his
2645 4261 2810 4315 etiam
2859 4259 3160 4313 beatissimi
3192 4257 3420 4329 Retnigii
3456 4249 3787 4332 temporibus

510 4370 722 4425 vineam
744 4379 961 4438 quoque
1002 4378 1162 4432 quam
1195 4370 1348 4431 pater
1403 4357 1543 4414 idem
1575 4353 1920 4420 beatissimus
1965 4350 2092 4428 Yin-
2195 4358 2386 4412 beatus
2413 4353 2493 4406 vir
2513 4351 2900 4413 Theodericus,
2923 4349 3045 4403 almi
3073 4349 3314 4418 magistri
3337 4347 3457 4420 pius
3471 4347 3784 4415 discipulus,

505 4459 740 4516 donissa:
775 4463 1050 4528 posuerat,
1081 4461 1136 4508 et
1159 4467 1260 4508 suo
1289 4450 1476 4504 labore
1503 4446 1877 4508 constituerat,
1904 4443 2003 4500 sub
2025 4459 2089 4498 ea

505 4551 816 4610 conditione
842 4545 1084 4620 donavit,
1118 4551 1175 4597 ut
1205 4540 1456 4624 omnibus
1481 4537 1672 4592 diebus
1714 4535 1866 4600 festis
1900 4549 1966 4588 ac
1988 4535 2092 4588 Do-

505 4641 722 4706 minicis
767 4653 864 4712 pro
915 4632 1432 4692 commemoratione
1476 4644 1571 4683 sua
1619 4627 1791 4682 sacris
1830 4625 2092 4680 altaribus

485 4732 792 4790 ‘otl'erretur
837 4728 1068 4791 oblatio,
1122 4733 1176 4783 et
1235 4719 1689 4788 Laudunensibus
1758 4716 2092 4790 presbyteris

507 4833 671 4894 atque.
715 4818 1031 4882 diaconibus
1079 4829 1260 4878 annua
1307 4811 1552 4876 convivia
1591 4817 1936 4880 pararentur.
1989 4809 2092 4868 Ar-

505 4910 808 4970 chidiaconi
835 4909 914 4961 sui
937 4906 1056 4963 Ursi
1083 4921 1140 4958 se
1172 4903 1526 4962 familiaribus
1540 4915 1792 4956 asserens
1819 4899 2093 4972 obsequiis

507 5017 684 5078 usum,
709 5000 874 5064 donat
899 4996 946 5050 ei
973 4993 1212 5056 casulam
1243 4991 1530 5062 quamdam
1558 4989 1826 5056 subtilem,
1849 4999 1903 5045 et
1927 4990 2088 5046 aliam

507 5096 822 5168 pleniorem,
854 5093 960 5152 duo
1007 5103 1136 5158 saga
1190 5089 1440 5154 delicata,
1487 5098 1664 5158 tapete
1703 5104 1916 5158 quoque
1943 5087 2086 5159 quod

507 5185 742 5241 trahebat
765 5185 816 5244 in
839 5185 992 5244 lecto,
1023 5192 1076 5236 et
1110 5181 1343 5240 tunicam
1359 5197 1522 5250 quam
1555 5192 1795 5250 tempore
1821 5182 2084 5238 transitus

508 5275 591 5330 sui
626 5274 953 5343 relinqueret
982 5273 1280 5336 meliorem.
1310 5273 1480 5346 Erant
1523 5283 1578 5328 et
1625 5273 1714 5326 alii
1737 5273 1949 5342 probati
1990 5273 2088 5328 viri

533 5379 636 5392 Innn
873 5379 933 5392 Αυ
975 5365 1116 5392 Alli-1‘

1142 5373 1250 5392 In-n
1301 5363 1598 5392 nunrlnlvlnn:
1652 5378 1812 5392 nuinnl
1859 5363 2066 5392 ,κηριηηῖ

2193 4463 2352 4516 quem
2385 4461 2491 4499 non
2521 4459 2588 4498 ex
2615 4441 2723 4496 alto
2750 4441 2920 4496 voluit
2945 4443 3080 4496 adeo
3108 4441 3366 4512 sanguine
3388 4439 3654 4516 generari,
3695 4436 3786 4508 qui

2193 4537 2502 4594 sublimiter
2545 4537 2688 4592 hunc
2713 4535 2765 4594 in
2802 4534 3150 4605 generatione
3172 4532 3442 4600 justorum
3473 4531 3788 4585 decreverat

2193 4629 2502 4706 nobilitare.
2532 4627 2696 4682 Ortus
2727 4637 2904 4680 autem
2936 4640 3072 4696 pago
3103 4623 3380 4686 Remensi,
3409 4621 3556 4684 villa,
3581 4627 3638 4673 ut
3669 4625 3784 4674 tra-

2194 4719 2366 4788 ditur,
2393 4719 2817 4786 Alamannorum
2842 4716 3023 4781 Certe,
3049 4724 3201 4785 patre
3231 4711 3641 4790 l_atrone,veluti
3665 4724 3786 4764 rosa

2201 4811 2480 4882 spinarum
2520 4817 2842 4878 procreatur
2873 4807 3119 4860 horrore.
3145 4805 3224 4858 Ad
3255 4802 3632 4860 declarandam
3657 4815 3786 4854 vero

2197 4900 2467 4958 castitatis
2491 4899 2607 4970 ejus
2653 4895 2996 4962 munditiam,
3028 4910 3134 4964 quo
3183 4892 3507 4958 infantilinm
3538 4889 3782 4963 ejusdem

2202 4991 2473 5063 panniculi
2499 4989 2643 5066 [ms.,
2663 4985 2906 5058 pannuli]
2930 4985 3178 5049 feruntur
3200 4981 3392 5049 abluti,
3412 4998 3515 5035 non
3543 4979 3782 5035 sordium

2185 5084 2360 5162 jactu,
2395 5099 2501 5138 non
2532 5079 2761 5150 alicujus
2795 5077 3147 5140 immunditia:
3187 5085 3376 5150 puteus
3403 5073 3779 5143 inquinamen-

2198 5187 2274 5246 to,
2306 5176 2436 5231 licet
2463 5189 2524 5240 os
2568 5172 2683 5242 ejus
2710 5187 2774 5234 ex
2821 5180 2949 5226 tunc
2996 5168 3063 5224 de
3093 5182 3242 5228 more
3279 5175 3488 5240 pateat,
3520 5162 3782 5218 astruitur

2200 5268 2372 5324 inﬁci.
2415 5265 2614 5320 Beatus
2663 5263 2847 5330 itaque
2897 5259 3262 5315 Theodericus
3312 5257 3378 5310 ad
3418 5269 3589 5308 annos
3617 5265 3784 5330 usque

2202 5357 2506 5392 nntmmntic
2537 5351 2878 5392 lnmlnltilitpr
2915 5349 3176 5392 mhmnltls
3197 5388 3208 5392 _
3243 5345 3386 5392 iuxta
3430 5359 3632 5392 morem
3661 5353 3782 5392 nro-
