3974 5392
217 350 284 410 85

801 351 1146 411 HISTORIA-1
1187 353 1542 414 ECCLESMS
1579 353 1922 412 RERENSIS
1963 352 2142 410 LIBRI
2182 351 2540 425 QUATUOR.
2581 385 2648 395 —
2689 354 2814 410 LIB.
2857 352 2896 409 l.

3431 351 3502 409 86

219 469 559 534 ﬂammatus,
588 466 704 525 ﬁeri
733 470 986 525 studebat
1011 471 1102 526 Dei
1149 472 1324 527 cultor
1347 473 1607 528 occultus.
1643 471 1810 541 llujus
1840 470 1884 527 Α
1916 471 2138 534 vertice,
2161 472 2287 526 dum
2310 469 2755 526 circumferentes
2777 470 3052 526 oculorum
3079 470 3273 535 aciem,
3298 470 3364 525 de
3387 487 3500 524 tuo.-

218 559 388 630 igitur
415 561 652 630 angelici
697 561 876 617 cultus
925 564 1114 619 habuit
1145 565 1196 618 in
1225 566 1493 634 proximo,
1518 581 1625 634 quo
1653 581 1812 620 sana-

219 642 702 719 retur'medicum,
728 669 833 723 quo
861 652 1148 722 juvaretur
1174 667 1483 726 patronum,
1517 672 1624 726 quo
1653 657 1811 711 doce-

219 753 368 797 retur
400 745 762 814 magistrum,
796 746 1173 802 beatissimum
1208 747 1452 802 videlicet
1481 757 1688 816 patrem
1729 761 1812 802 re-

218 831 435 902 ligionis
478 849 595 889 sua:
641 834 964 903 Remigium.
1001 835 1165 904 Cujus
1203 835 1428 906 piissimi
1464 835 1812 907 przeccptoris

219 923 522 981 irradiatus
543 927 828 998 exemplis,
860 929 1057 984 ardens
1092 929 1359 984 desiderio
1391 930 1667 993 virtutum,
1701 942 1812 982 ccr-

220 1018 369 1071 tatim
396 1021 684 1076 crescebat
716 1022 766 1075 in
805 1023 979 1077 virum
1004 1023 1322 1093 perfectum.
1353 1023 1568 1093 Cepulze
1601 1023 1812 1092 nuptia-

217 1109 283 1165 lis
317 1125 478 1166 amor
502 1115 818 1182 amarcscit,
844 1123 901 1170 et
941 1116 1204 1172 castitatis
1223 1116 1440 1172 dilectio
1468 1116 1807 1179 iudulceseit,

217 1203 552 1260 desiderium
605 1206 877 1262 desiderio
926 1207 1291 1278 restringitur,
1344 1215 1398 1262 et
1436 1207 1598 1261 ardor
1627 1205 1810 1262 carnis

218 1297 414 1352 ardore
435 1297 668 1366 spiritus
691 1310 997 1370 superatur.
1024 1301 1385 1356 Abreeuntiat
1415 1308 1624 1353 amator
1654 1297 1808 1368 ptuli-

217 1387 356 1444 citia:
388 1391 616 1458 mundo,
649 1391 827 1449 fiedtts
858 1393 956 1447 init
985 1409 1109 1447 eum
1135 1393 1262 1447 Deo.
1294 1392 1496 1446 Bellum
1521 1391 1806 1445 continen-

215 1479 304 1533 tia:
353 1479 622 1535 indicitur
673 1482 835 1546 hosti,
877 1482 1138 1553 singulari
1168 1482 1317 1537 locus
1343 1481 1603 1552 quaeritur
1631 1488 1808 1534 certa-

215 1572 366 1626 mini.
393 1572 712 1643 Alloquitur
738 1575 926 1631 beatus
955 1574 1323 1629 Theodericus
1350 1588 1626 1642 sponsam,
1660 1581 1714 1627 et
1740 1571 1806 1625 ad

213 1665 398 1734 sponsi
425 1666 674 1721 corlcstis
705 1669 956 1722 hortatur
985 1684 1225 1723 amorem
1255 1677 1681 1737 perpetuumque
1709 1680 1807 1734 pro

214 1755 532 1826 virginitate
558 1758 844 1828 pollicetur
873 1758 1154 1814 honorem.
1181 1756 1288 1812 Sed
1312 1772 1506 1828 Sponsa
1525 1757 1804 1810 tabescens

1916 564 2135 619 nastcrii
2169 563 2329 618 corde
2354 563 2593 618 volutant
2623 565 2905 632 positione,
2940 563 3116 618 subito
3140 563 3354 619 sublimi
3388 576 3500 618 coe-

1915 654 2088 710 lorum
2122 654 2352 708 mittitur
2397 651 2563 724 aliger
2602 655 2763 709 index
2809 670 2836 707 a
2888 654 3143 719 culmine,
3195 670 3292 725 per
3335 670 3497 723 quem

1912 748 2080 804 cmlos
2106 762 2370 804 scansuro
2398 745 2545 801 locus
2584 747 2636 802 in
2686 747 2844 802 terris
2893 746 3049 800 beato
3093 746 3501 814 dcpromeretur

1914 839 2275 896 Theoderico.
2311 837 2443 892 Nam
2471 839 2729 910 mysticus
2752 838 2862 893 ales
2895 837 3070 906 aquila
3097 837 3380 907 spatiando
3405 851 3498 906 gy-

1914 948 2039 986 rans
2069 943 2122 987 et
2142 931 2383 1004 gyrando
2413 930 2830 993 eircmnvolans,
2863 938 3122 1000 quantum
3148 929 3200 982 in
3227 929 3342 999 ipso
3374 927 3495 991 fuit,

1913 1023 2087 1078 locum
2113 1026 2422 1080 monasterii
2465 1039 2718 1092 capacem
2769 1038 2959 1077 secans
3008 1034 3135 1073 aera
3172 1019 3494 1090 designavit.

1914 1116 1976 1169 Et
2019 1125 2077 1170 ut
2118 1116 2426 1187 expressius
2477 1115 2785 1171 ostenderet
2836 1111 2966 1184 quid
3003 1111 3260 1167 Dominus
3312 1110 3491 1173 vellet,

1913 1211 2072 1267 unius
2094 1210 2204 1266 lere
2237 1212 2384 1267 horae
2411 1211 2606 1280 spatio,
2639 1223 2802 1280 supra
2848 1197 2960 1262 ubi‘
2987 1202 3212 1262 ecclesia
3254 1205 3497 1260 construi

1913 1301 2119 1366 debuit,
2145 1301 2301 1356 lentis
2325 1303 2590 1356 volatibus
2617 1301 2790 1365 stetit,
2823 1306 2876 1355 ct
2903 1314 2968 1354 ne
3007 1299 3110 1354 hoe
3149 1297 3214 1351 ab
3241 1296 3496 1351 incredu-

1912 1393 1977 1448 lis
2003 1408 2130 1447 easu
2155 1394 2443 1465 contigisse
2465 1402 2765 1463 putaretur,
2793 1393 2908 1463 ipso
2932 1391 3126 1448 natalis
3148 1390 3358 1446 Domini
3389 1389 3493 1451 die,

1909 1487 2264 1556 quadriennio
2309 1489 2563 1543 continuo
2622 1486 3046 1556 supervolando,
3104 1484 3497 1540 monasterium

1910 1579 2221 1642 circumire,
2246 1579 2568 1633 mirantibus
2591 1577 2856 1649 plurimis,
2887 1577 3073 1632 eadem
3105 1575 3282 1647 aquila
3308 1589 3498 1630 cerne-

1911 1671 2083 1723 batur.
2117 1670 2246 1737 Quze
2269 1685 2394 1723 vero
2437 1671 2697 1724 virtutum
2747 1686 2908 1739 opera
2961 1678 3164 1739 quanta
3207 1666 3497 1722 miraculo-

1911 1776 2028 1814 rum
2059 1761 2212 1816 miles
2246 1759 2446 1817 Christi
2477 1762 2845 1816 Theodericus
2873 1761 3002 1815 inihi
3048 1761 3216 1832 gessit
3244 1759 3492 1830 insignia,

213 1863 400 1904 amore
447 1847 687 1904 carnalis
727 1849 1004 1914 desiderii,
1054 1849 1266 1918 spernit
1311 1847 1568 1902 salutaria
1603 1844 1801 1899 monita

1913 1867 2018 1905 non
2047 1851 2312 1906 lmmanus
2342 1868 2522 1907 sermo
2550 1853 2689 1908 valet
2717 1865 2968 1907 enarrare
2998 1866 3093 1922 per
3119 1851 3348 1921 singula.

210 1944 415 2010 sponsi,
433 1951 489 1995 ct
515 1956 705 1995 amaro
730 1941 911 1994 animo
935 1940 1242 2011 respondet,
1271 1938 1468 1993 dumse
1500 1939 1804 2005 despectam

211 2035 376 2089 videt.
426 2033 675 2104 Cttmque
715 2033 808 2088 Dei
863 2048 1051 2088 servus
1100 2039 1348 2088 cerneret
1399 2031 1542 2102 quod
1591 2028 1706 2098 ejus
1751 2030 1802 2083 in

210 2124 394 2179 animo
443 2139 658 2193 sponsa:
697 2124 1006 2180 cohortatio
1055 2123 1228 2178 locum
1283 2139 1387 2180 non
1422 2123 1667 2188 haberet,
1695 2121 1804 2176 dis-

208 2215 534 2270 sentientem
571 2215 798 2280 deserit,
820 2225 875 2270 et
902 2215 1087 2270 urbem
1122 2216 1439 2271 Retncnsem
1467 2214 1686 2284 proprie
1715 2228 1807 2283 pe-

212 2316 331 2360 tens
351 2346 365 2367 ,
421 2303 756 2359 abbatissam
788 2305 1075 2374 quamdam
1115 2304 1323 2360 cmlibis
1345 2306 1465 2359 vite
1487 2303 1802 2370 cultricem,

209 2397 430 2452 nomine
478 2395 816 2462 Snsannant,
855 2397 1107 2466 requirit.
1136 2396 1363 2458 Sobrius
1392 2397 1505 2452 adit
1531 2396 1766 2452 sobriam
1785 2435 1801 2461 ,

206 2485 439 2555 pudicus
491 2486 764 2556 pudicam,
815 2486 966 2557 virgo
995 2487 1289 2556 virginem;
1338 2503 1456 2556 qua:
1504 2487 1604 2540 sub
1640 2485 1800 2539 tutela

203 2579 348 2634 beati
369 2578 602 2649 Remigii
633 2578 857 2648 puellari
887 2589 1118 2648 praeerat
1141 2577 1566 2649 congregationi,
1602 2576 1801 2632 femina

205 2672 380 2726 virilis
417 2671 622 2736 animi,
657 2672 844 2742 virago
879 2671 1129 2743 profundi
1167 2672 1414 2735 consilii,
1468 2669 1822 2726 consiliatrix.

206 2762 418 2817 altioris
473 2761 698 2832 ingenii.
762 2762 841 2816 Ad
887 2761 1039 2831 cujus
1085 2763 1341 2832 piissinue
1399 2761 1591 2817 matris
1652 2761 1803 2816 sinus

205 2853 526 2909 mitissimus
573 2863 798 2910 sanctus
848 2870 906 2909 se
953 2853 1184 2909 contulit
1233 2853 1635 2921 'l‘heedertcus,
1687 2853 1803 2907 solo

205 2946 472 3001 sternitur
535 2957 665 3003 ante
741 2945 905 3016 pedes
989 2929 1246 3016 spiritalis
1324 2949 1558 3014 matris,
1645 2948 1802 3018 eique

205 3039 384 3106 prodit
432 3053 633 3094 arcana
686 3039 786 3094 soli
853 3039 960 3095 Deo
992 3041 1205 3111 cognita
1249 3040 1330 3096 sui
1372 3041 1581 3106 cordis;
1616 3055 1800 3094 erum-

206 3133 461 3198 pentibus
519 3132 773 3204 laerymis
843 3135 1044 3204 gemitu
1095 3134 1482 3203 conturbatur,
1561 3134 1795 3205 singultu

205 3223 555 3282 concutitur.
623 3234 789 3293 atque
857 3226 1077 3280 salubre
1141 3227 1426 3282 consilium
1496 3226 1596 3282 sibi
1678 3242 1800 3283 cum

206 3313 452 3370 subsidio
504 3330 727 3383 precum
775 3315 1003 3372 subnixe
1032 3318 1159 3372 ferri
1217 3329 1488 3389 precatur.
1539 3319 1620 3374 Ad
1653 3319 1794 3374 hunc

204 3405 643 3472 compunetiouis
667 3421 955 3462 mmrorcm
982 3407 1313 3463 devotissimi
1330 3409 1548 3480 juvenis
1569 3425 1802 3466 commo-

206 3506 257 3550 ta
287 3507 417 3550 sunt
452 3497 662 3552 viscera
707 3500 1106 3570 benignissimre
1132 3501 1342 3567 matris,
1391 3501 1534 3558 ﬂenti
1579 3518 1800 3574 compa-

207 3587 355 3652 titur,
412 3585 686 3657 lugentem
715 3589 1047 3654 consolatur,
1083 3601 1401 3646 matrentem
1459 3591 1710 3658 hctilicat,
1749 3602 1802 3648 ct

210 3686 264 3730 ut
289 3693 416 3732 eum
450 3678 558 3732 voti
581 3690 888 3748 compotem
923 3680 1107 3744 faciat,
1137 3681 1420 3736 Dominmn
1449 3682 1668 3751 pietatis
1705 3699 1800 3738 ex-

205 3777 338 3823 orat.
366 3769 692 3824 Communis
722 3770 901 3840 itaque
925 3781 1079 3842 pater
1105 3772 1384 3844 utriusque
1407 3773 1700 3842 piissimus,
1732 3774 1799 3829 ab

207 3869 435 3932 utroque
463 3861 628 3916 simul
677 3863 778 3916 hac
814 3861 881 3916 de
913 3878 1074 3918 causa
1112 3874 1334 3919 sanctus
1363 3865 1662 3920 consulitur
1689 3865 1797 3921 Rc-

207 3955 450 4024 ntigius:
504 3954 661 4019 cuius
718 3955 1057 4010 institutione
1108 3955 1412 4011 sublimiter
1439 3957 1552 4024 jam
1609 3957 1797 4013 beatus

206 4049 507 4114 profecerat
544 4045 932 4104 Theodericus.
975 4047 1076 4101 l‘ro
1108 4063 1302 4118 sponsa
1335 4049 1566 4119 denique
1625 4050 1795 4106 mitti-

207 4148 304 4203 tur,
321 4150 546 4194 :cternte
569 4139 852 4208 przmnium
883 4139 1253 4194 tetrthutionis
1275 4141 1327 4196 in
1346 4140 1656 4211 virginitate
1677 4156 1794 4211 pcr-

207 4233 580 4288 severantihns
609 4248 638 4286 a
671 4242 824 4302 patre
847 4233 1051 4288 servari
1077 4233 1483 4290 demonstratur
1511 4248 1528 4288 :
1585 4244 1638 4289 et
1666 4234 1790 4305 quia

208 4325 484 4397 virginitas
510 4326 772 4396 angelica:
795 4335 948 4394 grata
978 4327 1254 4382 munditiae
1281 4326 1352 4381 sit
1378 4327 1574 4394 amica,
1601 4343 1792 4398 propa-

206 4415 357 4474 lalur.
390 4418 708 4488 Acquiescit
737 4431 933 4486 sponsa
981 4419 1196 4474 demum
1243 4418 1644 4488 prudentissimi
1698 4433 1792 4488 pa-

209 4509 315 4573 tris,
349 4509 460 4564 itno
484 4510 869 4580 complectitur
895 4508 1168 4574 aﬂ‘amina,
1194 4511 1316 4564 vita:
1345 4511 1584 4566 cmlestis
1610 4511 1790 4565 dulce-

206 4602 320 4656 uiue
340 4602 563 4668 mellita,
591 4617 823 4673 seseque
847 4602 1150 4672 pollicetur,
1176 4603 1218 4658 si
1250 4601 1466 4657 Christo
1491 4613 1784 4667 mercatur,

208 4692 509 4757 atllucrerc,
553 4693 930 4762 incorruptam
969 4693 1114 4748 salva
1150 4693 1405 4763 pudicitia
1450 4709 1786 4765 permanere.

211 4781 373 4839 l.;rtns
396 4787 613 4840 tandem
646 4783 923 4840 castitatis
952 4785 1147 4840 decore
1189 4800 1420 4854 sponsus
1447 4786 1790 4855 amplexatur

210 4888 468 4941 sponsam,
501 4893 670 4945 quant
712 4875 858 4930 videt
882 4893 912 4930 a
942 4876 1216 4931 voluntate
1260 4877 1562 4932 sedat-toris
1609 4887 1662 4930 et
1699 4893 1790 4930 vo-

213 4960 396 5032 luptate
416 4966 597 5021 carnis
641 4975 914 5034 ereptam,
946 4966 1321 5036 comlitoriqnc
1355 4967 1466 5038 jant
1497 4966 1599 5021 sub
1654 4967 1788 5022 inte-

211 5055 405 5123 griiatis
437 5058 644 5114 honore
673 5057 1060 5126 mancipatam.

279 5144 517 5170 I|:.-!-!.--*
559 5165 579 5170 -
613 5150 624 5170 Ι
650 5147 908 5170 -.-οηενιςη
936 5147 1039 5170 I..---
1083 5147 1144 5170 ..τι
1171 5145 1223 5170 El

1241 5161 1378 5170 .Α.----
1434 5147 1711 5170 Ινν.ΙΑἷι..ιῗΑ-
1741 5151 1774 5169 ⁸7

1819 4544 1868 4604 D

1983 1943 2112 1998 Post
2139 1958 2448 1998 successum
2473 1944 2704 2014 denique
2726 1941 3008 2012 temporis,
3039 1942 3126 1996 ubi
3157 1942 3496 2012 presbytera-

1908 2033 1974 2088 lis
2003 2034 2168 2088 subiit
2195 2050 2333 2089 onus
2367 2035 2607 2100 honoris,
2659 2034 2882 2104 implere
2913 2033 3099 2090 volens
3128 2031 3361 2087 officium
3408 2049 3497 2088 sa-

1909 2125 2167 2188 cerdotis,
2199 2125 2496 2194 praedicare
2525 2125 2687 2194 cmpit
2711 2125 2964 2180 omnibus
2983 2133 3248 2194 praecepta
3281 2123 3492 2178 salutis.

1908 2214 2229 2286 Specialitcr
2285 2224 2464 2270 autem
2525 2216 2697 2286 tangit
2733 2215 2974 2269 animum
3025 2215 3283 2284 piissinue
3331 2212 3496 2283 prolis

1907 2306 2216 2360 charissimi
2243 2323 2371 2362 cura
2400 2308 2682 2378 genituris.
2709 2307 2876 2362 Filius
2901 2305 3116 2374 sapiens
3144 2303 3381 2359 laetiﬁcat
3403 2321 3495 2375 pa-

1907 2407 2040 2452 trem
2068 2396 2249 2468 (l’ror.
2278 2415 2329 2462 x,
2359 2398 2431 2469 l),
2459 2398 2705 2468 ewloqne
2739 2406 3020 2469 regenerat
3071 2405 3230 2449 terra:
3251 2411 3307 2450 sc
3331 2409 3494 2465 gene-

1909 2489 2135 2544 rantem.
2163 2492 2235 2546 De
2267 2491 2472 2546 lubrico
2506 2490 2851 2553 monachum,
2883 2489 2949 2544 de
2991 2488 3201 2542 latrone
3247 2487 3493 2542 datorem

1905 2580 2289 2652 largissimum,
2313 2582 2379 2637 de
2408 2598 2566 2636 servo
2593 2581 2788 2636 diaboli
2834 2580 3036 2635 Christi
3062 2577 3189 2634 facit
3217 2578 3489 2632 libertum.

1904 2672 2022 2728 .lam
2046 2675 2268 2745 jamque
2300 2675 2503 2729 viritim
2534 2675 2597 2730 de
2627 2690 2691 2729 co
2714 2682 2902 2729 sancta
2931 2689 3027 2744 per
3067 2671 3292 2743 populos
3321 2670 3494 2724 divul-

1907 2767 2135 2836 gahatur
2156 2766 2358 2836 opinio.
2393 2766 2456 2824 Et
2481 2781 2548 2822 ne
2576 2765 2738 2820 veluti
2765 2765 2982 2819 lucerna
3019 2771 3268 2818 contecta
3300 2761 3495 2815 lateret

1905 2857 2005 2910 sub
2037 2857 2236 2920 modio,
2269 2857 2360 2911 sed
2392 2858 2646 2911 omnilms
2673 2857 2724 2910 itt
2758 2855 2848 2910 llci
2881 2856 3086 2909 luceret
3111 2855 3286 2916 domo,
3317 2867 3493 2922 quan-

1907 2958 2017 3002 tum
2065 2948 2310 3003 sublimis
2359 2957 2476 3002 erat
2513 2949 2744 3013 meritis,
2800 2956 3006 3001 tantum
3042 2946 3286 3000 coruscis
3331 2943 3495 3011 carpit

1908 3039 2132 3109 insignis
2160 3037 2416 3108 cll'ulgere
2443 3037 2737 3092 miraculis.
2767 3036 2894 3107 Ejus
2921 3050 3152 3104 namque
3179 3031 3493 3087 beatissima

1917 3131 2060 3186 fama
2119 3139 2442 3201 pervenerat
2483 3143 2652 3199 usque
2677 3128 2743 3182 ad
2772 3127 3102 3182 Francorum
3146 3123 3289 3194 regis
3340 3121 3491 3193 pala-

1910 3223 2002 3286 tia,
2035 3237 2264 3292 quorum
2301 3237 2390 3275 rex
2420 3231 2546 3275 tunc
2567 3228 2687 3274 erat
2732 3216 3118 3280 Theodericus,
3149 3213 3402 3269 Clodovei
3435 3213 3497 3265 li-

1907 3315 2028 3378 lius,
2055 3313 2210 3384 cujus
2240 3312 2426 3368 oculus
2458 3311 2660 3367 doloris
2681 3309 2842 3366 subiti
2871 3308 3031 3364 nimis
3063 3304 3392 3369 cruciatibus
3422 3304 3494 3358 ita

1906 3407 2083 3460 fuerat
2138 3420 2450 3476 oppressus,
2507 3413 2564 3458 ut
2589 3402 2748 3458 nullis
2781 3400 2978 3456 diversi
3008 3398 3224 3470 generis
3255 3396 3492 3451 medica-

1904 3503 2138 3558 minibus
2190 3502 2256 3556 ad
2284 3502 2572 3557 sanitatem
2618 3497 2899 3570 pristinam
2962 3501 3143 3565 posset
3191 3491 3332 3546 ullus
3372 3505 3494 3543 cum

1904 3593 2162 3646 reducere
2193 3589 2449 3648 medicus,
2486 3589 2655 3645 Unius
2681 3586 2823 3642 oculi
2854 3582 3213 3656 lacrymabilis
3233 3579 3496 3650 {egritudo

1903 3685 2193 3738 multorum
2223 3683 2489 3755 lacryntas
2520 3688 2910 3753 pt'ovocaverat
2939 3679 2989 3733 in
3020 3677 3233 3747 populo.
3265 3675 3494 3728 Mentem

1904 3774 2045 3844 regis
2071 3773 2205 3828 varii
2239 3773 2569 3828 conturbant
2595 3770 2774 3826 exitus
2803 3770 2992 3824 cladis.
3027 3767 3164 3822 llinc
3192 3773 3366 3820 metus
3394 3765 3494 3818 sti-

1902 3866 2068 3921 tnulat
2113 3864 2395 3920 amittendi
2457 3863 2714 3926 luminis;
2751 3862 2896 3916 illinc
2947 3858 3277 3915 imminentis
3323 3855 3492 3925 pudor

1899 3955 2275 4014 deformitatis.
2305 3953 2436 4010 Nam
2484 3954 2527 4008 si
2560 3969 2652 4008 rex
2687 3952 2898 4008 adforet
2952 3950 3152 4012 luscus,
3198 3947 3492 4001 maximum

1899 4046 2088 4103 fuiSSet
2150 4047 2201 4102 in
2252 4047 2447 4120 populo
2503 4045 2778 4108 dedecus,
2810 4050 2904 4095 aut
2933 4040 3077 4095 enint
3120 4038 3370 4106 turpiter,
3406 4051 3491 4091 re-

1897 4141 2131 4210 gnando,
2164 4139 2426 4195 fmditatis
2453 4144 2690 4210 gestaret
2717 4133 3090 4205 opprobrium,
3140 4139 3234 4186 aut
3262 4145 3387 4185 cum
3417 4127 3491 4184 lu-

1897 4231 2059 4286 minis
2086 4231 2379 4285 amissione
2407 4229 2543 4283 forte
2574 4225 2898 4297 perdidisset
2944 4231 3000 4278 et
3032 4235 3277 4292 regnum.
3315 4218 3489 4274 Unum

1895 4337 2026 4394 ergo
2052 4322 2288 4377 restabat
2320 4320 2428 4394 regi
2453 4319 2757 4382 consilium,
2784 4324 3050 4387 quatenus
3073 4313 3160 4367 ubi
3190 4310 3488 4366 remedium

1893 4414 2144 4471 cessabat
2169 4415 2485 4476 humanum,
2517 4411 2758 4466 divinum
2807 4407 3177 4477 requircrctur
3204 4401 3485 4456 auxilium.

1898 4507 2059 4562 Mittit
2089 4506 2252 4576 igitur
2278 4506 2345 4560 ad
2396 4503 2758 4560 venerabilem
2804 4497 3221 4561 Theodericum,
3265 4492 3349 4547 cui
3397 4507 3489 4547 ve-

1897 4601 2066 4656 nienti
2093 4600 2278 4669 pandit
2315 4597 2638 4652 miserabilis
2669 4594 2808 4650 oculi
2851 4593 3123 4646 morbum.
3153 4586 3338 4642 Prodit
3373 4599 3488 4654 po:-

1895 4708 2019 4747 nam
2049 4705 2210 4762 quam
2252 4689 2486 4760 patitur;
2518 4686 2778 4758 praevenit
2806 4683 3055 4754 precibus
3083 4677 3322 4750 pericula
3363 4690 3486 4743 qua:

1893 4798 2129 4840 veretur.
2161 4782 2231 4837 At
2260 4783 2344 4836 vir
2383 4780 2473 4835 Dei
2505 4781 2758 4833 virtutem
2798 4777 2977 4831 sciens
3004 4769 3336 4842 operationis
3365 4784 3488 4823 ess».

1891 4878 2110 4941 divinzc,
2141 4890 2246 4931 non
2278 4873 2589 4944 fragilitatis
2607 4873 3094 4937 humanm,corpns
3123 4864 3239 4920 solo
3265 4863 3482 4923 sternit.

1894 4969 2137 5024 auinnnn
2170 4981 2332 5036 supra
2363 4965 2532 5024 cmlos
2560 4963 2750 5034 erigit,
2773 4959 3003 5018 orationi
3033 4974 3094 5013 se
3137 4964 3307 5012 totum
3339 4968 3486 5008 com-

1892 5059 2081 5114 mittit.
2122 5057 2362 5113 Tandcm
2413 5056 2580 5112 finitis
2630 5067 2858 5126 surgens
2884 5049 3161 5124 precibus,
3191 5045 3259 5099 ad
3307 5043 3488 5097 sidera

2089 5147 2290 5168 --.Il-n-
2372 5157 2569 5168 ---_--A
2623 5146 2907 5168 T-.3--!a-.9-

2372 5157 2569 5168 A--_--A
2623 5141 2907 5168 'I‘-.3--2....9-
2959 5153 3152 5166 ..ΑιιιΛιι
3202 5135 3456 5166 ἶνιοῆηῆιιυ
