3974 5392
521 335 588 431 8T
1587 371 1978 436 FCODOARDI
2016 379 2334 437 CANONICI
2373 380 2716 437 REMENSIS
3715 379 3784 438 8⁸
3826 447 3853 458 η

523 491 684 546 Deus.
717 491 1097 547 Convocautur
1125 506 1154 546 a
1182 509 1305 563 rege
1347 493 1605 562 primates
1631 495 1834 564 populi,
1882 493 1949 549 de
1989 509 2105 546 ma-
2136 480 2182 536 Α
2213 497 2360 568 regni
2384 497 2717 552 Francorum
2765 495 3118 567 gubernante,
3169 494 3534 568 Angilrannus
3580 494 3784 551 aulico-

523 583 802 652 guitudine
833 584 1277 654 congratulantur
1323 584 1591 648 miraculi,
1644 585 1786 654 quod
1835 594 1944 640 tam
1993 586 2102 639 cito

521 689 616 726 rex
647 674 877 728 senserit
906 674 1160 728 virtutem
1190 674 1448 745 spiritalis
1490 675 1890 741 medicamenti,
1917 686 1966 732 et
1993 676 2098 749 [ut]

522 765 720 820 nullius
743 768 1016 823 cicatricis
1045 769 1294 838 vestigia,
1324 769 1526 842 nullius
1547 769 1817 840 caliginis,
1845 771 1929 825 vel
1953 771 2103 842 glau.

519 872 688 912 coma:
711 859 972 914 resideret
995 860 1046 914 itt
1074 860 1231 916 oculo
1259 861 1416 916 saluti
1445 862 1654 917 reddito
1677 862 1907 917 macula.
1927 862 2104 929 Quan-

519 948 590 1002 tis
618 949 914 1006 honoribus
943 967 1036 1007 rex
1059 952 1377 1008 sublimaret
1405 953 1662 1008 famulunt
1691 954 1890 1010 Christi
1919 956 1962 1010 si
1991 955 2102 1010 vel-

517 1038 614 1104 let,
641 1056 704 1095 ac
725 1043 940 1112 quantis
965 1044 1298 1108 muneribus,
1342 1044 1424 1098 vel
1472 1045 1822 1115 dignitatibus
1857 1060 2102 1100 remune-

517 1145 688 1200 rarel,
722 1135 766 1189 si
821 1145 1159 1206 contemptor
1207 1138 1322 1207 ipse
1379 1137 1698 1206 dignitatum
1745 1138 2099 1207 permitteret.

525 1226 663 1294 Quid
689 1227 831 1282 enim
855 1228 1010 1282 oculo
1047 1229 1098 1282 in
1124 1245 1350 1297 corpore
1398 1230 1654 1284 charius?
1702 1229 1806 1285 Sed
1854 1230 2103 1284 humana:

522 1318 697 1373 laudis
746 1327 800 1376 et
823 1321 1111 1380 mundanm
1140 1321 1516 1376 retributionis
1542 1321 1745 1392 refuga,
1775 1322 1945 1391 gratis
1972 1322 2102 1376 dare

519 1409 710 1463 tnalttit
734 1409 876 1479 quod
910 1411 1076 1480 gratis
1116 1412 1361 1480 accepit:
1391 1420 1555 1481 atque
1585 1411 1666 1465 vir
1695 1425 1902 1481 tnagnze
1927 1410 2103 1467 ltumi-

518 1498 989 1564 litatis,sollicitus
1019 1516 1085 1554 ne
1111 1501 1220 1572 regi
1251 1500 1391 1556 foret
1419 1502 1702 1568 univocus,
1746 1502 1880 1572 petit
1908 1510 1968 1554 ut
1993 1517 2100 1556 non

495 1577 883 1647 Theodericus
934 1593 1001 1647 de
1043 1603 1242 1649 caetero
1269 1635 1284 1660 ,
1329 1594 1458 1663 quin
1507 1604 1732 1648 vocetur
1774 1593 2101 1648 Theodorio.

519 1680 671 1738 Tunc
695 1699 788 1737 rex
819 1684 1119 1738 admiratus
1150 1686 1456 1755 purissima:
1477 1686 1841 1755 simplicitatis
1883 1686 2104 1740 humili-

517 1783 705 1842 tatem,
733 1777 1072 1833 vcnerabiles
1098 1794 1289 1832 manus
1311 1778 1655 1843 deosculans,
1684 1779 1980 1834 sacerdotis
2007 1779 2101 1833 be-

2205 606 2323 644 rum
2352 588 2590 660 quidam,
2626 588 2930 642 traditionis
2961 586 3119 654 hujus
3145 588 3386 659 ignarus,
3413 603 3445 642 a
3491 600 3618 656 rege
3645 584 3784 639 Ven-

2203 679 2388 736 derant
2411 679 2512 734 sibi
2545 677 2778 749 postulat
2815 677 2954 732 dari.
3004 676 3156 744 Quod
3200 678 3287 732 ubi
3347 691 3438 731 rex
3485 677 3786 741 annuisset,

2203 771 2428 825 audiens
2457 771 2687 826 domnus
2716 767 3039 824 llincmarus
3066 768 3282 838 prtesul,
3315 769 3406 838 qui
3437 769 3620 824 sedem
3647 777 3791 820 tene-

2203 861 2296 916 bat
2320 860 2577 916 Ecclesize
2599 859 2906 926 Remensis,
2937 862 3076 916 hanc
3100 862 3334 922 inliscari
3363 861 3568 928 villam,
3593 866 3790 936 regalis

2203 953 2455 1023 praecepti
2482 954 2724 1010 chartam
2753 953 2803 1006 itt
2854 953 3108 1008 Ecclesia:
3135 952 3293 1021 hujus
3339 955 3562 1009 archivo
3606 973 3793 1026 reper.

2207 1052 2335 1107 tam,
2385 1043 2621 1098 dationis
2662 1043 2886 1112 hujusce
2938 1045 3136 1100 seriem
3185 1045 3548 1101 continentem
3591 1047 3790 1104 Karolo

2205 1135 2390 1202 mittit,
2422 1143 2568 1190 etne
2597 1148 2783 1191 contra
2835 1136 3008 1208 legem
3059 1138 3374 1192 canonicam
3429 1154 3516 1194 res
3561 1153 3792 1211 usurpet

2203 1228 2478 1293 lieelesite,
2514 1228 2983 1284 commonefacere
3029 1230 3246 1300 satagit.
3283 1229 3337 1284 lu
3365 1247 3472 1300 quo
3520 1243 3792 1303 praecepto

2207 1318 2492 1375 manifeste
2544 1319 2739 1391 legitur
2786 1321 3055 1392 quomodo
3103 1337 3195 1375 rex
3265 1321 3653 1388 Theodericus,
3697 1341 3794 1394 pro

2204 1411 2615 1467 resuscitatione
2652 1410 2773 1466 filim
2799 1411 2857 1466 S.
2883 1411 3201 1468 Theoderici
3254 1414 3503 1483 precibus
3545 1416 3792 1484 obtenta,

2205 1518 2313 1556 non
2347 1502 2522 1556 solum
2547 1509 2902 1571 prmuotatam
2929 1500 3218 1557 conferens
3245 1502 3292 1556 ei
3319 1502 3524 1570 villam,
3551 1504 3644 1559 Dei
3678 1519 3794 1560 ser-

2205 1608 2330 1646 vum
2357 1593 2440 1647 sui
2478 1592 2722 1647 muneris
2773 1593 2980 1646 honore
3010 1591 3326 1661 prsetulerit,
3357 1593 3486 1661 quitt
3535 1603 3592 1648 et
3617 1595 3794 1664 magi-

2204 1691 2340 1747 stro,
2373 1681 2818 1751 pra-slantissimo
2839 1681 3047 1737 scilicet
3079 1683 3349 1754 ltemigio,
3386 1684 3475 1738 cui
3529 1684 3794 1741 Dominus

2206 1784 2412 1830 tantam
2460 1775 2694 1845 gratiam
2745 1773 3077 1839 contulerat,
3133 1783 3193 1829 ut
3248 1773 3407 1832 talem
3468 1775 3794 1846 discipulum

517 1839 878 1926 ncdictionctn
919 1868 1111 1926 devote
1140 1870 1408 1940 postulat,
1449 1879 1504 1926 et
1532 1886 1654 1924 eum
1692 1870 1988 1928 honorifice
2033 1873 2098 1925 ad
2135 1839 2174 1897 Β
2206 1867 2452 1927 haberet.
2478 1867 2568 1937 qui
2622 1865 2859 1936 Spiritus
2895 1867 3067 1922 sancti
3115 1867 3255 1922 dono
3283 1908 3298 1933 ,
3331 1867 3474 1922 sicut
3513 1877 3571 1922 et
3623 1870 3796 1939 magi-

488 1946 672 2014 Isuutn
722 1961 910 2016 deduci
961 1963 1349 2017 monasterium
1403 1961 1640 2018 mandat.
1687 1963 1928 2030 Quantas
1976 1972 2103 2018 tunc

513 2067 768 2108 cerneres
797 2053 862 2108 ad
911 2071 1034 2110 eum
1086 2055 1357 2111 confluere
1405 2056 1659 2112 debilium
1708 2055 2098 2124 multitudines,

513 2159 634 2213 quae
665 2147 782 2201 sine
812 2163 960 2202 mora
995 2149 1252 2218 quaesitas
1280 2163 1531 2219 recepere
1565 2149 1854 2204 sanitates!

593 2240 886 2310 Repcritur
920 2243 1080 2295 etiam
1111 2241 1318 2313 prmfati
1353 2243 1494 2314 regis
1525 2244 1688 2296 filiam
1745 2245 1853 2296 vita
1904 2242 2098 2298 defun-

511 2343 654 2390 ctam
687 2332 1007 2402 ntagniiicus
1036 2331 1126 2385 hic
1171 2331 1379 2386 Domini
1404 2348 1580 2402 praeco
1604 2334 1726 2388 vita:
1773 2333 2099 2388 reformasse

513 2416 806 2496 spiracula,
839 2440 939 2493 pro
963 2439 1068 2494 q-ua
1107 2423 1395 2494 languente
1427 2440 1519 2478 rex
1549 2426 1614 2480 ad
1653 2435 1899 2481 sanctum
1952 2427 2098 2481 dire-

512 2524 670 2570 xerat
693 2513 1020 2584 Remigium,
1049 2522 1235 2584 petens
1263 2524 1319 2569 ut
1346 2515 1412 2570 ad
1435 2531 1492 2570 se
1523 2517 1756 2582 veniret,
1781 2527 1942 2588 atque
1973 2535 2094 2573 cum

507 2607 764 2680 precibus
789 2608 1071 2677 aegrotanti
1108 2608 1229 2663 lilia:
1256 2625 1470 2664 manum
1503 2611 1821 2680 imponeret.
1860 2613 1931 2666 At
1978 2614 2097 2684 pius

511 2699 708 2769 pratsul
734 2700 976 2755 molestia
1001 2700 1231 2768 quadam
1276 2701 1540 2770 corporis,
1586 2710 1644 2754 ut
1685 2701 1878 2766 fertur,
1911 2704 2095 2757 deten-

509 2798 618 2854 ttts,
649 2790 808 2843 beato
837 2788 1192 2854 Theoderico,
1225 2805 1382 2858 quem
1409 2791 1494 2859 pie
1519 2799 1773 2860 casteque
1803 2794 2094 2860 nutrierat,

510 2888 566 2934 et
600 2878 934 2948 Spiritalibus
963 2878 1224 2933 doctrinis
1267 2879 1615 2945 instruxerat,
1650 2896 1920 2951 quemque
1968 2899 2096 2953 gra-

513 2970 583 3024 tia
639 2970 982 3024 curationum
1021 2969 1281 3039 repletum
1334 2970 1565 3036 videbat,
1635 2972 1908 3040 negotium
1953 2972 2093 3042 quod

506 3061 808 3136 petebatur,
835 3069 890 3114 ut
922 3068 1075 3129 pater
1107 3058 1238 3124 lilio,
1289 3060 1653 3116 commendat.
1699 3062 1798 3127 Qui
1848 3062 2091 3133 magistri

500 3149 651 3219 jussa
674 3150 894 3219 cupiens
922 3150 1151 3204 solerter
1174 3151 1414 3219 explere,
1437 3152 1562 3204 dum
1612 3152 1838 3206 fcsﬁnus
1880 3155 1983 3208 iter
2027 3153 2091 3209 ad

505 3241 767 3311 palatium
803 3241 946 3310 regis
970 3249 1176 3310 ageret,
1213 3239 1522 3295 adfuturam
1553 3243 1652 3296 sibi
1706 3243 1944 3298 divinam
1973 3260 2098 3298 cou-

514 3333 686 3388 fidens
706 3332 1068 3395 clementiam,
1105 3333 1311 3388 nuntiis
1358 3335 1557 3404 accipit
1591 3336 1791 3390 ohiisse
1822 3337 2093 3406 puellam;

509 3431 564 3477 et
595 3437 660 3476 ne
711 3420 940 3493 fatigari'
968 3422 1183 3487 debeat,
1233 3425 1489 3478 suadetur
1533 3426 1804 3494 propriam
1853 3436 2097 3496 repetere

510 3513 722 3569 cellam.
753 3514 844 3570 ille
873 3531 1000 3570 vero
1044 3519 1391 3586 prmceptoris
1440 3533 1630 3588 parere
1675 3535 1776 3574 non
1828 3521 2095 3576 dusisteus

512 3606 757 3676 imperio,
813 3609 1060 3677 pervenit
1106 3607 1173 3661 ad
1221 3609 1474 3678 palatium
1511 3627 1524 3663 :
1559 3624 1792 3665 mcerore
1841 3621 2092 3681 parentes

495 3697 665 3762 allici,
700 3698 843 3756 luctu
874 3698 1140 3768 palatinos
1171 3700 1375 3756 invenit
1420 3701 1704 3769 comprimi
1752 3700 1872 3773 [ms.
1899 3703 1948 3772 j,
1997 3718 2093 3772 op-

507 3788 712 3862 primi].
747 3789 986 3857 Quorum
1015 3789 1269 3861 lactymis
1292 3799 1346 3844 et
1371 3791 1484 3861 ipse
1507 3799 1728 3846 sanctus
1757 3792 1847 3846 Dei
1877 3807 2092 3861 perum-

507 3890 611 3942 tus,
643 3883 825 3950 plures
848 3881 1102 3935 secedere
1135 3881 1534 3951 praecipit,cunt
1553 3881 1741 3951 paucis
1759 3883 1824 3934 ad
1843 3874 2086 3935 funebria

506 3971 724 4026 resedit.
754 3972 861 4026 Cor
875 3980 928 4024 et
951 3971 1137 4026 oculos
1163 3973 1228 4025 ad
1255 3973 1450 4028 ctelum
1474 3988 1596 4027 cum
1621 3972 1872 4027 manibus
1893 3982 2086 4028 cxten-

503 4063 601 4128 dit,
632 4064 853 4118 devotas
880 4064 932 4116 in
961 4063 1210 4118 cubiculo
1239 4065 1435 4119 mentis
1466 4066 1576 4130 Deo
1608 4080 1796 4134 preces
1823 4082 2083 4137 compun-

504 4155 717 4219 ctionis,
770 4153 1019 4222 perfusus
1050 4153 1240 4208 faciem
1297 4155 1571 4226 lacrymis,
1622 4156 1827 4210 clludit.
1873 4158 1942 4210 At
1995 4159 2083 4212 ttbi

503 4247 811 4302 cxauditum
839 4260 897 4299 se
921 4246 1112 4314 spiritu
1145 4246 1326 4311 sentit,
1379 4249 1444 4300 ad
1476 4249 1721 4301 exanime
1753 4263 1949 4316 corpus
1997 4265 2086 4302 ac-

507 4334 668 4398 cedit,
694 4335 811 4392 oleo
854 4343 1043 4388 sancto
1091 4341 1346 4388 sensuum
1386 4335 1500 4388 vias
1537 4351 1659 4390 cum
1695 4345 1840 4391 tactu
1877 4336 2085 4405 pollicis

501 4423 700 4478 illinit:
733 4425 1037 4493 mirumque
1077 4426 1129 4479 itt
1173 4426 1387 4479 modum
1418 4428 1654 4481 membra
1685 4437 1892 4482 mortua
1919 4430 1970 4482 itt
2005 4444 2084 4484 rc-

2210 1969 2367 2025 ster,
2395 1963 2662 2014 'mortuos
2722 1961 3113 2025 resuscitat-et,
3164 1961 3536 2018 beneﬁcentiae
3580 1963 3792 2034 gratia,

2202 2051 2384 2106 vitiant
2422 2050 2722 2106 Venderam
2746 2051 3024 2107 obtulerit.
3054 2050 3179 2108 [late
3206 2060 3264 2107 ut
3293 2052 3366 2106 ita
3391 2067 3450 2108 se
3473 2052 3694 2117 habere,
3724 2069 3793 2110 ex

2203 2143 2332 2212 ipsis
2366 2143 2682 2197 chartarum
2716 2143 3065 2198 monimentis
3109 2143 3516 2210 animadvertit,
3540 2160 3570 2198 a
3597 2149 3794 2214 ρει-κτι-

2201 2234 2352 2288 sione
2383 2232 2520 2287 villae
2562 2233 2810 2299 destitit,
2860 2241 2916 2288 et
2957 2232 3210 2288 Ecclesia:
3250 2234 3483 2306 propriis
3515 2234 3687 2290 libere
3713 2237 3793 2297 uti

2200 2325 2465 2395 permisit.

2269 2417 2528 2473 Traditur
2551 2415 2712 2486 hujus
2749 2416 2891 2473 beati
2922 2419 3022 2474 viri
3063 2419 3404 2491 suggestione
3435 2429 3658 2476 sanctus
3685 2420 3793 2475 lle-

2201 2511 2396 2582 migius
2445 2510 2822 2566 coliectionem
2870 2512 3238 2575 meretricum,
3286 2527 3404 2581 quae
3448 2513 3513 2566 ad
3546 2513 3596 2566 id
3622 2527 3794 2579 usque

2199 2602 2457 2671 temporis
2485 2601 2780 2672 prostibula
2804 2601 2977 2656 fertur
3001 2611 3153 2657 extra
3177 2603 3451 2657 civitatem
3479 2603 3790 2667 retinuisse,

2198 2695 2473 2750 subversis
2514 2694 2835 2758 fornicibus,
2869 2695 2923 2748 in
2948 2694 3232 2748 viduarum
3260 2693 3620 2764 quadraginta
3649 2710 3782 2749 cou-

2197 2786 2567 2856 gregatiouem
2610 2794 2987 2855 permutasse,
3051 2795 3408 2854 sumptusque
3469 2786 3792 2855 quotidiano

2198 2877 2365 2932 victui
2415 2877 2754 2946 necessarios
2800 2875 3119 2940 instituisse,
3172 2877 3455 2945 ipsumque
3502 2890 3790 2929 numerum

2197 2972 2480 3028 viduarum
2501 2972 2765 3041 perpetim
2789 2982 3115 3037 manere,-ut
3143 2972 3319 3027 adhuc
3346 2988 3558 3042 quoque
3585 2983 3789 3040 manet,

2199 3066 2531 3121 decrevisse.
2559 3064 2694 3119 Nam
2717 3065 2843 3120 dum
2865 3075 3083 3120 sanctus
3101 3064 3378 3136 Remigius
3403 3065 3788 3120 monasterium

2200 3157 2375 3212 sancti
2417 3155 2736 3212 Theoderici
2763 3155 3008 3219 visitans,
3043 3172 3201 3210 secus
3223 3155 3611 3220 meretricium,
3640 3156 3790 3225 psala

2203 3263 2319 3304 mos
2341 3264 2460 3302 cunt
2478 3247 2664 3303 eodem
2690 3247 3291 3317 cbarissimodiscipulo
3326 3263 3424 3302 suo
3451 3248 3791 3303 concinendo

2203 3340 2481 3406 transiret,
2510 3355 2575 3394 ac
2605 3349 2794 3394 sancto
2824 3339 3158 3393 Theoderico
3189 3355 3286 3392 vox
3325 3337 3574 3392 faucibus
3597 3338 3790 3394 haesiss

2197 3439 2301 3497 set,
2332 3430 2656 3500 iterumque,
2689 3431 2740 3484 itt
2778 3430 3052 3484 redeundo
3075 3429 3298 3492 scilicet,
3323 3429 3463 3483 idem
3489 3429 3540 3483 in
3569 3429 3788 3495 eodem,

2194 3535 2292 3575 ceu
2328 3530 2685 3583 memoratur,
2722 3521 2838 3576 loco
2867 3530 2920 3575 et
2948 3520 3218 3575 versiculo
3244 3520 3580 3590 contigisset,
3614 3521 3790 3576 admi-

2197 3620 2351 3664 ratus
2383 3617 2536 3678 pater
2559 3609 2961 3674 sanctissimus,
2993 3618 3046 3663 et
3075 3609 3350 3678 requirens
3373 3624 3471 3663 cur
3491 3609 3790 3679 discipulus

2193 3698 2366 3754 solers
2414 3700 2465 3758 in
2502 3699 2593 3754 Dei
2640 3699 2886 3754 laudibus
2935 3710 3122 3753 contra
3173 3714 3374 3752 ntorem
3433 3698 3788 3768 titubaverat,

2190 3791 2388 3858 accipit
2416 3790 2597 3845 dolere
2625 3791 2841 3845 beatum
2875 3792 3045 3844 virum
3069 3791 3134 3844 de
3161 3790 3460 3843 animarum
3499 3792 3792 3860 dispendio

2191 3881 2550 3951 perditarum,
2582 3893 2637 3936 et
2668 3883 2718 3936 in
2755 3893 2860 3936 tant
2883 3881 3053 3936 sancti
3085 3881 3254 3951 patris
3275 3880 3492 3943 vicinia,
3529 3890 3638 3935 tant
3677 3880 3784 3938 fce-

2191 3975 2271 4028 (ιω
2310 3975 2660 4044 turpitudinis
2693 3985 2841 4029 tanta
2871 3973 3088 4029 diabolo
3114 3988 3363 4028 crescere
3386 3973 3556 4027 lucra.
3581 3974 3788 4045 Sicque

2190 4079 2510 4134 persuasum
2550 4067 2686 4134 patri
2717 4067 2984 4135 piissimo,
3016 4065 3283 4136 discipulo
3333 4074 3659 4136 suggerente
3690 4083 3786 4124 ea.

2188 4157 2458 4222 stissimo‘,
2512 4157 2826 4212 subvertch
2863 4157 3082 4211 latibula
3140 4156 3375 4220 diaboli,
3429 4165 3484 4210 et
3527 4155 3786 4226 deceptas

2187 4255 2350 4314 atque
2375 4245 2702 4312 deeipientes
2720 4245 2930 4299 animas
2953 4247 3005 4299 in
3029 4245 3408 4299 castimoniam
3430 4246 3785 4300 transducere

2185 4334 2409 4389 Christi.
2459 4332 2652 4387 Multas
2683 4341 2938 4403 praetcrea
2980 4342 3190 4389 constat
3229 4334 3488 4387 virtutum
3517 4349 3614 4403 per
3639 4334 3784 4390 hunc

2188 4425 2400 4480 fidelem
2451 4425 2544 4484 Dei
2595 4424 2851 4478 fantuhtttt
2903 4436 3146 4496 patratas
3197 4428 3562 4498 operatioues.
3607 4425 3783 4482 (lacis

500 4517 675 4570 citiva
705 4525 1025 4586 reparantur
1053 4515 1247 4571 oliieia.
1273 4517 1423 4573 Oculi
1470 4518 1646 4574 lumen
1677 4519 1951 4584 hauriunt,
1981 4535 2079 4574 vox
2115 4553 2161 4612 Β
2190 4531 2382 4586 nempe
2418 4517 2589 4571 visunt
2609 4559 2622 4580 ,
2661 4518 2839 4571 surdis
2866 4518 3139 4584 auditum,
3168 4518 3375 4574 claudis
3400 4535 3644 4590 gressum
3695 4534 3782 4574 re-

499 4603 717 4660 adtuoto
749 4606 984 4674 pectoris
1037 4606 1266 4676 impulsu
1318 4608 1645 4677 prorumpit,
1699 4619 1753 4662 et
1798 4608 1975 4677 puella
2023 4624 2084 4662 se

497 4697 640 4752 beati
681 4697 1000 4752 Theoderici
1032 4699 1171 4753 votis
1218 4698 1481 4753 redditam
1532 4699 1719 4768 pandit
1747 4699 1926 4752 saluti.
1980 4698 2086 4751 Ac-

497 4797 724 4842 curruut
751 4788 1021 4856 genitores
1050 4803 1169 4842 cunt
1195 4789 1388 4858 gaudio
1418 4789 1736 4842 miraculum
1767 4797 2080 4856 stupentes;

497 4878 674 4932 omnis
707 4878 940 4932 exsultat
965 4878 1106 4944 aula,
1146 4880 1445 4948 tripudians
1476 4879 1689 4936 Ιιιτῑειιηι*
1720 4879 1946 4932 fatttilia.
1982 4881 2084 4936 νεὶ-τ

497 4976 725 5022 iteratur
756 4978 998 5033 sanctus,
1033 4979 1140 5024 tam
1189 4985 1218 5024 a
1272 4984 1396 5040 rege
1448 4986 1610 5040 quam
1661 4987 1688 5023 a
1739 4973 2080 5043 proceribus,

498 5058 831 5094 πΙιηιῗίῖησὶΙιηο
861 5076 886 5096 σι
913 5059 1162 5096 ησιιιιιῖιιῖο
1188 5062 1434 5098 nun-Hm:
1494 5062 1510 5098 Ι
1538 5063 1765 5098 σιηιΙῖΙιιιο
1797 5063 2021 5100 nﬂ'orhu-
2053 5083 2078 5100 σι

2189 4615 2459 4670 staurans,
2501 4607 2682 4662 aridas
2712 4617 3123 4677 contractasque
3155 4624 3345 4664 manus
3379 4609 3652 4675 relaxans,
3683 4609 3780 4664 ob-

2191 4716 2372 4756 sessos
2400 4717 2428 4755 a
2461 4703 2794 4756 (itetttonibus
2819 4701 3058 4759 liberans
3078 4743 3091 4766 ,
3139 4701 3284 4756 mille
3311 4702 3534 4756 nocendi
3561 4700 3780 4756 Satante

2189 4791 2407 4846 fraudes
2433 4807 2529 4861 per
2568 4793 2761 4846 divinat
2808 4793 3092 4848 medicinae
3122 4792 3439 4847 destruebat
3485 4791 3779 4862 oppositio-

2191 4899 2306 4938 nes.
2342 4885 2404 4937 Et
2433 4900 2618 4938 revera
2652 4883 2861 4942 felicem
2891 4885 3070 4954 gregis
3095 4884 3294 4939 Christi
3342 4883 3645 4948 ductorem,
3685 4882 3773 4938 cui

2190 4974 2374 5028 datuttt
2404 4986 2485 5029 est
2515 4984 2622 5028 tam
2651 4974 2968 5042 corporibus
2994 4989 3157 5043 quam
3197 4973 3482 5027 animabus
3523 4972 3774 5027 conferre

2192 5065 2418 5100 coll-Iona
2443 5065 2453 5099 l
2483 5065 2850 5100 narcara-ortv“
2883 5074 3060 5100 nulla":
3101 5065 3153 5100 in
3197 5063 3288 5100 no;
3324 5062 3581 5100 famn'nhl
3605 5077 3773 5100 ηαηηη
