3974 5392
222 163 296 216 89

804 170 1149 230 HISTORIA:
1187 175 1543 234 περιεδιι
1581 175 1788 231 REME!

1894 174 1926 230 Β
1965 176 2144 232 LIBRI
2183 178 2540 246 QUATUOH.
2581 212 2653 222 —
2694 181 2823 237 LIB.
2854 182 2898 238 1.

3433 179 3505 236 90

223 295 460 350 propere
490 299 611 340 eum
639 300 828 358 magna
855 291 1000 345 venit
1030 293 1394 356 nmltitudiue.
1428 296 1817 366 prmrogatique
1847 277 1890 330 Α
1922 292 2123 362 quique
2161 294 2459 350 nobilitatis
2495 311 2745 366 pompam
2773 312 2871 367 pro
2898 296 3068 352 nihilo
3094 297 3320 361 ducens,
3345 294 3506 365 elegit

221 374 321 426 sibi
358 374 610 432 beneﬁcii
661 394 888 444 memor,
936 383 1028 443 sed
1083 393 1135 440 et
1161 387 1353 440 debita'
1400 389 1675 443 servitutis
1706 404 1810 444 non

223 467 532 532 immemor,
584 470 650 525 ad
705 474 964 528 tnmulmn
1012 476 1308 533 beatissimi
1355 495 1551 550 corpus
1600 481 1814 536 abbatis

222 561 458 629 propriis
486 563 720 619 evehere
739 566 941 620 studuit
963 570 1222 626 humeris.
1257 570 1366 628 Nec
1393 574 1608 637 mirum,
1639 576 1682 630 si
1717 591 1812 631 rex

222 650 504 706 hominum
563 655 706 709 illius
758 659 1000 713 membra
1049 663 1353 718 condiderit
1406 666 1634 730 tumulo,
1659 665 1812 734 cujus

221 745 458 799 animam
485 762 610 801 cum
629 749 821 816 gaudio
851 750 958 806 Rex
977 754 1286 822 angelorum
1314 759 1550 827 suscepit
1575 759 1624 812 in
1651 759 1807 814 caelo.

220 834 296 888 Ad
341 834 504 905 cujus
542 840 853 896 venerbile
899 844 1203 911 sepulcrum
1228 848 1408 902 divina
1445 851 1615 904 virtus
1643 867 1812 920 usque

224 925 273 978 in
312 925 646 982 hodiernum
685 930 825 985 diem
867 933 1242 991 multimodam
1285 939 1538 1010 dignatur
1598 943 1809 1012 operari

222 1016 471 1073 salutem.

288 1109 506 1165 Desidia
534 1128 686 1178 vero,
725 1117 806 1170 vel
847 1118 1071 1173 raritate
1095 1121 1441 1191 scriptorum,
1475 1124 1703 1194 plurima
1737 1126 1813 1181 si-

222 1200 382 1256 lentio
411 1214 632 1259 constat
671 1208 914 1277 neglecta
953 1213 1231 1265 mirorum.
1275 1213 1382 1268 Nos
1413 1223 1589 1269 tamen
1619 1231 1807 1281 unum,

220 1296 354 1363 quod
387 1311 568 1366 nuper
591 1302 954 1369 comperimus
980 1314 1182 1369 actum,
1211 1305 1546 1360 decrevimus
1571 1308 1810 1362 inseren-

220 1386 358 1439 dum.
393 1386 640 1454 Quadam
667 1391 898 1461 denique
923 1393 1281 1450 Sablntorum
1312 1398 1419 1462 die,
1441 1397 1554 1465 jam
1585 1414 1805 1468 vespera

222 1473 424 1531 Domini
449 1478 558 1532 diei
595 1483 906 1546 accedente,
951 1487 1192 1554 quaedam
1219 1490 1563 1558 paupercula,
1591 1489 1806 1544 nomine

218 1569 455 1626 Cillaidis
509 1571 574 1646 [,i,
631 1575 932 1650 Gistaidis],
962 1593 1026 1633 ex
1086 1579 1286 1634 familia
1340 1583 1510 1636 sancti
1543 1583 1801 1653 Dionysii,

1917 385 1968 438 in
2001 385 2432 443 sanctificatione
2459 387 2567 442 Deo
2606 389 2833 455 servire,
2859 387 3282 458 relinquensquc
3310 386 3497 442 devios

1915 475 2218 543 anfractus,
2241 479 2384 533 viam
2416 474 2554 535 recti
2579 481 2733 536 callis
2761 481 3005 552 expetiit,
3045 480 3132 534 illa
3163 487 3380 536 secutus
3407 494 3502 534 ve-

1915 570 2094 641 stigia,
2127 587 2224 642 per
2251 588 2372 642 qua:
2409 573 2654 644 turgidos
2685 573 2868 626 mundi
2894 573 3090 628 ﬂuctus
3110 570 3500 642 pertransiens,

1913 677 2228 735 properaret
2262 667 2328 719 ad
2359 667 2620 722 coalestia.
2661 667 2940 738 Ingressus
2997 668 3177 736 itaque
3229 675 3501 721 monaste-

1915 760 2053 814 rium
2098 759 2158 815 Β.
2185 759 2537 824 Theoderici,
2571 761 2794 830 gloriam
2827 759 2988 830 hujus
3043 759 3226 816 smculi
3277 759 3502 814 tradidit

1911 850 2188 916 oblivioni,
2219 852 2642 923 dignitatemque
2656 853 2913 907 natalium
2949 867 3170 906 suorum
3200 850 3501 908 humilitate

1911 940 2174 1010 despexit,
2197 951 2250 996 et
2294 942 2497 996 ultimae
2523 944 2801 998 servitutis
2847 943 3127 996 famulatui
3160 957 3218 997 se
3246 942 3502 1012 subjuga-

1912 1032 2007 1093 vit,
2045 1032 2266 1085 lunnum
2301 1040 2474 1087 rastro
2497 1031 2727 1097 fodiens,
2751 1041 2806 1086 et
2835 1032 3002 1086 aratri
3030 1047 3249 1086 vomere
3288 1030 3494 1086 telluris

1912 1131 2058 1191 terga
2096 1123 2382 1186 scindens,
2439 1124 2568 1179 illud
2616 1123 3016 1194 psalmographi
3060 1123 3221 1179 factis
3273 1121 3496 1193 implere

1909 1225 2157 1285 satagens
2182 1233 2194 1268 :
2218 1215 2444 1270 Labores
2474 1233 2725 1272 manuum
2751 1226 2960 1271 tuarum
2983 1217 3106 1288 quia
3130 1205 3496 1281 manducabis,

1909 1305 2090 1360 beatus
2135 1323 2188 1360 es
2233 1317 2278 1361 et
2323 1307 2448 1361 bene
2487 1309 2578 1362 tibi
2637 1309 2733 1362 erit
2770 1305 2953 1379 (Psuf.
2999 1322 3201 1372 cxxvu,
3240 1307 3338 1377 2).
3386 1305 3500 1362 Hoc

1908 1406 2088 1452 autem
2138 1399 2454 1469 quotidiano
2494 1414 2590 1469 per
2621 1399 2808 1471 viginti
2842 1400 2976 1455 duos
3018 1415 3191 1471 annos
3240 1399 3498 1454 insistens

1907 1489 2091 1559 operi,
2125 1504 2246 1553 cum
2274 1489 2481 1545 duobus
2511 1490 2760 1560 juvencis
2791 1491 2856 1545 ad
2890 1492 2992 1546 hoc
3032 1491 3133 1547 sibi
3150 1467 3496 1554 'commissis,

1908 1579 2069 1633 duros
2098 1588 2153 1633 et
2181 1580 2360 1635 varios
2390 1589 2689 1649 temporum
2730 1580 2954 1650 pertulit
2996 1581 3227 1634 invictus
3257 1579 3490 1638 labores.

219 1662 346 1717 villae
376 1663 562 1721 Cortis
593 1649 920 1735 superioris,
965 1669 1090 1723 dum
1120 1671 1312 1725 molam
1347 1689 1505 1727 manu
1547 1649 1802 1736 verttuet,
1837 1649 1879 1708 Β
1907 1667 2060 1734 Quod
2099 1685 2228 1724 vero
2270 1670 2624 1729 memorabile
2657 1671 2908 1732 traditur,
2959 1670 3120 1725 iidem
3145 1669 3361 1738 juvenci
3395 1685 3495 1724 nec

223 1755 558 1810 manubrium
610 1759 765 1813 mehe
795 1761 961 1828 ipsius
1000 1762 1211 1816 inhmsit
1238 1763 1496 1828 dexterzr,
1537 1773 1596 1818 ut
1627 1765 1803 1820 divelli

221 1855 388 1911 posset
409 1862 438 1898 a
475 1849 711 1904 nemine.
741 1849 976 1904 Tandem
1005 1852 1159 1906 molze
1189 1855 1529 1909 manubrium
1557 1871 1622 1909 ex
1657 1864 1805 1910 utra-

221 1953 314 2005 que
342 1950 500 2006 parte
525 1957 718 1997 manus
743 1944 1061 1999 abscindere
1077 1947 1308 2014 cogitur,
1334 1948 1589 2002 indicium
1616 1949 1804 2003 nole'ns

217 2043 388 2083 secum
413 2031 630 2086 deferre
655 2035 976 2089 miserabilis
1002 2053 1198 2105 operas.
1231 2039 1300 2092 At
1325 2038 1514 2093 salutis
1533 2056 1643 2094 sum
1665 2039 1805 2093 solli-

217 2118 333 2180 cita,
363 2120 621 2186 quoniam
671 2121 729 2174 Β.
768 2124 1001 2194 Dionysii
1051 2135 1176 2181 tunc
1211 2126 1394 2182 Remis
1414 2128 1804 2183 obiufestntio—

219 2226 324 2264 nem
352 2228 688 2282 paganorum
713 2218 1067 2272 servabantur
1084 2221 1346 2285 Incmlira,
1365 2221 1530 2275 veloci
1558 2223 1799 2292 ingressu

216 2304 272 2356 ad
296 2302 533 2373 ejusdem
552 2309 726 2362 sancti
752 2311 1008 2381 martyris
1023 2312 1220 2366 donuini
1247 2313 1327 2366 sui
1352 2313 1629 2368 contendit
1653 2328 1802 2369 accev

213 2394 329 2449 c’ere
367 2397 615 2465 pignora.
650 2397 979 2455 Perveniens
1012 2418 1161 2471 ergo,
1209 2419 1329 2456 cum
1370 2420 1564 2474 magno
1607 2405 1800 2459 timore

211 2501 266 2539 ac
296 2489 598 2541 rcerentia
630 2489 746 2543 solo
772 2490 1040 2560 prolapsa,
1065 2493 1434 2548 liberationem
1477 2495 1799 2564 deprecatur

207 2592 234 2629 a
276 2588 437 2633 tantm
482 2580 820 2637 confusionis
853 2584 1090 2640 miseria.
1133 2585 1185 2639 ld
1227 2601 1347 2640 cum
1387 2587 1474 2642 die
1502 2590 1800 2659 peregisset

207 2685 264 2725 ac
311 2682 494 2736 nocte,
548 2675 848 2729 remedium
881 2676 1005 2732 inde
1048 2694 1150 2731 non
1183 2679 1477 2750 rbsperans
1517 2684 1792 2752 accipere,

207 2766 446 2832 apparuit
466 2767 518 2820 in
539 2768 747 2821 somnis
763 2768 811 2822 ei
825 2769 1042 2838 quidam
1061 2769 1296 2826 clericali
1316 2773 1522 2831 habitu,
1549 2783 1698 2828 veste
1717 2775 1798 2830 ln-

203 2855 624 2920 dutuscandlda,
655 2857 1065 2924 faciejucnnda,
1096 2862 1290 2933 capillo
1324 2865 1610 2919 admodum
1644 2865 1790 2933 albo,

204 2943 343 2997 vultu
374 2945 652 3015 paulisper
673 2949 961 3004 macilento
981 2992 995 3012 ,
1021 2951 1207 3005 dicens
1235 2953 1306 3007 illi
1344 2968 1359 3008 :
1391 2953 1560 3023 Surge
1573 2956 1713 3019 hinc,
1739 2966 1786 3010 ct

201 3039 319 3091 rade
332 3039 402 3091 ad
418 3050 661 3093 sanctum
680 3041 1052 3097 Theodericum
1070 3047 1224 3116 ;quia
1239 3049 1466 3100 secunda
1497 3048 1651 3116 feria,
1672 3067 1790 3119 qua:

198 3137 266 3179 est
290 3140 402 3192 post
427 3146 570 3193 cras,
596 3131 762 3200 ipsius
784 3134 1146 3204 eriLfestiritas
1169 3137 1497 3202 celebranda,
1521 3152 1568 3192 et
1595 3141 1712 3194 vide
1729 3158 1791 3196 ne

194 3217 243 3272 in
257 3221 413 3274 (fama
429 3223 544 3290 ejus
561 3241 818 3292 apparens
833 3243 1017 3290 vatim;
1029 3229 1122 3280 sed
1135 3231 1308 3298 accipe
1321 3248 1512 3296 ceram,
1531 3243 1682 3300 prout
1696 3234 1789 3286 tibi

195 3311 258 3362 ad
276 3329 508 3378 pra'sens
524 3316 750 3381 suppetit
787 3316 1033 3384 facultas,
1065 3331 1112 3373 et
1136 3321 1211 3373 sic
1233 3321 1301 3374 ad
1330 3322 1600 3377 ecclesiam
1624 3325 1786 3390 ipsius

191 3417 354 3468 perge,
369 3413 420 3455 et
439 3403 582 3456 illius
597 3405 738 3474 quod
751 3407 997 3474 intploras
1020 3411 1269 3465 obtinebis
1285 3414 1671 3469 intert'eutione.
1694 3415 1782 3470 Illa

193 3504 305 3544 mox
340 3493 609 3563 evigilans
634 3536 648 3559 ,
686 3497 789 3551 hac
821 3499 888 3553 de
933 3501 1139 3557 visiore
1192 3504 1520 3574 stupefacta,
1560 3516 1679 3560 orat
1715 3523 1782 3563 cx

191 3580 464 3637 voluntate
497 3585 587 3639 Dei
642 3588 744 3640 SllJi
789 3590 1099 3646 confirmari
1141 3595 1277 3656 visa,
1327 3605 1382 3649 et
1427 3612 1549 3651 cum
1586 3599 1780 3668 gaudio

192 3669 404 3729 festinat
451 3691 715 3749 peragere
753 3680 922 3748 jnssa.
976 3683 1134 3739 Venit
1179 3687 1340 3757 igitur
1379 3688 1445 3742 ad
1491 3690 1774 3745 ecclesiam

189 3767 386 3830 sancti,
439 3773 766 3826 venerandze
813 3774 1171 3833 solemnitatis
1220 3780 1326 3845 die,
1377 3780 1518 3836 beati
1574 3785 1778 3839 scilicet

188 3852 524 3921 Theoderici,
563 3868 677 3914 tres
706 3860 1070 3918 hebdomadas
1098 3867 1301 3923 habens
1329 3885 1394 3924 ex
1445 3887 1552 3941 quo
1580 3874 1630 3926 id
1660 3874 1774 3929 dis-

188 3944 422 4002 criminis
446 3951 842 4036 aceideratilli.
867 3953 1018 4011 Tunc
1039 3973 1098 4013 se
1120 3968 1245 4014 ante
1271 3963 1576 4030 sepulcrum
1605 3965 1773 4034 ipsius

186 4049 296 4090 cum
330 4037 587 4110 lacrymis
619 4051 894 4107 sternens,
928 4063 1025 4116 pro
1054 4048 1226 4104 salute
1253 4065 1349 4105 sua
1379 4068 1566 4122 preces
1595 4055 1768 4109 eﬂ‘un-

186 4127 284 4191 dit;
321 4130 508 4200 ibique
545 4145 656 4187 tota
706 4145 863 4191 nocte
894 4153 1248 4207 perseverans
1295 4143 1347 4197 in
1380 4147 1647 4211 oratione,
1680 4164 1770 4203 ve-

186 4219 315 4272 niam
351 4221 422 4277 de
455 4225 686 4292 piaculis
709 4227 824 4281 suis
861 4228 1134 4286 humiliter
1167 4249 1232 4287 ac
1261 4235 1489 4291 fidenter
1521 4237 1667 4310 [ms.,
1708 4240 1769 4293 fi-

186 4311 383 4386 deliter]
415 4320 683 4386 exposcit.
721 4319 964 4390 Dumque
990 4325 1165 4379 adhuc
1195 4336 1317 4382 ante
1359 4329 1596 4384 lumbam
1617 4330 1766 4399 jaccv

185 4414 255 4456 rct
282 4407 421 4459 beati
456 4408 788 4466 confessoris
814 4412 1044 4479 Christi,
1083 4417 1264 4471 divina
1311 4418 1536 4489 jubente
1565 4424 1762 4492 gratia,

185 4511 268 4561 per
310 4499 761 4557 intercessionem
812 4507 981 4560 sancti
1029 4509 1193 4578 cmpit
1243 4525 1435 4566 manus
1472 4513 1642 4582 ipsius
1688 4515 1764 4570 fe-

186 4587 328 4642 mina:
362 4592 616 4658 paulatim
659 4612 692 4648 a
741 4594 890 4664 ligno
917 4598 1174 4671 disjnngi,
1203 4609 1257 4653 et
1293 4604 1496 4674 absque
1545 4605 1763 4664 laesione

185 4677 452 4744 cujuslibet
476 4685 682 4740 doloris
729 4689 951 4755 aperiri.
1001 4689 1200 4762 Sicque
1245 4693 1368 4747 dein
1415 4704 1522 4750 tota
1569 4714 1761 4755 manus

185 4770 500 4857 expanditur,
531 4784 586 4828 et
611 4775 823 4845 lignum
849 4777 992 4834 dicto
1020 4781 1185 4835 citius
1211 4781 1263 4834 in
1296 4783 1603 4851 pavimento
1631 4802 1758 4857 pro-

187 4853 383 4928 labitur,
400 4879 461 4920 ac
475 4867 518 4920 si
542 4884 829 4937 nunquam
846 4870 1135 4928 adhaesisse
1153 4873 1445 4932 videretur.
1465 4877 1612 4933 Multi
1633 4896 1758 4937 vero

184 4950 261 5015 qui
286 4953 518 5023 aderant,
542 4961 650 5014 hoc
679 4975 930 5029 superna:
956 4966 1175 5033 pietatis
1208 4981 1494 5026 cernentes
1528 4973 1758 5030 miracu-

187 5037 754 5117 lum,glorificaverunt
787 5053 1082 5112 mirabilem
1119 5059 1171 5112 in
1203 5060 1408 5115 sanctis
1431 5063 1542 5118 suis
1563 5065 1753 5122 Deum.

731 5142 960 5200 CAPUT
1001 5147 1171 5206 XXV.

618 5235 704 5290 De
754 5245 934 5290 sancto
967 5239 1286 5310 Theodulfo.

246 5315 436 5379 Tertius
479 5336 602 5392 post
643 5327 866 5380 beatmn
897 5327 1291 5390 Theodericum
1326 5336 1386 5392 S.
1416 5341 1748 5392 Theodult’us

1905 1768 2080 1822 aetate,
2112 1774 2212 1815 nec
2241 1759 2560 1816 lassitudine
2582 1761 2894 1818 deficientes
2919 1779 2931 1816 :
2957 1760 3101 1831 quod
3129 1761 3216 1815 alii
3249 1759 3496 1814 ruricolas

1906 1865 2030 1902 cum
2054 1859 2306 1920 quatuor,
2337 1851 2417 1904 vel
2445 1860 2806 1915 sex,autocto
2837 1851 2923 1909 vix
2941 1861 3189 1922 poterant
3208 1850 3491 1922 perlicere,

1908 1941 1994 1996 hic
2042 1956 2162 1994 cum
2221 1940 2429 1997 duobus
2473 1941 2880 2014 infatigabiliter
2924 1942 3193 2012 explebat.
3249 1942 3494 2011 Cumque

1905 2034 2179 2104 paululum
2215 2045 2456 2090 cessaret
2487 2036 2554 2090 ab
2581 2045 2789 2099 aratro,
2833 2051 3046 2090 rursum
3074 2036 3325 2090 studebat
3364 2035 3494 2089 insiv

1902 2134 2048 2180 stere
2081 2136 2275 2181 rastro.
2327 2126 2664 2196 Stupendum
2710 2143 2927 2197 quoque
2969 2126 3143 2192 valde,
3187 2128 3488 2205 quodcum

1905 2225 2014 2272 tam
2043 2217 2178 2272 duro
2217 2217 2441 2274 servitio
2485 2219 2725 2274 intentus
2775 2229 2938 2285 esset,
2983 2235 3081 2274 nec
3112 2220 3384 2284 deficeret,
3421 2218 3490 2273 ab

1903 2322 2036 2378 agro
2069 2306 2282 2362 rediens
2324 2323 2487 2361 unam
2533 2322 2674 2376 srepe
2717 2318 2955 2375 noctem,
3006 2307 3316 2378 frequenter
3353 2308 3488 2362 duas

1900 2399 2126 2471 pervigil
2165 2401 2514 2472 hymnorum,
2544 2399 2982 2472 psalmorumque
3026 2399 3274 2456 laudibus
3316 2401 3473 2460 tradi-

1902 2502 1990 2546 tur
2014 2492 2284 2548 excubare
2319 2492 2528 2548 solitus.

1970 2585 2213 2652 Quadam
2257 2585 2490 2656 denique
2527 2586 2633 2651 die,
2667 2587 2793 2640 dum
2840 2585 3044 2640 laboris
3095 2582 3485 2640 intermittendi

1900 2686 2140 2747 tempore
2171 2676 2390 2731 domum
2428 2677 2702 2732 rediturus
2741 2677 2808 2732 ab
2835 2676 3162 2746 agricultura
3195 2683 3482 2742 cessasset,

1898 2768 2287 2825 monasterium
2333 2768 2599 2839 repetenti
2654 2768 2932 2839 quodlibet
2975 2783 3113 2838 opus
3159 2765 3482 2844 eritendandi

1895 2861 2064 2915 aratri
2107 2861 2327 2927 accidit,
2359 2861 2677 2932 virgamque
2720 2860 2923 2916 stimuli
2959 2859 3125 2930 figens
3166 2859 3217 2912 in
3258 2867 3482 2922 terram,

1895 2953 2113 3006 domum
2145 2967 2254 3022 quo
2280 2951 2565 3017 tendebat,
2601 2953 2887 3007 inunemor
2915 2949 3153 3022 ejusdem
3185 2948 3341 3016 forte,
3373 2947 3483 3002 imo

1897 3044 1975 3098 sic
2011 3042 2192 3098 divina
2233 3043 2503 3114 disposuit
2540 3042 2657 3100 fieri
2700 3043 3018 3106 moderatio,
3063 3042 3326 3114 pervenit.
3379 3040 3478 3094 Mi-

1894 3135 2066 3190 rabile
2090 3134 2266 3194 dictu.
2301 3135 2489 3206 spinea
2533 3136 2680 3207 virga
2711 3135 2812 3191 sub
2847 3144 3006 3192 nocte
3035 3134 3246 3188 radices
3282 3133 3334 3186 in
3370 3141 3480 3195 ter-

1893 3243 2008 3282 ram
2050 3227 2220 3292 dedit,
2252 3237 2307 3282 et
2343 3243 2520 3291 mane,
2562 3244 2684 3283 cum
2727 3228 2794 3282 ad
2825 3235 3146 3282 consuetum
3178 3225 3368 3280 beatus
3400 3223 3481 3278 vir

1889 3334 2026 3388 opus
2053 3317 2269 3380 rediret,
2300 3326 2462 3389 atque
2491 3333 2768 3373 resumere
2795 3316 2972 3378 vellet,
3007 3325 3307 3386 turgentem
3337 3314 3480 3368 fron-

1890 3410 2049 3465 dibus
2088 3408 2314 3464 invenit.
2333 3407 2462 3474 Qua:
2491 3407 2724 3478 plurimo
2743 3416 3003 3477 tempore,
3040 3403 3363 3460 cun'tulaudo
3392 3419 3477 3457 τον

1885 3502 2006 3564 bur,
2056 3500 2108 3554 in
2152 3499 2427 3555 excelsum
2468 3499 2663 3567 crevit,
2705 3507 2760 3554 et
2803 3497 3005 3552 factum
3047 3496 3230 3551 multis
3259 3495 3476 3562 enituit,

1883 3593 2054 3646 donec
2096 3591 2200 3645 iter
2225 3605 2391 3660 agens
2421 3589 2641 3659 quidam
2675 3604 2829 3659 pmna
2861 3587 3198 3658 plectendas,
3227 3585 3471 3639 eamdem

1880 3681 2170 3743 abscindit,
2201 3681 2592 3748 oculorumque
2624 3679 2724 3733 sibi
2757 3679 2958 3732 lumine
2986 3693 3110 3731 cum
3140 3676 3473 3731 abscisa-ioue

1880 3771 2088 3842 pariter
2119 3769 2392 3838 adempto,
2421 3767 2581 3838 jugcs
2614 3768 2844 3821 incurrit
2879 3766 3153 3820 tenebras.

1873 3863 1877 3868 ’
1952 3860 2078 3930 Ejus
2109 3867 2228 3929 post
2253 3859 2367 3912 lucc
2397 3867 2634 3911 aratrum
2667 3873 2694 3910 a
2721 3855 2968 3910 fidelibus
2997 3854 3050 3908 in
3078 3853 3305 3909 ecclesia
3333 3852 3472 3912 villa:

1876 3951 2185 4007 Colnbrosze
2225 3963 2570 4020 suspensum,
2615 3947 2708 4013 ibi,
2748 3947 2921 4002 donec
2965 3945 3208 4000 eamdem
3251 3945 3470 4000 inimico

1876 4041 2181 4112 impellente
2221 4056 2389 4103 vorax
2431 4037 2644 4093 flatnma
2686 4038 2950 4094 cremavit
2989 4038 3307 4103 basilicam,
3351 4053 3472 4107 perv

1873 4135 2094 4190 mansit.
2146 4134 2220 4188 De
2262 4149 2369 4204 quo
2407 4133 2654 4202 quisquis
2697 4131 2941 4187 dolorem
2972 4131 3215 4186 dentium
3257 4131 3470 4200 patiens

1874 4225 2146 4280 hastulam
2198 4225 2578 4294 prmcidisset,
2626 4240 2692 4280 ac
2742 4224 2808 4279 de
2861 4223 2980 4278 loco
3028 4221 3232 4278 doloris
3277 4238 3467 4293 parum

1869 4314 2150 4384 sanguinis
2182 4314 2358 4368 'flucrc
2408 4312 2665 4379 fecisset,
2719 4313 2905 4368 statim
2955 4313 3221 4368 medelam
3271 4311 3464 4366 sa'ntis

1870 4412 2200 4474 exoptatam,
2246 4403 2386 4457 beati
2418 4402 2698 4457 Τιιοοιιιιιίί
2741 4402 2952 4456 meritis
2979 4402 3262 4472 percipere
3295 4414 3464 4454 mere-

1869 4496 2048 4549 batur.
2094 4491 2219 4547 Haec
2248 4492 2507 4547 beneficia
2558 4508 2662 4546 non
2693 4490 2877 4544 audita
2923 4491 3115 4552 solum,
3152 4489 3245 4542 sed
3286 4505 3313 4540 a
3342 4487 3461 4557 plu-

1870 4588 2022 4642 rimis
2048 4587 2211 4641 etiam
2245 4586 2356 4639 visa
2390 4595 2714 4652 noscuntur,
2753 4592 2809 4640 et
2847 4585 3083 4639 sanitate
3118 4591 3461 4654 recuperata,

1866 4687 1994 4734 sunt
2022 4677 2336 4734 certissime
2365 4677 2670 4748 propalata.

1934 4768 2197 4823 Defuncto
2223 4767 2453 4835 denique
2475 4770 2689 4834 abbate,
2711 4767 2800 4843 qui
2825 4767 2985 4824 beato
3001 4763 3304 4822 Theodulfo
3324 4777 3460 4836 prrea

1862 4869 1980 4914 erat
2008 4859 2224 4924 tertius,
2255 4868 2314 4912 ut
2343 4861 2680 4929 prmmissum
2709 4869 2813 4925 est,
2841 4860 2985 4918 idem
3020 4861 3103 4914 vir
3131 4853 3463 4912 venerabilis

1862 4954 1916 5006 iu
1965 4953 2083 5008 loco
2133 4960 2333 5006 sancite
2376 4953 2775 5010 recordationis
2803 4952 2987 5010 domui
3017 4947 3336 5009 Theoderici
3378 4955 3466 5000 est

1858 5042 2141 5097 ordinatus
2171 5041 2372 5107 abbas,
2426 5045 2657 5113 praesule
2704 5055 3020 5108 annuente,
3067 5048 3124 5096 et
3173 5035 3470 5095 monacho-

1859 5151 1976 5188 rum
2004 5144 2224 5191 caterva
2273 5141 2514 5204 petente.
2547 5137 2650 5207 Qui
2679 5137 2875 5206 adepto
2923 5130 3202 5205 regiminis
3235 5131 3461 5193 licitere,

1857 5226 2011 5293 quasi
2043 5225 2190 5281 rudis
2238 5225 2341 5280 tiro
2371 5228 2587 5284 noviter
2611 5230 2858 5285 addictus
2906 5221 3171 5281 exercitio
3197 5259 3213 5284 ,
3263 5216 3462 5274 nullatu

1854 5316 1965 5371 fere
2005 5317 2299 5386 praestabat
2333 5318 2564 5374 artubus
2591 5320 2857 5389 requieta.
2890 5317 3028 5383 Quin
3061 5319 3121 5367 ut
3149 5311 3465 5381 infatigatus
