3974 5392
1549 197 1942 260 FLODOARDI
1975 201 2296 262 CANONICI
2339 203 2682 262 REHENSIS

469 333 602 375 uere
652 318 715 377 S.
763 319 950 375 Hilarii
975 360 990 381 ,
1036 317 1152 392 quo
1188 331 1410 373 cursum
1441 317 1524 373 sui
1573 317 1876 390 duplicaret
1909 309 2064 374 labo-
2091 325 2138 385 Α
2167 321 2383 376 videtur
2417 322 2711 392 ingressus.
2739 321 2969 380 Sanctus
3007 339 3136 379 vero
3157 323 3504 390 Theodulfus,
3527 311 3757 395 corpore

471 411 564 468 ris.
619 403 784 484 Signo
834 411 1095 483 siquidem
1160 411 1326 477 dato,
1363 405 1504 466 cum
1559 409 1819 466 fratribus
1870 427 2068 468 conve-

474 491 626 560 niens
651 547 666 570 ,
712 504 918 558 harum'
959 497 1528 573 laudcs'pcrsolvebat
1577 491 2066 573 hymnolugiarutn.

471 595 575 652 Sed
609 605 665 650 ιιι
711 595 904 666 duplex
953 611 1153 650 corona
1185 593 1402 660 meriti,
1440 594 1595 665 quasi
1633 594 1764 649 nihil
1791 607 1915 650 ante
1950 611 2072 666 ges»

472 679 674 754 sisset,
709 689 902 743 iterum
945 687 1197 759 prtedicta
1229 698 1352 743 vola
1395 687 1656 742 reddebat
1703 688 1754 742 in
1795 688 2066 745 ecclesia:

472 779 562 847 qui
615 778 740 833 licet
791 777 926 834 clam
948 820 962 842 ,
1003 778 1182 832 taliter
1229 777 1436 846 agendo
1462 820 1476 843 ,
1503 779 1668 834 vellet
1698 779 1898 835 habere
1925 780 2066 850 quod

472 871 708 937 meruit,
741 885 906 941 opera
941 881 1121 926 tamen
1155 871 1379 927 cultoris
1414 871 1498 926 sui
1533 887 1640 927 non
1676 882 1760 928 est
1799 887 1960 944 passa
1991 873 2068 928 di-

471 965 672 1021 vinitas
701 965 866 1024 oculi.

543 1056 765 1111 Accedit
815 1057 997 1127 itaque
1027 1047 1259 1128 quadam
1304 1059 1406 1124 die,
1438 1069 1498 1114 ιιι
1528 1075 1617 1116 sus
1649 1061 1792 1116 circa
1823 1071 2068 1130 puteum,

475 1163 583 1216 quo
621 1137 726 1203 loci
767 1145 928 1216 hujus
965 1149 1125 1204 vicini
1173 1150 1621 1218 adaquahantur,
1679 1141 2028 1209 deambulans
2054 1196 2068 1221 ,

476 1247 654 1294 rueret
703 1239 756 1294 in
809 1239 1010 1308 ipsum.
1060 1237 1569 1297 Cireumﬁuentibus
1607 1243 1843 1313 undique
1879 1235 2068 1300 mona-

473 1329 632 1393 citis,
679 1345 800 1384 eum
847 1323 1023 1387 nullus
1071 1341 1215 1387 esset
1243 1335 1332 1402 qui
1366 1342 1680 1403 pereuntem
1729 1345 1913 1405 posset
1958 1335 2067 1390 eri-

475 1437 602 1491 pere
645 1421 709 1477 de
758 1423 1053 1492 psofundo,
1100 1427 1398 1494 praesertim
1431 1431 1552 1481 cum
1583 1427 1695 1497 ipse
1725 1437 1918 1498 puteus
1947 1431 2072 1484 cen-

477 1523 586 1568 tum
617 1516 808 1584 pedum
840 1515 1044 1571 feratur
1081 1519 1379 1575 altitudinis
1405 1562 1418 1584 ,
1449 1521 1532 1574 vir
1574 1519 1666 1576 Dei
1713 1507 2024 1592 supervenit
2054 1539 2066 1576 :

475 1603 726 1673 factoque
752 1615 1026 1676 comperto
1053 1653 1066 1675 ,
1104 1612 1168 1665 de
1194 1612 1632 1682 coinquinationc
1657 1629 1809 1684 aqua:
1834 1653 1847 1677 ,
1879 1613 1923 1668 si
1952 1615 2069 1669 ani-

2174 411 2446 467 lahorihus
2465 413 2770 483 vigiliisque
2796 415 3056 478 confecto,
3083 414 3259 469 fessus
3285 413 3424 470 forte
3447 415 3759 484 quiescebat

2173 503 2226 557 in
2279 504 2434 559 lecto.
2488 499 2814 575 Legatariu’s'
2846 505 3009 560 animi
3062 505 3183 561 felle
3223 504 3563 570 commotus,
3615 505 3758 575 quod

2170 595 2338 651 abbas
2389 597 2488 652 ioci
2548 613 2652 651 non
2703 599 2804 652 sibi
2859 599 3097 654 dedisset
3147 615 3470 663 occursum,
3531 613 3761 654 rancore

2168 690 2417 744 turbidus
2443 692 2638 744 mentis
2657 731 2671 756 ,
2702 690 2863 745 dabat
2891 707 2984 746 ore
3011 692 3292 760 proferens
3325 707 3442 760 qua:
3467 706 3570 744 non
3601 691 3765 744 dece-

2170 779 2321 833 bant.
2365 779 2608 849 Cumque
2649 781 2825 835 abiret
2873 779 3176 851 indignans,
3215 789 3276 835 ut
3321 781 3399 835 ira
3446 780 3540 835 ira:
3570 780 3768 834 misce-

2171 876 2324 923 retur
2347 910 2361 932 ,
2395 869 2803 938 potentissimus
2847 871 2962 940 ejus
2994 885 3164 939 equus
3187 912 3202 936 ,
3245 885 3275 924 a
3310 885 3478 940 puero
3517 879 3763 924 ntortuus

2171 961 2471 1014 nuntiatur.
2515 961 2628 1030 Ipse
2659 960 2889 1030 denique
2937 960 3191 1016 frendens
3221 961 3273 1015 in
3305 962 3598 1032 semetipso
3627 1001 3642 1027 ,
3674 977 3766 1015 cu-

2173 1052 2489 1121 mulansque
2531 1051 2766 1106 furorem
2809 1051 3018 1117 furori,
3070 1053 3313 1122 geminos
3367 1054 3459 1107 dat
3489 1053 3766 1108 cruciatus

2171 1143 2352 1197 animo
2373 1185 2386 1206 ,
2427 1143 2493 1198 de
2535 1143 2904 1214 indignatione
2939 1144 3227 1210 videlicet,
3270 1154 3323 1199 et
3353 1145 3568 1201 damno.
3602 1143 3770 1200 Cum-

2172 1248 2276 1304 que
2303 1234 2388 1288 vir
2412 1243 2632 1290 sanctus
2659 1235 2709 1289 id
2751 1245 2870 1304 post
2899 1251 3146 1306 s0poretn
3175 1239 3362 1291 nuntio
3385 1237 3766 1309 cognovisset,

2173 1320 2240 1379 ad
2287 1323 2564 1379 hominem
2583 1325 2966 1380 eonsalaudtnn
3016 1343 3121 1381 non
3153 1329 3360 1382 distulit
3403 1329 3593 1394 exire;
3633 1345 3764 1382 sue-

2173 1423 2333 1485 toque
2363 1416 2428 1470 de
2469 1417 2620 1470 more
2647 1416 2844 1472 blando
2887 1427 3114 1472 conatur
3155 1418 3390 1488 alloquio
3423 1417 3618 1474 cil'eros
3649 1417 3770 1488 eius

2173 1507 2382 1572 animos
2415 1507 2662 1576 mitigare
2687 1549 2700 1572 ,
2737 1508 3080 1580 imitansque
3107 1513 3172 1564 ad
3205 1511 3507 1566 orationem
3535 1551 3548 1575 ,
3584 1519 3772 1564 monet

2175 1599 2226 1654 in
2279 1599 2386 1654 Deo
2437 1613 2587 1670 spem
2639 1599 2876 1669 ponere,
2926 1615 2990 1656 ac
3043 1603 3106 1656 de
3161 1603 3262 1658 hoc
3307 1604 3448 1673 quod
3481 1603 3770 1659 accidisset

477 1693 584 1748 mal
619 1695 757 1750 idem
789 1699 860 1752 ibi
915 1711 1222 1755 moreretur
1244 1743 1258 1764 ,
1310 1703 1520 1758 αῃχῑιιιιῖ
1559 1682 1720 1774 empti
1745 1747 1758 1769 ,
1789 1705 2066 1775 oculisque
2101 1682 2141 1740 Β
2171 1693 2393 1747 minime
2424 1693 2756 1748 conturbari.
2804 1693 3155 1764 Pergentibus
3181 1707 3360 1750 autem
3393 1697 3500 1751 illis
3532 1697 3597 1750 ad
3629 1696 3775 1752 Itasi—

474 1785 542 1841 ad
593 1787 788 1844 caelum
841 1793 1143 1860 porrectis,
1197 1803 1360 1864 atque
1402 1796 1604 1850 animo'
1637 1811 1756 1851 cmn
1817 1797 2066 1868 precibus

473 1873 529 1932 in
575 1879 802 1934 Domino
847 1881 952 1936 lixo
1002 1873 1125 1938 dum
1169 1883 1368 1940 Christi
1414 1885 1666 1958 suliragia
1720 1870 1944 1958 devotus
1972 1905 2063 1943 ex-

475 1970 689 2039 poscit,
727 1982 850 2027 ante
898 1977 1059 2044 pedes
1091 1975 1256 2046 ipsius
1291 1978 1470 2034 subito
1499 2020 1512 2042 ,
1564 1979 1764 2048 limpha
1813 1995 1976 2050 super
2008 1995 2069 2036 os

477 2053 622 2134 putei
654 2063 1006 2134 redumlante,
1040 2069 1237 2124 animai
1267 2070 1491 2124 illil‘Slllil
1513 2072 1779 2141 pervenit.
1813 2073 2070 2128 Videntcs

477 2155 658 2210 cuncti
707 2167 926 2228 stupore
965 2162 1266 2216 vehementi
1321 2162 1552 2230 repleti,
1605 2164 1806 2234 gratias
1843 2173 2074 2236 egerunt

479 2243 628 2310 Deo,
667 2249 778 2328 qui
832 2237 1030 2304 tantam
1091 2251 1450 2332 benignitatis
1488 2270 1598 2310 sua:
1646 2255 1875 2326 gratiam
1931 2253 2074 2315 ﬁdeli

477 2351 576 2391 suo
606 2339 836 2396 contulit
863 2357 1044 2398 servo.
1885 2347 1888 2350 ⁴

553 2427 793 2495 Quadam
855 2447 1070 2502 quoque
1130 2433 1252 2510 die,
1301 2451 1424 2491 cum
1479 2437 1645 2492 isdem
1701 2437 1786 2491 vir
1833 2437 1928 2492 Dei
1975 2437 2079 2492 iter

477 2521 708 2593 ageret,
755 2539 784 2576 a
825 2527 1157 2581 monasterio
1194 2527 1260 2581 ad
1309 2530 1597 2598 quemdam
1644 2530 1819 2584 locum
1880 2541 2077 2598 prope-

482 2629 654 2680 rans,
711 2615 1001 2690 agricolam
1055 2617 1349 2686 quemlibet
1404 2627 1651 2672 arautem
1709 2619 1851 2672 viam
1897 2617 2077 2688 "publi-

482 2715 600 2765 cam
629 2746 642 2769 ,
681 2695 778 2776 per
820 2719 980 2784 quam
1015 2695 1246 2764 transire
1290 2703 1478 2766 solitus
1522 2719 1636 2766 erat
1665 2753 1679 2776 ,
1723 2711 1945 2765 invenit.
1982 2709 2082 2764 Cui

481 2805 535 2851 et
565 2797 731 2876 dixit
784 2811 796 2852 :
841 2797 980 2878 ’Non
1031 2810 1103 2855 est
1153 2801 1364 2864 bonum,
1423 2819 1453 2856 ο
1503 2803 1678 2866 Itonto,
1721 2807 1856 2854 viam
1903 2801 2082 2853 aratro

482 2889 650 2944 scindi
677 2932 692 2957 ,
734 2909 850 2963 quae
877 2877 1082 2957 debetpa
1106 2891 1390 2950 viatoribus
1416 2896 1670 2965 inoffenso
1689 2893 1830 2966 pede
1865 2895 2080 2948 mirari.

485 2983 818 3056 “egrediens
869 2993 1050 3040 autem
1081 2985 1163 3039 vir
1207 2995 1426 3040 sanctus
1477 3001 1572 3055 per
1625 2987 1869 3040 eamdem
1905 2985 2076 3048 viam,

2170 1781 2326 1838 licam
2373 1783 2572 1840 Christi
2619 1783 2949 1842 confessoris
2999 1787 3185 1841 Hilarii
3215 1829 3230 1852 ,
3265 1788 3406 1842 dum
3435 1788 3678 1842 veniunt
3713 1790 3769 1843 in

2171 1881 2350 1935 locum
2391 1875 2482 1930 ubi
2528 1877 2740 1946 signtnn
2786 1878 2964 1931 crucis
2996 1877 3292 1943 aduratur,
3351 1877 3402 1931 in
3461 1879 3546 1931 via
3603 1891 3770 1947 preco

2171 1959 2329 2020 solito
2375 1965 2498 2019 data
2528 2007 2541 2031 ,
2591 1967 2784 2022 blande
2827 1967 3030 2021 vultum
3081 1978 3297 2023 vertens
3345 1969 3396 2022 itt
3443 1969 3767 2038 praedictum

2171 2055 2490 2126 legatarium
2519 2071 2536 2111 :
2568 2056 2716 2122 Noli,
2746 2057 2842 2119 ait.
2885 2059 3048 2112 vereri
3069 2099 3084 2126 ,
3113 2061 3236 2129 quia
3283 2075 3470 2130 equum
3513 2069 3658 2112 tuum
3690 2059 3776 2112 in-

2175 2147 2343 2202 venies
2392 2158 2513 2202 aute
2559 2148 2700 2218 fores
2745 2149 3050 2202 monasterii
3100 2165 3286 2203 sanum
3316 2191 3328 2214 ,
3358 2149 3449 2220 qui
3488 2150 3533 2203 si
3579 2149 3774 2220 itaju-

2177 2237 2429 2293 ribuudus
2454 2281 2468 2306 ,
2499 2248 2550 2292 ut
2581 2243 2830 2310 coeperas,
2857 2240 3172 2304 recessisses,
3189 2241 3414 2294 cadaver
3435 2241 3551 2311 equi
3573 2247 3776 2300 mortui

2177 2329 2322 2384 nobis
2353 2329 2667 2400 reliquisses.
2707 2329 2992 2399 chatario
3039 2345 3167 2385 vero
3205 2331 3441 2385 animum
3473 2347 3578 2385 non
3608 2347 3778 2401 appo-

2179 2429 2376 2485 nente,
2423 2421 2721 2491 praesertim
2771 2436 2893 2476 cum
2953 2421 3147 2474 viderit
3196 2435 3318 2475 eum
3359 2431 3630 2476 mortuum
3663 2463 3678 2486 ,
3711 2437 3778 2478 ac

2181 2521 2292 2567 toto
2339 2527 2566 2582 corpore
2607 2511 2902 2575 tumidum,
2958 2511 3198 2566 decurrit
3241 2526 3372 2582 puer
3419 2511 3572 2579 ejus,
3631 2509 3778 2566 aﬂir-

2169 2613 2337 2660 ‘mans
2385 2605 2458 2657 ita
2507 2617 2566 2658 se
2615 2617 2728 2657 rem
2783 2603 3021 2666 habere,
3063 2599 3118 2657 ut
3161 2605 3210 2658 ei
3259 2593 3778 2668 sacerdosChristi,

2183 2681 2515 2748 'I'lteodull'ns
2571 2691 2848 2758 studtcrat
2899 2683 3183 2747 indicare:
3227 2693 3412 2761 sicque
3467 2691 3612 2762 quod
3665 2692 3778 2748 non

2184 2783 2458 2847 credebat,
2509 2782 2768 2838 miraculo
2799 2783 3012 2836 virtutis
3063 2781 3312 2852 probato,
3371 2783 3566 2837 mentis
3597 2781 3784 2837 furore

2147 2893 2150 2896 ’
2186 2873 2450 2945 deposito,
2483 2875 2686 2945 gratias
2713 2873 2879 2928 refert
2905 2871 3154 2938 Domino,
3180 2887 3304 2927 vera
3329 2888 3388 2928 se
3417 2881 3622 2928 testans
3646 2889 3784 2928 oea—

2187 2968 2362 3023 lorum
2407 2966 2642 3036 experiri
2687 2965 3038 3036 probatione,
3085 2979 3205 3034 quae
3253 2966 3320 3020 de
3373 2980 3529 3020 servo
3569 2965 3784 3020 Domini

485 3089 675 3130 rursus
725 3075 1013 3145 agricolam
1063 3077 1202 3132 viam
1252 3085 1310 3130 ttt
1359 3083 1598 3148 coeperat
1627 3085 1869 3131 arantetu
1907 3073 2077 3130 offen-

2185 3061 2538 3132 quorumdam
2587 3059 2786 3113 dudum
2838 3065 3154 3126 perceperat
3197 3055 3477 3110 relatione.
3513 3055 3658 3120 Non,
3693 3057 3782 3110 ἰιι..

467 3160 584 3223 ιιῖι.
631 3165 840 3236 Nonne,
887 3169 1096 3240 inquit,
1125 3169 1237 3224 dixi
1275 3170 1378 3223 tibi
1403 3171 1526 3240 quia
1575 3169 1711 3224 vium
1743 3169 1896 3221 istam
1926 3181 2081 3220 arare

490 3275 592 3314 non
623 3259 824 3314 debes?
873 3261 1304 3332 appropiansque
1353 3277 1512 3315 manu
1557 3267 1744 3316 sancta
1797 3265 1959 3329 caput
1997 3271 2084 3310 ru-

473 3337 609 3413 stici
643 3351 1030 3424 tetigit‘diCens
1051 3345 1067 3407 ~:
1096 3351 1199 3406 Per
1225 3351 1366 3407 istud
1409 3361 1566 3422 caput
1605 3361 1652 3405 te
1677 3391 1691 3416 ,
1737 3349 1890 3404 homo
1912 3389 1929 3415 ,
1958 3365 2085 3402 coni

461 3437 650 3513 'testo'r
696 3443 756 3497 ne
803 3445 936 3498 ciam
983 3443 1138 3498 istaut
1182 3444 1406 3512 amplius
1457 3459 1594 3497 ares.
1632 3441 1960 3497 Relrahcnte
1993 3451 2088 3492 au-

493 3541 603 3598 tem
632 3553 696 3614 eo
721 3525 1092 3604 manum,tola
1114 3553 1239 3610 pars
1255 3535 1448 3608 capitis
1475 3535 1708 3591 hominis
1821 3531 1869 3604 j,
1896 3529 2088 3603 illius],

493 3644 654 3700 quam
687 3629 770 3681 vir
805 3627 898 3683 Dei
927 3615 1211 3698 tetigerat,
1244 3627 1481 3686 candens
1529 3625 1778 3696 apparuit
1825 3633 1883 3676 ιιι
1941 3621 2087 3674 lana.

495 3705 608 3774 Nec
670 3719 890 3788 dubium
958 3720 1099 3794 quod
1152 3735 1258 3774 non
1330 3720 1488 3774 homo
1541 3719 1630 3773 Dei
1687 3716 1853 3771 voluit
1915 3723 1974 3768 ut
2002 3727 2095 3768 ea-

495 3809 608 3882 pi'ili
657 3811 949 3876 caderent,
987 3795 1093 3865 sed
1151 3819 1206 3864 ιιι
1248 3811 1396 3882 signa
1439 3827 1533 3882 per
1588 3810 1966 3863 succedentem
1997 3819 2090 3871 ge-

479 3889 1240 3980 nerationempromerentur
1271 3901 1442 3970 hujus
1462 3901 1586 3954 facti
1615 3942 1629 3966 ,
1681 3904 1747 3954 ne
1785 3899 1906 3969 quis
1936 3911 2095 3980 agere

475 3975 676 4064 _simile
725 3999 1075 4060 prtesumeret
1143 3993 1285 4064 quod
1355 4005 1575 4052 sanctus
1625 3991 1716 4066 Dei
1765 3975 2096 4045 Theodulfus

479 4073 789 4162 imperavit
813 4101 880 4164 ne
905 4083 1076 4140 ﬁeret.
1109 4083 1245 4138 Nam
1279 4085 1404 4138 dum
1453 4067 1735 4156 generatio
1765 4085 1931 4156 ipsius
1956 4081 2098 4153 agri-

477 4177 634 4256 ,colte
680 4175 912 4241 mansit,
967 4175 1181 4248 signum
1236 4177 1379 4247 quod
1433 4191 1462 4230 a
1520 4185 1713 4232 sancto
1771 4175 1888 4230 viro
1944 4181 2099 4252 pater

480 4259 754 4338 accepit,
785 4277 839 4322 et
879 4259 992 4340 ipsa
1022 4267 1184 4322 simili
1214 4261 1371 4322 motio
1399 4267 1642 4336 pertulit.
1847 4259 1852 4262 ’

477 4421 486 4427 _
581 4359 674 4415 Vir
715 4359 944 4430 denique
988 4357 1206 4429 quidam
1257 4357 1404 4412 venit
1451 4357 1516 4411 ad
1555 4357 1726 4410 virum
1758 4355 1850 4411 Dei
1884 4355 2098 4414 oculum

506 4449 713 4510 habens
765 4449 994 4520 virgulto
1037 4464 1350 4518 percussum
1376 4488 1390 4512 ,
1446 4455 1500 4502 et
1547 4445 1748 4501 lumine
1791 4445 2059 4518 privatum
2085 4486 2100 4508 ,

508 4543 592 4598 cui
640 4542 782 4596 nulla
817 4541 1046 4596 dabatur
1075 4539 1289 4610 requies
1332 4539 1398 4593 de
1441 4536 1775 4592 cruci-aliene
1799 4577 1813 4602 ,
1857 4552 1954 4590 nec
1983 4551 2106 4606 spes

510 4643 628 4688 erat
659 4635 730 4688 .de
769 4632 916 4688 visus
944 4632 1374 4702 recuperatione.
1407 4627 1576 4696 Quem
1615 4627 1807 4682 beatus
1836 4627 2107 4682 Theodulp

489 4725 597 4780 ‘fus
625 4726 689 4780 ad
713 4735 1056 4782 sacrosancta
1089 4725 1291 4779 ducens
1322 4723 1544 4788 altaria,
1573 4721 1757 4777 docuit
1784 4721 2100 4777 osculanda.

511 4817 603 4874 Ille
631 4833 785 4876 sacra
819 4819 1080 4878 velamina
1109 4833 1205 4874 ore
1255 4817 1508 4889 tangebat
1538 4857 1553 4882 ,
1585 4825 1641 4870 et
1688 4831 1878 4872 servus
1905 4813 2104 4869 Christi

495 4897 767 4979 precibus
819 4907 1128 4964 incubabat.
1181 4908 1368 4979 Surgit
1417 4917 1637 4974 sanctus
1680 4923 1709 4961 a
1761 4905 2107 4982 pavimento.

515 5007 566 5054 cl
593 4999 734 5054 nulla
757 4999 958 5056 doloris
979 4999 1202 5072 vestigia
1228 5006 1606 5056 remanserunt
1627 4998 1676 5052 itt
1699 4995 1912 5063 juvenis
1933 4987 2108 5049 oculi).

515 5090 655 5160 Qui,
713 5100 770 5146 ut
815 5100 934 5148 erat
982 5093 1242 5164 dignum,
1290 5093 1405 5148 viro
1469 5089 1558 5147 Dei
1616 5089 1819 5161 gratias
1872 5083 2115 5142 referens

517 5199 617 5258 pro
645 5183 848 5241 medela
877 5227 891 5254 ,
923 5185 1164 5258 gaudens
1203 5185 1466 5240 remeavit
1511 5181 1576 5238 ad
1626 5179 1844 5254 propria
1870 5219 1884 5246 ,
1917 5177 2110 5232 collata

517 5279 620 5336 sibi
651 5297 810 5352 quam
843 5285 1130 5354 quaesierat
1162 5281 1448 5339 medicina.

593 5371 729 5392 Λοι

1897 5365 2114 5392 -A.n:un

2183 3152 2302 3222 quit
2349 3158 2572 3205 sanctus
2603 3148 2735 3212 Dei,
2781 3149 2880 3202 hoc
2930 3149 3096 3212 meis,
3146 3163 3262 3202 cum
3311 3149 3409 3201 sim
3462 3148 3616 3201 homo
3672 3165 3789 3217 pec.

2185 3251 2370 3305 calor,
2403 3238 2636 3294 aret-ibas
2681 3238 2878 3292 meritis
2905 3277 2920 3303 ,
2969 3238 3059 3292 sed
3101 3237 3208 3292 Deo
3257 3239 3456 3308 gratias
3499 3253 3594 3307 age
3620 3277 3635 3302 ,
3666 3253 3790 3296 san-

2187 3339 2490 3400 ctorumque
2513 3331 2696 3384 merita
2723 3345 2826 3383 non
2853 3345 3015 3384 cesses
3039 3331 3272 3384 uenerari
3294 3369 3306 3390 ,
3331 3329 3424 3399 qui
3447 3328 3540 3381 tibi
3568 3337 3791 3398 possunt

2187 3423 2242 3476 in
2285 3423 2527 3476 omnibus
2567 3421 2835 3474 auxilium
2884 3420 3090 3490 largiri.
3131 3420 3350 3476 Talibus
3395 3421 3578 3489 itaque
3606 3421 3789 3475 virntn

2191 3514 2466 3569 instruens
2479 3512 2706 3567 monitis
2729 3551 2744 3576 ,
2775 3512 2898 3566 data
2929 3512 3304 3567 benedictione
3333 3511 3577 3580 permisit
3608 3513 3784 3566 abire.

2195 3605 2348 3662 Unde
2413 3604 2616 3673 liquido
2661 3611 2810 3674 patet
2873 3613 2996 3658 eum
3039 3619 3164 3658 cum
3209 3603 3410 3656 virtute
3457 3601 3792 3656 mirabiliunt

2191 3697 2386 3768 spiritu
2429 3709 2648 3765 quoque
2701 3695 2936 3764 viguisse
2986 3694 3280 3765 prophetiae
3318 3733 3333 3758 ,
3391 3693 3483 3762 qui
3545 3691 3792 3758 animal,

2169 3789 2338 3860 {quod
2385 3793 2656 3844 mortuum
2693 3786 3016 3853 dimiserat,
3063 3800 3184 3842 esse
3233 3785 3416 3840 vivum
3463 3787 3798 3854 prtenuntia-

2195 3881 2309 3937 bat.
2351 3889 2356 3892 ·
2695 3885 2698 3888 η
2771 3883 2778 3888 ν
3328 3917 3330 3920 ,
3737 3885 3742 3892 -

2201 3987 2204 3990 '
2269 3969 2378 4027 Nec
2427 3970 2694 4025 ullatenus
2737 3970 2917 4025 omnia
2951 3969 3211 4026 virtutum
3261 3967 3432 4038 ipsius
3470 3981 3798 4022 enumerare

2199 4064 2492 4120 sufﬁcimus
2541 4064 2794 4135 insignia.
2829 4064 2970 4130 Quot
2997 4061 3144 4117 enim
3185 4061 3414 4116 diversis
3449 4061 3650 4116 detenti
3679 4060 3799 4114 lau-

2199 4161 2457 4233 gnoribus
2504 4175 2604 4231 per
2626 4157 2740 4228 ejus
2783 4158 3227 4214 intercessionem
3251 4197 3265 4221 ,
3299 4157 3674 4227 plenissimam
3707 4169 3795 4210 re-

2201 4259 2462 4322 ceperunt
2489 4251 2809 4314 sanitatem,
2843 4249 2990 4305 solus
3027 4249 3140 4318 ipse
3171 4247 3358 4314 novit,
3400 4249 3492 4317 qui
3538 4247 3656 4300 haec
3683 4245 3800 4300 ﬁeri

2203 4344 2477 4414 prtcstitit.
2535 4343 2682 4398 inter
2725 4351 2922 4398 caetera
2951 4355 3166 4413 quoque
3213 4343 3352 4396 bona
3401 4355 3521 4409 qua:
3551 4339 3804 4392 Christus

2209 4438 2334 4492 huic
2355 4449 2516 4492 servo
2542 4449 2638 4489 suo
2665 4435 2957 4500 concessit,
2991 4433 3120 4488 illud
3151 4431 3500 4487 memorabile
3529 4429 3800 4500 spectabi-

2207 4529 2365 4600 lequc
2413 4529 2770 4600 praedicatur,
2821 4528 2964 4595 quod
3015 4541 3136 4580 cum
3177 4525 3244 4580 ad
3279 4539 3455 4593 usque
3508 4522 3802 4592 nonaginta

2209 4623 2404 4676 vixerit
2455 4636 2663 4686 annos,
2714 4620 2912 4675 canitie
2956 4617 3285 4688 przeclarus,
3343 4624 3561 4686 aspectu
3609 4612 3808 4680 jucun‘

2209 4717 2309 4771 dus
2335 4756 2349 4781 ,
2381 4715 2619 4769 moribus
2647 4720 2993 4780 temperatus,
3026 4709 3292 4764 cbaritatc
3329 4709 3538 4778 plenus,
3570 4704 3806 4760 electuo-

2209 4809 2358 4879 syuis
2409 4808 2630 4876 largus,
2683 4813 3025 4874 contemptor
3076 4803 3260 4857 saeculi
3297 4801 3603 4872 gloriosus,
3659 4795 3806 4852 nullo

2214 4899 2444 4952 febrium
2495 4897 2714 4961 dolore,
2767 4894 2910 4948 nulla
2962 4894 3207 4962 corporis
3251 4891 3604 4952 lassitudine,
3663 4889 3808 4944 nullo

2217 5010 2397 5050 rerum
2427 4994 2696 5048 variarum
2743 5009 2870 5048 casu
2923 4989 3242 5057 confectus,
3281 4989 3423 5044 nulla
3473 4987 3674 5042 mentis
3705 5003 3809 5040 mo-

2217 5087 2370 5141 iestia
2413 5095 2587 5140 motus
2613 5127 2626 5152 ,
2663 5087 2730 5141 ab
2783 5085 3033 5139 oratione
3059 5123 3072 5148 ,
3127 5081 3211 5137 vel
3259 5097 3484 5151 operum
3531 5079 3626 5133 Dei
3659 5085 3812 5132 exer-

2216 5177 2346 5232 citio
2377 5179 2607 5232 cess:tvit
2635 5218 2650 5242 ,
2701 5189 2982 5247 quousque
3029 5175 3186 5228 beata
3235 5171 3351 5241 ejus
3397 5171 3578 5224 anima
3615 5182 3810 5235 corpus

2222 5269 2510 5338 vegetavit.
2558 5267 2695 5323 Cum
2739 5283 2870 5324 vero
2921 5266 3104 5322 divina
3152 5261 3440 5317 clementia
3495 5257 3708 5314 fidelem
3741 5255 3813 5310 fa-

2489 5361 2611 5392 ,πιίη
2639 5361 2912 5392 ιιηιιιηιιηη
3001 5371 3101 5392 nrn
3137 5353 3412 5392 lslmrihnc
3435 5351 3546 5392 cui:
3618 5347 3814 5392 ηιιίιτιῖα

2226 5361 2427 5392 ΙὶὶΙΙ.ΙΙΙ“
2461 5377 2482 5392 θ
