3974 5392
182 380 253 434 95
764 369 1114 427 HlSTORle
1155 368 1514 426 ECCLESIE
1552 364 1896 424 REMENSIS
1930 361 2112 419 LIBRI
2147 359 2503 430 QUATUOR.
2539 390 2606 400 -—
2646 358 2773 413 LIB.
2809 357 2872 414 ll.
3398 351 3467 408 95

169 501 295 540 ram
351 481 613 540 solemnia
665 481 1110 548 celebrarentur,
1159 480 1499 536 orationibus
1553 474 2160 548 profuseAdevastat:
2207 471 2490 541 ipsutnqne
2541 469 2928 525 monasterium
2976 467 3212 523 flammis
3260 467 3466 533 exurit,

175 577 546 640 incumbens,
609 573 721 629 Deo
773 562 1158 630 commendare
1203 573 1454 628 studebat
1500 571 1779 634 animam,

162 675 341 737 "quam
402 655 669 733 corporeo
728 663 1002 735 ergastulo
1060 665 1168 718 cito
1223 669 1562 734 przenoverat
1610 657 1786 713 absol-

173 754 433 810 vendam.
491 753 739 824 Depulsis
793 754 976 823 itaque
1027 755 1204 809 noctis
1251 751 1534 816 tenebris,
1586 764 1784 805 aurora

171 846 440 901 rutilante
471 886 487 911 ,
545 845 936 900 comitantibus
985 860 1167 901 secum
1227 844 1551 914 quibusdam
1607 857 1788 898 mona-

170 937 326 999 cbis,
372 935 632 991 cellulam
683 937 936 1006 repetiit,
994 935 1179 990 hilaris
1226 936 1294 989 de
1343 933 1653 989 visitatione
1683 929 1785 987 sibi

165 1026 318 1081 facta
361 1035 702 1092 sanctorum,
746 1042 811 1080 ac
839 1028 904 1082 de
947 1027 1278 1083 revelatione
1303 1068 1317 1092 ,
1358 1043 1464 1097 qua
1495 1025 1576 1080 sui
1609 1034 1788 1080 traus~

169 1116 280 1171 itus
309 1117 510 1170 horam
553 1117 656 1171 sibi
698 1119 967 1186 gaudebat
995 1119 1323 1172 intimatam.
1355 1118 1436 1172 Ad
1465 1134 1626 1188 quam
1657 1120 1788 1174 dum

169 1221 230 1261 ne
274 1207 601 1274 pervenisse
650 1207 940 1279 cognovit,
986 1223 1112 1264 cum
1160 1209 1421 1264 fratribus
1468 1225 1656 1279 pacem
1707 1210 1790 1264 fa-

169 1296 368 1361 ciens,
418 1298 614 1352 oculos
661 1298 728 1351 ad
777 1296 972 1354 ccelum
1035 1315 1158 1353 cum
1219 1301 1469 1354 manibus
1520 1301 1788 1368 elevavit,

172 1396 226 1440 et
257 1386 506 1440 animam
537 1397 783 1442 sanctam
830 1388 1016 1442 mundi
1052 1388 1352 1459 naufragiis
1379 1398 1624 1460 ereptam
1655 1389 1792 1446 Con.

170 1474 340 1530 ditori
391 1476 550 1531 laetus
583 1476 842 1544 reddidit,
871 1493 1031 1547 quam
1060 1477 1307 1535 Christus
1334 1495 1456 1535 cum
1487 1479 1653 1536 curia:
1681 1495 1791 1536 ca:-

163 1563 332 1623 lestis
361 1568 732 1625 exsultatione
757 1571 1016 1640 suscepit.
1550 1565 1551 1568 “

247 1660 457 1714 Horum
501 1661 736 1732 denique
780 1662 1062 1718 beatorum
1127 1665 1513 1722 monasterium
1578 1674 1791 1737 patrum

183 1766 288 1821 pro
320 1751 610 1807 monachis
633 1752 796 1807 modo
823 1752 1053 1810 clericos
1097 1754 1278 1810 habet.
1310 1752 1549 1822 Quorum
1573 1756 1794 1826 quidam

1886 575 1942 622 et
1993 566 2237 635 proxima
2287 580 2515 634 qumque
2569 562 3076 633 circumpositarum
3135 559 3308 614 ruinis
3359 557 3471 613 fere

1884 657 2131 713 villarum
2176 657 2423 726 proterit.
2483 654 2868 724 lntuemurque
2912 652 3070 708 modo
3096 650 3210 721 jam
3247 649 3476 706 manife-

1886 759 1968 805 ste
2014 764 2178 820 quam
2202 763 2327 804 vera
2359 746 2564 804 fuerint
2591 761 2710 816 qua:
2757 744 2846 800 ille
2877 745 3122 802 audierat
3157 759 3222 799 ex
3265 737 3471 796 revela-

1888 843 2057 898 tione.

2447 951 2675 1012 CAPUT
2725 950 2914 1007 XXVI.

1961 1047 2038 1103 De
2065 1047 2208 1117 [ante
2245 1046 2298 1100 in
2329 1045 2517 1099 horum
2553 1055 2857 1099 sanctorum
2897 1039 3212 1096 monasterio
3243 1054 3408 1108 nuper

2581 1125 2784 1170 exorto.

1960 1209 2016 1266 lu
2046 1208 2234 1264 silvula
2264 1207 2388 1266 huic
2417 1207 2668 1275 contigua
2718 1204 3070 1267 monasterio,
3100 1200 3220 1256 fons
3275 1199 3475 1254 dudum

1892 1304 2105 1358 naviter
2152 1309 2375 1357 exortus
2417 1308 2520 1354 est.
2566 1298 2648 1353 Ad
2691 1313 2850 1367 quem
2901 1295 3216 1350 febricitans
3257 1283 3477 1362 quidam

1892 1410 2021 1448 casu
2051 1392 2364 1454 devenicns,
2387 1391 2520 1444 vidit
2545 1405 2705 1459 supra
2736 1389 2908 1459 ipsum
2936 1385 3135 1444 fontem
3163 1382 3478 1439 inclinatum

1893 1481 2180 1554 quemdam
2208 1496 2392 1536 senem
2418 1481 2470 1534 in
2496 1479 2731 1534 clericali
2761 1477 2947 1532 habitu
2974 1485 3227 1539 stantem,
3254 1487 3477 1527 aureum

1894 1573 2144 1630 baculqu
2169 1588 2331 1627 manu
2357 1580 2648 1626 tenentem.
2667 1570 2767 1636 Qui
2790 1586 2910 1624 cum
2939 1569 3116 1623 sonitu
3142 1563 3482 1624 advenientis

1895 1673 2072 1721 motus
2094 1679 2153 1719 se
2171 1664 2449 1722 videretur
2463 1661 2705 1717 erexisse
2730 1679 2759 1716 a
2780 1661 2945 1726 fonte,
2981 1670 3131 1714 tanto
3151 1660 3252 1714 iste
3284 1671 3482 1727 pavore

1899 1772 2193 1812 concussus
2233 1764 2336 1824 est,
2377 1765 2435 1812 ut
2481 1755 2741 1810 attonitus
2786 1754 2840 1808 in
2890 1763 3095 1812 terram
3145 1751 3387 1815 caderet,
3429 1758 3485 1804 et

181 1857 364 1910 nuper
387 1883 403 1906 ,
450 1840 710 1898 ')tbertus
745 1842 967 1898 nomine
997 1884 1012 1909 ,
1057 1845 1374 1916 priusquam
1401 1845 1572 1902 Gallia
1602 1846 1794 1917 gladiis
1825 1843 1867 1902 Β
1897 1848 2031 1903 nihil
2077 1849 2298 1904 omnino
2329 1847 2514 1905 videre
2555 1845 2776 1904 valeret.
2821 1845 2889 1900 At
2930 1853 3052 1920 post
3093 1843 3360 1900 modicum
3393 1857 3482 1896 re-

177 1931 573 2004 ﬂungarorum
614 1933 898 1990 laceranda
932 1937 1276 2002 traderetur,
1327 1937 1395 1992 ad
1423 1946 1665 1994 extrema
1699 1938 1792 1994 de-

177 2025 418 2090 ductus,
467 2024 597 2079 dum
647 2028 948 2082 certamina
993 2028 1296 2083 daemonum
1328 2045 1425 2100 pro
1473 2045 1532 2084 se
1578 2029 1794 2102 litigan-

178 2121 353 2188 tium,
402 2132 458 2178 et
517 2138 642 2177 eum
682 2122 749 2177 ad
774 2139 776 2142 '
803 2124 1080 2178 interitum
1133 2141 1323 2195 rapere
1351 2126 1662 2180 conantium
1700 2141 1794 2196 pa—

178 2226 422 2282 teretur,
482 2217 611 2270 almi
663 2220 879 2288 patroni
927 2218 1008 2272 sui
1059 2219 1242 2273 domui
1301 2217 1622 2274 Theoderici
1673 2228 1793 2274 tau-

181 2307 307 2360 deut
364 2319 424 2361 se
472 2308 619 2362 videt
674 2307 808 2378 eripi
868 2309 1124 2375 meritis;
1186 2311 1457 2364 daemones
1511 2325 1639 2364 vero
1696 2327 1793 2380 per

182 2397 588 2454 invocationem
633 2398 838 2454 Christi
887 2401 1120 2456 nominis
1179 2410 1233 2456 et
1280 2412 1592 2457 sanctorum
1644 2402 1792 2471 ejus,

185 2505 214 2541 a
257 2504 318 2541 se
352 2505 476 2544 cum
515 2505 712 2561 magno
768 2492 994 2562 strepitu
1027 2501 1082 2547 et
1111 2492 1480 2563 indignatione
1515 2493 1792 2565 recedere.

189 2575 335 2633 Vidit
378 2581 546 2634 etiam
604 2590 659 2635 et
703 2581 991 2652 quemdam
1037 2581 1258 2637 fratrem
1285 2623 1300 2649 ,
1347 2583 1548 2638 dictant
1595 2582 1798 2639 Bertri-

185 2683 350 2735 cum,
401 2671 493 2741 qui
549 2687 660 2726 non
718 2671 877 2744 longe
923 2683 1048 2727 ante
1101 2673 1442 2740 decesserat,
1496 2689 1553 2729 se
1606 2675 1798 2729 crebro

179 2761 541 2826 visitantem,
588 2763 919 2818 consolando
971 2779 1186 2834 quoque
1227 2776 1535 2820 monentem
1561 2806 1576 2831 ,
1608 2779 1676 2820 ne
1708 2765 1798 2820 hic

185 2852 650 2921 apudi'steculmn
689 2849 827 2908 ultra
876 2869 1098 2914 manere
1151 2859 1371 2926 cupiat,
1415 2855 1524 2911 imo
1571 2855 1638 2910 ad
1674 2870 1797 2910 eum

187 2945 513 3012 quantocius
569 2945 649 3000 ire
697 2944 966 3016 gaudeat,
1015 2956 1072 3000 ut
1113 2961 1174 3002 ea
1231 2961 1352 3018 quae
1398 2963 1672 3018 ntuiquam
1706 2962 1800 3016 po-

188 3027 290 3088 tuit
331 3036 614 3106 cogitare,
651 3038 842 3093 "valeat
893 3039 1091 3094 videre.
1144 3040 1406 3107 Quoniam
1450 3041 1494 3095 si
1546 3041 1798 3096 demora-

189 3134 335 3178 retur
378 3126 432 3179 iu
463 3127 667 3181 saeculo
709 3129 911 3191 diutius
938 3170 952 3195 ,
989 3145 1329 3201 nequaquam
1356 3140 1563 3186 tantum
1597 3131 1796 3186 malutn

1893 1939 2048 1994 diens
2099 1939 2165 1992 ad
2216 1953 2296 2004 se,
2342 1937 2600 2001 surrexit,
2651 1944 2708 1991 et
2759 1935 3102 2007 splendorem
3151 1949 3253 2003 qua
3304 1931 3486 1986 senior

1893 2031 2102 2086 abierat
2148 2030 2536 2090 monasterium
2578 2044 2787 2094 versus,
2820 2044 3073 2099 magnum
3114 2025 3266 2087 vidit,
3299 2023 3486 2090 sicque

1894 2127 2132 2182 salvatus
2175 2127 2242 2182 ab
2294 2124 2611 2180 infirmitate
2656 2139 2786 2189 sua,
2823 2121 2978 2176 laetus
3019 2119 3302 2175 abscessit.
3345 2117 3486 2172 Cmci

1897 2229 2025 2275 tunc
2061 2217 2319 2289 temporis
2345 2219 2447 2272 hoc
2477 2219 2528 2272 in
2558 2217 2675 2272 loco
2705 2215 2988 2272 illuminati
3017 2212 3280 2275 nonnulli,
3311 2209 3487 2266 claudi

1895 2309 2086 2374 erecti,
2134 2308 2270 2364 muti
2311 2307 2480 2363 locuti
2525 2314 2684 2373 sunt,
2731 2315 2786 2363 et
2828 2305 2977 2366 surdi
3028 2311 3348 2378 receperunt
3392 2316 3492 2358 auo

1898 2399 2094 2454 ditum.
2621 2381 2630 2390 ’
3216 2404 3226 2415 ·

1969 2487 2152 2559 Nuper
2191 2504 2406 2559 quoque
2445 2487 2696 2544 ordinato
2723 2486 2951 2555 llugone
2977 2484 3166 2538 Remis
3211 2481 3486 2553 episcopo,

1897 2581 2142 2650 qmedam
2170 2579 2472 2649 paralitica,
2493 2577 2846 2648 qmejacebat
2877 2577 2930 2631 in
2961 2575 3180 2631 civitate
3205 2573 3270 2628 ad
3290 2572 3490 2646 januas

1899 2671 2141 2728 ecclesize
2180 2680 2381 2726 sanctae
2421 2669 2623 2736 Mariae,
2665 2669 2980 2741 Magenildis
3019 2668 3258 2730 nomine,
3304 2666 3492 2724 admo-

1902 2766 2014 2820 nita
2045 2781 2142 2836 per
2180 2767 2376 2827 visum,
2418 2763 2509 2818 illo
2545 2779 2605 2818 se
2634 2761 2837 2817 deferri
2860 2761 3031 2832 petiit,
3068 2767 3227 2832 atque
3256 2766 3314 2813 ut
3349 2772 3491 2827 aqua

1901 2857 2072 2926 ipsius
2115 2854 2280 2910 fontis
2330 2852 2546 2925 perfusa
2585 2862 2710 2916 est,
2759 2851 3186 2906 incolumitatem
3261 2848 3484 2918 recepit.

1903 2950 2156 3016 Quaedam
2196 2947 2547 3002 nihilominus
2578 2945 2874 3001 Adelwidis
2918 2944 3153 3005 nomine,
3193 2941 3339 2996 arida
3367 2940 3492 2996 bra-

1900 3044 2132 3108 chiis,ut
2149 3039 2456 3094 cademlota
2478 3048 2562 3094 est
2581 3055 2740 3107 aqua,
2757 3035 3014 3104 sospitate
3045 3021 3212 3103 potita
3244 3031 3489 3088 recessit.

1903 3133 2088 3189 Caecus
2110 3132 2327 3204 quidam
2350 3131 2415 3184 de
2439 3139 2618 3185 castro
2641 3128 2879 3182 Mosomo
2909 3125 3195 3194 (Mauram)
3232 3133 3359 3177 tunc
3391 3122 3492 3178 ad—

185 3215 412 3272 vidisset
450 3218 778 3289 aliquando,
812 3230 1071 3290 quantum
1103 3223 1319 3276 visurus
1353 3231 1498 3277 esset
1529 3223 1580 3277 in
1611 3223 1796 3292 proxi-
1826 3207 1872 3272 C
1903 3226 2149 3288 veniens,
2182 3239 2306 3277 mox
2349 3231 2408 3278 ut
2446 3219 2733 3276 ecclesiam
2777 3219 2950 3274 sancti
2988 3217 3307 3274 Theoderici
3345 3216 3494 3271 visus

191 3321 296 3360 mo.
329 3307 502 3378 Cujus
553 3309 696 3364 dicta
738 3311 984 3380 probatio
1013 3321 1222 3368 constat
1254 3314 1499 3368 veritatis
1528 3314 1794 3370 insecuta.

193 3397 295 3453 Iste
325 3400 603 3470 siquidem
639 3401 742 3456 levi
773 3402 958 3462 dolore
1003 3407 1246 3474 corporis
1286 3415 1491 3473 tactus,
1525 3408 1590 3462 ad
1622 3407 1795 3462 eccle-

195 3492 321 3547 siam
353 3509 685 3564 properans,
709 3497 914 3551 exitum
945 3513 1102 3554 suum
1131 3500 1385 3570 precibus
1408 3501 1634 3556 Domino
1657 3518 1800 3557 rom-

197 3587 428 3651 mezidat,
451 3587 657 3642 fratres
674 3589 920 3655 advocat,
941 3591 1158 3646 missam
1177 3608 1408 3663 quoque,
1434 3609 1594 3663 quam
1620 3595 1800 3650 debito

198 3679 577 3746 properantius
611 3680 977 3748 celebrarant,
1020 3682 1140 3738 illos
1171 3667 1419 3751 repetere
1451 3685 1614 3750 facit;
1669 3701 1791 3756 quae

197 3767 402 3824 viderat
453 3780 685 3838 narrat,
740 3781 793 3826 et
835 3787 929 3828 eos
969 3789 1150 3828 coram
1193 3791 1252 3830 se
1293 3777 1578 3831 cltaritatis
1616 3778 1788 3847 gratia

200 3872 371 3930 potum
438 3877 664 3918 sumere
726 3875 900 3936 rogat.
960 3863 1036 3920 De
1084 3867 1308 3922 servitio
1355 3867 1448 3923 Dei
1499 3868 1794 3924 studiosius

207 3956 394 4020 agendo
423 3998 440 4021 ,
494 3965 553 4010 et
592 3955 954 4026 psalmodiam
1002 3974 1122 4014 cum
1170 3959 1451 4013 devotione
1494 3960 1791 4014 canendam

203 4055 389 4112 monet,
441 4057 614 4116 atque
651 4048 766 4116 jam
808 4048 962 4116 quasi
1003 4063 1228 4102 securus
1260 4055 1312 4102 et
1345 4048 1532 4102 hilaris
1575 4049 1791 4118 migrat.

199 4135 314 4192 Post
356 4136 527 4205 cujus
578 4137 788 4192 obitum
837 4153 968 4209 gens
1010 4139 1391 4210 llungarorum
1434 4138 1662 4194 Galliam
1714 4138 1795 4192 in-

201 4243 390 4300 greSsa,
425 4229 698 4296 caedibus,
753 4229 1052 4297 incendiis,
1091 4246 1155 4284 ac
1188 4231 1390 4300 rapinis
1424 4245 1562 4300 pene
1599 4239 1792 4285 cuncta

1904 3326 1987 3372 est
2019 3316 2293 3379 introisse,
2324 3314 2507 3368 lumen
2541 3312 2783 3382 recipere
2813 3311 3027 3364 meruit.
3061 3310 3317 3388 Quaalam
3364 3323 3497 3379 pau-

1903 3412 2125 3484 percula
2150 3411 2216 3465 de
2268 3410 2386 3479 ipso
2417 3407 2559 3474 loco,
2587 3417 2646 3463 ut
2672 3406 2860 3463 oculos
2883 3405 2984 3460 sibi
3013 3405 3116 3460 hoc
3143 3400 3292 3457 fonte
3317 3397 3494 3466 diluit,

1906 3506 2108 3566 lumen,
2162 3501 2303 3571 quod
2343 3500 2456 3571 jam
2500 3500 2567 3554 ab
2617 3499 2776 3553 annis
2821 3496 2963 3551 ultra
3003 3509 3164 3564 quam
3220 3488 3494 3547 sexdecim

1905 3593 2254 3664 perdiderat,
2301 3588 2526 3659 recepit.
2595 3586 2884 3642 Fulbertus
2926 3583 3150 3654 quidam
3208 3576 3494 3634 brachium

1897 3699 2091 3756 gerens
2129 3682 2364 3747 aridum,
2396 3688 2450 3734 et
2481 3677 2671 3732 inutile
2707 3677 2807 3730 sibi
2851 3672 3178 3734 membrum,
3214 3679 3272 3722 ut
3304 3683 3363 3722 se
3391 3667 3495 3720 hac

1897 3791 2034 3844 aqua
2066 3771 2324 3842 perfudit,
2355 3769 2677 3832 sanitatem,
2711 3763 3032 3832 brachiique
3061 3759 3266 3830 recepit
3293 3756 3496 3818 utilita-

1899 3877 2025 3924 tem.
2058 3866 2209 3920 Tunc
2250 3863 2416 3918 etiam
2439 3859 2659 3928 quidam
2698 3871 2896 3919 caecus,
2927 3853 3143 3908 nomine
3167 3849 3492 3912 Amalricus,

1901 3958 1973 4011 ibi
2007 3957 2181 4008 visum
2220 3951 2442 4020 recepit,
2476 3965 2597 4002 mox
2629 3947 2718 4001 ubi
2753 3961 2813 4000 se
2837 3945 2938 3999 hoc
2975 3941 3123 3998 fonte
3153 3938 3316 4002 lavit;
3362 3936 3495 3990 alia-

1901 4063 2005 4118 que
2044 4044 2197 4115 plura
2245 4057 2390 4096 nunc
2428 4041 2501 4094 ibi
2541 4037 2819 4093 refulsisse
2863 4035 3162 4104 probantur
3208 4025 3494 4118 miracula,

1900 4117 1957 4193 et
2011 4151 2077 4190 ex
2120 4134 2354 4190 diversis
2405 4129 2821 4204 aegritudinibus
2861 4125 3077 4182 diversa
3127 4129 3254 4180 sunt
3297 4117 3498 4190 collata

1905 4227 2165 4284 remedia.

1328 4609 1691 4710 LIBER
1759 4605 2412 4702 SECUNDUS.

1603 4819 2107 4845 ψ-η--ι--ι

713 4968 958 5030 CAPUT
998 4966 1288 5023 PRIMUM.

496 5073 579 5129 De
617 5065 1034 5126 successoribus
1066 5061 1203 5115 beati
1233 5060 1481 5131 Remigii.

271 5165 420 5198 om...
469 5161 747 5198 τιόιηςηςη
816 5151 1151 5198 antecessisse.
1214 5149 1448 5198 traditur
1505 5147 1804 5198 Ennianus-

1830 4969 1882 5027 ι)
1909 4951 2333 5024 υευῐιιιιριίιπίο,
2369 4973 2468 5029 per
2517 4955 2850 5029 precariam,
2892 4951 3044 5008 salvo
3069 4948 3326 5008 Ecclesia:
3357 4946 3503 5018 jure,

1915 5052 2216 5116 concessit;
2266 5051 2340 5106 ita
2385 5051 2676 5122 duntaxat,
2719 5061 2777 5106 ut
2816 5058 2939 5121 post
2975 5048 3095 5118 ejus
3125 5045 3353 5106 obitum,
3385 5043 3513 5096 abs-

1917 5159 2022 5198 one
2054 5142 2162 5196 ullo
2196 5141 2531 5198 praeiudicio.
2579 5151 2723 5198 sient
2762 5143 2830 5198 ab
2869 5142 3248 5197 eameliorata
3297 5132 3509 5194 fuissel.
