3974 5392
513 303 584 366 95
1174 308 1177 313 ’
1566 290 1975 353 κιτιοῡοέιιιιιι
2008 288 2326 350 ΟΑΝΟΝΜΖΙ
2367 286 2710 347 ΒΕΜΕΧΞΙΒ
3707 269 3780 329 96

517 428 604 475 tur
630 427 873 484 secutus,
901 414 1343 488 cpiscopiumque
1385 408 1660 467 invenitur
1687 406 1925 471 auxisse,
1969 418 2097 459 arva
2129 406 2176 465 Α
2202 401 2323 458 aliis
2361 400 2555 470 legatis
2599 399 2796 453 missus
2829 396 3011 452 fuerit.
3052 396 3108 451 In
3138 411 3243 465 qua
3273 392 3538 463 legatione
3567 386 3778 448 emisti-

513 507 721 567 scilicet
738 518 793 564 et
843 508 1110 578 mancipia
1154 503 1407 561 nonnulla
1450 502 1666 566 emisse.
1707 513 1935 570 quarum
1980 495 2105 564 ejnS‘

513 599 843 673 emptionum
877 590 1053 655 adhuc
1092 596 1336 669 quaedam
1380 607 1593 665 quoque
1640 589 1985 661 reperiuntur
2014 588 2096 643 iu-

513 694 836 758 strumenta’,
881 701 940 747 ut
986 691 1116 746 illud
1154 704 1260 760 quo
1297 702 1519 758 campos
1558 687 1693 743 duos
1741 683 1810 740 ab
1855 681 2095 739 Oboleno

513 797 675 853 super
695 780 910 837 lluvium
936 783 1256 837 Rotumnam
1288 778 1355 852 [j.
1381 796 1408 833 ε
1437 818 1452 844 .
1474 777 1765 843 Rotonam,
1789 773 2091 846 Rclourne.]

512 871 711 942 legitur
731 872 858 927 dato
889 873 1061 943 pretio
1086 885 1448 941 comparasse,
1472 884 1702 940 quorum
1727 883 1866 922 unus
1887 868 2095 923 modios

514 961 659 1017 mille
703 971 886 1017 tenere
914 961 1193 1026 sementis,
1223 962 1363 1016 alter
1392 959 1704 1015 inscribitur
1735 956 2096 1028 quadringen-

514 1060 618 1106 tos.
667 1051 919 1106 Villarem
967 1052 1131 1107 etiam
1178 1051 1466 1123 quemdam
1506 1066 1534 1104 a
1565 1048 1805 1104 Bertulfo
1839 1049 2091 1119 quodam,

512 1160 634 1199 cum
665 1143 928 1213 adjacenti
955 1159 1145 1219 campo
1188 1146 1395 1201 modios
1434 1153 1648 1200 centum
1682 1126 1917 1198 tenente.
1959 1141 2093 1196 Par-

514 1245 621 1291 tem
660 1253 872 1308 quoque
910 1239 1205 1309 cujusdam
1246 1236 1394 1294 silvae
1444 1253 1473 1291 a
1522 1232 1826 1293 Charibodo
1861 1234 2094 1305 qundam

512 1328 779 1397 reperitur
820 1329 1036 1383 emisse.
1086 1326 1302 1385 Necnon
1341 1326 1480 1398 apud
1512 1326 1716 1397 regiam
1758 1323 2092 1393 majestatem

513 1416 867 1475 immunitatis
892 1424 1218 1502 praeceptum
1260 1420 1504 1476 ecclesize
1529 1435 1640 1474 sua:
1666 1417 1916 1480 obtinuit,
1947 1426 2003 1472 ιιι
2028 1419 2095 1474 ab

427 1537 439 1559 -
510 1511 656 1566 onmi
697 1510 865 1567 flseali
896 1510 1169 1568 functione
1198 1512 1279 1566 vel
1308 1510 1645 1566 mutilatione
1672 1523 1892 1579 prorsus
1932 1510 2098 1564 habe-

513 1609 664 1657 retur
691 1614 756 1657 ac
789 1612 1129 1673 permaneret
1174 1602 1448 1666 immunis,
1497 1600 1676 1656 omnia
1726 1615 1941 1672 quoque
1974 1599 2097 1655 data

512 1694 753 1750 ecclesia:
774 1695 1018 1751 stabilem
1037 1696 1345 1752 obtinerent
1368 1694 1699 1750 lirmltatem.
1722 1693 2098 1749 Chihlebertus

2198 501 2371 549 tutum
2408 490 2574 546 fuisse
2605 489 2791 555 refert,
2816 495 2874 542 ut
2897 487 3074 542 ablato
3099 484 3418 541 Guutramni
3456 483 3603 554 regis
3628 481 3777 537 Chilo

2195 582 2364 654 periei
2397 580 2583 636 fratris
2622 595 2808 652 regno,
2847 578 2901 634 in
2933 593 2990 633 se
3023 564 3352 647 conjungere
3381 590 3571 646 pacem
3603 573 3775 631 debe-

2197 682 2337 728 rent.
2368 671 2481 740 Qua
2511 671 2762 741 pactione
2806 668 3043 731 firmata,
3094 666 3253 738 legali
3307 662 3686 735 cumlmaguis
3710 662 3779 717 ad

2194 762 2598 820 Childebertum
2628 768 2754 817 sunt
2777 759 3091 815 muneribus
3118 757 3345 827 regressi
3386 755 3559 826 (ibid.,
3577 770 3631 809 c.
3660 753 3777 823 5i).

2194 853 2326 909 Item
2358 854 2499 923 quod
2541 861 2825 923 postquam
2857 849 3162 918 Chilperico
3195 846 3337 902 filius
3387 854 3548 901 natus
3585 852 3691 907 est,
3726 852 3780 898 et

2195 944 2310 1014 ipse
2348 943 2584 998 Parisios
2634 941 2892 1012 pervasit,
2934 938 3123 1010 legatis
3169 936 3497 993 Childeberti
3542 936 3612 991 ad
3653 949 3780 990 eum

2196 1037 2551 1095 venientibus.
2604 1035 2811 1104 primus
2857 1034 2995 1086 inter
3039 1046 3134 1085 eos
3164 1031 3252 1085 hic
3301 1027 3539 1096 pontifex
3589 1026 3778 1091 fuerit,

2195 1127 2285 1198 qui
2314 1128 2435 1181 data
2464 1125 2827 1195 suggestione,
2858 1137 3069 1191 pacem,
3097 1136 3258 1191 quam
3290 1117 3632 1188 Gltilpericus
3655 1130 3780 1171 cum

2196 1220 2421 1293 prtefato
2451 1219 2796 1274 Chilzieberto
2828 1216 3052 1278 fecerat,
3079 1222 3138 1268 ιιι
3160 1220 3595 1274 conservaretur,
3628 1207 3784 1263 Chil-

2196 1314 2476 1369 debertum
2511 1320 2693 1381 petere
2727 1316 2997 1378 proruunt,
3040 1322 3163 1363 eum
3212 1305 3382 1360 fratre
3433 1318 3563 1359 vero
3608 1301 3781 1371 ipsius

2195 1406 2484 1477 Chilperici
2509 1404 2844 1461 Gontramno
2867 1416 3052 1472 pacem
3081 1400 3282 1454 habere
3315 1414 3420 1452 non
3445 1409 3605 1467 posse
3627 1393 3782 1450 Citii-

2198 1495 2479 1550 dcbertum
2509 1508 2523 1551 :
2554 1494 2676 1565 quia
2708 1502 2913 1563 partem
2938 1490 3186 1545 Massiliae
3226 1496 3348 1560 post
3394 1497 3626 1542 mortem
3655 1486 3785 1541 abs-

2199 1585 2381 1639 tulerit
2430 1585 2632 1654 patris,
2685 1582 3013 1654 fugatosque
3065 1596 3192 1636 suos
3238 1579 3495 1641 retinens,
3547 1576 3686 1631 nolit
3732 1575 3783 1630 ei

2202 1674 2496 1735 remittere.
2527 1671 2737 1741 Adjecit
2766 1671 2928 1725 etiam
2952 1669 3311 1737 Chilpericus,
3339 1667 3393 1721 in
3421 1665 3608 1720 multis
3627 1680 3785 1721 eum-

511 1785 674 1840 etiam
701 1800 794 1842 rex
818 1786 1057 1843 νίιιπεηι
1085 1789 1371 1859 quemdam
1394 1788 1556 1843 suum
1586 1786 1638 1840 ει,
1670 1784 1897 1858 vosago,
1930 1800 2096 1855 prope
2129 1766 2168 1825 il
2198 1767 2318 1820 dem
2352 1768 2573 1820 fratrem
2614 1779 2768 1819 suum
2799 1778 2922 1817 esse
2951 1760 3319 1859 culpabilem,
3348 1758 3502 1828 cujus
3516 1756 3787 1859 fol-ludio

513 1875 730 1935 fluvium
763 1879 1009 1946 Saroam,
1050 1890 1156 1936 tam
1188 1882 1287 1952 ipsi
1319 1896 1480 1951 quam
1508 1878 1753 1936 ecclesia:
1790 1892 1902 1933 sua:
1927 1877 2101 1948 possi-

514 1967 767 2033 dendum,
795 1969 1165 2026 instrumentis
1211 1973 1385 2027 adhuc
1426 1970 1790 2035 manentibus,
1829 1968 2101 2024 invenitur

515 2057 820 2114 tradidisse.
855 2059 1024 2129 Hujus
1076 2062 1317 2132 prmsulis
1354 2072 1461 2117 tam
1502 2062 1671 2116 vitam
1704 2076 1864 2131 quam
1909 2058 2101 2129 praedi-

516 2148 783 2204 cationem
814 2149 1141 2206 Fortunatus
1171 2152 1407 2220 Italicus,
1438 2155 1529 2225 qui
1558 2160 1685 2207 tunc
1725 2150 1863 2221 apud
1898 2148 2100 2206 Gallias

515 2234 569 2289 in
601 2238 823 2324 metrica
854 2240 1078 2312 insignis
1106 2241 1424 2309 habebatur,
1472 2241 1557 2298 his
1585 2240 1791 2297 studuit
1825 2253 2102 2296 commen-

521 2333 655 2390 dare
683 2336 927 2395 versibus
955 2337 1067 2411 (lib.
1098 2354 1181 2407 ιιι,
1205 2339 1441 2395 Cannin.
1474 2340 1559 2412 18)
1585 2355 1600 2394 :

576 2463 778 2541 Actibus
798 2470 1020 2541 egregiis
1036 2471 1337 2541 venerabile
1362 2471 1557 2523 culmen
1582 2470 1743 2541 lfgidi,

591 2553 609 2596 -_
645 2529 710 2596 lix
732 2529 871 2596 cuius
889 2529 1076 2582 meritis
1099 2535 1254 2582 crevit
1277 2536 1460 2584 honore
1486 2529 1683 2596 gradiis,

575 2588 842 2655 suum}:
877 2596 1091 2655 ingenio,
1117 2596 1380 2650 compellor
1403 2588 1568 2644 artiore
1588 2588 1771 2653 parato,

603 2649 884 2727 “Laudibus
905 2654 953 2715 in
979 2649 1167 2727 vestris
1181 2649 1563 2727 proderepaucu
1588 2649 1782 2727 favens.

576 2711 798 2776 Nataque
821 2712 937 2763 reus
963 2717 1131 2765 videor
1156 2711 1302 2766 tantis
1325 2711 1545 2767 existere
1579 2721 1754 2776 causis,

641 2775 696 2840 δί
716 2775 849 2825 svlus
865 2784 1050 2840 taceam
1068 2779 1298 2840 quidquid
1323 2781 1504 2839 ubiter
1527 2786 1683 2840 sonat.

504 2882 507 2885 ,
578 2833 678 2901 Sed
710 2839 930 2898 quamvis
950 2833 1364 2900 nequieain'diguo
1396 2833 1620 2891 sermone
1644 2839 1809 2901 fateri,

643 2894 711 2967 l_).a_
729 2894 1072 2967 :veotanrvot'o
1095 2914 1175 2948 me
1200 2894 1412 2967 vol'uisse
1438 2902 1592 2964 loqui.

577 2953 783 3027 Exlitin
807 2963 984 3027 mundo
1007 2961 1102 3022 [or.
1126 2965 1382 3027 mundum]
1413 2953 1664 3026 gestorum
1711 2962 1835 3012 iama
1879 2970 2093 3022 tuorum,

644 3020 705 3091 ιι
739 3024 945 3091 propriis
967 3020 1157 3074 meritis
1178 3024 1316 3091 sidus
1334 3020 1381 3074 in
1407 3020 1529 3075 orbe
1553 3028 1721 3074 micas.

518 3108 519 3111 η
580 3078 764 3147 Clarior
783 3078 995 3147 etiulgea
1016 3099 1157 3147 quam
1192 3084 1369 3134 lucifer
1386 3100 1473 3137 ore
1497 3100 1696 3137 sereno.

604 3141 733 3211 “ille
756 3146 860 3211 suis
882 3141 1048 3211 radiis,
1078 3153 1128 3196 tu
1154 3150 1342 3207 pietate
1365 3152 1511 3200 n‘tes.

578 3201 821 3269 NlLlupus
843 3201 1190 3256 ittsidiis'caut'o
1207 3212 1362 3259 subdo
1396 3213 1431 3259 lt
1447 3209 1584 3267 Ovili,

641 3262 716 3313 'l‘e
735 3262 931 3331 pastore
955 3281 1093 3318 sacro
1113 3271 1434 3331 pet-vigilante
1456 3262 1681 3331 gregem.

584 3323 1517 3402 Fagundoeloquiopetilestiagdogmata
1538 3323 1718 3394 fundis,

643 3382 878 3439 Ecclesia!
902 3382 1057 3441 crevit
1084 3401 1134 3441 te
1153 3382 1392 3442 monitore
1415 3382 1603 3445 domus.

583 3445 828 3517 Pontiﬁcis
843 3452 1002 3517 studio
1024 3457 1261 3504 correctio
1285 3456 1441 3516 plebis
1466 3456 1687 3517 tiaberis,

580 3570 616 3579 in
643 3508 713 3560 Ne
731 3513 952 3563 truebra'
971 3524 1177 3564 noceant
1198 3508 1370 3566 semita
1399 3518 1519 3567 luris
1536 3520 1670 3567 ades.

582 3570 874 3639 Cunctorum
899 3588 1093 3639 recreari
1115 3580 1299 3626 animos
1319 3578 1579 3629 dulcedine
1605 3578 1767 3639 verbi,

646 3635 738 3690 Qui
772 3638 921 3701 satias
953 3638 1132 3701 epulis,
1157 3639 1316 3700 pascis
1332 3649 1384 3688 et
1406 3652 1498 3688 ore
1516 3653 1713 3701 greges.

582 3691 831 3764 Ριξξι-ξυμ
859 3691 1142 3764 implentur;
1159 3691 1260 3748 ἰιοιι
1287 3701 1388 3750 so'o
1413 3691 1793 3764 parte'cibamnr.

611 3814 622 3824 .
648 3756 861 3824 Delicias
884 3756 1262 3822 capimtts,'quas
1286 3768 1363 3810 tua
1386 3756 1532 3811 verba
1557 3765 1738 3813 ferunt.

586 3814 752 3885 Ul_gan
773 3820 852 3885 det
878 3814 1053 3883 corpus
1070 3814 1338 3885 c'ui'lnttior
1362 3836 1470 3873 esea
1507 3835 1718 3885 paratur,

645 3879 725 3927 Sic
745 3882 919 3945 animae
952 3879 1186 3941 gaudent,
1212 3885 1265 3932 εἰ·
1286 3892 1367 3932 tua
1392 3879 1553 3945 lingua
1579 3879 1736 3936 sonet.

583 3938 902 4015 nﬁfﬂibjj'lla
937 3945 1015 4015 (ar
1060 3947 1145 4015 itta
1175 3938 1338 4015 )cadit
1359 3938 1539 4015 fol-tite
1567 3951 1719 3996 milite
1743 3946 1915 4015 Christi
1944 3955 1957 3993 :

648 4002 870 4069 @cquiris
894 4002 1018 4063 real,
1045 4002 1223 4063 qmwr.
1249 4010 1382 4069 quia]
1406 4010 1540 4057 drd.t
1573 4023 1698 4056 arma
1722 4010 1827 4057 tibi.

583 4058 625 4121 ο
645 4058 878 4131 ripnrgas
896 4058 1047 4131 spinis
1064 4058 1168 4125 agr.
1188 4058 1462 4131 ssermfrue
1490 4072 1705 4131 colente,

648 4121 708 4186 Et
730 4121 955 4174 mundata
978 4126 1080 4174 Deo
1101 4121 1260 4181 surgit
1280 4130 1465 4186 ubique
1499 4144 1659 4186 seges.

584 4183 798 4256 Qui-ven
817 4192 914 4256 t_ut
948 4187 1108 4256 exsul,
1134 4183 1585 4256 tristis,_defessus,
1609 4203 1817 4252 egenus,

648 4244 736 4292 llic
761 4247 934 4306 recipit
950 4244 1148 4306 patriam
1172 4255 1223 4296 te
1257 4244 1512 4300 refovente
1545 4244 1698 4301 sumit.

577 4303 877 4378 cogitatu“
899 4303 1045 4369 tollis,
1073 4313 1355 4378 gemitusin
1378 4315 1562 4378 gaudio
1577 4324 1773 4362 vertens
1794 4323 1809 4360 :

648 4367 879 4416 Evsilium
902 4367 1158 4418 removens
1180 4373 1342 4421 reddis
1364 4367 1527 4421 arnore
1554 4376 1697 4423 lares.

586 4425 779 4494 Pauper
804 4430 988 4494 habere
1005 4432 1183 4488 cibum,
1209 4437 1387 4482 meruit
1411 4447 1604 4494 quoque
1646 4434 1804 4483 ntidns
1848 4436 2096 4485 amictum.

646 4488 835 4557 [Invenit
870 4492 1157 4557 hlesiunper
1178 4509 1288 4554 quae
1310 4488 1436 4543 bona
1451 4488 1657 4557 quisque
1679 4500 1826 4556 cupit.

581 4549 860 4623 Cupsultum
885 4555 1058 4623 tribuis
1071 4549 1383 4623 generaliter
1402 4549 1636 4623 οιιῖιιίιιιὶιΔ
1648 4549 1815 4607 unum.

642 4614 734 4674 Qui
759 4615 919 4676 populi
953 4614 1184 4678 pater—es.
1209 4621 1378 4678 tntpia
1404 4619 1497 4667 rite
1532 4619 1681 4675 regis.

567 4673 686 4743 Hec
719 4673 806 4725 tibi
823 4673 929 4743 '_vita
951 4673 1067 4743 diu,
1086 4673 1831 4743 Dominotribuente;supersit,

641 4736 807 4800 Atque
827 4737 982 4788 futura
1007 4736 1155 4791 micet
1187 4737 1417 4791 luoidiore
1440 4742 1542 4791 die.

590 4860 671 4919 Ah
709 4862 812 4919 hoc
844 4864 1073 4934 praesule
1098 4865 1387 4938 Gregorius
1422 4865 1535 4937 (lib.
1569 4883 1606 4924 ιι
1637 4866 1848 4934 Mirm,
1888 4885 1939 4925 c.
1988 4870 2098 4940 l7).

519 4956 682 5010 etiam
727 4955 1059 5013 Turonensis
1080 4958 1305 5030 benigne
1333 4960 1601 5028 quondam
1628 4977 1685 5017 se
1719 4974 1906 5017 narrat
1932 4963 2097 5018 fuisse

519 5055 865 5115 susceptum,
909 5047 1123 5118 quando
1172 5047 1335 5121 Siggo
1382 5050 1601 5119 quidam
1643 5053 1905 5124 Sigeberti
1955 5056 2096 5125 regis

520 5133 955 5204 r.-fcrendarius,
1012 5138 1210 5192 virtute
1264 5140 1402 5195 beati
1461 5140 1673 5197 Martini
1735 5145 1889 5215 cujus
1954 5145 2093 5201 idem

519 5225 813 5298 Gregorius
842 5237 968 5286 tunc
996 5243 1180 5286 secum
1210 5230 1442 5288 habebat
1480 5231 1727 5304 pignora,
1770 5234 1822 5289 in
1856 5236 2096 5291 sacrario

478 5352 483 5361 ι
521 5317 712 5374 domus
767 5320 1011 5378 ecclesia:
1062 5321 1342 5380 Remeusis
1388 5326 1629 5382 auditum
1677 5327 1854 5383 surdae
1895 5328 2100 5392 recepit

2198 1867 2351 1927 pater
2378 1855 2538 1925 hujus
2567 1853 2895 1910 Chilieberti
2946 1851 3110 1908 fuerit
3147 1848 3484 1908 interfectus.
3516 1846 3675 1903 Unde
3703 1846 3785 1902 le-

2198 1949 2305 2021 gati
2335 1963 2549 2019 quoque
2584 1946 2813 2018 permoti
2859 1944 3121 2000 ultionem
3170 1943 3406 1998 debitam
3451 1956 3617 2012 super
3655 1954 3785 1995 eum

2201 2039 2439 2094 velocius
2478 2038 2665 2093 inferri
2695 2044 2912 2107 petunt;
2942 2035 3105 2106 idque
3150 2041 3209 2089 ut
3235 2041 3320 2091 est
3344 2032 3664 2101 iuramento
3695 2030 3787 2088 fir-

2200 2139 2425 2194 matum,
2475 2127 2613 2203 datis
2656 2139 2712 2181 et
2753 2125 2995 2194 acceptis
3038 2124 3334 2201 obsidibus,
3384 2122 3785 2185 discesserunt.

2197 2222 2303 2278 Pro
2349 2220 2544 2292 quibus
2579 2217 2939 2290 legationibus
2986 2231 3082 2273 rex
3126 2214 3499 2270 Goulramnus
3531 2212 3662 2269 huic
3703 2226 3793 2266 ac.

2198 2315 2542 2386 chiepiscopo
2567 2325 2781 2381 semper
2808 2317 2926 2364 erat
2956 2308 3214 2363 infensus.
3245 2306 3398 2363 Unde
3430 2313 3486 2361 et
3530 2320 3656 2361 cum
3690 2318 3791 2375 pa-

2200 2420 2316 2461 cem
2347 2414 2532 2475 postea
2580 2403 2796 2458 fecisset
2825 2415 2951 2456 cum
2997 2398 3361 2463 Childeberto,
3406 2397 3663 2452 hortatus
3704 2402 3793 2450 est

2199 2513 2346 2564 eum,
2395 2506 2453 2552 ut
2507 2496 2653 2551 nullo
2700 2495 2859 2551 modo
2908 2494 3173 2559 crederet,
3224 2500 3318 2547 aut
3364 2492 3595 2546 haberet
3641 2490 3791 2545 hunc

2237 2587 2503 2654 rmsulem,
2541 2585 2857 2642 convicians
2885 2600 3007 2640 eum
3043 2582 3263 2653 perjurii
3304 2581 3554 2636 crimine.
3587 2578 3790 2634 Postea

2164 2740 2173 2745 ,
2201 2678 2431 2748 denique
2457 2677 2584 2731 dum
2611 2677 2830 2747 quidam
2883 2690 3005 2730 reus
3042 2681 3403 2745 torqueretur,
3422 2668 3526 2743 qui
3558 2671 3629 2726 ad
3660 2686 3795 2741 per-

2200 2768 2510 2823 cutiendum
2554 2766 2957 2822 Cbildebertutn
2997 2779 3179 2837 regem
3225 2780 3255 2818 a
3295 2763 3657 2833 Fredegunde
3702 2778 3797 2818 re»

2199 2859 2324 2929 gina
2363 2858 2541 2913 fuerat
2583 2857 2803 2922 missus,
2842 2855 3121 2913 confessus
3163 2865 3249 2911 est
3294 2857 3436 2911 hunc
3470 2855 3793 2926 episcopum

2202 2953 2409 3008 socium
2434 2950 2603 3005 fuisse
2634 2951 2688 3005 in
2725 2948 3085 3019 quorumdam
3113 2948 3339 3003 consilio
3364 2947 3430 3002 ad
3456 2947 3795 3002 interficien.

2201 3042 2329 3097 dum
2368 3041 2619 3096 eumdem
2648 3040 3052 3097 Childebertum
3093 3054 3274 3111 regem
3299 3037 3565 3108 (Gnaeos.
3598 3037 3700 3092 lib.
3732 3054 3792 3104 κ,

2125 3126 2168 3186 C
2200 3149 2252 3189 c.
2284 3133 2396 3202 l5).
2428 3131 2540 3188 Nec
2577 3147 2761 3197 mora;
2806 3131 3092 3202 episcopus
3130 3130 3362 3201 rapitur,
3398 3137 3454 3184 et
3481 3128 3548 3183 ad
3580 3126 3797 3183 Meten—

2199 3238 2314 3279 sem
2341 3222 2551 3287 urbem,
2577 3237 2700 3277 cum
2739 3230 2882 3275 esset
2912 3220 3063 3276 valde
3086 3219 3153 3274 ab
3183 3218 3536 3287 aegrotatione
3573 3216 3763 3288 longiu
3788 3251 3796 3257 -

2199 3330 2305 3384 qua
2332 3311 2596 3376 defessus,
2636 3311 2940 3366 adducitur.
2983 3310 3166 3381 Ibique
3213 3310 3338 3365 dum
3384 3309 3488 3364 sub
3532 3309 3789 3363 custodia

2200 3403 2444 3474 degeret,
2492 3416 2584 3457 rex
2617 3400 2899 3472 episcopos
2946 3399 3203 3456 accersiri
3235 3400 3301 3453 ad
3353 3399 3471 3468 ejus
3506 3396 3796 3453 examina-

2202 3495 2404 3549 tionem
2431 3494 2709 3562 praecepit,
2743 3500 2800 3546 et
2845 3492 2987 3561 apud
3027 3489 3421 3546 Virduncusem
3461 3489 3655 3543 urbem
3689 3488 3796 3544 ini.-

2202 3586 2278 3641 tio
2320 3584 2522 3639 mensis
2556 3584 2731 3645 octavi
2781 3580 3056 3655 [Augusti]
3108 3581 3298 3636 adesse
3333 3580 3519 3650 jussit.
3560 3579 3721 3635 Tunc
3760 3596 3796 3635 ιι

2197 3674 2518 3747 quihusdam
2545 3673 2683 3730 clam
2716 3672 2876 3745 (clam
2916 3672 3057 3728 deest
3087 3673 3142 3726 in
3182 3687 3279 3725 ma.
3304 3682 3350 3726 et
3376 3669 3652 3741 Gregorio)
3696 3686 3796 3726 sa-

2198 3769 2509 3827 cerdotibus
2538 3769 2867 3839 increpatus,
2901 3782 3002 3823 cur
3048 3766 3323 3822 hominem
3370 3767 3440 3821 ab
3488 3766 3624 3822 urbe
3672 3766 3795 3836 rapi

2200 3861 2405 3932 absque
2437 3860 2732 3928 audientia,
2768 3870 2824 3916 et
2879 3859 2933 3914 in
2972 3859 3274 3913 custodiam
3326 3857 3527 3935 retrudi
3580 3871 3799 3926 praece-

2201 3951 2389 4021 pisset,
2435 3948 2683 4020 permisit
2726 3962 2852 4003 eum
2905 3947 2974 4001 ad
3016 3947 3205 4001 urbem
3235 3960 3386 4000 suam
3423 3945 3625 4011 redire,
3659 3946 3802 4002 diri-

2198 4055 2331 4109 gens
2359 4038 2616 4110 epistolas
2645 4037 2711 4092 ad
2738 4052 2928 4091 omnes
2956 4034 3106 4105 regni
3133 4033 3214 4088 sui
3245 4032 3545 4105 pontifices,
3579 4041 3642 4087 ut
3677 4049 3800 4089 ine-v

2200 4130 2289 4186 dio
2327 4144 2513 4184 mense
2545 4142 2687 4183 nono
2725 4128 2793 4182 ad
2827 4143 2951 4183 eum
2982 4126 3378 4182 discutiendum
3421 4125 3471 4179 in
3524 4126 3663 4180 urbe
3701 4142 3798 4181 su-

2202 4222 2441 4294 pradicta
2496 4220 2758 4275 deberent
2823 4220 3037 4275 adesse.
3093 4219 3332 4289 Denique
3401 4218 3796 4276 convenientes

2201 4316 2458 4389 pertracti
2494 4325 2620 4370 sunt
2652 4329 2822 4385 usque
2843 4317 2910 4370 ad
2935 4313 3234 4370 Metensem
3262 4314 3448 4367 urbem
3476 4330 3490 4366 :
3525 4311 3718 4382 ibique
3738 4322 3798 4369 et

2206 4408 2422 4480 Egidius
2452 4406 2646 4476 praesul
2675 4405 2865 4460 adfuit.
2900 4406 3053 4462 Tunc
3085 4421 3174 4460 rex
3210 4404 3484 4458 inimicum
3530 4403 3636 4458 sibi
3664 4419 3796 4460 eum

2132 4480 2180 4539 θ
2206 4497 2588 4569 religionisque
2633 4496 2964 4567 proditorem
3014 4510 3135 4550 esse
3182 4493 3558 4563 pronuntians,
3601 4492 3796 4549 Enuov

2195 4588 2342 4643 dium
2395 4587 2584 4642 ducem
2630 4586 2711 4640 'ad
2759 4585 3033 4656 negotium
3092 4583 3275 4652 dirigit
3324 4583 3792 4651 prosequendum.

2196 4676 2359 4749 Cujus
2401 4677 2695 4748 propositio
2723 4676 2894 4745 prima
2945 4675 3060 4729 hwc
3094 4672 3194 4727 fuit
3223 4690 3235 4725 :
3266 4671 3360 4727 Dic
3414 4673 3571 4741 mihi,
3612 4689 3647 4729 o
3678 4676 3799 4744 cpi-

2199 4784 2381 4839 scope,
2416 4768 2547 4839 quid
2580 4768 2675 4820 tibi
2714 4767 2888 4821 visum
2921 4765 3041 4829 fuit,
3076 4774 3135 4819 ut
3161 4764 3344 4820 relicto
3377 4781 3503 4836 rcge
3525 4806 3540 4831 ,
3588 4767 3643 4820 in
3694 4785 3794 4824 cn-

2193 4862 2283 4932 jus
2311 4863 2444 4917 urbe
2471 4860 2819 4931 episcopatus
2841 4859 3045 4913 honore
3076 4856 3363 4921 fruebaris,
3405 4856 3705 4927 Chilperici
3742 4870 3797 4915 te

2205 4955 2368 5026 regiis
2413 4952 2669 5008 amicitiis
2697 4952 2979 5015 subderes,
3004 4950 3095 5018 qui
3145 4964 3358 5019 semper
3405 4950 3663 5005 inimicus
3694 4951 3797 5005 do-

2203 5047 2350 5101 mino
2378 5052 2566 5099 nostro
2606 5042 2716 5114 regi
2769 5040 2936 5096 fuisse
2974 5041 3251 5110 probatur,
3294 5042 3386 5111 qui
3417 5053 3631 5112 patrmn
3672 5042 3797 5112 ejus

2204 5138 2496 5203 interfecit,
2527 5146 2754 5192 matrem
2786 5134 2977 5190 exsilio
3014 5134 3413 5199 condemnavit,
3452 5150 3798 5206 regnumque

2204 5229 2532 5299 pervasit,et
2562 5227 2614 5281 in
2647 5226 2730 5280 his
2766 5224 3007 5291 urbibus,
3037 5240 3192 5293 quas,
3220 5233 3278 5277 ut
3307 5223 3569 5293 diximus,
3602 5228 3797 5297 iniquo

2205 5319 2539 5390 pervasionis
2585 5319 2776 5375 ordine
2837 5333 2935 5373 suo
2984 5317 3317 5388 subjugavit,
3380 5327 3435 5373 tu
3482 5319 3552 5374 ab
3594 5322 3793 5375 eodem
