3974 5392
507 323 576 380 99
1179 355 1182 358 -
1255 369 1284 390 _
1535 351 1552 361 ..
1573 313 1964 386 FLODOARDI
2001 315 2104 372 ea:

2208 315 2322 374 lilCl
2362 316 2708 376 REMENSIS

3635 361 3638 364 Α
3697 308 3796 368 100

507 440 830 508 insequatur
857 433 1134 500 aviditate,
1183 447 1284 490 nec
1337 441 1656 488 venatorum
1693 439 1981 502 appetatur
2007 444 2104 484 au-
2129 438 2176 494 Α
2205 440 2396 502 petunt
2425 431 2759 500 suffragium,
2795 447 2864 487 ne
2893 439 3004 486 tant
3027 433 3231 488 crndeii
3273 431 3418 488 lanio
3450 427 3800 490 traderentur

512 531 768 584 dacitate.

581 619 777 674 Fertur
813 624 868 672 et
895 615 1038 670 aliud
1081 629 1184 668 non
1221 611 1630 668 contemnenda:
1658 610 1734 666 rei
1779 609 2097 664 miraculum

509 711 672 782 hujus
699 709 843 765 beati
873 705 1202 763 confessoris
1246 705 1327 760 sui
1379 703 1604 768 meritis,
1637 717 1665 756 a
1714 699 1940 756 Domino
1964 715 2104 770 prae-

511 813 779 874 rogatum,
828 800 968 870 quod
1017 811 1312 867 suspensus
1359 794 1551 866 laqueo
1593 790 1835 866 quidam,
1885 793 2102 848 nomine

511 890 860 965 Ragenulfus,
891 889 960 944 ab
988 887 1337 952 adversariis,
1364 903 1486 942 cum
1529 887 1580 940 iu
1628 899 1880 954 supremo
1911 883 2103 937 mortis

509 981 750 1054 periculo
775 979 960 1036 Oculos
992 979 1058 1033 ad
1100 976 1296 1033 cmlum
1325 976 1661 1048 intenderet,
1695 974 1942 1028 invocato
1974 985 2104 1026 voce

511 1071 846 1146 lacrymahili
877 1071 1034 1126 beato
1057 1069 1272 1134 Basolo,
1323 1085 1445 1124 mox
1489 1084 1518 1123 a
1563 1078 1739 1123 morte
1783 1067 1900 1121 dira
1945 1075 2104 1136 rupto

512 1163 714 1219 meruit
741 1162 956 1218 liberari
1004 1161 1213 1230 laqueo.
1254 1159 1381 1214 Post
1419 1160 1586 1214 multa
1620 1158 1854 1228 denique
1887 1157 2103 1228 pietatis

510 1256 738 1326 insignia
765 1254 817 1310 in
849 1254 957 1308 vita
989 1253 1157 1326 ipsius
1188 1253 1253 1307 ab
1273 1253 1463 1307 eodem
1489 1259 1723 1322 patrata,
1754 1263 2103 1322 praenoscens

509 1363 608 1417 per
639 1346 900 1416 Spiritum
929 1359 1040 1399 sua:
1077 1343 1376 1398 vocationis
1409 1343 1688 1397 imminere
1726 1341 1828 1398 sibi
1855 1349 2099 1410 tempus,

509 1438 661 1492 misit
713 1437 778 1490 ad
831 1443 1082 1505 nepotem
1135 1451 1311 1501 suum,
1357 1434 1572 1489 nomine
1615 1431 1963 1495 Balscminm,
2010 1430 2100 1500 qui

509 1541 632 1584 eum
661 1524 728 1582 ad
757 1544 816 1584 se
845 1544 872 1582 a
895 1527 1239 1583 Lemoviciua
1271 1527 1488 1598 regione
1519 1527 1864 1596 perduceret,
1896 1523 2106 1593 signiti-

509 1635 646 1684 cans
701 1619 771 1674 illi
815 1620 956 1690 quod
995 1629 1114 1689 post
1151 1619 1358 1674 obitum
1406 1633 1562 1672 suum
1609 1617 1661 1670 in
1703 1615 1962 1685 pracdicto
2004 1629 2104 1668 suo

509 1710 938 1766 conversationis
1001 1707 1313 1766 habitacula
1382 1707 1789 1762 deberetvitam
1865 1707 2102 1768 ducere,

2201 522 2270 578 ad
2299 523 2724 590 dilacerandum,
2757 523 3122 596 lugubresque
3143 525 3196 580 in
3227 527 3432 595 gemitu
3462 530 3798 596 pernoctan-

2203 624 2306 682 tes,
2339 631 2446 670 non
2471 615 2758 671 cessabant
2781 618 2959 672 sancti
2991 617 3169 672 Basoli
3196 617 3492 688 implorare
3515 611 3797 672 solatium.

2200 703 2312 760 Nec
2335 706 2511 759 renuit
2539 707 2727 761 audire
2755 718 2976 761 sanctus
3022 708 3234 763 Domini
3263 709 3518 779 querelas
3543 723 3656 764 sme
3683 715 3802 777 pice

2201 795 2305 850 bis.
2347 794 2479 850 Nam
2511 796 2652 851 facto
2685 813 2844 852 mane
2867 797 3110 867 Speruus
3155 797 3296 852 idem
3347 797 3620 868 reperitur
3655 813 3798 851 more

2204 899 2358 956 tuus;
2389 907 2549 962 quem
2576 892 2718 946 lecto
2751 892 3050 946 nitentibus
3079 893 3372 946 extrahere
3401 891 3538 956 suis,
3583 887 3810 982 crepuit:

2203 985 2435 1048 medius,
2469 990 2761 1053 tantusque
2791 982 2956 1038 factor
2980 982 3231 1038 eumdem
3259 981 3435 1037 locum
3463 979 3710 1050 replevit,
3741 979 3810 1033 ut“

2203 1089 2362 1129 nemo
2389 1073 2519 1128 iuibt
2554 1089 2837 1129 remanere
2871 1073 3121 1128 valuerit.
3149 1072 3349 1144 Sicque
3377 1072 3582 1127 familia
3615 1071 3673 1126 S.
3699 1071 3800 1126 Ba-

2202 1163 2298 1218 soli
2330 1164 2608 1232 trepidatis
2633 1164 2860 1235 eripitur
2887 1163 3109 1218 defensa
3137 1163 3434 1234 suppliciis.

2273 1253 2586 1309 Avunculus
2620 1254 2812 1310 matris
2836 1269 2989 1317 mere,
3019 1253 3352 1308 Flavuardus
3375 1252 3521 1324 [nu.,
3565 1251 3798 1306 Flavar—

2203 1345 2338 1419 dus]
2385 1347 2636 1413 nomine,
2683 1346 2820 1401 duos
2871 1345 3008 1400 ﬁlios
3035 1345 3100 1399 in
3133 1343 3292 1414 hujus
3339 1344 3512 1400 sancti
3543 1343 3647 1396 viri
3689 1357 3800 1398 cce-

2203 1440 2366 1494 nobio
2419 1441 2529 1495 Deo
2579 1440 2886 1494 servientes
2929 1437 3149 1502 babuit';
3201 1451 3433 1506 quorum
3476 1433 3792 1501 iuniorem,

2203 1529 2420 1584 nomine
2477 1529 2788 1584 Tetbertum
2817 1569 2830 1593 ,
2887 1527 3158 1582 eharitate
3211 1541 3372 1596 supra
3429 1524 3574 1578 vires
3627 1523 3796 1577 etiam

2203 1624 2590 1678 exuberantem
2621 1621 2872 1686 vidimus,
2923 1619 3014 1690 qui
3055 1619 3343 1690 presbyter
3398 1616 3601 1670 dudum
3651 1615 3796 1684 apud

2205 1731 2304 1769 nos
2329 1715 2486 1769 obiit.
2527 1713 2576 1768 Is
2603 1713 2836 1782 denique
2889 1713 2956 1766 de
2993 1719 3152 1781 patre
3177 1724 3276 1764 suo
3297 1709 3440 1780 quod
3467 1709 3669 1764 dicturi
3697 1723 3794 1762 su-

502 1801 656 1872 juxta
707 1801 850 1872 quod
894 1801 1187 1858 revelatum
1237 1802 1337 1856 sibi
1389 1797 1566 1856 fuerat
1594 1815 1623 1854 a
1654 1799 1900 1855 Domino.
1937 1797 2104 1866 Cujus

2208 1820 2327 1860 mus
2351 1819 2574 1860 narrare
2610 1804 2766 1858 nobis
2791 1802 3034 1863 solebat;
3073 1801 3159 1854 cui
3207 1800 3288 1854 rei
3319 1799 3474 1853 testis
3503 1797 3680 1852 adhuc
3707 1811 3796 1851 su-
3855 1799 3858 1802 ’

508 1893 838 1950 salutaribus
867 1889 1170 1964 prreceptis,
1217 1902 1278 1947 ut
1315 1893 1488 1948 bonus
1531 1893 1672 1948 filius
1699 1893 2100 1959 obtemperans,

511 1993 566 2039 et
615 1986 681 2038 ad
718 2001 1006 2054 supernam
1049 1983 1424 2039 brereditatem
1453 1984 1738 2053 pervenire
1767 1982 2102 2047 desiderans,

509 2093 682 2146 usque
713 2077 779 2131 ad
801 2078 982 2132 exitus
1024 2077 1104 2132 sui
1134 2076 1276 2130 diem
1305 2077 1358 2132 in
1391 2077 1580 2131 eadem
1621 2075 1919 2147 permansit
1956 2073 2110 2129 habi-

511 2162 733 2222 tatione.
769 2165 1007 2222 Decessit
1035 2177 1215 2222 autem
1239 2168 1428 2222 beatus
1461 2165 1620 2222 Pater
1659 2166 1882 2222 Basolus
1903 2181 1954 2220 vr
1981 2165 2102 2219 Kal.

511 2257 794 2320 Decemb.,
835 2258 1083 2328 supernis
1109 2267 1432 2330 aggregatus
1462 2259 1691 2314 civibus.
1723 2257 1804 2312 Ad
1831 2255 1983 2324 cujus
2021 2269 2106 2310 se-

510 2350 756 2421 pulcrum
806 2350 970 2406 multa
1003 2362 1186 2421 postea
1229 2355 1526 2408 monstrata
1557 2360 1683 2405 sunt
1717 2349 2103 2406 miraculorum

513 2439 772 2510 insignia,
799 2457 918 2511 qum
949 2445 1129 2494 tatncn
1158 2457 1253 2510 per
1285 2439 1663 2512 negligentiam
1693 2448 1748 2496 et
1780 2441 1849 2496 ob
1889 2439 1973 2496 Sui
1998 2439 2108 2494 fre-

511 2527 786 2601 quentiam
812 2547 918 2588 non
961 2543 1090 2594 sunt
1117 2529 1316 2588 litteris
1335 2532 1749 2602 comprehensa.
1813 2578 1816 2580 .

581 2634 846 2696 Processu
895 2641 1128 2712 denique
1176 2637 1476 2713 temporis,
1521 2651 1643 2712 post
1681 2633 1888 2697 obitum
1931 2649 2102 2703 sancti

509 2729 635 2796 viri,
665 2729 884 2784 advenit
909 2731 1018 2784 huc
1055 2732 1213 2787 homo
1253 2732 1472 2801 quidam
1518 2733 1738 2786 natione
1766 2733 1980 2798 nobilis,
2011 2733 2108 2788 sed

515 2821 670 2877 ferox
714 2831 924 2876 tumore
953 2823 1188 2886 mentis;
1215 2823 1310 2892 qui
1341 2831 1459 2893 post
1512 2825 1812 2878 orationem
1859 2823 2105 2879 baculum

513 2909 674 2980 hujus
701 2910 841 2966 beati
880 2909 1057 2966 Patris
1100 2912 1392 2982 accipiens,
1425 2921 1478 2966 et
1527 2911 1672 2966 iilnm
1711 2927 1874 2982 super
1917 2914 2106 2984 pedem

513 3017 672 3057 suum
703 3017 933 3072 ponens,
977 3014 1034 3056 ut
1069 3011 1190 3058 erat
1216 3019 1473 3072 procerus
1515 3017 1764 3074 corpore,
1801 3003 1953 3074 quasi
1983 3005 2110 3060 sub-

515 3093 796 3148 eannando
817 3094 1037 3162 protulit
1061 3094 1276 3148 dicens:
1298 3087 1374 3148 En
1403 3083 1712 3149 manifestat
1741 3096 1840 3150 iste
1883 3085 2111 3150 baculus

2210 1905 2425 1968 pererat
2449 1911 2618 1967 nuper
2646 1893 2910 1949 llatoldus
2939 1892 3062 1965 [al.,
3089 1888 3453 1962 Rautnoldus]
3485 1888 3792 1959 presbyter,

2208 1987 2401 2044 horum
2430 1987 2624 2042 tertius
2672 1987 2859 2040 frater.
2891 1983 3257 2038 Consueverat
3303 1979 3574 2050 siquidem
3625 1993 3743 2034 sem
3779 1978 3796 2032 l

2207 2083 2261 2138 in
2294 2097 2436 2136 anno
2467 2081 2551 2135 vir
2571 2079 2826 2150 praefatus
2853 2077 2920 2132 ad
2948 2075 3338 2131 monasterium
3373 2073 3584 2135 venire,
3609 2070 3799 2126 fratri-

2177 2175 2414 2244 'busque
2449 2173 2514 2227 de
2565 2173 2678 2226 suis
2731 2169 3078 2224 facultatibus
3131 2167 3462 2222 ministrare.
3514 2163 3618 2231 Qui
3666 2178 3792 2217 cum

2206 2265 2495 2336 aliquando
2522 2265 2587 2319 de
2616 2277 2768 2318 more
2801 2261 3034 2330 veniret,
3067 2260 3306 2314 latrones
3347 2273 3470 2314 eum
3499 2267 3799 2325 prsperan-a

2207 2366 2316 2412 tem
2367 2355 2647 2418 invadunt,
2679 2353 2946 2408 caballum
2989 2351 3076 2406 cui
3116 2350 3360 2413 sedebat,
3411 2363 3534 2402 cum
3581 2347 3798 2402 caeteris

2205 2465 2326 2520 qua:
2349 2447 2448 2503 sibi
2493 2448 2609 2501 visa
2639 2453 2785 2508 sunt,
2817 2445 2911 2500 sed
2935 2452 2990 2498 et
3027 2443 3308 2513 pecuni-as,
3333 2455 3474 2510 quas
3495 2439 3675 2495 serv-is
3701 2435 3795 2494 Dei

2205 2538 2606 2595 distribuendas
2627 2536 2856 2601 ferebat,
2888 2541 3446 2602 ornamentaqnoque
3475 2531 3664 2586 uxoris
3685 2535 3796 2586 Sua.-

2203 2630 2411 2700 pariter
2452 2627 2720 2682 auferunt.
2743 2625 3013 2694 “Cumque
3057 2623 3126 2677 de
3171 2623 3352 2692 pra-da
3397 2619 3645 2674 hetautes
3693 2619 3798 2672 ali~

2205 2717 2524 2790 quantulum
2579 2715 3014 2787 processissent,
3071 2727 3212 2766 uxor
3255 2710 3413 2781 ejus,
3465 2725 3584 2778 qua:
3635 2709 3798 2764 simul

2207 2811 2412 2868 aderat.
2439 2807 2805 2878 ingemiscens
2835 2819 2931 2873 pro
2961 2803 3179 2874 injuria,
3213 2801 3524 2873 querulosis
3542 2809 3798 2856 sant-tum

2209 2901 2460 2956 Basolum
2490 2899 2655 2969 coepit
2675 2897 2970 2953 inclamare
2999 2897 3245 2959 vocibus,
3269 2896 3487 2950 dicens:
3513 2892 3628 2948 Non
3655 2891 3796 2946 ultra

2207 3009 2267 3048 se
2301 3001 2560 3047 venturos
2590 2991 2642 3044 iu
2681 2989 2801 3058 ejus
2831 2989 2916 3044 vel
2941 2987 3263 3042 famulorum
3293 2987 3466 3055 ipsius
3490 2985 3794 3048 servitium,

2212 3084 2258 3140 si
2309 3085 2391 3138 sic
2432 3065 2527 3138 eos
2558 3077 2814 3151 abjiccr‘et
2860 3095 2965 3134 non
3015 3077 3238 3132 ferendo
3283 3076 3616 3147 praesidium.
3669 3073 3797 3128 Post

519 3197 688 3250 Quam
718 3197 899 3251 parvre
928 3191 1150 3238 statura:
1179 3183 1342 3238 fuerit
1381 3183 1623 3238 Basolus.
1667 3183 1775 3240 Nec
1815 3201 1988 3250 mora,
2019 3201 2113 3255 pes
2139 3197 2184 3259 ρ
2215 3192 2352 3247 quas
2395 3175 2796 3230 lamentatiouis
2823 3187 3007 3237 voces,
3048 3173 3172 3241 equi
3201 3172 3492 3233 latronum,
3537 3169 3628 3238 qui
3673 3181 3796 3222 cum

513 3271 654 3327 idem
695 3274 780 3328 cui
819 3275 1191 3344 superpositus
1233 3275 1405 3330 sancti
1437 3275 1661 3330 baculus
1692 3275 1891 3340 fuerat,
1929 3292 2109 3330 emar-

514 3363 667 3421 cuit:
699 3380 916 3436 quoque
947 3366 1269 3433 putrefacto,
1310 3365 1494 3422 divina
1536 3369 1621 3421 vir
1651 3367 1789 3421 idem
1826 3366 2111 3436 perculsus

514 3455 718 3512 ultione
757 3473 880 3511 cum
906 3458 1054 3528 gravi
1093 3457 1304 3512 decedit
1341 3456 1543 3512 labore.
1591 3455 1758 3526 Cujus
1801 3473 2001 3528 corpus
2041 3457 2109 3513 ad

515 3547 892 3602 tumulandum
947 3547 1076 3604 ferri
1128 3543 1432 3615 disponitur
1477 3550 1543 3603 ad
1597 3549 1756 3620 hujus
1803 3551 1974 3606 sancti
2018 3545 2109 3605 Dei

515 3641 942 3720 monasterium;
989 3641 1081 3696 sed
1137 3649 1489 3712 aggravatnm
1541 3641 1688 3696 nullo
1752 3643 1912 3698 modo
1970 3639 2112 3704 vafet

514 3731 722 3786 moveri
751 3729 1030 3786 feretrum.
1077 3723 1405 3802 Proponitur
1455 3731 1583 3787 ferri
1627 3726 1694 3786 ad
1732 3733 2106 3786 cmmeterium

511 3823 686 3878 sancti
733 3823 985 3894 Remigii,
1019 3825 1113 3878 sed
1145 3839 1245 3878 nec
1292 3823 1372 3878 sic
1398 3833 1578 3894 potest
1605 3825 1832 3880 moveri.
1870 3824 2108 3896 (lugente

515 3914 730 3968 tandem
761 3915 1112 3976 necessitate,
1139 3914 1192 3967 in
1227 3911 1637 3968 Catalaunicum
1681 3911 1922 3968 defertur
1953 3911 2108 3968 terri-

515 4001 744 4067 torium,
792 4001 972 4072 ibiquc
1016 4004 1232 4056 demum
1285 4002 1622 4073 permittitur
1677 4001 1878 4058 habere
1927 4001 2107 4074 sepul¥

512 4105 690 4146 crum.

585 4203 702 4258 Non
740 4203 896 4274 iunge
925 4217 1142 4274 quoque
1187 4203 1342 4260 valde
1369 4219 1398 4259 a
1429 4215 1612 4262 nostra
1643 4214 1828 4272 aetate,
1860 4215 2104 4276 tempore

515 4296 722 4351 scilicet
767 4297 946 4351 donmi
981 4296 1218 4352 Ebbonis
1257 4297 1672 4368 archiepiscopi,
1717 4297 1839 4368 ejus
1879 4298 2099 4352 ordina-

518 4387 665 4440 tione
699 4386 916 4455 quidam
950 4387 1033 4440 vir
1054 4387 1361 4458 religiosus,
1391 4387 1715 4444 Benedictus
1741 4389 1979 4454 nou'tine,
2008 4388 2103 4442 ab-

515 4479 614 4536 bas
646 4478 994 4534 constituitur
1031 4479 1190 4548 hujus
1233 4479 1480 4534 abbatize.
1529 4480 1628 4548 Qui
1675 4495 1798 4534 eum
1837 4479 2097 4534 modestia

517 4569 774 4625 fatiiiliam
823 4569 994 4624 sancti
1042 4569 1222 4625 Basoli
1269 4579 1530 4636 tractans,
1575 4579 1631 4626 et
1677 4570 1730 4624 in
1757 4559 2102 4640 simplicitate

515 4661 743 4716 Domino
765 4663 1029 4727 serviens,
1047 4661 1278 4716 diversis
1300 4655 1583 4718 ecclesiam
1607 4663 1845 4718 donariis
1867 4663 2098 4724 ornavit,

514 4761 570 4806 et
596 4760 715 4820 post
741 4770 850 4808 non
879 4755 1089 4809 modica
1120 4755 1243 4810 vita:
1292 4771 1402 4810 stne
1440 4758 1634 4826 spatia,
1671 4757 1868 4811 divina:
1896 4771 2101 4827 praece-

516 4844 700 4914 ptione
723 4855 962 4912 vocatus,
988 4850 1053 4900 ad
1087 4848 1366 4902 Dominum
1399 4849 1632 4906 transiit.
1663 4849 1760 4906 Cui
1791 4865 1956 4906 carne
1990 4851 2101 4904 fra-

515 4942 618 4998 ter,
653 4936 968 5003 cognomine
999 4936 1240 5005 Spernns
1263 4936 1330 5008 [j,
1365 4937 1608 5008 Spernns
1636 4949 1683 4994 et
1713 4939 1904 5012 infra],
1935 4941 2104 4996 abbas

515 5024 569 5078 in
607 5025 793 5079 eodem
821 5024 940 5080 loco
969 5027 1312 5094 subrogatur.
1343 5028 1444 5096 Qui
1477 5031 1716 5086 moribus
1755 5029 1910 5086 fratri
1943 5031 2102 5088 dissi-

513 5116 676 5182 milis,
696 5126 752 5171 et
769 5116 898 5173 dit-te
923 5117 1131 5174 facibus
1153 5119 1348 5174 ardens
1372 5121 1660 5192 cupidinis,
1689 5125 1814 5178 dum
1839 5126 2102 5178 temulcn~

514 5215 603 5262 tus
631 5208 921 5278 aliquando
942 5210 1184 5278 sederet,
1208 5213 1374 5283 carpit
1395 5214 1574 5268 dicere
1603 5216 1744 5284 quod
1775 5216 1944 5272 frater
1970 5231 2102 5271 suus

512 5300 580 5354 de
603 5302 816 5356 abbatia
850 5301 937 5358 illa
970 5302 1102 5356 nihil
1137 5303 1262 5358 boni
1294 5305 1512 5360 sciverit
1541 5305 1758 5372 habere,
1783 5308 2101 5378 prmcipiens

2213 3267 2404 3336 spoliis
2442 3263 2660 3320 concitc'
2699 3262 3032 3325 ferebantur,
3073 3261 3254 3316 subito
3299 3259 3605 3328 defiguntur
3629 3295 3643 3321 ,
3699 3271 3800 3310 nec

2213 3357 2321 3410 ullo
2363 3357 2520 3410 modo
2548 3354 2850 3424 promoveri
2876 3359 3102 3420 possunt
3143 3351 3212 3404 ad
3241 3349 3618 3420 gradiendum.
3648 3347 3796 3416 ipsos

2211 3462 2427 3520 quoque
2447 3447 2686 3500 latrones
2707 3443 2879 3514 caligo
2909 3443 3153 3511 qnmdam
3179 3440 3440 3510 perfudit,
3473 3448 3531 3492 ut
3557 3453 3793 3507 quonam

2211 3554 2332 3594 sese
2397 3545 2672 3590 verterent
2732 3535 3068 3603 ignorarent.
3125 3531 3528 3599 Resipisccntes
3577 3530 3798 3584 tandem

2211 3629 2513 3700 praedones,
2541 3626 2828 3686 conferunt
2857 3626 3000 3679 inter
3026 3638 3085 3677 se
3117 3624 3185 3676 ob
3212 3622 3559 3674 innocentum
3590 3619 3794 3673 fractam

2209 3723 2466 3792 injuriam
2507 3721 2610 3776 sibi
2633 3719 2762 3774 talia
2811 3715 3134 3786 contigisse;
3179 3713 3420 3781 iuitomte
3443 3710 3696 3776 consilio,
3727 3713 3794 3766 ad

2207 3831 2322 3880 eos,
2357 3827 2494 3884 quos
2521 3813 2680 3866 rebus
2723 3809 2917 3880 injuste
2963 3807 3202 3878 privatos
3243 3803 3584 3868 dimiserant,
3610 3817 3795 3858 rever-

2210 3915 2428 3968 tuntur;
2473 3919 2568 3956 sua
2613 3901 2718 3956 illis
2763 3907 2955 3954 cuncta
2989 3897 3317 3960 restituunt,
3363 3903 3438 3960 et,
3471 3903 3530 3948 ut
3575 3897 3796 3950 veniam

2207 3995 2540 4050 facinoribus
2565 3993 2677 4048 suis
2722 3993 3106 4062 deprecentur,
3137 3995 3458 4058 exposcunt.
3489 3985 3566 4040 lta
3595 3999 3792 4042 consu-

2206 4088 2432 4152 latione,
2463 4087 2664 4142 domini
2712 4085 2892 4140 Basoli
2945 4083 3278 4154 suffragante
3322 4083 3426 4136 sibi
3455 4083 3790 4152 patrocinio,

2204 4190 2440 4248 recepta,
2475 4179 2761 4248 rapacibus
2783 4177 2866 4230 ire
2893 4175 3153 4240 dimissis,
3185 4175 3490 4230 devotiores
3513 4175 3583 4228 ad
3619 4175 3792 4229 destia

2205 4279 2392 4327 natum
2435 4279 2729 4342 pr0peraut
2754 4269 3096 4334 ctenohium;
3147 4269 3350 4339 gratias
3379 4253 3488 4322 Deo
3513 4275 3568 4320 et
3595 4277 3788 4322 sancto

2204 4384 2302 4424 suo
2326 4367 2621 4424 confessori
2653 4381 2751 4436 pro
2779 4364 3004 4420 indultis
3028 4363 3128 4418 sibi
3147 4363 3426 4418 beneficiis
3455 4360 3790 4427 referunt,et

2205 4463 2309 4517 lmti
2343 4455 2514 4516 seriis
2565 4459 2658 4514 Dei
2695 4459 3008 4513 ministrare
3037 4465 3310 4526 satagunt,
3343 4454 3587 4524 pecuniis
3617 4455 3787 4508 bono-

2132 4536 2182 4596 θ
2209 4563 2346 4616 rant,
2379 4569 2442 4609 ac
2471 4541 2726 4621 deinceps
2757 4550 2915 4605 annis
2954 4548 3180 4620 singulis
3227 4547 3368 4602 idem
3401 4548 3791 4617 promptiores,-

2205 4648 2350 4718 quod
2379 4646 2663 4716 coeperant
2693 4647 2979 4714 peragunt.

2276 4752 2501 4819 Quando
2533 4763 2704 4818 nuper
2733 4750 2816 4803 hze
2838 4745 3135 4802 Galliarum
3163 4743 3369 4815 patriai,
3400 4731 3640 4814 peccatis
3683 4757 3786 4798 no-

2206 4843 2334 4900 stris
2365 4840 2784 4912 impellentibus,
2804 4837 3177 4908 Httngarorum
3203 4835 3397 4905 gladiis
3426 4834 3790 4889 dilaéerandut

2208 4943 2333 4991 sunt.
2388 4933 2638 4998 traditae,
2693 4931 2911 5002 quidam
2965 4929 3320 4985 barbarorum
3377 4927 3560 4981 sancti"
3609 4920 3788 4980 Basoli

2206 5017 2598 5084 monasterium
2629 5024 2883 5095 ingressi,
2914 5023 3041 5077 dum
3067 5021 3248 5078 clerici
3273 5010 3385 5090 jam
3419 5035 3542 5074 cum
3573 5016 3785 5089 patroni

2205 5120 2285 5173 sui
2319 5118 2632 5188 pignoribus
2661 5115 2728 5168 ad
2765 5114 3038 5170 civitatem
3065 5110 3453 5181 confugissent,
3483 5107 3785 5164 habitacula

2206 5209 2441 5264 ctenobii
2471 5206 2779 5263 hominibus
2825 5220 2962 5275 pene
2989 5219 3156 5258 vacua
3211 5204 3562 5271 repererunt,
3607 5199 3786 5269 ibique

2205 5309 2463 5357 metatum
2495 5317 2648 5355 suum
2677 5289 3088 5360 constituentes,
3129 5287 3236 5350 huc
3259 5289 3618 5366 undecunque
3647 5305 3784 5362 pra!-
