3974 5392
179 429 274 487 «οι

179 545 412 602 interiit.
448 543 600 599 Alius
626 540 820 598 horum
869 558 1030 615 super
1058 558 1207 597 aram
1237 541 1407 613 ipsius
1429 538 1695 602 ecclc,~ize,
1721 537 1774 590 in
1806 538 1854 597 Λ

175 639 389 695 honore
438 637 581 691 beati
619 633 832 689 Martini
873 643 1274 696 consecratam,
1325 640 1552 686 conatus
1585 644 1773 682 ascen-

179 733 331 791 dere,
363 731 493 783 dum
529 743 746 782 manum
777 743 940 797 supra
969 742 1138 780 cornu
1180 725 1368 780 altaris
1410 721 1771 792 apposuisset,

177 822 290 891 ipsa
319 835 518 874 manus
548 818 664 889 ejus
697 818 771 871 ita
803 817 1015 872 iulucsit
1041 815 1320 878 marmori,
1347 823 1406 867 ut
1438 811 1583 867 nullo
1613 811 1773 865 modo

179 915 246 967 ab
271 927 338 968 eo
376 921 564 982 postea
603 909 864 980 potuisset
899 909 1053 962 avelli
1108 907 1438 979 [Ιείουολιω.
1487 905 1540 957 in
1573 902 1770 956 Chron.

179 1023 266 1060 an.
299 1005 454 1077 957].
500 1005 564 1058 Et
587 1004 712 1074 quia
747 1003 835 1058 bic
859 1017 982 1056 eum
1014 1001 1094 1054 sui
1128 1000 1417 1054 noluerunt
1447 997 1770 1065 relinquere,

178 1105 392 1168 partem
460 1095 657 1166 lapidis
719 1093 866 1149 circa
933 1107 1149 1145 manum
1219 1091 1388 1161 ipsius
1452 1087 1772 1158 bipennibus

178 1187 584 1248 abscinde-ptes.
610 1200 731 1239 eum
763 1199 944 1238 secum
974 1181 1293 1252 particulam
1323 1180 1629 1242 marmoris,
1654 1191 1774 1247 qua:

180 1277 362 1331 manui
396 1274 516 1344 ejus
562 1273 885 1337 adbatserat,
917 1274 1083 1327 invite
1108 1273 1372 1327 ferentem
1412 1271 1769 1325 deduxerunt.

180 1368 280 1435 Qui
322 1367 492 1422 etiam
541 1367 643 1438 (ut
686 1365 883 1436 captivi
925 1363 1038 1433 .qui
1083 1363 1287 1417 reversi
1330 1370 1455 1415 sunt
1495 1358 1771 1428 referunt)

179 1459 441 1530 usquead
480 1468 680 1513 terram
720 1472 896 1520 suam,
931 1464 1119 1509 arente
1165 1455 1280 1524 jam
1325 1452 1584 1516 brachio,
1629 1453 1773 1505 lrunc

179 1551 411 1621 lapidem
441 1551 646 1610 ferens.
675 1559 730 1606 et
751 1549 930 1605 Basoli
957 1548 1156 1602 virtute
1181 1546 1382 1600 factum
1407 1543 1768 1616 proclamans,

181 1658 433 1698 reversus
473 1652 588 1698 est.

793 1775 1023 1832 CAPUT
1074 1773 1160 1829 IV.

652 1886 731 1942 De
768 1886 1016 1956 Romulfo
1057 1884 1302 1955 prwsule.

233 2001 363 2056 Post
391 2000 640 2072 Egidium
661 1999 942 2054 Romulius
965 1997 1230 2053 Remense
1253 1997 1394 2052 rexit
1417 1995 1774 2066 episcopium,

181 2095 262 2148 vir
301 2109 470 2148 carne
498 2091 719 2154 nobilis,
753 2105 1044 2160 germanus
1084 2087 1313 2143 Joannis
1345 2101 1471 2141 tunc
1517 2085 1777 2154 temporis

182 2187 366 2250 ducis;
409 2199 644 2254 quorum
675 2193 828 2252 pater
864 2181 1048 2252 Lupus
1077 2180 1274 2235 multas
1301 2180 1379 2234 eis
1404 2179 1776 2249 possessiones

180 2278 464 2348 aequaliter
493 2277 637 2330 inter
659 2290 717 2329 se
749 2274 1062 2328 dividendas
1101 2272 1334 2342 reliquit.
1379 2271 1452 2325 De
1489 2286 1592 2339 qua
1623 2269 1762 2323 divi-

185 2368 332 2422 sione
356 2366 476 2436 pari
496 2364 621 2433 jure
642 2363 879 2435 gerenda
905 2370 1230 2432 praeceptum
1252 2361 1604 2415 obtinuerunt
1625 2373 1777 2429 rega-

183 2457 250 2512 le.
279 2457 468 2512 hiultis
495 2456 767 2524 siquidem
791 2452 1092 2508 excellebat
1118 2450 1482 2522 patrimoniis,
1516 2450 1777 2502 maxime.

181 2563 282 2617 que
315 2558 469 2603 trans
509 2546 743 2616 Ligerim
769 2586 784 2610 ,
816 2554 870 2599 et
914 2545 968 2600 in
997 2559 1134 2614 pago
1161 2541 1506 2605 Pictavensi;
1543 2555 1772 2610 quorum

183 2659 244 2697 ex
274 2651 438 2710 parte
463 2638 670 2708 majore
693 2679 706 2702 ,
739 2653 836 2707 per
868 2637 1119 2707 paginam
1147 2633 1456 2690 testamenti
1485 2632 1782 2686 ecclesiam

182 2732 514 2786 Remensern
553 2729 684 2783 fecit
735 2728 1035 2790 lucredem,
1073 2725 1319 2794 quaedam
1351 2724 1628 2779 dimittens
1663 2722 1772 2776 l'ra-

186 2823 356 2877 tribus
381 2819 481 2894 vel,
500 2819 784 2888 nepotibus
809 2817 942 2880 suis,
969 2817 1212 2886 quaedam
1240 2814 1537 2870 ruatriculze
1561 2829 1776 2884 quoque

182 2912 353 2966 sancti
391 2909 662 2964 Martialis
705 2909 1020 2978 deputavit,
1072 2905 1316 2975 quietiam
1371 2907 1436 2960 ad
1495 2906 1774 2961 basilicam

181 3003 358 3056 sancti
388 3001 654 3070 Remigii.
693 3000 882 3053 Villam
918 3014 1046 3053 vero
1080 2998 1456 3053 Lautiuiacum
1487 3014 1648 3068 super
1679 2997 1778 3051 ηυξ

182 3094 326 3147 vium
378 3093 754 3156 Cattaiouem,
806 3090 1039 3146 contulit
1089 3091 1424 3145 monasterio
1475 3090 1774 3160 puellarum

182 3184 372 3239 Remis
407 3185 462 3238 iu
499 3184 706 3237 honore
732 3183 905 3236 sancti
937 3181 1082 3237 Petri
1116 3191 1457 3245 constructo;
1489 3197 1649 3252 quam
1679 3181 1776 3233 vil-

184 3273 290 3328 lam
322 3276 453 3328 dato
503 3274 676 3343 pretio
717 3287 774 3328 se
815 3282 1081 3327 memorat
1110 3288 1473 3342 comparasse.
1518 3273 1772 3339 Quredarn
1803 3248 1848 3309 (ἶ

185 3380 451 3440 przeterea
475 3369 704 3424 donaria
723 3378 1051 3423 testamento
1068 3370 1298 3424 diversis
1321 3369 1572 3424 attribuit
1603 3369 1782 3425 eccle~

186 3463 282 3516 siis
310 3503 326 3526 ,
371 3472 482 3515 tam
535 3460 819 3515 Bernensis
866 3461 1124 3532 episcopii
1151 3502 1165 3526 ,
1205 3479 1368 3532 quam
1425 3463 1736 3518 Suessouici
1763 3504 1778 3529 ,

188 3555 279 3607 sed
307 3561 366 3608 et
406 3551 662 3607 Turouici
691 3593 705 3614 ,
749 3552 1088 3621 aliorumque
1129 3555 1506 3622 quorumdam.
1539 3555 1782 3610 Familia;

189 3657 298 3696 sure
349 3653 563 3712 partem
617 3642 908 3696 maximam
959 3644 1290 3714 ingenuitate
1335 3643 1570 3700 donavit.
1616 3645 1781 3715 Cujus

191 3736 369 3789 adhuc
395 3733 708 3789 testamenti
733 3735 928 3805 pagina
953 3735 1006 3788 in
1038 3735 1274 3790 Arclrivo
1301 3736 1586 3791 Bernensis
1610 3737 1782 3792 eccle-

189 3826 281 3880 sia:
313 3834 626 3880 reservatur
647 3866 664 3881 .
689 3842 812 3881 cum
847 3826 1172 3881 auctoritate
1219 3827 1552 3882 Clrildeberti
1604 3829 1777 3899 regis;

191 3930 290 3984 qna
319 3916 523 3984 petitus
552 3915 694 3969 idem
738 3931 826 3969 rex
865 3931 893 3968 a
925 3917 1150 3984 prtelato
1174 3917 1406 3986 pr:esule
1442 3932 1540 3987 per
1571 3917 1781 3973 Souna-

193 4008 320 4061 tium
348 4008 640 4060 diaconum
667 4007 842 4060 virum
874 4009 1236 4062 venerabilem
1269 4009 1367 4063 hoc
1399 4017 1781 4064 testamentum

190 4096 524 4151 confirmare
555 4097 823 4162 decrevit;
871 4098 1108 4164 scilicet,
1161 4106 1218 4153 ut
1253 4108 1456 4163 terras,
1512 4101 1699 4155 vineas
1727 4109 1784 4156 et

190 4189 494 4260 mancipia,
538 4204 664 4258 qua;
707 4191 772 4243 ad
807 4191 1092 4246 ecclesiam
1123 4193 1390 4262 przecipue
1417 4191 1738 4248 Remensem
1765 4233 1779 4258 ,

192 4280 274 4335 vel
311 4283 378 4336 ad
417 4292 617 4336 cetera
662 4283 776 4336 loca
829 4293 1142 4338 sanctorum
1194 4285 1488 4354 praedictus
1537 4284 1782 4355 pontifex

191 4369 538 4440 delegaverat
563 4411 579 4436 ,
630 4372 674 4424 si
716 4372 838 4440 quis
885 4372 1187 4427 btcredibus
1211 4373 1380 4442 ipsius
1404 4374 1598 4444 injuste
1629 4389 1783 4429 usur-

192 4479 319 4534 pare
348 4465 806 4535 praesumpsissct,
835 4465 1158 4519 omnimodis
1184 4480 1248 4520 ea
1283 4465 1575 4536 recipiendi
1603 4481 1787 4521 sacer-

195 4557 347 4610 dotes
386 4557 709 4613 eorumdem
763 4555 1002 4610 locorum
1035 4556 1260 4611 liberam
1291 4557 1536 4612 valerent
1583 4557 1785 4612 habere

193 4661 542 4720 potestatem.
602 4649 875 4716 Quasdam
941 4665 1156 4719 quoque
1209 4649 1365 4703 villas
1409 4650 1461 4704 in
1507 4649 1786 4704 territorio

196 4739 417 4796 Metensi
450 4743 813 4801 constitutas,
846 4756 1074 4806 quarum
1117 4750 1278 4808 caput
1300 4749 1385 4794 est
1409 4739 1690 4795 Ortivallis
1719 4740 1782 4814 [5,

199 4833 508 4909 Orcivallis]
525 4849 670 4905 quas
689 4834 919 4887 donmus
940 4832 1160 4902 Egidius
1187 4848 1216 4886 a
1243 4831 1530 4888 Vincentio
1551 4836 1785 4904 quodam

203 4925 431 4980 traditur
459 4925 769 4986 coemisse,
800 4937 941 4977 cum
988 4921 1332 4977 Cbildeberto
1376 4937 1500 4994 rege
1545 4939 1790 4977 commu-

205 5018 361 5081 tavit,
395 5033 493 5088 pro
517 5017 644 5071 aliis
690 5015 832 5067 villis
871 5015 923 5067 in
973 5029 1108 5085 pago
1138 5015 1388 5069 Remensi
1438 5017 1580 5080 sitis,
1612 5015 1664 5068 id
1708 5023 1791 5068 est

207 5104 509 5164 llarciliana
559 5118 615 5163 et
659 5105 972 5175 Arbidogilo
1011 5104 1100 5176 [l._.
1129 5104 1375 5175 Margir'ly
1417 5116 1467 5159 et
1511 5104 1788 5176 Ardeuil].

207 5198 301 5240 Ihm
337 5217 560 5240 ηιιηηηο
618 5198 704 5240 νρΙ
736 5197 1033 5240 mmminia-
1069 5198 1118 5240 in
1153 5197 1462 5240 nnntiﬁmrtn
1493 5199 1700 5240 nncitne
1727 5197 1794 5240 ml

755 429 1102 487 IllSTOlile
1145 425 1497 486 ECCLESIE
1539 423 1884 482 REHENSlS
1924 421 2100 480 LIBRI
2140 421 2497 491 QUATUOR.
2540 454 2608 465 —
2635 422 2762 479 LIB.
2803 423 2867 478 ll.
3023 413 3056 433 "

3362 423 3466 482 102

2500 533 2728 590 CAPUT
2773 533 2836 589 γ.
3453 533 3460 540 ’

2331 623 2412 680 De
2440 624 2700 680 Sonnatio
2730 625 2996 695 episcopo.

1946 737 2254 794 Romult‘um
2303 739 2546 808 sequitur
2577 739 2629 793 in
2667 737 2977 809 episcopatu
3007 738 3338 804 Sonnatius,
3369 738 3461 810 qui

1876 831 2139 901 synodum
2166 829 2472 884 celebrasse
2501 828 2772 898 reperitur
2793 843 2917 882 cum
2935 825 3055 882 aliis
3079 828 3460 900 quadraginta,

1875 922 1957 975 vel
1985 936 2050 975 eo
2077 920 2308 990 amplius
2344 917 2638 973 Galliarum
2677 919 2964 990 episcopis.
2998 917 3096 974 Ubi
3135 920 3298 974 etianr
3330 935 3455 972 san-

1876 1024 1998 1070 ctus
2055 1013 2315 1068 Aruull'us
2358 1012 2677 1067 Metensium
2733 1009 2929 1080 prazsul
2982 1009 3252 1064 invenitur
3288 1011 3464 1064 inter-

1876 1102 2065 1168 fuisse,
2097 1118 2219 1158 curn
2252 1099 2592 1156 Theoderico
2619 1098 2987 1170 Isngduncnsi,
3019 1097 3266 1152 Sindulfo
3295 1098 3463 1153 Vicus

1880 1195 2035 1249 nensi
2061 1235 2076 1259 ,
2110 1193 2342 1264 Sulpitio
2372 1193 2696 1248 Bituriceusi
2723 1233 2736 1257 ,
2767 1190 3088 1262 Medcgiselo
3125 1190 3462 1256 Turonensi,

1878 1288 2087 1344 Secono
2135 1286 2483 1351 Elosanensi,
2514 1285 2746 1340 Leontio
2769 1283 3104 1338 Xantoncnsi
3127 1326 3142 1348 ,
3185 1281 3466 1338 Modualdo

1877 1378 2230 1441 Trevereusi,
2261 1377 2608 1433 Cbuneberto
2642 1376 2973 1440 Coloniensi,
3006 1375 3260 1432 Ricberio
3289 1376 3466 1433 Seno-

1876 1469 2062 1531 nensi.
2100 1468 2308 1522 Donato
2350 1465 2766 1521 Vesontioueusi
2791 1506 2804 1530 ,
2854 1466 3110 1535 Auspicio
3138 1467 3465 1536 Augustidu-

1877 1563 2051 1616 nensi.
2105 1562 2236 1615 ltern
2268 1559 2548 1615 Modoaldo
2574 1558 2904 1629 Liugnneusi
2931 1599 2946 1622 ,
2996 1558 3337 1627 ltagnebcrto
3365 1557 3468 1611 Ba-

1871 1652 2100 1723 joceusi,
2129 1651 2446 1706 Cbildoaldo
2477 1649 2879 1713 Abriucatensi,
2911 1648 3240 1715 Berlegiselu
3265 1647 3468 1702 Carno-

1878 1748 2040 1809 tensi,
2077 1742 2319 1798 Palladio
2347 1741 2801 1806 Autisiodorensi,
2832 1739 3151 1797 Gondoaldo
3186 1739 3464 1803 Meldeusi,

1878 1833 2214 1888 Lcudeberto
2266 1833 2645 1896 Parisiacensi,
2687 1830 3018 1902 Cbainoalgo
3057 1830 3299 1885 Lauduni
3340 1829 3466 1885 Cla-

1876 1929 2027 1992 vati,
2069 1926 2292 1982 Godone
2343 1925 2704 1990 Virdunensi,
2755 1924 3022 1979 Ansarico
3066 1923 3421 1978 Suessoneusi
3447 1963 3464 1986 ,

1876 2017 2104 2072 Claudio
2138 2017 2378 2080 lteiensi,
2411 2014 2738 2071 Berthoaldo
2763 2015 3166 2081 Camaracensi,
3201 2017 3470 2085 Agomaru

1878 2109 2297 2173 Silvanectcnsi,
2327 2108 2564 2164 Ctesario
2592 2109 2889 2163 Avernensi
2909 2149 2926 2174 ,
2957 2107 3097 2162 Vero
3129 2107 3422 2162 Butcnensi
3447 2147 3466 2172 ,

1875 2203 2122 2275 Agricola
2151 2203 2461 2268 Gabaleusi,
2495 2203 2769 2274 Lupoaldo
2793 2203 3241 2274 Magontiacensi.
3273 2204 3466 2260 Wille-

1874 2293 2042 2364 giselo
2099 2291 2398 2358 Tolosano,
2457 2294 2777 2348 Constantio
2825 2293 3105 2360 Albiensi,
3161 2294 3468 2350 Nanunatio

1876 2383 2236 2455 Egoleinensi,
2264 2383 2488 2439 Rustico
2519 2383 2835 2439 Caturccnsi
2855 2426 2868 2448 ,
2894 2385 3160 2441 Auderico
3178 2385 3463 2449 Ausceusi,

1877 2461 2137 2530 Emmone
2172 2475 2502 2539 Areseteusi,
2545 2474 2722 2529 Felice
2749 2474 3153 2537 Catbalanensi,
3185 2475 3466 2530 lladoindo

1877 2563 2037 2637 [ms.‘,
2068 2581 2111 2617 r.
2146 2563 2498 2637 Cbadoindo]
2521 2563 2974 2630 Cenomannensi,
3003 2565 3329 2636 .‘laguebodo
3352 2566 3470 2620 Au-

1875 2653 2159 2724 degavensi
2181 2696 2196 2719 ,
2226 2652 2433 2708 Joanne
2463 2653 2787 2708 Pictavens‘i.
2829 2652 3109 2708 Leobardo
3151 2653 3271 2726 (aL,
3301 2654 3466 2709 Lout-

1875 2741 2082 2817 bardo]
2129 2743 2464 2801 Namnetico.
2512 2744 2568 2799 ln
2619 2761 2722 2816 qua
2772 2747 2977 2818 synodo
3021 2747 3185 2802 multa
3216 2747 3469 2819 leguntur

1873 2835 2026 2891 utilia
2057 2836 2374 2892 COnStituta.

1945 2929 1996 2983 1.
2024 2929 2098 2983 De
2113 2928 2274 2982 rebus
2286 2926 2491 2983 scilicet
2505 2927 2748 2984 ecclesiae
2763 2927 2998 2997 qualiter
3015 2928 3308 2983 tractandas
3323 2928 3462 2996 sint;

1875 3020 2016 3074 etde
2040 3019 2123 3074 bis
2145 3035 2264 3089 quae
2306 3035 2404 3089 per
2438 3020 2800 3088 precatoriam
2826 3019 3266 3089 impetranturab
3293 3020 3468 3076 cccle-

1877 3111 1992 3177 sia,
2052 3127 2118 3165 ne
2163 3111 2525 3166 diuturnitate
2559 3111 2820 3181 temporis
2858 3110 2925 3165 ab
2961 3109 3225 3180 aliquibus
3277 3111 3330 3165 iu
3376 3111 3468 3181 jus

1878 3199 2152 3270 proprium
2178 3210 2524 3270 usurpentur,
2552 3209 2607 3256 et
2628 3200 2867 3255 ecclesia:
2894 3198 3298 3255 del'raudcntur.

1951 3292 2006 3346 2.
2041 3293 2116 3346 De
2136 3291 2370 3357 clericis,
2404 3293 2448 3348 si
2485 3293 2575 3362 qui
2605 3279 2911 3348 rebellionis
2943 3308 3078 3347 ausu
3110 3295 3466 3349 sacramentis

1883 3403 1963 3452 se,
1989 3395 2082 3439 aut
2111 3385 2392 3456 scriptura:
2423 3384 2799 3454 conjuratioue
2823 3386 3266 3450 constrinxerunt,
3305 3399 3468 3461 atque

1884 3475 2108 3531 insidias
2130 3476 2384 3546 episcopo
2409 3491 2507 3531 suo
2529 3475 2718 3530 callida
2753 3475 3076 3544 allegatione
3099 3475 3432 3531 confecerint
3449 3517 3467 3540 .

1883 3575 1942 3621 ut
1977 3566 2023 3620 si
2055 3566 2323 3620 admoniti
2352 3566 2646 3620 emendare
2673 3567 3122 3637 cantempserint,
3154 3570 3323 3639 gradu
3350 3583 3472 3638 pro-

1883 3657 2002 3730 prio
2040 3653 2260 3713 omnino
2289 3659 2586 3728 priventur.

1952 3751 2006 3807 5.
2049 3751 2119 3807 Ut
2155 3752 2384 3822 capitula
2415 3767 2684 3806 canonum
2707 3751 2934 3806 Parisiis
2971 3761 3088 3806 acta
3131 3753 3183 3806 in
3221 3751 3464 3822 generali

1883 3843 2121 3915 synodo,
2155 3844 2207 3896 in
2242 3842 2463 3896 basilica
2488 3842 2662 3896 sancti
2692 3841 2872 3904 Petri,
2914 3841 3156 3896 Lotbarii
3182 3842 3323 3913 regis
3349 3849 3470 3894 stu-

1883 3937 1972 3993 dio
1999 3945 2328 4006 congregata
2349 3976 2362 3999 ,
2392 3935 2538 3988 omni
2565 3934 2819 3988 ﬁrmitate
2845 3935 3240 3989 custodiantur.

1953 4027 2007 4081 4.
2050 4025 2121 4082 Ut
2151 4026 2196 4080 si
2244 4025 2334 4094 qui
2377 4024 2616 4079 lrzeretici
2668 4024 2841 4078 adhuc
2891 4037 3009 4078 esse
3041 4023 3386 4102 suspicantur
3414 4024 3470 4079 in

1883 4120 2094 4184 Galliis,
2120 4135 2148 4173 a
2176 4118 2484 4190 pastoribus
2511 4117 2864 4172 ecclesiarum
2896 4117 3318 4187 perquirantur;
3345 4125 3401 4174 et
3423 4117 3471 4172 si

1883 4213 2153 4266 veraciter
2181 4209 2380 4264 fuerint
2405 4209 2630 4276 inventi,
2667 4209 2734 4262 ad
2766 4208 2924 4262 ﬁdem
2963 4207 3286 4264 catholicam
3312 4223 3468 4264 revo-

1883 4319 1980 4360 ceu
1989 4313 2040 4358 tu
2049 4319 2093 4357 Γ.

1956 4394 2007 4449 5.
2052 4394 2118 4450 Ut
2163 4402 2367 4449 temere
2411 4392 2590 4448 nullus
2628 4393 3164 4459 excommunicetur;
3216 4401 3270 4448 et
3305 4393 3348 4448 si
3381 4409 3489 4450 ex-.

1887 4484 2317 4539 communicatus
2360 4483 2642 4536 existimat
2684 4498 2742 4536 se
2786 4481 2985 4551 injuste
3030 4483 3374 4545 damnatum.
3417 4483 3472 4536 in

1813 4595 1866 4656 ο
1891 4575 2134 4646 proxima
2179 4573 2384 4644 synodo
2417 4573 2615 4628 habeat
2643 4571 2915 4626 licentiam
2947 4571 3276 4626 reclamandi
3313 4592 3325 4626 :
3353 4585 3405 4626 et
3431 4572 3476 4626 si

1890 4665 2084 4734 injuste
2106 4665 2390 4718 damnatus
2423 4663 2606 4727 fuerit,
2631 4661 2974 4726 absolvatur;
3004 4663 3084 4716 sin
3107 4672 3287 4715 autem
3309 4659 3477 4732 justc,

1890 4753 2200 4824 impositum
2230 4753 2561 4824 pmtriteutirc
2589 4762 2798 4819 tempus
2825 4751 3088 4805 exsolvat.

1961 4843 2015 4898 6.
2061 4841 2128 4897 Ut
2173 4842 2215 4895 si
2253 4841 2375 4910 quis
2422 4843 2588 4913 judex
2644 4839 2928 4906 cujuslibet
2973 4840 3178 4896 ordinis
3219 4839 3476 4894 clericum

1889 4933 2118 5002 publicis
2147 4932 2452 4988 actionibus
2478 4931 2740 4989 inclinare
2768 4932 3174 5005 prtesumpserit
3200 4971 3214 4995 ,
3250 4940 3344 4984 aut
3376 4947 3476 5000 pro

1891 5024 2221 5094 quibuslibet
2256 5024 2466 5093 causis,
2509 5024 2715 5092 absque
2760 5025 3096 5079 conscientia
3125 5031 3177 5074 et
3216 5023 3479 5088 permissu

1891 5114 2126 5184 episcopi
2168 5113 2536 5184 distringere,
2592 5121 2686 5168 aut
2727 5117 3090 5179 contumeliis,
3145 5109 3230 5162 vel
3277 5111 3491 5177 injuriis

2392 5210 2563 5236 ...ι-...26
2649 5207 3023 5234 nAn\-sx-c..3....-
3057 5202 3295 5230 ...εἷναι-ιη
3369 5200 3461 5226 17μῖ

1895 5202 2109 5240 ειηῖρηιιο
2151 5216 2324 5238 numen
2334 5220 2380 5236 ιιι
