3974 5392
495 229 601 290 105

1566 225 1957 287 ηοῡοιιιῡι
1995 225 2316 284 CANONlCl
2337 225 2702 284 ‘REMENSIS

3667 228 3765 286 1οἱ

496 353 782 410 tormento,
811 351 866 398 et
892 343 1238 400 truncatione
1260 359 1488 400 securus
1513 357 1691 409 exeat,
1722 343 2084 412 qualicunque
2115 349 2158 410 Λ
2193 351 2278 397 tus
2318 343 2667 399 inveniuntur
2702 344 2935 410 imitari,
2955 344 3036 400 vel
3081 360 3204 400 cum
3237 345 3462 416 paganis
3504 348 3768 415 supersti.

489 436 778 494 occasione
806 434 1159 499 abstraxerit,
1196 437 1579 492 communione
1605 436 1868 507 privetur.

561 529 614 586 9.
658 526 924 583 Similiter
948 527 996 582 si
1033 528 1154 597 quis
1176 528 1264 599 jus
1289 527 1614 583 sacramenti
1641 526 1938 597 praestitum
1961 525 2078 578 vio-

488 618 682 675 laverit
711 658 727 684 ,
757 618 1139 672 communione
1179 618 1440 688 privetur.
1464 617 1554 671 Ille
1587 632 1714 672 vero
1754 617 1844 687 qni
1873 624 2075 670 sancta:

485 711 741 767 Ecclesia:
763 709 1026 766 beneficio
1053 709 1315 764 liberatur
1336 725 1365 763 a
1394 718 1586 769 morte.
1620 724 1724 762 non
1749 708 1899 777 prius
1920 721 2075 778 egre-

485 804 666 865 diendi
691 804 922 874 accipiat
945 801 1276 862 libertatem,
1301 818 1462 872 quam
1491 801 1867 872 pmnitentiam
1894 814 1952 852 se
1977 813 2075 868 pro

483 899 686 956 scelere
722 907 967 953 acturum
998 911 1120 952 esse
1148 897 1462 969 promittat,
1495 906 1550 951 et
1576 895 1718 965 quod
1752 893 1853 964 ipsi
1902 909 2072 949 cano-

488 993 610 1049 uice
641 994 952 1064 imponetur
980 992 1350 1060 impleturum.

568 1084 649 1141 l0.
690 1084 766 1139 De
822 1083 1043 1138 incestis
1102 1079 1614 1152 coniunctionibus,
1665 1077 1709 1134 si
1763 1077 1885 1148 quis
1931 1075 2073 1132 infra

480 1176 860 1247 praescriptum
911 1174 1214 1229 canonibus
1253 1172 1479 1243 gradum
1520 1171 1828 1228 incestuoso
1883 1170 2076 1225 ordine

481 1283 605 1324 cum
641 1267 724 1322 his
758 1265 1006 1335 personis
1032 1305 1048 1329 ,
1108 1264 1306 1334 quibus
1345 1279 1374 1317 a
1427 1262 1625 1318 divinis
1652 1261 1853 1332 regulis
1893 1261 2075 1332 prohi-

481 1356 675 1422 betur,
709 1371 768 1410 se
804 1356 1150 1426 coniunxerit
1175 1395 1189 1419 ,
1224 1354 1325 1408 nisi
1357 1353 1736 1424 paenitentiam
1769 1360 2075 1420 sequestra-

481 1449 625 1502 tione
649 1456 950 1510 testentur,
980 1447 1366 1502 communione
1397 1447 1706 1517 priventur,
1745 1454 1798 1500 et
1824 1458 1998 1514 neque
2021 1444 2073 1498 in

479 1540 680 1612 palatio
716 1540 986 1604 militiam,
1022 1554 1198 1611 neque
1239 1541 1567 1610 agendarum
1591 1554 1879 1594 causarum
1908 1537 2073 1592 licen-

478 1631 607 1684 tiam
655 1630 908 1684 habeant.
979 1629 1045 1684 Et
1092 1631 1310 1697 quando
1360 1630 1601 1698 praedicti
1664 1629 1959 1684 incestnosi
2012 1643 2073 1684 se

475 1718 878 1789 coniunxerint,
921 1719 1160 1790 episcopi
1198 1735 1290 1774 seu
1339 1720 1681 1790 presbyteri,
1734 1714 1786 1773 in
1835 1734 2062 1788 quorum

475 1810 698 1865 dioecesi
743 1811 828 1865 vel
879 1827 1019 1882 pago
1062 1819 1242 1865 aetum
1289 1809 1492 1877 fuerit,
1527 1812 1640 1882 regi
1684 1811 1768 1866 vel
1795 1810 2068 1880 jndicibus

474 1902 652 1955 scelus
682 1893 1052 1971 perpetratum
1089 1901 1438 1966 annuntient,
1470 1910 1672 1957 utcum
1703 1892 1834 1972 ipsis
1860 1901 2068 1956 denun-

477 1992 667 2047 tiatum
693 1993 876 2058 fuerit,
907 2009 965 2048 se
1003 1994 1070 2048 ab
1090 2009 1280 2048 eorum
1302 1994 1687 2050 communione
1717 1999 1813 2048 aut
1833 1993 2061 2048 cohabi-

477 2083 684 2137 tatioue
720 2091 1094 2153 sequestrent,
1127 2092 1182 2138 et
1228 2100 1317 2140 res
1355 2100 1543 2139 eorum
1575 2084 1644 2140 ad
1685 2083 1932 2154 proprios
1967 2069 2069 2152 pa-

482 2185 664 2229 rentes
689 2175 1041 2244 perveniant,
1077 2176 1178 2230 sub
1209 2192 1272 2231 ea
1303 2177 1636 2240 conditione,
1684 2186 1741 2230 ut
1775 2184 2065 2245 antequam

484 2252 934 2336 Seqnestretitttr,
984 2283 1082 2338 per
1123 2268 1339 2325 .nullnm
1373 2268 1690 2338 ingenium,
1751 2282 1923 2338 neque
1972 2278 2069 2337 per

470 2366 754 2429 parentes,
790 2374 965 2427 neque
995 2373 1091 2428 per
1119 2359 1471 2429 emptionem,
1501 2375 1676 2428 neque
1707 2375 1803 2428 per
1827 2360 2067 2414 auctori-

473 2457 639 2502 tatem
662 2447 886 2517 regiam,
914 2447 981 2501 ad
1011 2448 1262 2516 proprias
1289 2448 1606 2519 perveniant
1629 2447 1931 2512 facultates,
1962 2447 2066 2502 nisi

475 2535 692 2608 praefati
752 2536 980 2592 sceleris
1029 2539 1372 2608 separatione
1425 2539 1803 2609 paenitentiam
1855 2538 2065 2595 fatean-

469 2636 526 2681 ιιι
535 2643 579 2682 I‘.

540 2720 628 2775 11.
667 2718 723 2774 Si
756 2721 878 2790 quis
898 2719 1246 2776 homicidium
1269 2729 1462 2792 sponte
1491 2721 1845 2784 commiserit,
1872 2730 1928 2776 et
1955 2738 2062 2777 non

467 2810 740 2865 violentia:
792 2811 1092 2876 resistens,
1148 2812 1242 2866 sed
1303 2812 1410 2866 vim
1464 2810 1668 2866 faciens
1713 2811 1913 2880 impetu
1965 2812 2068 2866 hoc

468 2901 681 2969 fecerit,
717 2918 838 2957 cum
873 2902 978 2956 isto
1007 2903 1225 2972 penitus
1256 2919 1362 2957 non
1401 2902 1913 2957 communicandum
1942 2918 1956 2956 :
1987 2903 2066 2959 sic

470 3001 650 3046 tamen
680 3000 739 3046 ut
768 2993 812 3046 si
845 2993 1219 3062 ptenitentiam
1247 2993 1450 3063 egerit,
1480 2994 1532 3048 in
1561 2993 1710 3048 exitu
1750 2993 1798 3048 ei
1820 3008 2062 3048 commu-

469 3083 649 3137 nionis
675 3083 932 3138 viaticum
958 3098 1064 3138 non
1100 3092 1344 3152 negetur.

544 3176 632 3230 12.
673 3175 894 3240 Clerici,
933 3176 1096 3230 etiam
1145 3175 1227 3229 vel
1267 3176 1594 3241 saeculares,
1634 3177 1723 3246 qui
1763 3176 2063 3232 oblationes

469 3275 782 3337 parentum,
811 3275 906 3320 aut
930 3266 1155 3321 donatas
1173 3307 1188 3332 ,
1215 3276 1308 3321 aut
1337 3276 1657 3323 testamento
1690 3269 1909 3324 relictas
1936 3270 2065 3324 reti-

483 3371 613 3412 nere
631 3359 1075 3429 pra-sumpserint
1094 3357 1328 3431 [ConciL
1358 3357 1536 3415 Paris.
1560 3376 1645 3426 ιιι,
1671 3377 1722 3415 r.
1756 3360 1807 3435 fj
1836 3370 1961 3415 :ant
1988 3363 2061 3427 id,

469 3447 612 3516 quod
640 3447 736 3516 ipsi
770 3448 1090 3502 donaverint
1117 3449 1360 3504 ecclesiis
1390 3458 1483 3504 aut
1510 3453 1894 3519 monasteriis,
1929 3467 2053 3507 cre-

470 3540 712 3594 diderint
735 3539 1114 3608 auferendum,
1143 3543 1285 3596 sicut
1308 3551 1434 3597 ante
1459 3545 1697 3613 synodus
1723 3552 1908 3599 sancta
1935 3558 2063 3597 con-

470 3633 670 3697 stituit,
697 3631 843 3686 velut
865 3641 1143 3688 necatores
1167 3647 1487 3703 pauperum,
1509 3649 1790 3703 quousque
1812 3634 2060 3698 reddant,

469 3720 539 3774 ab
565 3720 813 3775 ecclesiis
852 3721 1226 3778 excludantur.

543 3811 631 3865 15.
677 3808 746 3864 Ut
771 3810 1064 3865 Christiani
1107 3810 1307 3867 ludatis
1333 3811 1416 3866 vel
1446 3811 1738 3884 gentilibus
1782 3827 1888 3867 non
1929 3827 2060 3867 ven-

469 3893 668 3948 dantur
695 3905 784 3950 :et
805 3901 849 3951 si
884 3898 1006 3967 quis
1036 3899 1466 3954 Christianorum
1489 3901 1812 3956 necessitate
1837 3909 2062 3972 cogente

473 3988 743 4056 mancipia
774 4003 870 4042 sua
900 3989 1207 4044 Christiana
1250 3990 1474 4060 elegerit
1524 3990 1918 4056 venundanda,
1954 4007 2060 4045 non

474 4079 597 4132 aliis
629 4081 730 4133 nisi
773 4090 977 4135 tantum
1027 4082 1354 4138 Christianis
1401 4085 1688 4154 expendat.
1723 4082 1855 4136 Nam
1886 4084 1930 4138 si
1962 4098 2061 4153 pa-

477 4168 632 4234 ganis
661 4181 750 4221 aut
779 4169 979 4224 Iudaeis
1006 4171 1334 4233 vendiderit,
1378 4175 1756 4226 communione
1787 4173 2059 4242 privetur,

470 4267 524 4308 ct
553 4259 754 4327 emptio
778 4269 961 4314 careat
998 4260 1271 4313 firmitate.
1313 4257 1480 4315 Judzei
1514 4276 1640 4315 vero
1669 4261 1712 4314 si
1746 4261 2060 4315 Christiana

473 4348 738 4418 mancipia
766 4350 832 4403 ad
860 4349 1198 4405 Judaismum
1229 4366 1424 4406 vocare
1455 4352 1934 4422 prmsumpseriut,
1967 4361 2061 4406 aut

2182 435 2351 490 tiosOs
2385 437 2678 491 comedunt
2701 438 2876 500 cibos,
2906 449 3042 506 quos
3072 437 3302 506 benigna
3345 436 3549 506 placuit
3579 439 3752 492 admo-

2182 450 2351 490 tiosos
2385 450 2678 491 comedunt
2701 450 2876 500 ethos,
2906 450 3042 506 quos
3073 450 3302 506 benigna
3345 450 3549 506 ptacunt
3579 450 3752 492 admo-

2177 525 2380 580 nitione
2410 526 2644 591 suaderi,
2673 536 2728 581 ut
2749 527 2817 582 ab
2847 527 3124 582 erroribus
3155 525 3397 595 pristinis
3419 450 3780 628 revocentuti

2177 613 2329 681 Quod
2359 617 2404 670 si
2443 615 2798 686 neglexerint,
2830 626 2884 670 et
2918 616 3216 670 idololatris
3245 616 3328 670 vel
3359 613 3781 699 immolantibus;

2177 723 2235 763 se
2284 708 2630 775 miscuerint,
2674 709 3011 778 poenitentia:
3062 709 3280 780 dignum
3332 717 3543 778 tempus
3579 708 3764 764 exsol-

2175 807 2326 852 vant.

2249 891 2334 946 17.
2360 892 2489 946 Item
2515 901 2574 947 ut
2595 893 2820 949 serviles
2847 908 3092 962 persona:
3117 893 3184 947 ad
3214 893 3619 948 accusationem
3649 907 3758 947 non

2176 979 2529 1035 admittuntur
2559 1000 2570 1035 :
2597 992 2652 1036 et
2677 984 2766 1052 qui
2800 998 3086 1052 personam
3131 982 3470 1052 susceperint
3497 996 3765 1036 accusan-

2179 1071 2262 1131 tis,
2295 1089 2416 1125 cum
2441 1089 2606 1126 unum
2630 1075 2834 1128 crimen
2869 1089 2973 1127 non
3003 1073 3376 1144 probaverint,
3413 1073 3481 1126 ad
3515 1071 3624 1126 alia
3667 1086 3761 1126 ac-

2176 1167 2473 1220 cusandum
2499 1180 2604 1218 non
2629 1163 2972 1217 admittatur.

2247 1255 2330 1310 18.
2362 1255 2491 1310 Item
2515 1255 2559 1310 si
2583 1255 2704 1325 quis
2727 1255 2778 1308 in
2811 1255 3056 1324 quolibet
3081 1255 3248 1324 gradu
3275 1255 3358 1310 vel
3386 1253 3605 1325 cingulo
3633 1270 3763 1310 con-

2176 1346 2420 1410 stitutus,
2446 1354 2537 1399 aut
2565 1353 2831 1414 potestate
2854 1345 3125 1411 suffultus,
3151 1347 3446 1400 decedente
3474 1346 3755 1415 episcopo,

2176 1453 2263 1492 res
2293 1435 2580 1504 cujuslibet
2625 1436 2954 1490 conditionis
3008 1437 3062 1490 in
3120 1437 3310 1491 domos
3352 1436 3438 1490 vel
3468 1451 3630 1504 agros
3673 1449 3762 1489 eeo

2175 1527 2351 1581 clesiie
2391 1527 2592 1596 positas
2617 1567 2631 1590 ,
2672 1535 2799 1580 ante
2853 1526 3239 1580 rese'rationem
3279 1527 3587 1580 testamenti
3613 1566 3630 1590 ,
3679 1526 3760 1580 vel

2175 1618 2502 1672 audientiam
2529 1632 2694 1671 ausus
2725 1615 2889 1672 fuerit
2919 1630 3187 1685 occupare
3213 1655 3227 1679 ,
3274 1616 3354 1669 vel
3393 1615 3638 1670 ecclesia:
3678 1630 3761 1670 re-

2097 1705 2360 1779 Bpagula
2407 1706 2737 1778 effringere,
2790 1716 2845 1761 et
2895 1707 3286 1777 supellectilem
3342 1705 3482 1760 infra
3534 1706 3756 1761 domum

2171 1800 2418 1856 ecclesia:
2447 1800 2679 1870 positam
2717 1799 3064 1868 contingere,
3098 1798 3179 1862 vel
3225 1798 3456 1852 scrutari
3494 1812 3758 1867 prtesnm-

2169 1892 2360 1962 pserit,
2403 1907 2435 1945 a
2467 1891 2850 1946 communione
2891 1889 3324 1944 Christianorum
3355 1889 3569 1959 penitus
3607 1888 3760 1942 abdi-

2169 1993 2288 2040 cetn
2298 2001 2341 2038 r.
2437 1978 2440 1982 ’
3251 1969 3254 1971 Δ

2243 2076 2329 2130 19.
2357 2075 2513 2138 Item,
2542 2090 2588 2129 si
2614 2075 2738 2145 quis
2777 2075 3065 2145 ingenuum
3106 2081 3199 2126 ant
3238 2073 3490 2128 libertum
3541 2073 3605 2126 ad
3647 2088 3759 2128 sero

2169 2167 2360 2222 vitium
2403 2167 2662 2220 inclinare
2693 2165 2943 2231 voluerit,
2976 2174 3067 2219 aut
3107 2166 3339 2220 fortasse
3378 2164 3490 2233 jam
3523 2165 3674 2232 fecit,
3706 2177 3760 2222 et

2169 2255 2530 2310 commonitu
2550 2255 2616 2310 ab
2643 2255 2898 2324 episcopo
2926 2269 2984 2308 se
3015 2254 3081 2307 de
3120 2254 3489 2322 inquietudine
3515 2253 3634 2322 ejus
3678 2271 3762 2309 re-

2167 2359 2363 2399 vocare
2393 2345 2708 2416 neglexerit,
2741 2357 2835 2398 aut
2876 2344 3169 2398 emendare
3206 2344 3461 2410 noluerit,
3495 2352 3755 2413 tanquam

2168 2435 2452 2490 calumniae
2498 2451 2647 2491 reum
2683 2436 2885 2506 placuit
2917 2436 3268 2504 sequestrari.

2237 2527 2329 2583 20.
2369 2528 2501 2584 ltem
2542 2539 2600 2583 ut
2645 2529 2830 2584 clerici
2857 2530 3148 2599 cujuslibet
3187 2530 3416 2596 ordinis,
3454 2546 3628 2600 neque
3659 2545 3758 2600 prJ

2166 2623 2422 2692 propriis,
2455 2638 2631 2691 neque
2661 2638 2759 2692 pro
2783 2623 3169 2680 ecclesiasticis
3199 2626 3378 2680 causis
3419 2626 3580 2680 aliter
3603 2626 3756 2681 adire

2168 2714 2403 2769 debeant
2447 2712 2623 2768 forum
2656 2751 2671 2779 ,
2723 2729 2821 2770 nec
2858 2730 3054 2769 causas
3097 2716 3280 2770 dicere
3317 2717 3590 2778 audeant,
3648 2707 3752 2772 nisi

2166 2819 2304 2874 quas
2351 2820 2476 2860 cum
2531 2806 2798 2874 permissu
2829 2814 2885 2860 et
2929 2805 3158 2861 consilio
3195 2806 3434 2876 episcopi
3481 2821 3644 2876 agere
3672 2807 3757 2862 eis

2167 2895 2330 2950 fuerit
2357 2898 2580 2953 omnino
2617 2900 2964 2967 permissum.

2235 2987 2328 3042 2t.
2368 2988 2522 3054 item,
2548 2999 2608 3043 ut
2653 2990 2707 3044 in
2750 2991 3024 3060 parochiis
3067 2990 3248 3045 nullus
3281 2990 3542 3046 laicornm
3569 2983 3750 3046 archi-

2082 3076 2128 3139 C
2161 3079 2442 3149 presbyter
2474 3091 2856 3150 prarponatur,
2908 3080 3001 3137 sed
3045 3080 3138 3149 qui
3168 3081 3353 3135 senior
3384 3082 3437 3136 in
3474 3082 3604 3151 ipsis
3631 3088 3756 3137 esse

2166 3171 2326 3227 debet
2351 3171 2582 3228 clericus
2611 3173 2923 3228 ordinetur.

2219 3261 2326 3317 £22.
2357 3261 2510 3328 item,
2543 3261 2826 3331 pontifices
2846 3257 3043 3331 quibus
3073 3261 3126 3316 in
3173 3278 3386 3318 summo
3440 3264 3750 3320 sacerdotio

2164 3353 2474 3407 constitutis
2497 3353 2565 3407 ab
2605 3353 2880 3406 extraneis
2919 3352 3182 3408 duntaxat
3219 3354 3445 3424 aliquid,
3489 3363 3583 3408 aut
3627 3369 3752 3410 cum

2162 3442 2416 3507 ecclesia,
2461 3451 2555 3496 aut
2592 3444 2994 3511 sequestratim,
3031 3453 3125 3497 aut
3171 3445 3482 3508 dimittitur.
3525 3456 3621 3500 aut
3657 3447 3751 3500 doo

2165 3541 2325 3585 natur
2377 3531 2522 3600 (quia
2580 3531 2671 3585 ille
2720 3547 2812 3600 qui
2855 3532 3062 3596 donat,
3121 3547 3217 3601 pro
3271 3533 3510 3586 rentedio
3554 3536 3752 3590 anima

2163 3637 2296 3686 sum,
2329 3636 2434 3674 non
2471 3637 2568 3691 pro
2597 3621 2882 3675 commodo
2915 3622 3214 3676 sacerdotis
3238 3621 3500 3691 probatur
3528 3622 3752 3695 offerre)

2163 3731 2270 3770 non
2319 3715 2474 3785 quasi
2504 3732 2659 3770 suum
2694 3716 2994 3786 proprium,
3020 3717 3113 3771 sed
3143 3717 3296 3787 quasi
3328 3717 3612 3774 dimissum
3658 3736 3751 3776 cce

2162 3805 2340 3862 clesia:
2376 3807 2516 3862 inter
2546 3806 2830 3864 facultates
2877 3808 3123 3864 ecclesia:
3178 3810 3591 3878 compntabunt,
3619 3813 3750 3882 quia

2157 3899 2365 3970 justum
2407 3909 2510 3964 est,
2546 3908 2605 3955 ut
2633 3901 2776 3955 sicut
2819 3902 3077 3956 sacerdos
3105 3901 3269 3956 habet
3308 3901 3453 3971 quod
3504 3901 3754 3958 ecclesia!

2163 3989 2444 4043 dimissum
2474 3998 2578 4052 est,
2610 3989 2683 4043 ita
2712 3999 2767 4044 et
2794 3989 3024 4045 ecclesia
3057 3989 3256 4045 habeat
3295 3991 3436 4059 quod
3468 3991 3751 4060 reliquerit

2164 4081 2417 4135 sacerdos
2462 4079 2522 4153 [ἡ
2557 4081 2882 4150 relinquitur
2924 4081 3241 4155 sacerdoti}.
3297 4082 3442 4137 Sane
3483 4084 3748 4154 quidquid

2165 4188 2260 4242 per
2318 4171 2441 4227 fidei
2504 4172 2854 4227 commissum
2899 4183 2994 4228 aut
3039 4175 3340 4230 sacerdotis
3393 4176 3597 4230 nomini
3653 4186 3750 4232 aut

2163 4262 2405 4320 ecilesia:
2441 4261 2674 4318 fortasse
2705 4263 3032 4329 dimittitur,
3083 4265 3388 4334 cuicunque
3434 4265 3555 4320 aliis
3591 4276 3748 4336 post-

2168 4353 2383 4407 modum
2415 4352 2752 4422 profuturum
2777 4393 2793 4418 ,
2836 4355 2889 4408 id
2920 4355 3061 4410 inter
3084 4354 3369 4412 facultates
3402 4371 3531 4412 suas
3574 4357 3747 4412 eccle-

471 4440 728 4508 gravibus
785 4442 1068 4496 tormentis
1121 4443 1451 4508 afflixerint,
1485 4447 1598 4514 ipsa
1645 4447 1908 4516 mancipia
1941 4446 2055 4502 fisci
2087 4421 2137 4480 θ
2163 4443 2242 4496 sia
2267 4421 2638 4513 computatum
2664 4444 2901 4499 retinere
2937 4461 3042 4500 non
3075 4448 3289 4514 poterit.

472 4530 770 4585 ditionibns
802 4543 1141 4586 revocentur.
1189 4535 1292 4601 Qui
1341 4545 1516 4590 tamen
1548 4536 1718 4590 Jud.ei
1767 4538 1833 4592 ad
1884 4539 2062 4596 nullas

472 4624 717 4676 actiones
757 4623 998 4690 publicas
1030 4625 1407 4678 admittuntur.
1436 4624 1744 4679 Judzrorum
1772 4642 1899 4682 vero
1927 4644 2058 4684 con-

471 4714 610 4768 vicia
644 4715 695 4768 in
727 4716 1068 4770 Christianos
1098 4717 1312 4786 penitus
1348 4717 1628 4772 refutanda
1662 4728 1809 4773 sunt.

546 4803 632 4858 ﬂ.
674 4806 804 4859 Item
853 4806 898 4858 si
950 4806 1178 4860 clericus
1225 4806 1573 4875 proficiscens
1615 4808 1681 4862 de
1735 4810 1952 4864 civitate
1993 4811 2061 4866 ad

473 4895 608 4950 alias
639 4896 888 4950 civitates
916 4896 1175 4961 voluerit,
1206 4908 1300 4950 aut
1330 4897 1638 4967 provincias
1658 4913 1903 4967 pergere,
1934 4916 2061 4970 pon-

477 4987 634 5040 tilicis
671 4986 754 5039 sui
792 4986 1036 5053 epistolis
1075 4989 1499 5043 connnendetnr.
1535 4989 1685 5055 Quod
1714 4991 1759 5044 si
1791 4991 1908 5044 sine
1949 4991 2061 5060 epi-

475 5076 630 5128 stulis
659 5075 934 5144 profectus
977 5077 1142 5132 fuerit
1183 5080 1484 5134 manifestis
1507 5120 1522 5147 ,
1557 5081 1700 5136 nullo
1731 5081 1891 5136 modo
1917 5081 2058 5136 reci-

476 5177 673 5234 piatur.

553 5257 641 5310 15.
669 5255 799 5312 Item
831 5262 1184 5336 utepiscopus
1204 5270 1468 5342 mancipia
1489 5271 1572 5326 vel
1595 5286 1680 5328 res
1701 5271 1766 5325 ad
1778 5269 1868 5339 jus
1885 5269 2058 5327 eccle-

600 5349 927 5392 ΠΘΙΊῘημηΙρε
975 5373 1150 5392 ηοηηιι
1171 5363 1402 5392 \‘nlna‘nnn
1475 5379 1646 5392 uana-nan
1671 5379 1766 5392 In:\-
1793 5379 2027 5392 tau-nnnn-n

2232 4536 2322 4590 25.
2354 4535 2508 4601 Item,
2533 4536 2576 4591 si
2619 4537 2740 4606 quis
2779 4537 3061 4607 episcopus
3102 4553 3208 4601 res,
3233 4555 3352 4609 qua:
3396 4539 3465 4594 ab
3512 4538 3616 4593 alia
3657 4555 3750 4596 ec-

2164 4627 2329 4685 clesia
2379 4627 2769 4698 praesentaliter
2802 4626 2874 4698 [ες
2902 4628 3332 4700 praesentia-liter]
3370 4630 3745 4698 possidentur,

2165 4732 2486 4788 quocunque
2508 4716 2722 4785 ingenio
2760 4727 2853 4769 aut
2893 4716 3085 4770 callida
3114 4718 3403 4786 cupiditate
3425 4723 3746 4788 pervaserit,

2166 4819 2262 4865 aut
2288 4809 2406 4864 sine
2451 4807 2725 4862 audientia
2761 4810 3165 4877 praesumpserit
3200 4825 3481 4879 usurpare,
3515 4826 3582 4866 ac
3629 4814 3749 4868 suis

2164 4906 2246 4960 vel
2277 4904 2518 4961 ecclesia:
2547 4918 2658 4958 su'e
2691 4901 2988 4956 ditionibus
3029 4917 3300 4967 revocare,
3338 4906 3462 4960 dum
3503 4920 3748 4961 comma-

2166 4999 2326 5051 niune
2355 4996 2556 5066 privari
2588 5011 2694 5051 non
2732 5003 2932 5064 potest,
2959 5003 3015 5047 ut
3046 5005 3267 5050 necator
3313 5011 3636 5066 pauperum,
3675 5000 3745 5054 ab

2162 5085 2337 5144 ofﬁcio
2365 5089 2686 5157 deponatur.

2232 5184 2322 5237 2t.
2364 5184 2520 5246 Item,
2545 5182 2588 5237 si
2623 5181 2746 5250 quis
2797 5179 3083 5250 episcopus
3111 5179 3382 5250 (excepto,
3413 5181 3458 5236 si
3499 5181 3744 5238 evenerit

2163 5278 2328 5332 ardua
2373 5275 2684 5332 necessitas.
2716 5288 2812 5344 pro
2841 5272 3206 5343 redemptione
3239 5273 3613 5343 captivorum)
3639 5273 3743 5328 mi-

2447 5376 2596 5392 --.Αιλ
2629 5364 2875 5392 Γηηιι-ιηΛ-οιι
2905 5379 2997 5392 ναι-Λ
3031 5363 3391 5392 ηιιηηηιιηηιιιι
3433 5365 3743 5392 Ληιιιιῖιῖιιιιιι
