3974 5392
172 388 276 446 103

738 381 1085 441 msroma:
1126 376 1481 437 sccuesw
1521 356 1862 434 amassis
1898 370 2080 427 uani
2119 366 2476 439 nonnon.
2515 396 2586 408 -
2616 364 2745 422 me.
2784 365 2844 421 ιι.

3344 358 3447 423 106
3493 354 3505 363 ’

172 516 353 573 neque
381 514 483 573 per
522 496 903 554 auctoritatem
939 496 1168 566 regiam,
1196 505 1372 562 neque
1399 488 1761 558 qualicunque

1888 488 2034 572 psam
2086 502 2522 573 pertinentibus;
2569 507 2850 570 argentum
2896 514 3109 570 quoque
3152 500 3220 554 ad
3270 501 3451 569 sepul-

169 605 448 669 pntestate
488 594 761 659 suﬂultus,
799 602 893 647 aut
932 591 1153 662 propria
1210 586 1515 644 temeritate
1570 594 1763 652 rapere

171 699 268 746 aut
309 691 533 744 trahere
562 689 778 742 audeat.
814 685 967 753 Quod
1012 683 1057 737 si
1100 681 1317 752 utrique
1362 673 1761 736 consenserint,

171 780 565 837 communione
607 779 909 849 priventur.

239 869 601 934 26.1udiccs,
636 869 728 938 qui
759 881 922 938 super
945 864 1272 919 auctoritate
1293 873 1345 916 et
1369 859 1547 914 edicto
1593 854 1767 913 domi-

170 962 296 1019 nico
322 977 599 1017 canonum
627 968 829 1016 statuta
855 966 1241 1023 contemnunt;
1270 954 1351 1010 vel
1384 955 1617 1008 edictum
1636 949 1765 1007 illud

172 1052 545 1117 dominicum',
588 1052 732 1122 quod
777 1050 1004 1105 Parisiis
1056 1048 1258 1103 factum
1289 1057 1407 1113 est,
1440 1044 1768 1100 violaverint

174 1157 267 1202 aut
304 1145 765 1214 contempserint,
796 1144 1002 1214 placuit
1027 1158 1121 1196 eos
1150 1143 1528 1195 communione
1548 1136 1768 1205 privari.

239 1240 335 1293 27.
370 1239 528 1299 Item,
560 1246 618 1290 ut
644 1236 938 1293 decedente
964 1234 1218 1304 episcopo
1242 1234 1295 1286 in
1327 1232 1501 1285 locum
1525 1230 1641 1300 ejus
1666 1243 1770 1282 non

175 1328 316 1383 alius
372 1329 727 1396 subrogetur,
776 1326 881 1379 nisi
929 1325 1035 1380 loci
1094 1324 1237 1377 illius
1284 1323 1556 1392 indigena,
1609 1333 1771 1389 quem

174 1420 492 1476 universale
516 1428 572 1474 et
604 1420 767 1473 totius
794 1418 974 1488 populi
1022 1415 1250 1487 elegerit
1276 1424 1479 1476 votmu,
1510 1427 1574 1468 ac
1616 1426 1773 1466 com-

146 1511 594 1581 provincialium
624 1509 877 1562 voluntas
920 1506 1236 1561 asseuserit.
1270 1506 1460 1569 Aliter,
1494 1504 1584 1574 qui
1635 1517 1774 1573 prte-

177 1603 498 1673 Sutnpserit,
540 1601 827 1668 abjiciatur
868 1614 900 1654 e
955 1599 1083 1652 sede
1130 1612 1293 1667 quam
1345 1596 1544 1650 invasit
1595 1594 1774 1664 potius

176 1709 337 1763 quam
362 1691 594 1761 accepit.
620 1690 972 1745 Ot‘dinatores
1004 1696 1183 1742 autem
1218 1687 1450 1741 triennio
1484 1688 1551 1738 ab
1597 1684 1774 1740 ollicio

177 1782 671 1839 administrationis
701 1797 815 1836 sua:
857 1780 1001 1835 θείης
1050 1796 1267 1834 cessare
1298 1780 1660 1833 decernimus.

1865 609 2017 649 erum
2064 593 2247 649 domui
2280 591 2560 648 Tlteodulli
2593 589 3007 656 fabricandum,
3073 592 3152 645 vel
3184 606 3454 646 exornan-

1866 684 2015 740 dum.
2048 685 2131 739 Ad
2160 683 2438 738 basilicam
2461 682 2630 738 sancti
2667 681 2773 737 Viti
2803 698 2899 737 vas
2924 684 3194 752 quoddam
3254 697 3451 752 argen-

1872 781 2013 829 teum
2037 775 2103 828 ad
2130 773 2353 830 calicem
2385 772 2716 838 faciendum,
2750 780 2805 828 et
2834 772 2887 827 in
2911 789 3044 827 auro
3074 773 3275 828 solidos
3295 772 3456 843 quin-

1869 865 2067 921 decim.
2114 864 2196 918 Ad
2250 863 2530 918 basilicam
2556 872 2870 918 sanctorum
2916 875 3213 936 martyrum
3268 863 3451 920 [inlini

1868 964 1925 1009 et
1955 954 2148 1009 Valerii
2189 954 2244 1008 in
2271 969 2403 1009 auro
2431 953 2635 1010 solidos
2662 955 2992 1024 quindecim.
3043 956 3126 1010 Ad
3172 956 3455 1012 basilicam

1871 1054 2179 1102 sanctorum
2208 1055 2503 1117 martyrum
2529 1044 2762 1115 Crispini
2790 1055 2844 1100 et
2866 1047 3194 1116 Crispiniaui
3215 1048 3333 1101 auri
3354 1036 3456 1102 ἐο-

1873 1136 2010 1192 lidos
2032 1137 2358 1207 quindecim.
2417 1137 2499 1192 Ad
2552 1136 2890 1193 matriculam
2953 1150 3215 1207 prseterea
3252 1147 3457 1196 saucue

1876 1227 2157 1282 “emensis
2178 1228 2419 1287 ecclesia:
2460 1228 2713 1283 nonnulla
2745 1229 2973 1284 (ontulit
2995 1231 3237 1284 donaria.

1944 1317 2172 1374 (laeteris
2192 1334 2411 1389 quoque
2437 1320 2762 1387 matriculis,
2810 1321 2897 1375 vel
2943 1322 3458 1393 congregationibus

1876 1409 2085 1463 diversa
2107 1408 2374 1480 delegavit
2394 1422 2636 1463 munera.
2662 1408 2994 1476 Quibusdam
3021 1411 3294 1468 lia-reduxit
3324 1427 3465 1481 quo-

1876 1516 1982 1572 que
2009 1516 2232 1557 suorum
2259 1501 2506 1572 personis
2534 1503 2736 1572 praedia
2767 1505 3013 1573 quaedam
3043 1520 3110 1560 eo
3158 1514 3347 1561 tenore
3365 1506 3461 1561 de.

1878 1595 2116 1666 reliquit,
2164 1604 2225 1648 ut
2266 1596 2333 1649 ad
2358 1598 2477 1651 loca
2533 1603 2845 1651 sanctorum
2873 1612 2905 1650 a
2941 1612 2999 1652 se
3038 1598 3308 1652 destinata
3340 1606 3466 1668 post

1874 1704 2067 1743 eorum
2107 1696 2514 1745 reverterentur
2548 1689 2854 1745 decessum.
2904 1690 3172 1761 Mancipia
3204 1690 3463 1745 nonnulla

1878 1778 2128 1833 libertate
2149 1779 2390 1845 donavit,
2440 1778 2745 1850 additisque
2790 1779 2982 1835 ditavit
3020 1781 3265 1850 peculiis.
3307 1781 3465 1848 Quod

232 1880 507 1934 Pmterea
533 1893 622 1932 res
643 1876 886 1931 ecclesia:
900 1876 1155 1946 praelatus
1178 1873 1369 1944 praesul
1391 1875 1618 1926 domnus
1641 1871 1773 1927 Son-
1803 1846 1848 1906 Β
1878 1872 1978 1926 viri
2011 1870 2104 1926 Dei
2128 1879 2511 1927 testamentum
2546 1846 2743 1943 regalis
2770 1846 3036 1942 praecepti
3054 1846 3462 1943 reperituripa-

178 1973 356 2027 natins
403 1954 761 2042 probabiliter
797 1970 1079 2023 ordinasse
1114 1968 1335 2038 legitur,
1364 1981 1568 2035 augens
1609 1967 1772 2019 etiam

174 2064 537 2132 episcopium,
557 2060 715 2115 terris
744 2076 807 2114 ac
836 2060 1120 2130 mancipiis
1149 2061 1273 2113 dato
1300 2058 1473 2128 pretio
1494 2059 1772 2126 coemptis,

179 2170 409 2225 quarum
476 2154 655 2207 adhuc
703 2150 1037 2222 entptiouum
1104 2150 1357 2205 nonnulla
1431 2151 1777 2221 reperiuntur

180 2245 537 2299 monimenta.
567 2242 836 2309 Quasdam
860 2256 1073 2313 quoque
1101 2256 1204 2307 res,
1231 2257 1365 2311 quas
1381 2242 1528 2310 pravi
1556 2240 1775 2311 quidam

178 2346 577 2407 pervaseraut,
656 2335 797 2405 apud
846 2334 1051 2406 regiam
1103 2332 1457 2402 majestatem,
1509 2341 1617 2388 tam
1681 2347 1777 2403 per

181 2428 420 2497 seipsum
460 2443 622 2497 quam
675 2428 841 2481 etiam
874 2442 969 2496 per
999 2441 1128 2481 suos
1173 2435 1407 2490 actores,
1448 2425 1629 2479 Marco
1649 2441 1774 2493 pre-

180 2521 403 2592 sbytero
450 2535 671 2590 quoque
724 2519 900 2590 legato
927 2536 1023 2574 suo
1052 2535 1249 2575 causas
1278 2528 1487 2589 agente,
1521 2520 1776 2587 repetitas

176 2620 234 2666 et
273 2613 532 2667 obtentas
582 2612 826 2667 eet-lesiie
863 2612 963 2665 rite
997 2612 1252 2665 restituit.
1312 2610 1563 2665 Colonias
1613 2611 1774 2664 etiam

176 2703 431 2758 villarum
470 2704 826 2774 quarmudam
876 2703 1132 2773 cpisc0pii
1189 2703 1445 2773 depositis
1502 2702 1776 2758 ordinavit

180 2795 442 2850 servitiis.
483 2794 761 2863 Prsecepta
813 2809 1023 2848 necnon
1056 2794 1257 2864 regalia
1303 2809 1469 2863 super
1519 2793 1778 2848 ecclesia-

182 2888 445 2942 sticarum
502 2886 844 2940 immunitate
899 2900 1113 2948 rerum,
1192 2886 1287 2939 sed
1328 2892 1383 2940 et
1426 2885 1774 2939 traditionum

179 2978 545 3047 quarumdam
584 2972 823 3029 obtinuit
852 2975 1129 3030 ﬁrmitate.
1177 2974 1282 3030 Sed
1308 2984 1363 3030 et
1389 2992 1476 3032 res
1505 2977 1778 3031 invenitur

180 3068 447 3138 quasdam
476 3081 600 3120 cum
631 3066 816 3136 regina
870 3064 1228 3121 Bruneebildc
1256 3075 1645 3131 commutasse,
1677 3082 1776 3137 pro

182 3160 471 3229 utriusque
492 3159 663 3228 partis
700 3158 1120 3226 opportunitate.

252 3249 670 3305 Testamentum
700 3264 913 3317 quoque
944 3265 1122 3305 rerum
1152 3266 1370 3305 suarum
1421 3251 1680 3316 condidit,
1724 3251 1778 3306 in

182 3354 290 3410 quo
332 3338 488 3409 plura
523 3338 754 3392 diversis
785 3338 1007 3392 donaria
1034 3340 1261 3394 contulit
1293 3341 1557 3397 ccclesiis.
1589 3341 1782 3395 Basili-

187 3446 302 3486 cam
331 3440 516 3485 tamen
541 3431 685 3485 beati
720 3431 949 3501 Remigii
974 3432 1242 3501 prmcipue
1267 3433 1369 3487 sibi
1399 3434 1666 3489 ιιωιὈιίριιι
1696 3434 1781 3489 in-

188 3522 397 3584 stituit,
448 3522 540 3575 ubi
592 3530 647 3575 et
693 3522 1024 3591 sepulturam
1075 3538 1134 3577 se
1176 3524 1486 3580 habiturum
1542 3526 1777 3597 delegit;

187 3612 371 3681 ibique
422 3612 735 3668 missorium
779 3622 1096 3683 argenteum
1131 3615 1449 3671 deauralum
1481 3618 1777 3688 deputavit.

189 3699 509 3756 Cocblearia
562 3717 779 3771 quoque
824 3702 1127 3768 duodecim,
1200 3714 1255 3759 et
1300 3706 1554 3761 salarimu
1588 3724 1782 3779 argen-

188 3801 357 3856 teum,
408 3808 475 3847 ac
531 3795 832 3862 portionem
886 3811 1036 3849 suam
1083 3797 1150 3851 de
1173 3797 1345 3852 villari
1378 3801 1609 3869 qttndttm
1658 3816 1782 3856 cmn

190 3884 501 3954 mancipiis,
546 3886 743 3953 vineis,
788 3888 977 3955 pratis,
1040 3890 1358 3959 caeterisun
1392 3892 1783 3959 adjacentibus,

190 3982 245 4029 et
270 3974 380 4028 alia
406 3976 687 4040 nonnulla,
717 3993 835 4046 qtae
856 3991 916 4031 se
947 3978 1073 4032 dato
1095 3981 1271 4047 pretio
1300 3983 1783 4053 meminitcompa~

193 4079 366 4119 rasse.
398 4067 482 4119 Ad
511 4065 790 4120 basilicam
830 4077 1142 4122 sanctorum
1174 4068 1441 4126 Timothei
1487 4081 1541 4125 et
1579 4074 1785 4143 Apolli-

192 4155 341 4209 naris
370 4155 637 4225 delegavit
655 4173 813 4211 casas
836 4160 1091 4227 quasdam
1119 4168 1224 4213 tam
1247 4160 1397 4231 juxta
1424 4164 1593 4233 ipsam
1616 4166 1786 4222 eccle-

194 4245 354 4312 siam,
415 4262 575 4315 quam
620 4247 762 4300 infra
822 4248 1118 4303 civitatem.
1160 4251 1239 4305 Ad
1276 4252 1557 4307 basilicam
1612 4257 1784 4311 sancti

196 4337 411 4393 Martini
434 4354 591 4409 quem
618 4339 948 4410 peculiarem
978 4353 1266 4412 patronum
1298 4360 1452 4399 suum
1476 4346 1632 4415 dicit,
1689 4348 1789 4404 vil-

199 4429 301 4486 iam
331 4431 663 4503 Mutationis,
700 4449 862 4503 quam
895 4438 1232 4505 comparavit
1254 4437 1320 4492 ad
1354 4441 1644 4511 integrum,
1678 4444 1785 4499 sic-

1806 3201 1853 3266 C

1876 1962 1999 2032 giua
2030 1961 2362 2017 roboratum.

2485 2055 2715 2111 CAPUT
2762 2055 2847 2110 Vl.

1950 2150 2025 2204 De
2052 2148 2390 2222 Lcudegt'sclo
2417 2151 2679 2220 episcopo,
2708 2148 3020 2219 Auge'bcrto
3045 2158 3092 2203 et
3124 2148 3393 2204 Landoue.

1947 2241 2077 2295 Post
2126 2241 2269 2295 hunc
2313 2240 2532 2296 beatum
2586 2240 2761 2292 virum
2812 2238 3220 2310 Leudegisclns,
3282 2240 3469 2295 Attilzn

1876 2332 2114 2403 episcopi
2156 2331 2347 2398 frater,
2386 2339 2626 2400 tempore
2657 2331 2945 2401 Dagoherti
2965 2332 3103 2401 regis
3130 2332 3463 2404 episcopium

1880 2426 2041 2492 revit,
2079 2426 2223 2495 quod
2248 2426 2412 2480 etiam
2441 2425 2602 2479 rebus
2637 2423 2855 2493 emptis,
2888 2425 3095 2480 scilicet
3127 2426 3296 2488 silvis,
3339 2442 3468 2496 pra-

1881 2517 1971 2583 tis,
2004 2517 2219 2570 ruribus
2243 2515 2411 2569 auxit.
2440 2516 2697 2582 Qumxlam
2729 2531 2948 2585 quoque
2963 2531 3085 2571 cum
3109 2517 3331 2572 Abbone
3346 2517 3469 2572 Tri-

1880 2608 2094 2662 cassino
2113 2608 2387 2676 episcopo,
2415 2622 2511 2676 pro
2541 2607 2821 2676 utriusque
2842 2606 3013 2676 partis
3037 2608 3465 2679 opportunitate,

1880 2698 2270 2762 commutavit;
2309 2699 2402 2752 sed
2430 2706 2485 2752 et
2507 2697 2612 2752 alia
2647 2699 2891 2767 quaedam
2916 2714 3041 2754 cum
3077 2698 3199 2754 aliis
3244 2699 3467 2769 quibus-

1880 2790 2002 2845 dam
2034 2791 2304 2859 personis.
2332 2790 2438 2846 lies
2459 2792 2621 2847 etiam
2645 2793 2906 2862 quasdam
2933 2792 3179 2849 ecclesiae
3203 2793 3469 2850 ordinatis

1881 2882 2147 2952 disposuit
2180 2882 2408 2937 colonis.

1952 2973 2106 3027 llunc
2128 2974 2372 3042 sequitur
2390 2973 2769 3044 Angclbcrtus.
2794 2974 2916 3045 Ipse
2936 2990 3151 3045 quoque
3177 2975 3338 3030 rebus
3357 2989 3473 3030 em-

1879 3067 1988 3135 ptis
2007 3067 2220 3120 auxisse
2243 3068 2511 3136 reperitur
2527 3066 2879 3136 episcopium.
2898 3067 3266 3123 Cuisuccessit
3285 3067 3475 3123 Laudo

1887 3159 1970 3211 vir
1994 3158 2409 3224 illustrissimus,
2438 3166 2493 3213 et
2511 3157 2800 3212 multorum
2818 3174 3096 3229 possessor
3111 3160 3434 3230 pmdiorum
3455 3179 3470 3217 :

1887 3266 2116 3321 quormn
2142 3251 2397 3305 nonnulla
2420 3250 2597 3319 junxit
2622 3251 2887 3319 ecclesiae,
2917 3257 3163 3323 quzedam
3195 3270 3321 3311 vero
3346 3272 3473 3329 pro-

1887 3342 2104 3413 pinquis
2128 3341 2242 3396 suis
2263 3342 2559 3398 distribuit.
2612 3341 2718 3397 Sed
2751 3350 2806 3398 et
2831 3358 2892 3397 ea
2915 3359 3035 3413 qua:
3063 3354 3211 3401 trans
3232 3345 3469 3418 Ligerim

1888 3433 2172 3507 licmepsis
2187 3433 2448 3487 habuerat
2470 3431 2718 3496 ecclesia,
2734 3442 2788 3487 et
2804 3432 2952 3488 Felix
2971 3435 3134 3489 abbas
3149 3435 3367 3505 quidam
3390 3450 3476 3491 ec-

1886 3522 2065 3578 clesia:
2117 3523 2289 3577 sancti
2338 3522 2535 3578 .luliani
2587 3523 2841 3593 martyris
2883 3524 3119 3580 imlebitc
3168 3526 3475 3599 retinebat,

1886 3615 2026 3685 apud
2058 3614 2391 3683 majestatcm
2430 3615 2633 3686 regiam
2660 3615 2865 3685 legibus
2893 3617 3194 3672 evindicata
3233 3619 3476 3689 recepit;

1885 3723 1986 3778 pro
2013 3709 2210 3777 quibus
2223 3708 2336 3777 jam
2368 3716 2528 3761 antea
2560 3708 2929 3776 praedecessor
2964 3708 3080 3776 ejus
3120 3709 3482 3780 Angclbertus

1886 3800 2175 3868 episcopus
2222 3813 2346 3853 cum
2394 3798 2550 3853 Gallo
2599 3799 2926 3851 Arverncusi
2973 3799 3247 3870 episcopo,
3295 3804 3481 3856 coram

1889 3906 2015 3960 rege
2050 3889 2477 3943 controversiam
2510 3887 2764 3942 habuisse
2790 3890 3082 3958 reperitur.
3129 3890 3263 3945 llinc
3283 3891 3474 3948 Laudo

1890 3981 2087 4052 praesul
2103 3981 2391 4036 ecclesiam
2416 3979 2739 4036 Remensem
2760 3997 2939 4035 rerum
2964 3997 3182 4036 suarum
3204 3999 3299 4054 per
3320 3993 3482 4040 testa-

1892 4076 2059 4130 menti
2080 4075 2330 4146 paginam
2352 4072 2457 4129 rite
2477 4071 2604 4128 fecit
2630 4074 2916 4136 lneredem,
2936 4083 2989 4130 et
3007 4090 3341 4147 quaecunque
3361 4075 3482 4137 aliis

1891 4168 2039 4222 dedit
2069 4167 2337 4238 personis,
2366 4165 2448 4221 vel
2472 4164 2736 4230 ecclesiis,
2764 4167 2936 4221 eidem
2958 4168 3220 4232 ecclesia},
3247 4168 3330 4224 vel
3357 4184 3481 4225 suc-

1892 4260 2095 4315 cessori
2140 4273 2238 4313 suo
2280 4258 2561 4314 constituit
2597 4256 2985 4327 dispensanda.
3013 4258 3356 4316 Diversarum
3401 4263 3480 4317 si-

1891 4351 2109 4421 quidem
2150 4358 2463 4405 sanctorum
2500 4347 2740 4404 basilicis
2780 4348 2992 4405 diversa
3018 4349 3481 4422 delegavit-dona-

1896 4444 1998 4499 ria.
2030 4442 2274 4497 Basilicm
2306 4441 2515 4497 scilicet
2543 4440 2716 4496 sancti
2745 4439 3000 4514 Remigii,
3033 4443 3120 4497 ubi
3148 4444 3480 4515 sepulturam

200 4530 256 4575 ut
318 4538 348 4576 a
394 4538 453 4578 se
492 4541 744 4596 possessa
783 4536 888 4594 est,
931 4527 1183 4594 tradidit;
1219 4528 1437 4600 insuper
1486 4542 1541 4587 ct
1593 4552 1785 4591 aurum
1819 4552 1870 4611 ι)
1898 4533 2014 4589 fieri
2047 4533 2149 4587 sibi
2180 4532 2398 4602 delegit,
2440 4531 2594 4587 villas
2634 4539 2688 4586 et
2726 4536 2970 4587 tnunera.
3021 4531 3263 4590 Basilica:
3308 4537 3478 4590 sancti

200 4611 369 4677 dedit,
400 4618 538 4670 unde
568 4617 712 4672 calix
773 4617 901 4671 inibi
958 4618 1133 4673 fieret.
1176 4619 1256 4673 Ad
1283 4619 1566 4679 basilicam
1619 4629 1792 4684 sancti

200 4702 393 4757 Iuliani
426 4706 856 4776 recuperandam
885 4708 1000 4760 auri
1033 4711 1231 4764 solidos
1259 4716 1518 4788 quinque.
1540 4716 1623 4771 Ad
1650 4717 1801 4775 basi-

205 4796 358 4886 licam
406 4801 572 4854 sancti
617 4800 822 4886 Nicasii
855 4800 1105 4857 similiter
1168 4806 1370 4864 solidos
1417 4813 1681 4886 quinque.
1713 4817 1795 4874 Ad

207 4874 476 4933 basilicam
507 4881 684 4934 sancti
718 4880 942 4937 Joannis
970 4884 1167 4941 solidos
1200 4874 1460 4960 quinque.
1492 4874 1790 4953 Ad-basili-

210 4983 321 5023 eam
362 4974 529 5028 sancti
582 4973 728 5029 Sixti
764 4973 1013 5029 similiter
1056 4978 1106 5031 in
1156 4983 1513 5042 aurosolidos
1549 4997 1680 5044 tres.
1711 4990 1794 5046 Ad

215 5059 474 5119 basilicam
505 5066 687 5120 sancti
733 5064 975 5120 Mauricii
1010 5070 1211 5125 solidos
1237 5080 1364 5129 tres.
1402 5078 1481 5134 Ad
1512 5080 1794 5136 basilicam

217 5160 368 5214 stricti
398 5160 635 5216 Medardi
673 5158 877 5215 sbiidos
907 5171 1034 5215 tres.
1066 5165 1145 5217 Ad
1170 5172 1553 5228 monasterium
1586 5154 1794 5244 puella-

214 5262 316 5294 I'ttm
364 5254 575 5294 vium-un
629 5252 684 5294 in
738 5249 1098 5294 Cnrmaninnn
1121 5254 1418 5294 (Cor-mimd
1452 5267 1611 5294 sua...

1899 4624 2184 4696 Gaugerici
2201 4633 2254 4679 et
2274 4624 2445 4679 sancti
2462 4622 2704 4690 Quintini
2727 4624 2934 4693 argenti
2958 4624 3101 4678 varia
3130 4625 3301 4690 dona;
3329 4626 3484 4691 item,

1899 4714 2145 4774 basilicis
2173 4726 2336 4787 atque
2363 4715 2663 4771 matriculis
2695 4715 2898 4781 Remis,
2927 4726 3237 4772 sanctorum
3276 4718 3487 4774 scilicet

1903 4808 2173 4864 Timothei
2206 4817 2260 4862 et
2289 4806 2647 4877 Apollinaris;
2678 4806 2826 4871 item,
2859 4807 3031 4862 sancti
3055 4807 3303 4875 Martini;
3331 4808 3484 4873 item,

1902 4899 2074 4959 sancti
2108 4897 2341 4962 Nicasii;
2377 4898 2526 4960 item,
2556 4905 2758 4952 sanctae
2789 4896 3114 4964 Genovefaa;
3159 4902 3491 4957 monasterio

1901 5007 2119 5062 quoque
2168 4998 2477 5044 sanctormn
2507 4988 2831 5045 Theoderici
2882 5002 2938 5048 et
2984 4991 3297 5062 Theodulti;
3337 4995 3491 5059 item,

1902 5087 1971 5139 ad
2002 5083 2282 5139 basilicam
2313 5085 2483 5137 sancti
2515 5082 2798 5148 Germani,
2828 5094 2885 5139 et
2919 5084 3258 5140 matriculam
3292 5086 3494 5154 ipsius;

1901 5178 2053 5241 item,
2086 5173 2259 5231 sancti
2288 5174 2514 5242 Iuliani;
2554 5175 2705 5239 item,
2733 5186 3050 5233 sanctorum
3081 5173 3291 5230 Cosmte
3311 5183 3366 5229 et
3391 5170 3517 5229 υίιέ

2325 5269 2497 5292 αηυιΑΙξ
2529 5266 2670 5292 ἡλίκαι-ε
2722 5267 2786 5292 ιιι.
2828 5267 2895 5292 Π..
2916 5279 3048 5290 κιο-ις
3073 5281 3084 5290 ι
3118 5266 3243 5290 ³1η.-.
3312 5265 3485 5290 αλδ-ηιξ

1963 5276 2066 5294 ἔοι-ιζ
2087 5285 2099 5292 ι
2134 5276 2259 5292 ἔδαοαρι
