  <div class='ocr_page' id='page_1' title='image "/cluster/home/n/w/nwhite01/storage/ocr_20150623/135/hvd.32044015471758/059.png"; bbox 0 0 3974 5392; ppageno 0'>
   <div class='ocr_carea' id='block_1_1' title="bbox 502 306 602 362">
    <p class='ocr_par' dir='ltr' id='par_1_1' title="bbox 502 306 602 362">
     <span class='ocr_line' id='line_1_1' title="bbox 502 306 602 362; baseline -0.02 0"><span class='ocrx_word' id='word_1_1' title='bbox 502 306 602 362; x_wconf 70' lang='grc'><strong>103</strong></span> 
     </span>
    </p>
   </div>
   <div class='ocr_carea' id='block_1_2' title="bbox 1552 305 2688 368">
    <p class='ocr_par' dir='ltr' id='par_1_2' title="bbox 1552 305 2688 368">
     <span class='ocr_line' id='line_1_2' title="bbox 1552 305 2688 368; baseline 0.001 -3"><span class='ocrx_word' id='word_1_2' title='bbox 1552 305 1950 366; x_wconf 66' lang='grc' dir='ltr'><strong>ηοοοΑιιθι</strong></span> <span class='ocrx_word' id='word_1_3' title='bbox 1986 305 2306 368; x_wconf 76' lang='lat' dir='ltr'><strong>CANONICI</strong></span> <span class='ocrx_word' id='word_1_4' title='bbox 2346 307 2688 366; x_wconf 69' lang='lat' dir='ltr'><strong>REMENSIS</strong></span> 
     </span>
    </p>
   </div>
   <div class='ocr_carea' id='block_1_3' title="bbox 3659 309 3765 369">
    <p class='ocr_par' dir='ltr' id='par_1_3' title="bbox 3659 309 3765 369">
     <span class='ocr_line' id='line_1_3' title="bbox 3659 309 3765 369; baseline 0.038 -4"><span class='ocrx_word' id='word_1_5' title='bbox 3659 309 3765 369; x_wconf 70' lang='grc'><strong>108</strong></span> 
     </span>
    </p>
   </div>
   <div class='ocr_carea' id='block_1_4' title="bbox 479 417 3766 492">
    <p class='ocr_par' dir='ltr' id='par_1_4' title="bbox 479 417 3766 492">
     <span class='ocr_line' id='line_1_4' title="bbox 479 417 3766 492; baseline -0.001 -19"><span class='ocrx_word' id='word_1_6' title='bbox 479 420 807 492; x_wconf 65' lang='grc' dir='ltr'><strong>ῖιεειινίι,σει</strong></span> <span class='ocrx_word' id='word_1_7' title='bbox 840 417 1076 475; x_wconf 67' lang='lat' dir='ltr'><strong>basilicae</strong></span> <span class='ocrx_word' id='word_1_8' title='bbox 1105 417 1624 474; x_wconf 67' lang='lat' dir='ltr'><strong>sanctze&#39;Genovefae</strong></span> <span class='ocrx_word' id='word_1_9' title='bbox 1656 419 1852 475; x_wconf 85' lang='lat' dir='ltr'><strong>ibidem</strong></span> <span class='ocrx_word' id='word_1_10' title='bbox 1882 418 2085 476; x_wconf 84' lang='lat' dir='ltr'><strong>consti-</strong></span> <span class='ocrx_word' id='word_1_11' title='bbox 2114 425 2159 484; x_wconf 80' lang='grc' dir='ltr'><strong>Α</strong></span> <span class='ocrx_word' id='word_1_12' title='bbox 2191 421 2244 474; x_wconf 93' lang='lat' dir='ltr'><strong>in</strong></span> <span class='ocrx_word' id='word_1_13' title='bbox 2281 422 2458 476; x_wconf 87' lang='lat' dir='ltr'><strong>sinum</strong></span> <span class='ocrx_word' id='word_1_14' title='bbox 2494 422 2733 479; x_wconf 90' lang='lat' dir='ltr'><strong>sedentis</strong></span> <span class='ocrx_word' id='word_1_15' title='bbox 2762 422 3029 480; x_wconf 85' lang='lat' dir='ltr'><strong>reclinans</strong></span> <span class='ocrx_word' id='word_1_16' title='bbox 3062 421 3367 488; x_wconf 87' lang='lat' dir='ltr'><strong>Bereearil,</strong></span> <span class='ocrx_word' id='word_1_17' title='bbox 3408 418 3766 484; x_wconf 83' lang='lat' dir='ltr'><strong>obdormivit,</strong></span> 
     </span>
    </p>
   </div>
   <div class='ocr_carea' id='block_1_5' title="bbox 490 506 2099 581">
    <p class='ocr_par' dir='ltr' id='par_1_5' title="bbox 490 506 2099 581">
     <span class='ocr_line' id='line_1_5' title="bbox 490 506 2099 581; baseline -0.001 -15"><span class='ocrx_word' id='word_1_18' title='bbox 490 514 637 566; x_wconf 62' lang='lat' dir='ltr'><strong>&#39;t&#39;utaa</strong></span> <span class='ocrx_word' id='word_1_19' title='bbox 671 508 849 564; x_wconf 86' lang='lat' dir='ltr'><strong>villam</strong></span> <span class='ocrx_word' id='word_1_20' title='bbox 881 509 1107 579; x_wconf 79' lang='lat' dir='ltr'><strong>Appiam</strong></span> <span class='ocrx_word' id='word_1_21' title='bbox 1136 506 1207 580; x_wconf 75' lang='lat' dir='ltr'><strong>(fe</strong></span> <span class='ocrx_word' id='word_1_22' title='bbox 1232 508 1418 579; x_wconf 80' lang='lat' dir='ltr'><strong>village</strong></span> <span class='ocrx_word' id='word_1_23' title='bbox 1442 506 1688 581; x_wconf 71' lang='lat' dir='ltr'><strong>d‘Eppe),</strong></span> <span class='ocrx_word' id='word_1_24' title='bbox 1712 525 1833 564; x_wconf 90' lang='lat' dir='ltr'><strong>eum</strong></span> <span class='ocrx_word' id='word_1_25' title='bbox 1857 510 2002 564; x_wconf 88' lang='lat' dir='ltr'><strong>omni</strong></span> <span class='ocrx_word' id='word_1_26' title='bbox 2027 524 2099 566; x_wconf 70' lang='lat' dir='ltr'><strong>re</strong></span> 
     </span>
    </p>
   </div>
   <div class='ocr_carea' id='block_1_6' title="bbox 507 597 2084 670">
    <p class='ocr_par' dir='ltr' id='par_1_6' title="bbox 507 597 2084 670">
     <span class='ocr_line' id='line_1_6' title="bbox 507 597 2084 670; baseline -0.003 -15"><span class='ocrx_word' id='word_1_27' title='bbox 507 598 575 656; x_wconf 77' lang='lat' dir='ltr'><strong>ad</strong></span> <span class='ocrx_word' id='word_1_28' title='bbox 617 616 675 656; x_wconf 92' lang='lat' dir='ltr'><strong>se</strong></span> <span class='ocrx_word' id='word_1_29' title='bbox 715 600 1021 670; x_wconf 90' lang='lat' dir='ltr'><strong>pertinente</strong></span> <span class='ocrx_word' id='word_1_30' title='bbox 1053 598 1265 654; x_wconf 93' lang='lat' dir='ltr'><strong>tribuit.</strong></span> <span class='ocrx_word' id='word_1_31' title='bbox 1309 597 1524 653; x_wconf 87' lang='lat' dir='ltr'><strong>Turrim</strong></span> <span class='ocrx_word' id='word_1_32' title='bbox 1571 612 1785 667; x_wconf 92' lang='lat' dir='ltr'><strong>quoque</strong></span> <span class='ocrx_word' id='word_1_33' title='bbox 1825 613 2044 652; x_wconf 84' lang='lat' dir='ltr'><strong>auream</strong></span> <span class='ocrx_word' id='word_1_34' title='bbox 2069 638 2084 662; x_wconf 87' lang='lat'><strong>,</strong></span> 
     </span>
    </p>
   </div>
   <div class='ocr_carea' id='block_1_7' title="bbox 506 686 2090 760">
    <p class='ocr_par' dir='ltr' id='par_1_7' title="bbox 506 686 2090 760">
     <span class='ocr_line' id='line_1_7' title="bbox 506 686 2090 760; baseline 0 -17"><span class='ocrx_word' id='word_1_35' title='bbox 506 705 669 760; x_wconf 88' lang='lat' dir='ltr'><strong>quam</strong></span> <span class='ocrx_word' id='word_1_36' title='bbox 704 688 769 743; x_wconf 86' lang='lat' dir='ltr'><strong>ad</strong></span> <span class='ocrx_word' id='word_1_37' title='bbox 801 698 984 744; x_wconf 82' lang='lat' dir='ltr'><strong>votum</strong></span> <span class='ocrx_word' id='word_1_38' title='bbox 1020 704 1176 744; x_wconf 88' lang='lat' dir='ltr'><strong>suum</strong></span> <span class='ocrx_word' id='word_1_39' title='bbox 1208 688 1464 744; x_wconf 88' lang='lat' dir='ltr'><strong>fabricari</strong></span> <span class='ocrx_word' id='word_1_40' title='bbox 1490 686 1710 753; x_wconf 86' lang='lat' dir='ltr'><strong>fecerat,</strong></span> <span class='ocrx_word' id='word_1_41' title='bbox 1737 703 1898 758; x_wconf 89' lang='lat' dir='ltr'><strong>super</strong></span> <span class='ocrx_word' id='word_1_42' title='bbox 1918 687 2090 743; x_wconf 90' lang='lat' dir='ltr'><strong>altare</strong></span> 
     </span>
    </p>
   </div>
   <div class='ocr_carea' id='block_1_8' title="bbox 501 777 2091 852">
    <p class='ocr_par' dir='ltr' id='par_1_8' title="bbox 501 777 2091 852">
     <span class='ocr_line' id='line_1_8' title="bbox 501 777 2091 852; baseline 0 -19"><span class='ocrx_word' id='word_1_43' title='bbox 501 780 675 852; x_wconf 86' lang='lat' dir='ltr'><strong>posuit</strong></span> <span class='ocrx_word' id='word_1_44' title='bbox 703 779 761 834; x_wconf 88' lang='lat' dir='ltr'><strong>S.</strong></span> <span class='ocrx_word' id='word_1_45' title='bbox 778 777 962 835; x_wconf 81' lang='lat' dir='ltr'><strong>Maria:</strong></span> <span class='ocrx_word' id='word_1_46' title='bbox 975 778 1262 835; x_wconf 84' lang='lat' dir='ltr'><strong>Remensis</strong></span> <span class='ocrx_word' id='word_1_47' title='bbox 1278 778 1539 845; x_wconf 67' lang='lat' dir='ltr'><strong>ecclesiae,</strong></span> <span class='ocrx_word' id='word_1_48' title='bbox 1565 787 1619 832; x_wconf 92' lang='lat' dir='ltr'><strong>et</strong></span> <span class='ocrx_word' id='word_1_49' title='bbox 1643 787 1865 848; x_wconf 88' lang='lat' dir='ltr'><strong>patenas</strong></span> <span class='ocrx_word' id='word_1_50' title='bbox 1882 789 2010 842; x_wconf 89' lang='lat' dir='ltr'><strong>tres,</strong></span> <span class='ocrx_word' id='word_1_51' title='bbox 2025 794 2091 833; x_wconf 91' lang='lat' dir='ltr'><strong>ac</strong></span> 
     </span>
    </p>
   </div>
   <div class='ocr_carea' id='block_1_9' title="bbox 500 868 2087 941">
    <p class='ocr_par' dir='ltr' id='par_1_9' title="bbox 500 868 2087 941">
     <span class='ocr_line' id='line_1_9' title="bbox 500 868 2087 941; baseline 0 -16"><span class='ocrx_word' id='word_1_52' title='bbox 500 868 785 926; x_wconf 85' lang='lat' dir='ltr'><strong>brachiale</strong></span> <span class='ocrx_word' id='word_1_53' title='bbox 801 886 1048 927; x_wconf 89' lang='lat' dir='ltr'><strong>aureum.</strong></span> <span class='ocrx_word' id='word_1_54' title='bbox 1063 869 1188 925; x_wconf 85' lang='lat' dir='ltr'><strong>Fuit</strong></span> <span class='ocrx_word' id='word_1_55' title='bbox 1203 879 1382 924; x_wconf 87' lang='lat' dir='ltr'><strong>autem</strong></span> <span class='ocrx_word' id='word_1_56' title='bbox 1400 869 1654 941; x_wconf 82' lang='lat' dir='ltr'><strong>Sigiberti</strong></span> <span class='ocrx_word' id='word_1_57' title='bbox 1670 869 1813 941; x_wconf 83' lang='lat' dir='ltr'><strong>regis</strong></span> <span class='ocrx_word' id='word_1_58' title='bbox 1829 881 2087 940; x_wconf 88' lang='lat' dir='ltr'><strong>tempore.</strong></span> 
     </span>
    </p>
   </div>
   <div class='ocr_carea' id='block_1_10' title="bbox 1126 960 1504 1017">
    <p class='ocr_par' dir='ltr' id='par_1_10' title="bbox 1126 960 1504 1017">
     <span class='ocr_line' id='line_1_10' title="bbox 1126 960 1504 1017; baseline -0.005 0"><span class='ocrx_word' id='word_1_59' title='bbox 1126 960 1355 1017; x_wconf 82' lang='lat' dir='ltr'><strong>CAPUT</strong></span> <span class='ocrx_word' id='word_1_60' title='bbox 1396 961 1504 1017; x_wconf 70' lang='grc' dir='ltr'><strong>γη.</strong></span> 
     </span>
    </p>
   </div>
   <div class='ocr_carea' id='block_1_11' title="bbox 1005 1049 1596 1106">
    <p class='ocr_par' dir='ltr' id='par_1_11' title="bbox 1005 1049 1596 1106">
     <span class='ocr_line' id='line_1_11' title="bbox 1005 1049 1596 1106; baseline 0 0"><span class='ocrx_word' id='word_1_61' title='bbox 1005 1050 1084 1106; x_wconf 86' lang='lat' dir='ltr'><strong>De</strong></span> <span class='ocrx_word' id='word_1_62' title='bbox 1122 1060 1304 1105; x_wconf 78' lang='lat' dir='ltr'><strong>sancto</strong></span> <span class='ocrx_word' id='word_1_63' title='bbox 1342 1049 1596 1106; x_wconf 79' lang='lat' dir='ltr'><strong>Nivardo.</strong></span> 
     </span>
    </p>
   </div>
   <div class='ocr_carea' id='block_1_12' title="bbox 580 1140 2093 1217">
    <p class='ocr_par' dir='ltr' id='par_1_12' title="bbox 580 1140 2093 1217">
     <span class='ocr_line' id='line_1_12' title="bbox 580 1140 2093 1217; baseline -0.003 -17"><span class='ocrx_word' id='word_1_64' title='bbox 580 1144 709 1200; x_wconf 85' lang='lat' dir='ltr'><strong>Post</strong></span> <span class='ocrx_word' id='word_1_65' title='bbox 756 1142 1087 1217; x_wconf 76' lang='lat' dir='ltr'><strong>przemissos,</strong></span> <span class='ocrx_word' id='word_1_66' title='bbox 1140 1142 1206 1196; x_wconf 89' lang='lat' dir='ltr'><strong>ad</strong></span> <span class='ocrx_word' id='word_1_67' title='bbox 1256 1142 1564 1214; x_wconf 80' lang='lat' dir='ltr'><strong>episcopale</strong></span> <span class='ocrx_word' id='word_1_68' title='bbox 1612 1141 1823 1198; x_wconf 87' lang='lat' dir='ltr'><strong>culmen</strong></span> <span class='ocrx_word' id='word_1_69' title='bbox 1877 1140 2093 1213; x_wconf 87' lang='lat' dir='ltr'><strong>eligitur</strong></span> 
     </span>
    </p>
   </div>
   <div class='ocr_carea' id='block_1_13' title="bbox 514 1230 2093 1303">
    <p class='ocr_par' dir='ltr' id='par_1_13' title="bbox 514 1230 2093 1303">
     <span class='ocr_line' id='line_1_13' title="bbox 514 1230 2093 1303; baseline -0.004 -10"><span class='ocrx_word' id='word_1_70' title='bbox 514 1236 711 1293; x_wconf 75' lang='lat' dir='ltr'><strong>beatus</strong></span> <span class='ocrx_word' id='word_1_71' title='bbox 744 1233 901 1297; x_wconf 65' lang='lat' dir='ltr'><strong>Nive),</strong></span> <span class='ocrx_word' id='word_1_72' title='bbox 938 1232 1030 1302; x_wconf 88' lang='lat' dir='ltr'><strong>qui</strong></span> <span class='ocrx_word' id='word_1_73' title='bbox 1058 1241 1112 1288; x_wconf 89' lang='lat' dir='ltr'><strong>et</strong></span> <span class='ocrx_word' id='word_1_74' title='bbox 1145 1230 1448 1286; x_wconf 82' lang='lat' dir='ltr'><strong>Nivardns:</strong></span> <span class='ocrx_word' id='word_1_75' title='bbox 1482 1240 1711 1303; x_wconf 88' lang='lat' dir='ltr'><strong>utroque</strong></span> <span class='ocrx_word' id='word_1_76' title='bbox 1743 1247 1971 1301; x_wconf 80' lang='lat' dir='ltr'><strong>namque</strong></span> <span class='ocrx_word' id='word_1_77' title='bbox 2009 1248 2093 1288; x_wconf 89' lang='lat' dir='ltr'><strong>re-</strong></span> 
     </span>
    </p>
   </div>
   <div class='ocr_carea' id='block_1_14' title="bbox 504 1322 2090 1396">
    <p class='ocr_par' dir='ltr' id='par_1_14' title="bbox 504 1322 2090 1396">
     <span class='ocr_line' id='line_1_14' title="bbox 504 1322 2090 1396; baseline -0.003 -14"><span class='ocrx_word' id='word_1_78' title='bbox 504 1328 713 1396; x_wconf 88' lang='lat' dir='ltr'><strong>peritur</strong></span> <span class='ocrx_word' id='word_1_79' title='bbox 739 1324 1011 1381; x_wconf 83' lang='lat' dir='ltr'><strong>vocitatus</strong></span> <span class='ocrx_word' id='word_1_80' title='bbox 1053 1324 1292 1379; x_wconf 82' lang='lat' dir='ltr'><strong>nomine.</strong></span> <span class='ocrx_word' id='word_1_81' title='bbox 1338 1322 1438 1378; x_wconf 85' lang='lat' dir='ltr'><strong>Hic</strong></span> <span class='ocrx_word' id='word_1_82' title='bbox 1480 1323 1630 1393; x_wconf 91' lang='lat' dir='ltr'><strong>prius</strong></span> <span class='ocrx_word' id='word_1_83' title='bbox 1662 1324 1715 1377; x_wconf 89' lang='lat' dir='ltr'><strong>in</strong></span> <span class='ocrx_word' id='word_1_84' title='bbox 1758 1323 1879 1377; x_wconf 90' lang='lat' dir='ltr'><strong>aula</strong></span> <span class='ocrx_word' id='word_1_85' title='bbox 1909 1323 2090 1393; x_wconf 86' lang='lat' dir='ltr'><strong>regis,</strong></span> 
     </span>
    </p>
   </div>
   <div class='ocr_carea' id='block_1_15' title="bbox 505 1413 2090 1490">
    <p class='ocr_par' dir='ltr' id='par_1_15' title="bbox 505 1413 2090 1490">
     <span class='ocr_line' id='line_1_15' title="bbox 505 1413 2090 1490; baseline -0.003 -17"><span class='ocrx_word' id='word_1_86' title='bbox 505 1428 694 1490; x_wconf 79' lang='lat' dir='ltr'><strong>utpote</strong></span> <span class='ocrx_word' id='word_1_87' title='bbox 733 1419 818 1471; x_wconf 90' lang='lat' dir='ltr'><strong>vir</strong></span> <span class='ocrx_word' id='word_1_88' title='bbox 868 1416 1268 1471; x_wconf 85' lang='lat' dir='ltr'><strong>illustrissimus</strong></span> <span class='ocrx_word' id='word_1_89' title='bbox 1292 1455 1306 1479; x_wconf 94' lang='lat'><strong>,</strong></span> <span class='ocrx_word' id='word_1_90' title='bbox 1362 1415 1594 1469; x_wconf 89' lang='lat' dir='ltr'><strong>traditur</strong></span> <span class='ocrx_word' id='word_1_91' title='bbox 1635 1424 2003 1469; x_wconf 87' lang='lat' dir='ltr'><strong>conversatus.</strong></span> <span class='ocrx_word' id='word_1_92' title='bbox 2036 1413 2090 1468; x_wconf 86' lang='lat' dir='ltr'><strong>In</strong></span> 
     </span>
    </p>
   </div>
   <div class='ocr_carea' id='block_1_16' title="bbox 505 1504 2091 1582">
    <p class='ocr_par' dir='ltr' id='par_1_16' title="bbox 505 1504 2091 1582">
     <span class='ocr_line' id='line_1_16' title="bbox 505 1504 2091 1582; baseline -0.004 -17"><span class='ocrx_word' id='word_1_93' title='bbox 505 1511 814 1582; x_wconf 83' lang='lat' dir='ltr'><strong>episcopatu</strong></span> <span class='ocrx_word' id='word_1_94' title='bbox 844 1523 972 1563; x_wconf 82' lang='lat' dir='ltr'><strong>vero</strong></span> <span class='ocrx_word' id='word_1_95' title='bbox 991 1507 1223 1577; x_wconf 86' lang='lat' dir='ltr'><strong>positus,</strong></span> <span class='ocrx_word' id='word_1_96' title='bbox 1253 1506 1451 1577; x_wconf 87' lang='lat' dir='ltr'><strong>emptis</strong></span> <span class='ocrx_word' id='word_1_97' title='bbox 1480 1521 1576 1577; x_wconf 89' lang='lat' dir='ltr'><strong>per</strong></span> <span class='ocrx_word' id='word_1_98' title='bbox 1602 1506 1816 1561; x_wconf 85' lang='lat' dir='ltr'><strong>diversa</strong></span> <span class='ocrx_word' id='word_1_99' title='bbox 1843 1504 1957 1559; x_wconf 88' lang='lat' dir='ltr'><strong>loca</strong></span> <span class='ocrx_word' id='word_1_100' title='bbox 1985 1514 2091 1559; x_wconf 90' lang='lat' dir='ltr'><strong>tam</strong></span> 
     </span>
    </p>
   </div>
   <div class='ocr_carea' id='block_1_17' title="bbox 504 1594 2093 1671">
    <p class='ocr_par' dir='ltr' id='par_1_17' title="bbox 504 1594 2093 1671">
     <span class='ocr_line' id='line_1_17' title="bbox 504 1594 2093 1671; baseline -0.005 -15"><span class='ocrx_word' id='word_1_101' title='bbox 504 1602 720 1666; x_wconf 88' lang='lat' dir='ltr'><strong>fundis,</strong></span> <span class='ocrx_word' id='word_1_102' title='bbox 769 1615 933 1671; x_wconf 88' lang='lat' dir='ltr'><strong>quam</strong></span> <span class='ocrx_word' id='word_1_103' title='bbox 982 1597 1254 1662; x_wconf 90' lang='lat' dir='ltr'><strong>domibus,</strong></span> <span class='ocrx_word' id='word_1_104' title='bbox 1286 1611 1491 1652; x_wconf 87' lang='lat' dir='ltr'><strong>necnon</strong></span> <span class='ocrx_word' id='word_1_105' title='bbox 1528 1595 1810 1666; x_wconf 85' lang='lat' dir='ltr'><strong>mancipiis</strong></span> <span class='ocrx_word' id='word_1_106' title='bbox 1840 1594 2093 1650; x_wconf 90' lang='lat' dir='ltr'><strong>dilatasse</strong></span> 
     </span>
    </p>
   </div>
   <div class='ocr_carea' id='block_1_18' title="bbox 503 1680 2094 1755">
    <p class='ocr_par' dir='ltr' id='par_1_18' title="bbox 503 1680 2094 1755">
     <span class='ocr_line' id='line_1_18' title="bbox 503 1680 2094 1755; baseline -0.006 -9"><span class='ocrx_word' id='word_1_107' title='bbox 503 1705 596 1746; x_wconf 85' lang='lat' dir='ltr'><strong>res</strong></span> <span class='ocrx_word' id='word_1_108' title='bbox 650 1689 924 1745; x_wconf 78' lang='lat' dir='ltr'><strong>invenitur</strong></span> <span class='ocrx_word' id='word_1_109' title='bbox 971 1686 1235 1742; x_wconf 77' lang='lat' dir='ltr'><strong>ecclesiae.</strong></span> <span class='ocrx_word' id='word_1_110' title='bbox 1279 1684 1555 1755; x_wconf 84' lang='lat' dir='ltr'><strong>Disposuit</strong></span> <span class='ocrx_word' id='word_1_111' title='bbox 1596 1684 1758 1739; x_wconf 88' lang='lat' dir='ltr'><strong>etiam</strong></span> <span class='ocrx_word' id='word_1_112' title='bbox 1810 1680 2094 1737; x_wconf 91' lang='lat' dir='ltr'><strong>nonnullas</strong></span> 
     </span>
    </p>
   </div>
   <div class='ocr_carea' id='block_1_19' title="bbox 2185 510 3768 589">
    <p class='ocr_par' dir='ltr' id='par_1_19' title="bbox 2185 510 3768 589">
     <span class='ocr_line' id='line_1_19' title="bbox 2185 510 3768 589; baseline -0.003 -21"><span class='ocrx_word' id='word_1_113' title='bbox 2185 521 2242 568; x_wconf 88' lang='lat' dir='ltr'><strong>et</strong></span> <span class='ocrx_word' id='word_1_114' title='bbox 2269 512 2444 569; x_wconf 83' lang='lat' dir='ltr'><strong>visum</strong></span> <span class='ocrx_word' id='word_1_115' title='bbox 2488 515 2640 576; x_wconf 84' lang='lat' dir='ltr'><strong>vidit,</strong></span> <span class='ocrx_word' id='word_1_116' title='bbox 2673 514 2881 571; x_wconf 82' lang='lat' dir='ltr'><strong>scilicet</strong></span> <span class='ocrx_word' id='word_1_117' title='bbox 2900 515 3213 571; x_wconf 84' lang='lat' dir='ltr'><strong>columbam</strong></span> <span class='ocrx_word' id='word_1_118' title='bbox 3240 514 3422 589; x_wconf 85' lang='lat' dir='ltr'><strong>locum</strong></span> <span class='ocrx_word' id='word_1_119' title='bbox 3465 511 3618 568; x_wconf 74' lang='lat' dir='ltr'><strong>silva:</strong></span> <span class='ocrx_word' id='word_1_120' title='bbox 3659 510 3768 566; x_wconf 82' lang='lat' dir='ltr'><strong>cir-</strong></span> 
     </span>
    </p>
   </div>
   <div class='ocr_carea' id='block_1_20' title="bbox 2186 603 3769 677">
    <p class='ocr_par' dir='ltr' id='par_1_20' title="bbox 2186 603 3769 677">
     <span class='ocr_line' id='line_1_20' title="bbox 2186 603 3769 677; baseline -0.001 -18"><span class='ocrx_word' id='word_1_121' title='bbox 2186 603 2413 670; x_wconf 89' lang='lat' dir='ltr'><strong>cumire,</strong></span> <span class='ocrx_word' id='word_1_122' title='bbox 2439 614 2495 659; x_wconf 93' lang='lat' dir='ltr'><strong>et</strong></span> <span class='ocrx_word' id='word_1_123' title='bbox 2518 609 2570 659; x_wconf 90' lang='lat' dir='ltr'><strong>in</strong></span> <span class='ocrx_word' id='word_1_124' title='bbox 2610 603 2733 677; x_wconf 82' lang='lat' dir='ltr'><strong>fago</strong></span> <span class='ocrx_word' id='word_1_125' title='bbox 2760 608 2989 677; x_wconf 84' lang='lat' dir='ltr'><strong>quadam</strong></span> <span class='ocrx_word' id='word_1_126' title='bbox 3013 614 3134 675; x_wconf 87' lang='lat' dir='ltr'><strong>post</strong></span> <span class='ocrx_word' id='word_1_127' title='bbox 3167 605 3306 662; x_wconf 89' lang='lat' dir='ltr'><strong>hanc</strong></span> <span class='ocrx_word' id='word_1_128' title='bbox 3333 603 3769 660; x_wconf 71' lang='lat' dir='ltr'><strong>circumitionem</strong></span> 
     </span>
    </p>
   </div>
   <div class='ocr_carea' id='block_1_21' title="bbox 2189 694 3769 767">
    <p class='ocr_par' dir='ltr' id='par_1_21' title="bbox 2189 694 3769 767">
     <span class='ocr_line' id='line_1_21' title="bbox 2189 694 3769 767; baseline 0.001 -20"><span class='ocrx_word' id='word_1_129' title='bbox 2189 695 2487 761; x_wconf 84' lang='lat' dir='ltr'><strong>resedisse;</strong></span> <span class='ocrx_word' id='word_1_130' title='bbox 2545 695 2704 765; x_wconf 83' lang='lat' dir='ltr'><strong>idque</strong></span> <span class='ocrx_word' id='word_1_131' title='bbox 2755 697 2915 753; x_wconf 89' lang='lat' dir='ltr'><strong>tertio</strong></span> <span class='ocrx_word' id='word_1_132' title='bbox 2959 697 3263 753; x_wconf 90' lang='lat' dir='ltr'><strong>columbam</strong></span> <span class='ocrx_word' id='word_1_133' title='bbox 3311 696 3461 752; x_wconf 76' lang='lat' dir='ltr'><strong>videt</strong></span> <span class='ocrx_word' id='word_1_134' title='bbox 3516 694 3769 767; x_wconf 82' lang='lat' dir='ltr'><strong>eamdem</strong></span> 
     </span>
    </p>
   </div>
   <div class='ocr_carea' id='block_1_22' title="bbox 2188 784 3769 858">
    <p class='ocr_par' dir='ltr' id='par_1_22' title="bbox 2188 784 3769 858">
     <span class='ocr_line' id='line_1_22' title="bbox 2188 784 3769 858; baseline -0.003 -17"><span class='ocrx_word' id='word_1_135' title='bbox 2188 787 2386 856; x_wconf 78' lang='lat' dir='ltr'><strong>egisse,</strong></span> <span class='ocrx_word' id='word_1_136' title='bbox 2419 795 2640 856; x_wconf 88' lang='lat' dir='ltr'><strong>tumque</strong></span> <span class='ocrx_word' id='word_1_137' title='bbox 2671 787 2840 843; x_wconf 68' lang='lat' dir='ltr'><strong>caelos</strong></span> <span class='ocrx_word' id='word_1_138' title='bbox 2881 789 3083 858; x_wconf 88' lang='lat' dir='ltr'><strong>petisse</strong></span> <span class='ocrx_word' id='word_1_139' title='bbox 3110 788 3209 858; x_wconf 82' lang='lat'><strong>(5).</strong></span> <span class='ocrx_word' id='word_1_140' title='bbox 3242 784 3412 854; x_wconf 80' lang='lat' dir='ltr'><strong>Quam</strong></span> <span class='ocrx_word' id='word_1_141' title='bbox 3457 785 3727 840; x_wconf 77' lang='lat' dir='ltr'><strong>visionem</strong></span> <span class='ocrx_word' id='word_1_142' title='bbox 3750 822 3769 849; x_wconf 91' lang='lat'><strong>,</strong></span> 
     </span>
    </p>
   </div>
   <div class='ocr_carea' id='block_1_23' title="bbox 2189 876 3772 950">
    <p class='ocr_par' dir='ltr' id='par_1_23' title="bbox 2189 876 3772 950">
     <span class='ocr_line' id='line_1_23' title="bbox 2189 876 3772 950; baseline -0.002 -17"><span class='ocrx_word' id='word_1_143' title='bbox 2189 878 2328 933; x_wconf 86' lang='lat' dir='ltr'><strong>sicut</strong></span> <span class='ocrx_word' id='word_1_144' title='bbox 2367 879 2482 949; x_wconf 90' lang='lat' dir='ltr'><strong>ipse</strong></span> <span class='ocrx_word' id='word_1_145' title='bbox 2520 879 2573 933; x_wconf 92' lang='lat' dir='ltr'><strong>iu</strong></span> <span class='ocrx_word' id='word_1_146' title='bbox 2605 880 2831 945; x_wconf 86' lang='lat' dir='ltr'><strong>somnis,</strong></span> <span class='ocrx_word' id='word_1_147' title='bbox 2864 879 2939 934; x_wconf 86' lang='lat' dir='ltr'><strong>ita</strong></span> <span class='ocrx_word' id='word_1_148' title='bbox 2973 880 3261 950; x_wconf 71' lang='lat' dir='ltr'><strong>praedictus</strong></span> <span class='ocrx_word' id='word_1_149' title='bbox 3288 891 3502 947; x_wconf 81' lang='lat' dir='ltr'><strong>quoque</strong></span> <span class='ocrx_word' id='word_1_150' title='bbox 3541 876 3772 930; x_wconf 60' lang='lat' dir='ltr'><strong>Berecao</strong></span> 
     </span>
    </p>
   </div>
   <div class='ocr_carea' id='block_1_24' title="bbox 2189 966 3772 1043">
    <p class='ocr_par' dir='ltr' id='par_1_24' title="bbox 2189 966 3772 1043">
     <span class='ocr_line' id='line_1_24' title="bbox 2189 966 3772 1043; baseline -0.001 -20"><span class='ocrx_word' id='word_1_151' title='bbox 2189 966 2305 1023; x_wconf 90' lang='lat' dir='ltr'><strong>rius</strong></span> <span class='ocrx_word' id='word_1_152' title='bbox 2332 968 2557 1039; x_wconf 79' lang='lat' dir='ltr'><strong>vigilans</strong></span> <span class='ocrx_word' id='word_1_153' title='bbox 2596 968 2772 1024; x_wconf 88' lang='lat' dir='ltr'><strong>fertur</strong></span> <span class='ocrx_word' id='word_1_154' title='bbox 2798 970 3088 1039; x_wconf 90' lang='lat' dir='ltr'><strong>accepisse.</strong></span> <span class='ocrx_word' id='word_1_155' title='bbox 3123 969 3241 1037; x_wconf 87' lang='lat' dir='ltr'><strong>Quo</strong></span> <span class='ocrx_word' id='word_1_156' title='bbox 3265 969 3385 1043; x_wconf 83' lang='lat' dir='ltr'><strong>viso</strong></span> <span class='ocrx_word' id='word_1_157' title='bbox 3414 975 3772 1036; x_wconf 84' lang='lat' dir='ltr'><strong>compunctus</strong></span> 
     </span>
    </p>
   </div>
   <div class='ocr_carea' id='block_1_25' title="bbox 2191 1055 3773 1129">
    <p class='ocr_par' dir='ltr' id='par_1_25' title="bbox 2191 1055 3773 1129">
     <span class='ocr_line' id='line_1_25' title="bbox 2191 1055 3773 1129; baseline -0.001 -18"><span class='ocrx_word' id='word_1_158' title='bbox 2191 1055 2330 1112; x_wconf 90' lang='lat' dir='ltr'><strong>idem</strong></span> <span class='ocrx_word' id='word_1_159' title='bbox 2375 1059 2541 1128; x_wconf 72' lang='lat' dir='ltr'><strong>cmpit</strong></span> <span class='ocrx_word' id='word_1_160' title='bbox 2585 1059 2755 1113; x_wconf 85' lang='lat' dir='ltr'><strong>abbas</strong></span> <span class='ocrx_word' id='word_1_161' title='bbox 2801 1058 3029 1114; x_wconf 86' lang='lat' dir='ltr'><strong>fundere</strong></span> <span class='ocrx_word' id='word_1_162' title='bbox 3073 1058 3361 1129; x_wconf 84' lang='lat' dir='ltr'><strong>lacrymas.</strong></span> <span class='ocrx_word' id='word_1_163' title='bbox 3408 1057 3773 1127; x_wconf 84' lang='lat' dir='ltr'><strong>Experrectus</strong></span> 
     </span>
    </p>
   </div>
   <div class='ocr_carea' id='block_1_26' title="bbox 2192 1143 3770 1218">
    <p class='ocr_par' dir='ltr' id='par_1_26' title="bbox 2192 1143 3770 1218">
     <span class='ocr_line' id='line_1_26' title="bbox 2192 1143 3770 1218; baseline 0 -19"><span class='ocrx_word' id='word_1_164' title='bbox 2192 1155 2373 1200; x_wconf 89' lang='lat' dir='ltr'><strong>autem</strong></span> <span class='ocrx_word' id='word_1_165' title='bbox 2400 1146 2593 1201; x_wconf 89' lang='lat' dir='ltr'><strong>beatus</strong></span> <span class='ocrx_word' id='word_1_166' title='bbox 2622 1147 2820 1217; x_wconf 73' lang='lat' dir='ltr'><strong>prmsul</strong></span> <span class='ocrx_word' id='word_1_167' title='bbox 2845 1163 2875 1201; x_wconf 91' lang='lat' dir='ltr'><strong>a</strong></span> <span class='ocrx_word' id='word_1_168' title='bbox 2903 1163 3115 1212; x_wconf 90' lang='lat' dir='ltr'><strong>somno,</strong></span> <span class='ocrx_word' id='word_1_169' title='bbox 3139 1164 3207 1203; x_wconf 88' lang='lat' dir='ltr'><strong>ex</strong></span> <span class='ocrx_word' id='word_1_170' title='bbox 3238 1147 3493 1218; x_wconf 85' lang='lat' dir='ltr'><strong>lacrymis</strong></span> <span class='ocrx_word' id='word_1_171' title='bbox 3520 1145 3639 1214; x_wconf 69' lang='lat' dir='ltr'><strong>eius</strong></span> <span class='ocrx_word' id='word_1_172' title='bbox 3668 1143 3770 1199; x_wconf 54' lang='lat' dir='ltr'><strong>sibi</strong></span> 
     </span>
    </p>
   </div>
   <div class='ocr_carea' id='block_1_27' title="bbox 2193 1235 3774 1308">
    <p class='ocr_par' dir='ltr' id='par_1_27' title="bbox 2193 1235 3774 1308">
     <span class='ocr_line' id='line_1_27' title="bbox 2193 1235 3774 1308; baseline -0.001 -19"><span class='ocrx_word' id='word_1_173' title='bbox 2193 1235 2384 1291; x_wconf 80' lang='lat' dir='ltr'><strong>faciem</strong></span> <span class='ocrx_word' id='word_1_174' title='bbox 2431 1238 2631 1305; x_wconf 89' lang='lat' dir='ltr'><strong>reperit</strong></span> <span class='ocrx_word' id='word_1_175' title='bbox 2662 1238 2852 1303; x_wconf 89' lang='lat' dir='ltr'><strong>udam;</strong></span> <span class='ocrx_word' id='word_1_176' title='bbox 2886 1248 2939 1293; x_wconf 90' lang='lat' dir='ltr'><strong>et</strong></span> <span class='ocrx_word' id='word_1_177' title='bbox 2969 1238 3308 1308; x_wconf 83' lang='lat' dir='ltr'><strong>interrogans</strong></span> <span class='ocrx_word' id='word_1_178' title='bbox 3341 1253 3460 1307; x_wconf 69' lang='lat' dir='ltr'><strong>qua:</strong></span> <span class='ocrx_word' id='word_1_179' title='bbox 3501 1236 3577 1290; x_wconf 87' lang='lat' dir='ltr'><strong>illi</strong></span> <span class='ocrx_word' id='word_1_180' title='bbox 3607 1247 3774 1291; x_wconf 82' lang='lat' dir='ltr'><strong>causa</strong></span> 
     </span>
    </p>
   </div>
   <div class='ocr_carea' id='block_1_28' title="bbox 2191 1324 3779 1399">
    <p class='ocr_par' dir='ltr' id='par_1_28' title="bbox 2191 1324 3779 1399">
     <span class='ocr_line' id='line_1_28' title="bbox 2191 1324 3779 1399; baseline 0.001 -20"><span class='ocrx_word' id='word_1_181' title='bbox 2191 1324 2347 1383; x_wconf 82' lang='lat' dir='ltr'><strong>ﬂetus</strong></span> <span class='ocrx_word' id='word_1_182' title='bbox 2376 1326 2654 1391; x_wconf 78' lang='lat' dir='ltr'><strong>existeret,</strong></span> <span class='ocrx_word' id='word_1_183' title='bbox 2681 1329 2878 1397; x_wconf 87' lang='lat' dir='ltr'><strong>accipit</strong></span> <span class='ocrx_word' id='word_1_184' title='bbox 2901 1342 3023 1381; x_wconf 89' lang='lat' dir='ltr'><strong>eum</strong></span> <span class='ocrx_word' id='word_1_185' title='bbox 3059 1339 3278 1399; x_wconf 89' lang='lat' dir='ltr'><strong>propter</strong></span> <span class='ocrx_word' id='word_1_186' title='bbox 3306 1328 3387 1383; x_wconf 89' lang='lat' dir='ltr'><strong>sui</strong></span> <span class='ocrx_word' id='word_1_187' title='bbox 3424 1328 3639 1381; x_wconf 88' lang='lat' dir='ltr'><strong>ruinam</strong></span> <span class='ocrx_word' id='word_1_188' title='bbox 3671 1327 3779 1380; x_wconf 81' lang='lat' dir='ltr'><strong>tle-</strong></span> 
     </span>
    </p>
   </div>
   <div class='ocr_carea' id='block_1_29' title="bbox 2192 1417 3779 1488">
    <p class='ocr_par' dir='ltr' id='par_1_29' title="bbox 2192 1417 3779 1488">
     <span class='ocr_line' id='line_1_29' title="bbox 2192 1417 3779 1488; baseline 0 -18"><span class='ocrx_word' id='word_1_189' title='bbox 2192 1417 2333 1471; x_wconf 85' lang='lat' dir='ltr'><strong>visse</strong></span> <span class='ocrx_word' id='word_1_190' title='bbox 2355 1418 2553 1486; x_wconf 87' lang='lat' dir='ltr'><strong>operis.</strong></span> <span class='ocrx_word' id='word_1_191' title='bbox 2582 1418 2925 1488; x_wconf 86' lang='lat' dir='ltr'><strong>lnvieemqne</strong></span> <span class='ocrx_word' id='word_1_192' title='bbox 2956 1420 3059 1474; x_wconf 89' lang='lat' dir='ltr'><strong>sibi</strong></span> <span class='ocrx_word' id='word_1_193' title='bbox 3097 1420 3209 1473; x_wconf 77' lang='lat' dir='ltr'><strong>visa</strong></span> <span class='ocrx_word' id='word_1_194' title='bbox 3252 1418 3632 1481; x_wconf 75' lang='lat' dir='ltr'><strong>referentibus,</strong></span> <span class='ocrx_word' id='word_1_195' title='bbox 3668 1425 3779 1470; x_wconf 74' lang='lat' dir='ltr'><strong>tra-</strong></span> 
     </span>
    </p>
   </div>
   <div class='ocr_carea' id='block_1_30' title="bbox 2194 1507 3779 1577">
    <p class='ocr_par' dir='ltr' id='par_1_30' title="bbox 2194 1507 3779 1577">
     <span class='ocr_line' id='line_1_30' title="bbox 2194 1507 3779 1577; baseline 0 -16"><span class='ocrx_word' id='word_1_196' title='bbox 2194 1507 2337 1561; x_wconf 90' lang='lat' dir='ltr'><strong>ditur</strong></span> <span class='ocrx_word' id='word_1_197' title='bbox 2363 1507 2603 1577; x_wconf 77' lang='lat' dir='ltr'><strong>pontifex</strong></span> <span class='ocrx_word' id='word_1_198' title='bbox 2635 1508 2748 1562; x_wconf 71' lang='lat' dir='ltr'><strong>hree</strong></span> <span class='ocrx_word' id='word_1_199' title='bbox 2777 1509 2941 1563; x_wconf 88' lang='lat' dir='ltr'><strong>etiam</strong></span> <span class='ocrx_word' id='word_1_200' title='bbox 2979 1508 3195 1564; x_wconf 85' lang='lat' dir='ltr'><strong>cuidam</strong></span> <span class='ocrx_word' id='word_1_201' title='bbox 3220 1508 3315 1563; x_wconf 89' lang='lat' dir='ltr'><strong>Dei</strong></span> <span class='ocrx_word' id='word_1_202' title='bbox 3347 1523 3529 1573; x_wconf 84' lang='lat' dir='ltr'><strong>servo,</strong></span> <span class='ocrx_word' id='word_1_203' title='bbox 3557 1509 3779 1563; x_wconf 89' lang='lat' dir='ltr'><strong>nomine</strong></span> 
     </span>
    </p>
   </div>
   <div class='ocr_carea' id='block_1_31' title="bbox 2195 1597 3779 1676">
    <p class='ocr_par' dir='ltr' id='par_1_31' title="bbox 2195 1597 3779 1676">
     <span class='ocr_line' id='line_1_31' title="bbox 2195 1597 3779 1676; baseline 0.001 -24"><span class='ocrx_word' id='word_1_204' title='bbox 2195 1597 2417 1663; x_wconf 88' lang='lat' dir='ltr'><strong>Bavoni,</strong></span> <span class='ocrx_word' id='word_1_205' title='bbox 2445 1600 2598 1670; x_wconf 84' lang='lat' dir='ltr'><strong>cujus</strong></span> <span class='ocrx_word' id='word_1_206' title='bbox 2636 1608 2756 1654; x_wconf 86' lang='lat' dir='ltr'><strong>erat</strong></span> <span class='ocrx_word' id='word_1_207' title='bbox 2783 1600 2894 1670; x_wconf 88' lang='lat' dir='ltr'><strong>ipsa</strong></span> <span class='ocrx_word' id='word_1_208' title='bbox 2920 1600 3217 1676; x_wconf 74' lang='lat' dir='ltr'><strong>possessio,</strong></span> <span class='ocrx_word' id='word_1_209' title='bbox 3240 1601 3353 1655; x_wconf 85' lang='lat' dir='ltr'><strong>visa</strong></span> <span class='ocrx_word' id='word_1_210' title='bbox 3383 1615 3656 1655; x_wconf 88' lang='lat' dir='ltr'><strong>narrasse.</strong></span> <span class='ocrx_word' id='word_1_211' title='bbox 3675 1599 3779 1665; x_wconf 79' lang='lat' dir='ltr'><strong>Qui</strong></span> 
     </span>
    </p>
   </div>
   <div class='ocr_carea' id='block_1_32' title="bbox 2194 1691 3779 1756">
    <p class='ocr_par' dir='ltr' id='par_1_32' title="bbox 2194 1691 3779 1756">
     <span class='ocr_line' id='line_1_32' title="bbox 2194 1691 3779 1756; baseline -0.001 -9"><span class='ocrx_word' id='word_1_212' title='bbox 2194 1693 2492 1747; x_wconf 86' lang='lat' dir='ltr'><strong>oratoriqu</strong></span> <span class='ocrx_word' id='word_1_213' title='bbox 2525 1694 2577 1746; x_wconf 90' lang='lat' dir='ltr'><strong>in</strong></span> <span class='ocrx_word' id='word_1_214' title='bbox 2608 1695 2813 1749; x_wconf 83' lang='lat' dir='ltr'><strong>honore</strong></span> <span class='ocrx_word' id='word_1_215' title='bbox 2844 1704 3049 1748; x_wconf 67' lang='lat' dir='ltr'><strong>sanctae</strong></span> <span class='ocrx_word' id='word_1_216' title='bbox 3071 1694 3252 1749; x_wconf 90' lang='lat' dir='ltr'><strong>crucis</strong></span> <span class='ocrx_word' id='word_1_217' title='bbox 3286 1692 3395 1747; x_wconf 92' lang='lat' dir='ltr'><strong>illic</strong></span> <span class='ocrx_word' id='word_1_218' title='bbox 3430 1693 3666 1756; x_wconf 87' lang='lat' dir='ltr'><strong>habens,</strong></span> <span class='ocrx_word' id='word_1_219' title='bbox 3704 1691 3779 1746; x_wconf 88' lang='lat' dir='ltr'><strong>ibi</strong></span> 
     </span>
    </p>
   </div>
   <div class='ocr_carea' id='block_1_33' title="bbox 492 1768 3779 1855">
    <p class='ocr_par' dir='ltr' id='par_1_33' title="bbox 492 1768 3779 1855">
     <span class='ocr_line' id='line_1_33' title="bbox 492 1768 3779 1855; baseline -0.004 -20"><span class='ocrx_word' id='word_1_220' title='bbox 492 1781 769 1837; x_wconf 71' lang='lat' dir='ltr'><strong>ordinatis</strong></span> <span class='ocrx_word' id='word_1_221' title='bbox 806 1779 1036 1837; x_wconf 89' lang='lat' dir='ltr'><strong>coloniis</strong></span> <span class='ocrx_word' id='word_1_222' title='bbox 1074 1780 1233 1833; x_wconf 85' lang='lat' dir='ltr'><strong>villas</strong></span> <span class='ocrx_word' id='word_1_223' title='bbox 1258 1778 1518 1848; x_wconf 89' lang='lat' dir='ltr'><strong>episcopii</strong></span> <span class='ocrx_word' id='word_1_224' title='bbox 1547 1796 1559 1832; x_wconf 88' lang='lat'><strong>:</strong></span> <span class='ocrx_word' id='word_1_225' title='bbox 1590 1776 1852 1848; x_wconf 89' lang='lat' dir='ltr'><strong>quasdam</strong></span> <span class='ocrx_word' id='word_1_226' title='bbox 1879 1791 2094 1847; x_wconf 89' lang='lat' dir='ltr'><strong>quoque</strong></span> <span class='ocrx_word' id='word_1_227' title='bbox 2124 1768 2168 1827; x_wconf 86' lang='grc' dir='ltr'><strong>Β</strong></span> <span class='ocrx_word' id='word_1_228' title='bbox 2197 1785 2641 1839; x_wconf 78' lang='lat' dir='ltr'><strong>conversabatnr.</strong></span> <span class='ocrx_word' id='word_1_229' title='bbox 2674 1783 2775 1851; x_wconf 87' lang='lat' dir='ltr'><strong>Qui</strong></span> <span class='ocrx_word' id='word_1_230' title='bbox 2812 1785 2976 1839; x_wconf 88' lang='lat' dir='ltr'><strong>etiam</strong></span> <span class='ocrx_word' id='word_1_231' title='bbox 3016 1793 3300 1855; x_wconf 88' lang='lat' dir='ltr'><strong>postquam</strong></span> <span class='ocrx_word' id='word_1_232' title='bbox 3345 1783 3607 1838; x_wconf 75' lang='lat' dir='ltr'><strong>visionem</strong></span> <span class='ocrx_word' id='word_1_233' title='bbox 3637 1795 3779 1850; x_wconf 65' lang='lat' dir='ltr'><strong>pm.</strong></span> 
     </span>
    </p>
   </div>
   <div class='ocr_carea' id='block_1_34' title="bbox 500 1865 2093 1940">
    <p class='ocr_par' dir='ltr' id='par_1_34' title="bbox 500 1865 2093 1940">
     <span class='ocr_line' id='line_1_34' title="bbox 500 1865 2093 1940; baseline -0.006 -11"><span class='ocrx_word' id='word_1_234' title='bbox 500 1889 597 1929; x_wconf 83' lang='lat' dir='ltr'><strong>res</strong></span> <span class='ocrx_word' id='word_1_235' title='bbox 624 1882 991 1929; x_wconf 89' lang='lat' dir='ltr'><strong>commutasse</strong></span> <span class='ocrx_word' id='word_1_236' title='bbox 1037 1870 1313 1940; x_wconf 82' lang='lat' dir='ltr'><strong>reperitur</strong></span> <span class='ocrx_word' id='word_1_237' title='bbox 1365 1885 1487 1923; x_wconf 90' lang='lat' dir='ltr'><strong>cum</strong></span> <span class='ocrx_word' id='word_1_238' title='bbox 1535 1867 1700 1923; x_wconf 84' lang='lat' dir='ltr'><strong>Attila</strong></span> <span class='ocrx_word' id='word_1_239' title='bbox 1750 1865 2093 1921; x_wconf 89' lang='lat' dir='ltr'><strong>Laudunensi</strong></span> 
     </span>
    </p>
   </div>
   <div class='ocr_carea' id='block_1_35' title="bbox 504 1956 2096 2037">
    <p class='ocr_par' dir='ltr' id='par_1_35' title="bbox 504 1956 2096 2037">
     <span class='ocr_line' id='line_1_35' title="bbox 504 1956 2096 2037; baseline -0.006 -16"><span class='ocrx_word' id='word_1_240' title='bbox 504 1966 758 2037; x_wconf 77' lang='lat' dir='ltr'><strong>praesule.</strong></span> <span class='ocrx_word' id='word_1_241' title='bbox 789 1979 889 2034; x_wconf 88' lang='lat' dir='ltr'><strong>pro</strong></span> <span class='ocrx_word' id='word_1_242' title='bbox 930 1962 1214 2031; x_wconf 89' lang='lat' dir='ltr'><strong>utriusque</strong></span> <span class='ocrx_word' id='word_1_243' title='bbox 1261 1960 1432 2031; x_wconf 84' lang='lat' dir='ltr'><strong>partis</strong></span> <span class='ocrx_word' id='word_1_244' title='bbox 1485 1958 1904 2030; x_wconf 90' lang='lat' dir='ltr'><strong>opportunitate.</strong></span> <span class='ocrx_word' id='word_1_245' title='bbox 1936 1956 2096 2012; x_wconf 84' lang='lat' dir='ltr'><strong>Cont-</strong></span> 
     </span>
    </p>
   </div>
   <div class='ocr_carea' id='block_1_36' title="bbox 507 2048 2095 2111">
    <p class='ocr_par' dir='ltr' id='par_1_36' title="bbox 507 2048 2095 2111">
     <span class='ocr_line' id='line_1_36' title="bbox 507 2048 2095 2111; baseline -0.004 -1"><span class='ocrx_word' id='word_1_246' title='bbox 507 2055 737 2111; x_wconf 86' lang='lat' dir='ltr'><strong>mutavit</strong></span> <span class='ocrx_word' id='word_1_247' title='bbox 774 2056 935 2109; x_wconf 90' lang='lat' dir='ltr'><strong>etiam</strong></span> <span class='ocrx_word' id='word_1_248' title='bbox 976 2068 1007 2107; x_wconf 88' lang='lat' dir='ltr'><strong>a</strong></span> <span class='ocrx_word' id='word_1_249' title='bbox 1042 2052 1257 2107; x_wconf 85' lang='lat' dir='ltr'><strong>Bavone</strong></span> <span class='ocrx_word' id='word_1_250' title='bbox 1302 2060 1357 2107; x_wconf 92' lang='lat' dir='ltr'><strong>et</strong></span> <span class='ocrx_word' id='word_1_251' title='bbox 1396 2050 1806 2106; x_wconf 87' lang='lat' dir='ltr'><strong>Theoderamno</strong></span> <span class='ocrx_word' id='word_1_252' title='bbox 1834 2048 2095 2104; x_wconf 81' lang='lat' dir='ltr'><strong>fratribus</strong></span> 
     </span>
    </p>
   </div>
   <div class='ocr_carea' id='block_1_37' title="bbox 510 2140 2097 2215">
    <p class='ocr_par' dir='ltr' id='par_1_37' title="bbox 510 2140 2097 2215">
     <span class='ocr_line' id='line_1_37' title="bbox 510 2140 2097 2215; baseline -0.003 -16"><span class='ocrx_word' id='word_1_253' title='bbox 510 2146 689 2201; x_wconf 91' lang='lat' dir='ltr'><strong>locum</strong></span> <span class='ocrx_word' id='word_1_254' title='bbox 717 2145 1003 2215; x_wconf 89' lang='lat' dir='ltr'><strong>quemdam</strong></span> <span class='ocrx_word' id='word_1_255' title='bbox 1031 2157 1194 2214; x_wconf 88' lang='lat' dir='ltr'><strong>super</strong></span> <span class='ocrx_word' id='word_1_256' title='bbox 1222 2140 1442 2197; x_wconf 84' lang='lat' dir='ltr'><strong>ﬂuvium</strong></span> <span class='ocrx_word' id='word_1_257' title='bbox 1489 2142 1789 2197; x_wconf 78' lang='lat' dir='ltr'><strong>Maternum</strong></span> <span class='ocrx_word' id='word_1_258' title='bbox 1818 2140 1895 2196; x_wconf 86' lang='lat' dir='ltr'><strong>de</strong></span> <span class='ocrx_word' id='word_1_259' title='bbox 1937 2141 2097 2195; x_wconf 90' lang='lat' dir='ltr'><strong>rebus</strong></span> 
     </span>
    </p>
   </div>
   <div class='ocr_carea' id='block_1_38' title="bbox 505 2232 2094 2301">
    <p class='ocr_par' dir='ltr' id='par_1_38' title="bbox 505 2232 2094 2301">
     <span class='ocr_line' id='line_1_38' title="bbox 505 2232 2094 2301; baseline -0.006 -7"><span class='ocrx_word' id='word_1_260' title='bbox 505 2238 796 2294; x_wconf 74' lang='lat' dir='ltr'><strong>Remensis</strong></span> <span class='ocrx_word' id='word_1_261' title='bbox 847 2236 1091 2294; x_wconf 77' lang='lat' dir='ltr'><strong>ecclesia:</strong></span> <span class='ocrx_word' id='word_1_262' title='bbox 1120 2277 1133 2301; x_wconf 84' lang='lat'><strong>,</strong></span> <span class='ocrx_word' id='word_1_263' title='bbox 1174 2234 1265 2289; x_wconf 91' lang='lat' dir='ltr'><strong>ubi</strong></span> <span class='ocrx_word' id='word_1_264' title='bbox 1316 2234 1618 2289; x_wconf 72' lang='lat' dir='ltr'><strong>construxit</strong></span> <span class='ocrx_word' id='word_1_265' title='bbox 1666 2232 2094 2299; x_wconf 79' lang='lat' dir='ltr'><strong>monasterium,</strong></span> 
     </span>
    </p>
   </div>
   <div class='ocr_carea' id='block_1_39' title="bbox 511 2323 2098 2400">
    <p class='ocr_par' dir='ltr' id='par_1_39' title="bbox 511 2323 2098 2400">
     <span class='ocr_line' id='line_1_39' title="bbox 511 2323 2098 2400; baseline -0.004 -15"><span class='ocrx_word' id='word_1_266' title='bbox 511 2330 654 2400; x_wconf 80' lang='lat' dir='ltr'><strong>quod</strong></span> <span class='ocrx_word' id='word_1_267' title='bbox 698 2329 896 2383; x_wconf 87' lang='lat' dir='ltr'><strong>dicitur</strong></span> <span class='ocrx_word' id='word_1_268' title='bbox 945 2326 1319 2382; x_wconf 84' lang='lat' dir='ltr'><strong>Altumvillare</strong></span> <span class='ocrx_word' id='word_1_269' title='bbox 1371 2323 1758 2395; x_wconf 74' lang='lat' dir='ltr'><strong>(Ilautvifliers</strong></span> <span class='ocrx_word' id='word_1_270' title='bbox 1791 2323 1833 2396; x_wconf 83' lang='lat'><strong>),</strong></span> <span class='ocrx_word' id='word_1_271' title='bbox 1884 2331 2098 2393; x_wconf 87' lang='lat' dir='ltr'><strong>petente</strong></span> 
     </span>
    </p>
   </div>
   <div class='ocr_carea' id='block_1_40' title="bbox 508 2413 2095 2489">
    <p class='ocr_par' dir='ltr' id='par_1_40' title="bbox 508 2413 2095 2489">
     <span class='ocr_line' id='line_1_40' title="bbox 508 2413 2095 2489; baseline -0.006 -12"><span class='ocrx_word' id='word_1_272' title='bbox 508 2421 797 2477; x_wconf 85' lang='lat' dir='ltr'><strong>Berecario</strong></span> <span class='ocrx_word' id='word_1_273' title='bbox 825 2419 1039 2484; x_wconf 86' lang='lat' dir='ltr'><strong>abbate,</strong></span> <span class='ocrx_word' id='word_1_274' title='bbox 1067 2417 1159 2489; x_wconf 89' lang='lat' dir='ltr'><strong>qui</strong></span> <span class='ocrx_word' id='word_1_275' title='bbox 1189 2417 1256 2472; x_wconf 93' lang='lat' dir='ltr'><strong>ab</strong></span> <span class='ocrx_word' id='word_1_276' title='bbox 1277 2416 1343 2472; x_wconf 78' lang='lat' dir='ltr'><strong>eo</strong></span> <span class='ocrx_word' id='word_1_277' title='bbox 1371 2416 1602 2487; x_wconf 84' lang='lat' dir='ltr'><strong>petierat</strong></span> <span class='ocrx_word' id='word_1_278' title='bbox 1624 2415 1800 2471; x_wconf 91' lang='lat' dir='ltr'><strong>locum</strong></span> <span class='ocrx_word' id='word_1_279' title='bbox 1830 2414 1929 2468; x_wconf 88' lang='lat' dir='ltr'><strong>sibi</strong></span> <span class='ocrx_word' id='word_1_280' title='bbox 1955 2413 2095 2477; x_wconf 88' lang='lat' dir='ltr'><strong>dari,</strong></span> 
     </span>
    </p>
   </div>
   <div class='ocr_carea' id='block_1_41' title="bbox 509 2505 2098 2578">
    <p class='ocr_par' dir='ltr' id='par_1_41' title="bbox 509 2505 2098 2578">
     <span class='ocr_line' id='line_1_41' title="bbox 509 2505 2098 2578; baseline -0.007 -9"><span class='ocrx_word' id='word_1_281' title='bbox 509 2514 602 2570; x_wconf 91' lang='lat' dir='ltr'><strong>ubi</strong></span> <span class='ocrx_word' id='word_1_282' title='bbox 622 2528 745 2569; x_wconf 92' lang='lat' dir='ltr'><strong>cum</strong></span> <span class='ocrx_word' id='word_1_283' title='bbox 775 2512 1039 2567; x_wconf 82' lang='lat' dir='ltr'><strong>fratribus</strong></span> <span class='ocrx_word' id='word_1_284' title='bbox 1066 2510 1180 2566; x_wconf 90' lang='lat' dir='ltr'><strong>suis</strong></span> <span class='ocrx_word' id='word_1_285' title='bbox 1208 2510 1514 2575; x_wconf 81' lang='lat' dir='ltr'><strong>monachis,</strong></span> <span class='ocrx_word' id='word_1_286' title='bbox 1549 2508 1645 2564; x_wconf 92' lang='lat' dir='ltr'><strong>sub</strong></span> <span class='ocrx_word' id='word_1_287' title='bbox 1671 2507 1853 2578; x_wconf 84' lang='lat' dir='ltr'><strong>regula</strong></span> <span class='ocrx_word' id='word_1_288' title='bbox 1877 2505 2098 2560; x_wconf 83' lang='lat' dir='ltr'><strong>Patrum</strong></span> 
     </span>
    </p>
   </div>
   <div class='ocr_carea' id='block_1_42' title="bbox 511 2598 2095 2666">
    <p class='ocr_par' dir='ltr' id='par_1_42' title="bbox 511 2598 2095 2666">
     <span class='ocr_line' id='line_1_42' title="bbox 511 2598 2095 2666; baseline -0.008 -7"><span class='ocrx_word' id='word_1_289' title='bbox 511 2603 685 2659; x_wconf 84' lang='lat' dir='ltr'><strong>sancti</strong></span> <span class='ocrx_word' id='word_1_290' title='bbox 710 2602 985 2657; x_wconf 86' lang='lat' dir='ltr'><strong>Benedicti</strong></span> <span class='ocrx_word' id='word_1_291' title='bbox 1008 2607 1064 2654; x_wconf 94' lang='lat' dir='ltr'><strong>et</strong></span> <span class='ocrx_word' id='word_1_292' title='bbox 1095 2599 1272 2654; x_wconf 89' lang='lat' dir='ltr'><strong>sancti</strong></span> <span class='ocrx_word' id='word_1_293' title='bbox 1302 2598 1638 2663; x_wconf 88' lang='lat' dir='ltr'><strong>Columbaui,</strong></span> <span class='ocrx_word' id='word_1_294' title='bbox 1671 2598 1853 2651; x_wconf 80' lang='lat' dir='ltr'><strong>vivere</strong></span> <span class='ocrx_word' id='word_1_295' title='bbox 1882 2603 2095 2666; x_wconf 88' lang='lat' dir='ltr'><strong>posset;</strong></span> 
     </span>
    </p>
   </div>
   <div class='ocr_carea' id='block_1_43' title="bbox 510 2686 2102 2766">
    <p class='ocr_par' dir='ltr' id='par_1_43' title="bbox 510 2686 2102 2766">
     <span class='ocr_line' id='line_1_43' title="bbox 510 2686 2102 2766; baseline -0.006 -17"><span class='ocrx_word' id='word_1_296' title='bbox 510 2693 654 2766; x_wconf 82' lang='lat' dir='ltr'><strong>quod</strong></span> <span class='ocrx_word' id='word_1_297' title='bbox 680 2702 735 2748; x_wconf 92' lang='lat' dir='ltr'><strong>et</strong></span> <span class='ocrx_word' id='word_1_298' title='bbox 763 2694 903 2747; x_wconf 91' lang='lat' dir='ltr'><strong>idem</strong></span> <span class='ocrx_word' id='word_1_299' title='bbox 928 2690 1123 2763; x_wconf 66' lang='lat' dir='ltr'><strong>praesul</strong></span> <span class='ocrx_word' id='word_1_300' title='bbox 1149 2689 1327 2745; x_wconf 89' lang='lat' dir='ltr'><strong>facere</strong></span> <span class='ocrx_word' id='word_1_301' title='bbox 1350 2688 1581 2754; x_wconf 91' lang='lat' dir='ltr'><strong>studuit,</strong></span> <span class='ocrx_word' id='word_1_302' title='bbox 1607 2696 1665 2742; x_wconf 93' lang='lat' dir='ltr'><strong>ut</strong></span> <span class='ocrx_word' id='word_1_303' title='bbox 1691 2686 1829 2741; x_wconf 89' lang='lat' dir='ltr'><strong>infra</strong></span> <span class='ocrx_word' id='word_1_304' title='bbox 1861 2686 2102 2741; x_wconf 88' lang='lat' dir='ltr'><strong>contine-</strong></span> 
     </span>
    </p>
   </div>
   <div class='ocr_carea' id='block_1_44' title="bbox 510 2779 2102 2853">
    <p class='ocr_par' dir='ltr' id='par_1_44' title="bbox 510 2779 2102 2853">
     <span class='ocr_line' id='line_1_44' title="bbox 510 2779 2102 2853; baseline -0.009 -11"><span class='ocrx_word' id='word_1_305' title='bbox 510 2798 618 2842; x_wconf 88' lang='lat' dir='ltr'><strong>tur.</strong></span> <span class='ocrx_word' id='word_1_306' title='bbox 660 2785 767 2840; x_wconf 88' lang='lat' dir='ltr'><strong>Sed</strong></span> <span class='ocrx_word' id='word_1_307' title='bbox 816 2792 871 2841; x_wconf 93' lang='lat' dir='ltr'><strong>et</strong></span> <span class='ocrx_word' id='word_1_308' title='bbox 916 2799 1039 2839; x_wconf 91' lang='lat' dir='ltr'><strong>cum</strong></span> <span class='ocrx_word' id='word_1_309' title='bbox 1092 2782 1217 2838; x_wconf 87' lang='lat' dir='ltr'><strong>aliis</strong></span> <span class='ocrx_word' id='word_1_310' title='bbox 1248 2781 1570 2853; x_wconf 86' lang='lat' dir='ltr'><strong>quibusdam</strong></span> <span class='ocrx_word' id='word_1_311' title='bbox 1609 2779 1893 2850; x_wconf 87' lang='lat' dir='ltr'><strong>personis,</strong></span> <span class='ocrx_word' id='word_1_312' title='bbox 1944 2783 2102 2847; x_wconf 89' lang='lat' dir='ltr'><strong>prout</strong></span> 
     </span>
    </p>
   </div>
   <div class='ocr_carea' id='block_1_45' title="bbox 511 2869 2099 2950">
    <p class='ocr_par' dir='ltr' id='par_1_45' title="bbox 511 2869 2099 2950">
     <span class='ocr_line' id='line_1_45' title="bbox 511 2869 2099 2950; baseline -0.007 -15"><span class='ocrx_word' id='word_1_313' title='bbox 511 2893 811 2950; x_wconf 79' lang='lat' dir='ltr'><strong>congruum</strong></span> <span class='ocrx_word' id='word_1_314' title='bbox 839 2877 1013 2931; x_wconf 80' lang='lat' dir='ltr'><strong>visum</strong></span> <span class='ocrx_word' id='word_1_315' title='bbox 1042 2874 1160 2941; x_wconf 90' lang='lat' dir='ltr'><strong>fuit,</strong></span> <span class='ocrx_word' id='word_1_316' title='bbox 1185 2890 1274 2929; x_wconf 89' lang='lat' dir='ltr'><strong>res</strong></span> <span class='ocrx_word' id='word_1_317' title='bbox 1300 2874 1561 2945; x_wconf 87' lang='lat' dir='ltr'><strong>quasdam</strong></span> <span class='ocrx_word' id='word_1_318' title='bbox 1592 2870 1965 2926; x_wconf 85' lang='lat' dir='ltr'><strong>commutavit.</strong></span> <span class='ocrx_word' id='word_1_319' title='bbox 1994 2869 2099 2924; x_wconf 87' lang='lat' dir='ltr'><strong>De-</strong></span> 
     </span>
    </p>
   </div>
   <div class='ocr_carea' id='block_1_46' title="bbox 512 2960 2101 3042">
    <p class='ocr_par' dir='ltr' id='par_1_46' title="bbox 512 2960 2101 3042">
     <span class='ocr_line' id='line_1_46' title="bbox 512 2960 2101 3042; baseline -0.007 -17"><span class='ocrx_word' id='word_1_320' title='bbox 512 2972 591 3027; x_wconf 86' lang='lat' dir='ltr'><strong>dit</strong></span> <span class='ocrx_word' id='word_1_321' title='bbox 620 2984 875 3042; x_wconf 89' lang='lat' dir='ltr'><strong>quoque,</strong></span> <span class='ocrx_word' id='word_1_322' title='bbox 930 2968 1031 3024; x_wconf 84' lang='lat' dir='ltr'><strong>sub</strong></span> <span class='ocrx_word' id='word_1_323' title='bbox 1084 2965 1208 3036; x_wconf 81' lang='lat' dir='ltr'><strong>jure</strong></span> <span class='ocrx_word' id='word_1_324' title='bbox 1253 2964 1544 3037; x_wconf 85' lang='lat' dir='ltr'><strong>privilegii,</strong></span> <span class='ocrx_word' id='word_1_325' title='bbox 1594 2964 1660 3018; x_wconf 90' lang='lat' dir='ltr'><strong>ad</strong></span> <span class='ocrx_word' id='word_1_326' title='bbox 1713 2960 2101 3016; x_wconf 74' lang='lat' dir='ltr'><strong>monasterium</strong></span> 
     </span>
    </p>
   </div>
   <div class='ocr_carea' id='block_1_47' title="bbox 512 3054 2102 3125">
    <p class='ocr_par' dir='ltr' id='par_1_47' title="bbox 512 3054 2102 3125">
     <span class='ocr_line' id='line_1_47' title="bbox 512 3054 2102 3125; baseline -0.009 -7"><span class='ocrx_word' id='word_1_327' title='bbox 512 3063 686 3119; x_wconf 80' lang='lat' dir='ltr'><strong>sancti</strong></span> <span class='ocrx_word' id='word_1_328' title='bbox 715 3061 917 3125; x_wconf 89' lang='lat' dir='ltr'><strong>Basoli,</strong></span> <span class='ocrx_word' id='word_1_329' title='bbox 951 3058 1240 3115; x_wconf 89' lang='lat' dir='ltr'><strong>ecclesiam</strong></span> <span class='ocrx_word' id='word_1_330' title='bbox 1283 3056 1336 3111; x_wconf 92' lang='lat' dir='ltr'><strong>in</strong></span> <span class='ocrx_word' id='word_1_331' title='bbox 1361 3055 1632 3111; x_wconf 84' lang='lat' dir='ltr'><strong>Viriziaco</strong></span> <span class='ocrx_word' id='word_1_332' title='bbox 1660 3054 1713 3108; x_wconf 91' lang='lat' dir='ltr'><strong>in</strong></span> <span class='ocrx_word' id='word_1_333' title='bbox 1744 3055 1947 3107; x_wconf 89' lang='lat' dir='ltr'><strong>honore</strong></span> <span class='ocrx_word' id='word_1_334' title='bbox 1979 3067 2102 3106; x_wconf 84' lang='lat' dir='ltr'><strong>san-</strong></span> 
     </span>
    </p>
   </div>
   <div class='ocr_carea' id='block_1_48' title="bbox 513 3144 2103 3214">
    <p class='ocr_par' dir='ltr' id='par_1_48' title="bbox 513 3144 2103 3214">
     <span class='ocr_line' id='line_1_48' title="bbox 513 3144 2103 3214; baseline -0.008 -8"><span class='ocrx_word' id='word_1_335' title='bbox 513 3163 617 3209; x_wconf 74' lang='lat' dir='ltr'><strong>ctze</strong></span> <span class='ocrx_word' id='word_1_336' title='bbox 666 3152 846 3206; x_wconf 64' lang='lat' dir='ltr'><strong>Mariae</strong></span> <span class='ocrx_word' id='word_1_337' title='bbox 893 3156 1261 3205; x_wconf 89' lang='lat' dir='ltr'><strong>constructam</strong></span> <span class='ocrx_word' id='word_1_338' title='bbox 1290 3187 1306 3214; x_wconf 92' lang='lat'><strong>,</strong></span> <span class='ocrx_word' id='word_1_339' title='bbox 1354 3161 1475 3199; x_wconf 90' lang='lat' dir='ltr'><strong>cum</strong></span> <span class='ocrx_word' id='word_1_340' title='bbox 1528 3144 1780 3199; x_wconf 88' lang='lat' dir='ltr'><strong>omnibus</strong></span> <span class='ocrx_word' id='word_1_341' title='bbox 1826 3144 1890 3197; x_wconf 90' lang='lat' dir='ltr'><strong>ad</strong></span> <span class='ocrx_word' id='word_1_342' title='bbox 1931 3144 2103 3212; x_wconf 88' lang='lat' dir='ltr'><strong>ipsam</strong></span> 
     </span>
    </p>
   </div>
   <div class='ocr_carea' id='block_1_49' title="bbox 514 3235 2101 3320">
    <p class='ocr_par' dir='ltr' id='par_1_49' title="bbox 514 3235 2101 3320">
     <span class='ocr_line' id='line_1_49' title="bbox 514 3235 2101 3320; baseline -0.008 -17"><span class='ocrx_word' id='word_1_343' title='bbox 514 3247 935 3320; x_wconf 89' lang='lat' dir='ltr'><strong>pertinentibus,</strong></span> <span class='ocrx_word' id='word_1_344' title='bbox 976 3243 1246 3313; x_wconf 83' lang='lat' dir='ltr'><strong>simulque</strong></span> <span class='ocrx_word' id='word_1_345' title='bbox 1282 3239 1531 3296; x_wconf 89' lang='lat' dir='ltr'><strong>locellum</strong></span> <span class='ocrx_word' id='word_1_346' title='bbox 1554 3238 1646 3309; x_wconf 86' lang='lat' dir='ltr'><strong>qui</strong></span> <span class='ocrx_word' id='word_1_347' title='bbox 1672 3236 1992 3292; x_wconf 85' lang='lat' dir='ltr'><strong>Wasciacns</strong></span> <span class='ocrx_word' id='word_1_348' title='bbox 2019 3235 2101 3290; x_wconf 86' lang='lat' dir='ltr'><strong>di-</strong></span> 
     </span>
    </p>
   </div>
   <div class='ocr_carea' id='block_1_50' title="bbox 516 3327 2106 3404">
    <p class='ocr_par' dir='ltr' id='par_1_50' title="bbox 516 3327 2106 3404">
     <span class='ocr_line' id='line_1_50' title="bbox 516 3327 2106 3404; baseline -0.008 -9"><span class='ocrx_word' id='word_1_349' title='bbox 516 3342 678 3395; x_wconf 80' lang='lat' dir='ltr'><strong>citur.</strong></span> <span class='ocrx_word' id='word_1_350' title='bbox 705 3330 1105 3393; x_wconf 83' lang='lat' dir='ltr'><strong>lmmunitatem</strong></span> <span class='ocrx_word' id='word_1_351' title='bbox 1138 3348 1350 3404; x_wconf 84' lang='lat' dir='ltr'><strong>quoque</strong></span> <span class='ocrx_word' id='word_1_352' title='bbox 1378 3332 1509 3401; x_wconf 88' lang='lat' dir='ltr'><strong>ipsis</strong></span> <span class='ocrx_word' id='word_1_353' title='bbox 1541 3330 1845 3393; x_wconf 83' lang='lat' dir='ltr'><strong>monachis,</strong></span> <span class='ocrx_word' id='word_1_354' title='bbox 1877 3328 1977 3382; x_wconf 89' lang='lat' dir='ltr'><strong>sub</strong></span> <span class='ocrx_word' id='word_1_355' title='bbox 2009 3327 2106 3383; x_wconf 49' lang='lat' dir='ltr'><strong>Pes</strong></span> 
     </span>
    </p>
   </div>
   <div class='ocr_carea' id='block_1_51' title="bbox 516 3417 2107 3489">
    <p class='ocr_par' dir='ltr' id='par_1_51' title="bbox 516 3417 2107 3489">
     <span class='ocr_line' id='line_1_51' title="bbox 516 3417 2107 3489; baseline -0.009 -1"><span class='ocrx_word' id='word_1_356' title='bbox 516 3440 676 3489; x_wconf 80' lang='lat' dir='ltr'><strong>trone</strong></span> <span class='ocrx_word' id='word_1_357' title='bbox 712 3432 907 3486; x_wconf 84' lang='lat' dir='ltr'><strong>abbate</strong></span> <span class='ocrx_word' id='word_1_358' title='bbox 950 3417 1146 3485; x_wconf 82' lang='lat' dir='ltr'><strong>ibidem</strong></span> <span class='ocrx_word' id='word_1_359' title='bbox 1197 3424 1307 3481; x_wconf 91' lang='lat' dir='ltr'><strong>Deo</strong></span> <span class='ocrx_word' id='word_1_360' title='bbox 1352 3423 1714 3480; x_wconf 75' lang='lat' dir='ltr'><strong>servientibus</strong></span> <span class='ocrx_word' id='word_1_361' title='bbox 1765 3420 2017 3487; x_wconf 77' lang='lat' dir='ltr'><strong>instituit,</strong></span> <span class='ocrx_word' id='word_1_362' title='bbox 2048 3428 2107 3475; x_wconf 92' lang='lat' dir='ltr'><strong>ut</strong></span> 
     </span>
    </p>
   </div>
   <div class='ocr_carea' id='block_1_52' title="bbox 517 3510 2108 3587">
    <p class='ocr_par' dir='ltr' id='par_1_52' title="bbox 517 3510 2108 3587">
     <span class='ocr_line' id='line_1_52' title="bbox 517 3510 2108 3587; baseline -0.01 -7"><span class='ocrx_word' id='word_1_363' title='bbox 517 3524 699 3580; x_wconf 80' lang='lat' dir='ltr'><strong>nullus</strong></span> <span class='ocrx_word' id='word_1_364' title='bbox 730 3520 1223 3578; x_wconf 88' lang='lat' dir='ltr'><strong>ecclesiasticornm</strong></span> <span class='ocrx_word' id='word_1_365' title='bbox 1259 3514 1508 3587; x_wconf 85' lang='lat' dir='ltr'><strong>judicum</strong></span> <span class='ocrx_word' id='word_1_366' title='bbox 1535 3510 1899 3570; x_wconf 69' lang='lat' dir='ltr'><strong>cos&#39;indehite</strong></span> <span class='ocrx_word' id='word_1_367' title='bbox 1927 3512 1979 3566; x_wconf 90' lang='lat' dir='ltr'><strong>in</strong></span> <span class='ocrx_word' id='word_1_368' title='bbox 2010 3511 2108 3566; x_wconf 84' lang='lat' dir='ltr'><strong>ali-</strong></span> 
     </span>
    </p>
   </div>
   <div class='ocr_carea' id='block_1_53' title="bbox 520 3602 2109 3686">
    <p class='ocr_par' dir='ltr' id='par_1_53' title="bbox 520 3602 2109 3686">
     <span class='ocr_line' id='line_1_53' title="bbox 520 3602 2109 3686; baseline -0.007 -19"><span class='ocrx_word' id='word_1_369' title='bbox 520 3618 632 3686; x_wconf 84' lang='lat' dir='ltr'><strong>quo</strong></span> <span class='ocrx_word' id='word_1_370' title='bbox 666 3612 970 3684; x_wconf 79' lang='lat' dir='ltr'><strong>inquietare</strong></span> <span class='ocrx_word' id='word_1_371' title='bbox 1013 3616 1385 3681; x_wconf 69' lang='lat' dir='ltr'><strong>praesumeret,</strong></span> <span class='ocrx_word' id='word_1_372' title='bbox 1431 3605 1526 3661; x_wconf 88' lang='lat' dir='ltr'><strong>sed</strong></span> <span class='ocrx_word' id='word_1_373' title='bbox 1568 3604 1648 3660; x_wconf 89' lang='lat' dir='ltr'><strong>eis</strong></span> <span class='ocrx_word' id='word_1_374' title='bbox 1694 3603 1877 3673; x_wconf 89' lang='lat' dir='ltr'><strong>quieto</strong></span> <span class='ocrx_word' id='word_1_375' title='bbox 1920 3602 2109 3657; x_wconf 90' lang='lat' dir='ltr'><strong>ordine</strong></span> 
     </span>
    </p>
   </div>
   <div class='ocr_carea' id='block_1_54' title="bbox 522 3693 2104 3772">
    <p class='ocr_par' dir='ltr' id='par_1_54' title="bbox 522 3693 2104 3772">
     <span class='ocr_line' id='line_1_54' title="bbox 522 3693 2104 3772; baseline -0.013 -9"><span class='ocrx_word' id='word_1_376' title='bbox 522 3707 623 3762; x_wconf 73' lang='lat' dir='ltr'><strong>sub</strong></span> <span class='ocrx_word' id='word_1_377' title='bbox 655 3712 841 3760; x_wconf 87' lang='lat' dir='ltr'><strong>sancta</strong></span> <span class='ocrx_word' id='word_1_378' title='bbox 876 3700 1064 3772; x_wconf 84' lang='lat' dir='ltr'><strong>regula</strong></span> <span class='ocrx_word' id='word_1_379' title='bbox 1114 3700 1321 3761; x_wconf 81' lang='lat' dir='ltr'><strong>vivere,</strong></span> <span class='ocrx_word' id='word_1_380' title='bbox 1371 3712 1435 3751; x_wconf 90' lang='lat' dir='ltr'><strong>ac</strong></span> <span class='ocrx_word' id='word_1_381' title='bbox 1485 3696 1593 3751; x_wconf 93' lang='lat' dir='ltr'><strong>Deo</strong></span> <span class='ocrx_word' id='word_1_382' title='bbox 1648 3694 1854 3749; x_wconf 83' lang='lat' dir='ltr'><strong>servire</strong></span> <span class='ocrx_word' id='word_1_383' title='bbox 1901 3693 2104 3747; x_wconf 87' lang='lat' dir='ltr'><strong>liceret.</strong></span> 
     </span>
    </p>
   </div>
   <div class='ocr_carea' id='block_1_55' title="bbox 521 3786 2111 3868">
    <p class='ocr_par' dir='ltr' id='par_1_55' title="bbox 521 3786 2111 3868">
     <span class='ocr_line' id='line_1_55' title="bbox 521 3786 2111 3868; baseline -0.011 -14"><span class='ocrx_word' id='word_1_384' title='bbox 521 3801 858 3868; x_wconf 71' lang='lat' dir='ltr'><strong>Prmeeptum</strong></span> <span class='ocrx_word' id='word_1_385' title='bbox 902 3795 1066 3849; x_wconf 87' lang='lat' dir='ltr'><strong>etiam</strong></span> <span class='ocrx_word' id='word_1_386' title='bbox 1116 3788 1474 3846; x_wconf 79' lang='lat' dir='ltr'><strong>immanitatis</strong></span> <span class='ocrx_word' id='word_1_387' title='bbox 1520 3804 1549 3842; x_wconf 89' lang='lat' dir='ltr'><strong>a</strong></span> <span class='ocrx_word' id='word_1_388' title='bbox 1597 3786 1946 3842; x_wconf 80' lang='lat' dir='ltr'><strong>Childehertu</strong></span> <span class='ocrx_word' id='word_1_389' title='bbox 1983 3798 2111 3853; x_wconf 84' lang='lat' dir='ltr'><strong>rege</strong></span> 
     </span>
    </p>
   </div>
   <div class='ocr_carea' id='block_1_56' title="bbox 528 3870 2111 3962">
    <p class='ocr_par' dir='ltr' id='par_1_56' title="bbox 528 3870 2111 3962">
     <span class='ocr_line' id='line_1_56' title="bbox 528 3870 2111 3962; baseline -0.013 -16"><span class='ocrx_word' id='word_1_390' title='bbox 528 3887 908 3962; x_wconf 80' lang='lat' dir='ltr'><strong>(Childebertus</strong></span> <span class='ocrx_word' id='word_1_391' title='bbox 938 3884 1051 3953; x_wconf 94' lang='grc'><em>111)</em></span> <span class='ocrx_word' id='word_1_392' title='bbox 1079 3897 1240 3954; x_wconf 88' lang='lat' dir='ltr'><strong>super</strong></span> <span class='ocrx_word' id='word_1_393' title='bbox 1258 3880 1482 3936; x_wconf 80' lang='lat' dir='ltr'><strong>teldneis</strong></span> <span class='ocrx_word' id='word_1_394' title='bbox 1523 3887 1575 3933; x_wconf 91' lang='lat' dir='ltr'><strong>et</strong></span> <span class='ocrx_word' id='word_1_395' title='bbox 1606 3870 2111 3947; x_wconf 87' lang='lat' dir='ltr'><strong>quibusdamtribu-</strong></span> 
     </span>
    </p>
   </div>
   <div class='ocr_carea' id='block_1_57' title="bbox 530 3963 2113 4045">
    <p class='ocr_par' dir='ltr' id='par_1_57' title="bbox 530 3963 2113 4045">
     <span class='ocr_line' id='line_1_57' title="bbox 530 3963 2113 4045; baseline -0.014 -9"><span class='ocrx_word' id='word_1_396' title='bbox 530 3982 629 4045; x_wconf 81' lang='lat' dir='ltr'><strong>tis,</strong></span> <span class='ocrx_word' id='word_1_397' title='bbox 660 3972 1201 4034; x_wconf 67' lang='lat' dir='ltr'><strong>ecclesim‘Rcmeusi</strong></span> <span class='ocrx_word' id='word_1_398' title='bbox 1248 3969 1500 4025; x_wconf 81' lang='lat' dir='ltr'><strong>obtinuit.</strong></span> <span class='ocrx_word' id='word_1_399' title='bbox 1528 3965 1625 4023; x_wconf 91' lang='lat' dir='ltr'><strong>Cui</strong></span> <span class='ocrx_word' id='word_1_400' title='bbox 1654 3963 1955 4020; x_wconf 90' lang='lat' dir='ltr'><strong>Ludovicus</strong></span> <span class='ocrx_word' id='word_1_401' title='bbox 1980 3977 2113 4031; x_wconf 83' lang='lat' dir='ltr'><strong>quo-</strong></span> 
     </span>
    </p>
   </div>
   <div class='ocr_carea' id='block_1_58' title="bbox 522 4051 2112 4141">
    <p class='ocr_par' dir='ltr' id='par_1_58' title="bbox 522 4051 2112 4141">
     <span class='ocr_line' id='line_1_58' title="bbox 522 4051 2112 4141; baseline -0.013 -19"><span class='ocrx_word' id='word_1_402' title='bbox 522 4083 641 4141; x_wconf 70' lang='lat' dir='ltr'><strong>que</strong></span> <span class='ocrx_word' id='word_1_403' title='bbox 672 4083 790 4131; x_wconf 92' lang='lat' dir='ltr'><strong>rex,</strong></span> <span class='ocrx_word' id='word_1_404' title='bbox 816 4065 922 4120; x_wconf 88' lang='lat' dir='ltr'><strong>sub</strong></span> <span class='ocrx_word' id='word_1_405' title='bbox 948 4061 1193 4117; x_wconf 76' lang='lat' dir='ltr'><strong>ecclesia:</strong></span> <span class='ocrx_word' id='word_1_406' title='bbox 1216 4074 1326 4115; x_wconf 68' lang='lat' dir='ltr'><strong>sure</strong></span> <span class='ocrx_word' id='word_1_407' title='bbox 1354 4060 1595 4122; x_wconf 90' lang='lat' dir='ltr'><strong>nomine,</strong></span> <span class='ocrx_word' id='word_1_408' title='bbox 1634 4070 1721 4110; x_wconf 92' lang='lat' dir='ltr'><strong>res</strong></span> <span class='ocrx_word' id='word_1_409' title='bbox 1763 4053 2022 4123; x_wconf 88' lang='lat' dir='ltr'><strong>quasdam</strong></span> <span class='ocrx_word' id='word_1_410' title='bbox 2061 4051 2112 4104; x_wconf 90' lang='lat' dir='ltr'><strong>in</strong></span> 
     </span>
    </p>
   </div>
   <div class='ocr_carea' id='block_1_59' title="bbox 526 4142 2114 4229">
    <p class='ocr_par' dir='ltr' id='par_1_59' title="bbox 526 4142 2114 4229">
     <span class='ocr_line' id='line_1_59' title="bbox 526 4142 2114 4229; baseline -0.013 -15"><span class='ocrx_word' id='word_1_411' title='bbox 526 4158 784 4214; x_wconf 72' lang='lat' dir='ltr'><strong>Malliaco</strong></span> <span class='ocrx_word' id='word_1_412' title='bbox 825 4148 990 4224; x_wconf 86' lang='lat' dir='ltr'><strong>super</strong></span> <span class='ocrx_word' id='word_1_413' title='bbox 1029 4152 1248 4229; x_wconf 79' lang='lat' dir='ltr'><strong>fluvium</strong></span> <span class='ocrx_word' id='word_1_414' title='bbox 1301 4146 1579 4215; x_wconf 80' lang='lat' dir='ltr'><strong>Vidulam,</strong></span> <span class='ocrx_word' id='word_1_415' title='bbox 1616 4160 1750 4216; x_wconf 90' lang='lat' dir='ltr'><strong>quas</strong></span> <span class='ocrx_word' id='word_1_416' title='bbox 1797 4142 2114 4214; x_wconf 87' lang='lat' dir='ltr'><strong>quibusdam</strong></span> 
     </span>
    </p>
   </div>
   <div class='ocr_carea' id='block_1_60' title="bbox 532 4234 2117 4313">
    <p class='ocr_par' dir='ltr' id='par_1_60' title="bbox 532 4234 2117 4313">
     <span class='ocr_line' id='line_1_60' title="bbox 532 4234 2117 4313; baseline -0.013 -8"><span class='ocrx_word' id='word_1_417' title='bbox 532 4248 846 4305; x_wconf 81' lang='lat' dir='ltr'><strong>infidelibus</strong></span> <span class='ocrx_word' id='word_1_418' title='bbox 895 4244 1009 4301; x_wconf 89' lang='lat' dir='ltr'><strong>suis</strong></span> <span class='ocrx_word' id='word_1_419' title='bbox 1046 4240 1234 4313; x_wconf 79' lang='lat' dir='ltr'><strong>ejectis</strong></span> <span class='ocrx_word' id='word_1_420' title='bbox 1281 4247 1578 4309; x_wconf 86' lang='lat' dir='ltr'><strong>receperat,</strong></span> <span class='ocrx_word' id='word_1_421' title='bbox 1626 4234 1963 4291; x_wconf 88' lang='lat' dir='ltr'><strong>auctoritatis</strong></span> <span class='ocrx_word' id='word_1_422' title='bbox 2006 4245 2117 4286; x_wconf 67' lang='lat' dir='ltr'><strong>suae</strong></span> 
     </span>
    </p>
   </div>
   <div class='ocr_carea' id='block_1_61' title="bbox 533 4321 2119 4416">
    <p class='ocr_par' dir='ltr' id='par_1_61' title="bbox 533 4321 2119 4416">
     <span class='ocr_line' id='line_1_61' title="bbox 533 4321 2119 4416; baseline -0.015 -20"><span class='ocrx_word' id='word_1_423' title='bbox 533 4350 805 4416; x_wconf 65' lang='lat' dir='ltr'><strong>praecepto</strong></span> <span class='ocrx_word' id='word_1_424' title='bbox 839 4330 1351 4401; x_wconf 47' lang='lat' dir='ltr'><strong>concessit.‘Httjus</strong></span> <span class='ocrx_word' id='word_1_425' title='bbox 1395 4330 1558 4385; x_wconf 88' lang='lat' dir='ltr'><strong>etiam</strong></span> <span class='ocrx_word' id='word_1_426' title='bbox 1608 4337 1851 4398; x_wconf 87' lang='lat' dir='ltr'><strong>tempore</strong></span> <span class='ocrx_word' id='word_1_427' title='bbox 1899 4321 2119 4379; x_wconf 89' lang='lat' dir='ltr'><strong>tradidit</strong></span> 
     </span>
    </p>
   </div>
   <div class='ocr_carea' id='block_1_62' title="bbox 2126 3113 2177 3176">
    <p class='ocr_par' dir='ltr' id='par_1_62' title="bbox 2126 3113 2177 3176">
     <span class='ocr_line' id='line_1_62' title="bbox 2126 3113 2177 3176; baseline 0 0"><span class='ocrx_word' id='word_1_428' title='bbox 2126 3113 2177 3176; x_wconf 85' lang='lat' dir='ltr'><strong>C</strong></span> 
     </span>
    </p>
   </div>
   <div class='ocr_carea' id='block_1_63' title="bbox 2197 1876 3781 1949">
    <p class='ocr_par' dir='ltr' id='par_1_63' title="bbox 2197 1876 3781 1949">
     <span class='ocr_line' id='line_1_63' title="bbox 2197 1876 3781 1949; baseline -0.004 -15"><span class='ocrx_word' id='word_1_429' title='bbox 2197 1879 2349 1942; x_wconf 89' lang='lat' dir='ltr'><strong>sulis,</strong></span> <span class='ocrx_word' id='word_1_430' title='bbox 2380 1887 2435 1934; x_wconf 92' lang='lat' dir='ltr'><strong>et</strong></span> <span class='ocrx_word' id='word_1_431' title='bbox 2455 1878 2573 1948; x_wconf 84' lang='lat' dir='ltr'><strong>ejus</strong></span> <span class='ocrx_word' id='word_1_432' title='bbox 2601 1879 2817 1949; x_wconf 85' lang='lat' dir='ltr'><strong>agnovit</strong></span> <span class='ocrx_word' id='word_1_433' title='bbox 2844 1878 3193 1941; x_wconf 85' lang='lat' dir='ltr'><strong>voluntatem,</strong></span> <span class='ocrx_word' id='word_1_434' title='bbox 3222 1877 3415 1932; x_wconf 89' lang='lat' dir='ltr'><strong>obtulit</strong></span> <span class='ocrx_word' id='word_1_435' title='bbox 3438 1876 3510 1929; x_wconf 93' lang='lat' dir='ltr'><strong>ilh</strong></span> <span class='ocrx_word' id='word_1_436' title='bbox 3533 1876 3781 1931; x_wconf 79' lang='lat' dir='ltr'><strong>eantdem</strong></span> 
     </span>
    </p>
   </div>
   <div class='ocr_carea' id='block_1_64' title="bbox 2199 1964 3781 2041">
    <p class='ocr_par' dir='ltr' id='par_1_64' title="bbox 2199 1964 3781 2041">
     <span class='ocr_line' id='line_1_64' title="bbox 2199 1964 3781 2041; baseline -0.003 -18"><span class='ocrx_word' id='word_1_437' title='bbox 2199 1971 2591 2041; x_wconf 89' lang='lat' dir='ltr'><strong>possessionem</strong></span> <span class='ocrx_word' id='word_1_438' title='bbox 2624 1984 2801 2033; x_wconf 91' lang='lat' dir='ltr'><strong>suam,</strong></span> <span class='ocrx_word' id='word_1_439' title='bbox 2827 1978 3036 2039; x_wconf 89' lang='lat' dir='ltr'><strong>partem</strong></span> <span class='ocrx_word' id='word_1_440' title='bbox 3063 1983 3279 2038; x_wconf 89' lang='lat' dir='ltr'><strong>quoque</strong></span> <span class='ocrx_word' id='word_1_441' title='bbox 3301 1964 3663 2037; x_wconf 88' lang='lat' dir='ltr'><strong>possessionis</strong></span> <span class='ocrx_word' id='word_1_442' title='bbox 3691 1979 3781 2019; x_wconf 84' lang='lat' dir='ltr'><strong>cu-</strong></span> 
     </span>
    </p>
   </div>
   <div class='ocr_carea' id='block_1_65' title="bbox 2193 2056 3781 2132">
    <p class='ocr_par' dir='ltr' id='par_1_65' title="bbox 2193 2056 3781 2132">
     <span class='ocr_line' id='line_1_65' title="bbox 2193 2056 3781 2132; baseline -0.004 -17"><span class='ocrx_word' id='word_1_443' title='bbox 2193 2060 2407 2132; x_wconf 87' lang='lat' dir='ltr'><strong>jusdam</strong></span> <span class='ocrx_word' id='word_1_444' title='bbox 2445 2060 2628 2115; x_wconf 82' lang='lat' dir='ltr'><strong>fratris</strong></span> <span class='ocrx_word' id='word_1_445' title='bbox 2680 2060 2784 2126; x_wconf 88' lang='lat' dir='ltr'><strong>sui,</strong></span> <span class='ocrx_word' id='word_1_446' title='bbox 2833 2060 3053 2113; x_wconf 89' lang='lat' dir='ltr'><strong>nomine</strong></span> <span class='ocrx_word' id='word_1_447' title='bbox 3098 2058 3328 2112; x_wconf 87' lang='lat' dir='ltr'><strong>Baldiui.</strong></span> <span class='ocrx_word' id='word_1_448' title='bbox 3376 2056 3621 2111; x_wconf 86' lang='lat' dir='ltr'><strong>Alterius</strong></span> <span class='ocrx_word' id='word_1_449' title='bbox 3653 2068 3781 2108; x_wconf 84' lang='lat' dir='ltr'><strong>vero</strong></span> 
     </span>
    </p>
   </div>
   <div class='ocr_carea' id='block_1_66' title="bbox 2199 2144 3781 2229">
    <p class='ocr_par' dir='ltr' id='par_1_66' title="bbox 2199 2144 3781 2229">
     <span class='ocr_line' id='line_1_66' title="bbox 2199 2144 3781 2229; baseline -0.006 -23"><span class='ocrx_word' id='word_1_450' title='bbox 2199 2152 2407 2229; x_wconf 85' lang='lat' dir='ltr'><strong>fratris,</strong></span> <span class='ocrx_word' id='word_1_451' title='bbox 2440 2150 2831 2206; x_wconf 89' lang='lat' dir='ltr'><strong>Theoderamni</strong></span> <span class='ocrx_word' id='word_1_452' title='bbox 2864 2150 3107 2213; x_wconf 84' lang='lat' dir='ltr'><strong>nomine,</strong></span> <span class='ocrx_word' id='word_1_453' title='bbox 3140 2163 3364 2204; x_wconf 86' lang='lat' dir='ltr'><strong>causam</strong></span> <span class='ocrx_word' id='word_1_454' title='bbox 3393 2146 3601 2209; x_wconf 90' lang='lat' dir='ltr'><strong>retulit,</strong></span> <span class='ocrx_word' id='word_1_455' title='bbox 3632 2144 3781 2215; x_wconf 91' lang='lat' dir='ltr'><strong>quod</strong></span> 
     </span>
    </p>
   </div>
   <div class='ocr_carea' id='block_1_67' title="bbox 2200 2236 3783 2299">
    <p class='ocr_par' dir='ltr' id='par_1_67' title="bbox 2200 2236 3783 2299">
     <span class='ocr_line' id='line_1_67' title="bbox 2200 2236 3783 2299; baseline -0.006 -2"><span class='ocrx_word' id='word_1_456' title='bbox 2200 2252 2345 2298; x_wconf 82' lang='lat' dir='ltr'><strong>esset</strong></span> <span class='ocrx_word' id='word_1_457' title='bbox 2377 2243 2589 2297; x_wconf 79' lang='lat' dir='ltr'><strong>scilicet</strong></span> <span class='ocrx_word' id='word_1_458' title='bbox 2638 2243 2691 2295; x_wconf 90' lang='lat' dir='ltr'><strong>in</strong></span> <span class='ocrx_word' id='word_1_459' title='bbox 2743 2242 2976 2296; x_wconf 86' lang='lat' dir='ltr'><strong>factione</strong></span> <span class='ocrx_word' id='word_1_460' title='bbox 3019 2248 3209 2294; x_wconf 87' lang='lat' dir='ltr'><strong>contra</strong></span> <span class='ocrx_word' id='word_1_461' title='bbox 3250 2240 3470 2293; x_wconf 79' lang='lat' dir='ltr'><strong>lteontm</strong></span> <span class='ocrx_word' id='word_1_462' title='bbox 3501 2236 3783 2299; x_wconf 85' lang='lat' dir='ltr'><strong>comitem,</strong></span> 
     </span>
    </p>
   </div>
   <div class='ocr_carea' id='block_1_68' title="bbox 2202 2324 3784 2402">
    <p class='ocr_par' dir='ltr' id='par_1_68' title="bbox 2202 2324 3784 2402">
     <span class='ocr_line' id='line_1_68' title="bbox 2202 2324 3784 2402; baseline -0.005 -16"><span class='ocrx_word' id='word_1_463' title='bbox 2202 2333 2292 2402; x_wconf 91' lang='lat' dir='ltr'><strong>qui</strong></span> <span class='ocrx_word' id='word_1_464' title='bbox 2323 2331 2609 2387; x_wconf 76' lang='lat' dir='ltr'><strong>Bernensis</strong></span> <span class='ocrx_word' id='word_1_465' title='bbox 2640 2338 2761 2402; x_wconf 89' lang='lat' dir='ltr'><strong>post</strong></span> <span class='ocrx_word' id='word_1_466' title='bbox 2791 2329 2999 2383; x_wconf 81' lang='lat' dir='ltr'><strong>exstitit</strong></span> <span class='ocrx_word' id='word_1_467' title='bbox 3039 2328 3467 2398; x_wconf 74' lang='lat' dir='ltr'><strong>episcopus,.pro</strong></span> <span class='ocrx_word' id='word_1_468' title='bbox 3495 2324 3618 2379; x_wconf 89' lang='lat' dir='ltr'><strong>liliis</strong></span> <span class='ocrx_word' id='word_1_469' title='bbox 3646 2338 3784 2391; x_wconf 67' lang='lat' dir='ltr'><strong>e,us,</strong></span> 
     </span>
    </p>
   </div>
   <div class='ocr_carea' id='block_1_69' title="bbox 2202 2418 3788 2496">
    <p class='ocr_par' dir='ltr' id='par_1_69' title="bbox 2202 2418 3788 2496">
     <span class='ocr_line' id='line_1_69' title="bbox 2202 2418 3788 2496; baseline -0.006 -17"><span class='ocrx_word' id='word_1_470' title='bbox 2202 2440 2339 2496; x_wconf 90' lang='lat' dir='ltr'><strong>quos</strong></span> <span class='ocrx_word' id='word_1_471' title='bbox 2390 2424 2665 2479; x_wconf 87' lang='lat' dir='ltr'><strong>occiderat</strong></span> <span class='ocrx_word' id='word_1_472' title='bbox 2718 2422 2771 2477; x_wconf 88' lang='lat' dir='ltr'><strong>itt</strong></span> <span class='ocrx_word' id='word_1_473' title='bbox 2821 2420 3022 2475; x_wconf 92' lang='lat' dir='ltr'><strong>ultione</strong></span> <span class='ocrx_word' id='word_1_474' title='bbox 3072 2418 3303 2473; x_wconf 84' lang='lat' dir='ltr'><strong>filiorum</strong></span> <span class='ocrx_word' id='word_1_475' title='bbox 3352 2432 3595 2480; x_wconf 88' lang='lat' dir='ltr'><strong>suorum,</strong></span> <span class='ocrx_word' id='word_1_476' title='bbox 3648 2430 3788 2485; x_wconf 74' lang='lat' dir='ltr'><strong>flthS</strong></span> 
     </span>
    </p>
   </div>
   <div class='ocr_carea' id='block_1_70' title="bbox 2204 2507 3789 2586">
    <p class='ocr_par' dir='ltr' id='par_1_70' title="bbox 2204 2507 3789 2586">
     <span class='ocr_line' id='line_1_70' title="bbox 2204 2507 3789 2586; baseline -0.007 -15"><span class='ocrx_word' id='word_1_477' title='bbox 2204 2516 2405 2571; x_wconf 68' lang='lat' dir='ltr'><strong>lteolus</strong></span> <span class='ocrx_word' id='word_1_478' title='bbox 2455 2531 2554 2586; x_wconf 91' lang='lat' dir='ltr'><strong>pro</strong></span> <span class='ocrx_word' id='word_1_479' title='bbox 2589 2513 2875 2568; x_wconf 88' lang='lat' dir='ltr'><strong>latrocinio</strong></span> <span class='ocrx_word' id='word_1_480' title='bbox 2923 2512 3066 2581; x_wconf 86' lang='lat' dir='ltr'><strong>quod</strong></span> <span class='ocrx_word' id='word_1_481' title='bbox 3109 2510 3458 2572; x_wconf 79' lang='lat' dir='ltr'><strong>exercebant,</strong></span> <span class='ocrx_word' id='word_1_482' title='bbox 3495 2507 3789 2575; x_wconf 88' lang='lat' dir='ltr'><strong>suspendio</strong></span> 
     </span>
    </p>
   </div>
   <div class='ocr_carea' id='block_1_71' title="bbox 2205 2597 3789 2662">
    <p class='ocr_par' dir='ltr' id='par_1_71' title="bbox 2205 2597 3789 2662">
     <span class='ocr_line' id='line_1_71' title="bbox 2205 2597 3789 2662; baseline -0.007 0"><span class='ocrx_word' id='word_1_483' title='bbox 2205 2616 2513 2662; x_wconf 80' lang='lat' dir='ltr'><strong>necaverat.</strong></span> <span class='ocrx_word' id='word_1_484' title='bbox 2550 2605 2701 2661; x_wconf 80' lang='lat' dir='ltr'><strong>Unde</strong></span> <span class='ocrx_word' id='word_1_485' title='bbox 2736 2605 2983 2658; x_wconf 82' lang='lat' dir='ltr'><strong>dominus</strong></span> <span class='ocrx_word' id='word_1_486' title='bbox 3010 2603 3275 2658; x_wconf 82' lang='lat' dir='ltr'><strong>Nivardus</strong></span> <span class='ocrx_word' id='word_1_487' title='bbox 3296 2617 3419 2657; x_wconf 86' lang='lat' dir='ltr'><strong>eunt</strong></span> <span class='ocrx_word' id='word_1_488' title='bbox 3447 2616 3567 2655; x_wconf 89' lang='lat' dir='ltr'><strong>eum</strong></span> <span class='ocrx_word' id='word_1_489' title='bbox 3596 2597 3789 2662; x_wconf 75' lang='lat' dir='ltr'><strong>Reulo,</strong></span> 
     </span>
    </p>
   </div>
   <div class='ocr_carea' id='block_1_72' title="bbox 2205 2693 3788 2770">
    <p class='ocr_par' dir='ltr' id='par_1_72' title="bbox 2205 2693 3788 2770">
     <span class='ocr_line' id='line_1_72' title="bbox 2205 2693 3788 2770; baseline -0.007 -17"><span class='ocrx_word' id='word_1_490' title='bbox 2205 2701 2294 2770; x_wconf 90' lang='lat' dir='ltr'><strong>qui</strong></span> <span class='ocrx_word' id='word_1_491' title='bbox 2327 2708 2541 2768; x_wconf 87' lang='lat' dir='ltr'><strong>neptem</strong></span> <span class='ocrx_word' id='word_1_492' title='bbox 2570 2713 2721 2751; x_wconf 90' lang='lat' dir='ltr'><strong>suam</strong></span> <span class='ocrx_word' id='word_1_493' title='bbox 2756 2697 2915 2749; x_wconf 84' lang='lat' dir='ltr'><strong>filiam</strong></span> <span class='ocrx_word' id='word_1_494' title='bbox 2946 2694 3233 2750; x_wconf 78' lang='lat' dir='ltr'><strong>Childerici</strong></span> <span class='ocrx_word' id='word_1_495' title='bbox 3277 2693 3509 2748; x_wconf 84' lang='lat' dir='ltr'><strong>habebat</strong></span> <span class='ocrx_word' id='word_1_496' title='bbox 3537 2703 3788 2751; x_wconf 80' lang='lat' dir='ltr'><strong>uxorem.</strong></span> 
     </span>
    </p>
   </div>
   <div class='ocr_carea' id='block_1_73' title="bbox 2205 2780 3787 2860">
    <p class='ocr_par' dir='ltr' id='par_1_73' title="bbox 2205 2780 3787 2860">
     <span class='ocr_line' id='line_1_73' title="bbox 2205 2780 3787 2860; baseline -0.006 -19"><span class='ocrx_word' id='word_1_497' title='bbox 2205 2789 2554 2860; x_wconf 84' lang='lat' dir='ltr'><strong>pacificavit;</strong></span> <span class='ocrx_word' id='word_1_498' title='bbox 2599 2795 2654 2841; x_wconf 93' lang='lat' dir='ltr'><strong>ct</strong></span> <span class='ocrx_word' id='word_1_499' title='bbox 2698 2786 2782 2841; x_wconf 85' lang='lat' dir='ltr'><strong>sic</strong></span> <span class='ocrx_word' id='word_1_500' title='bbox 2822 2787 2934 2855; x_wconf 84' lang='lat' dir='ltr'><strong>ipse</strong></span> <span class='ocrx_word' id='word_1_501' title='bbox 2960 2783 3402 2839; x_wconf 87' lang='lat' dir='ltr'><strong>Theoderamnus</strong></span> <span class='ocrx_word' id='word_1_502' title='bbox 3450 2780 3609 2836; x_wconf 87' lang='lat' dir='ltr'><strong>simul</strong></span> <span class='ocrx_word' id='word_1_503' title='bbox 3665 2795 3787 2835; x_wconf 90' lang='lat' dir='ltr'><strong>cum</strong></span> 
     </span>
    </p>
   </div>
   <div class='ocr_carea' id='block_1_74' title="bbox 2207 2874 3791 2944">
    <p class='ocr_par' dir='ltr' id='par_1_74' title="bbox 2207 2874 3791 2944">
     <span class='ocr_line' id='line_1_74' title="bbox 2207 2874 3791 2944; baseline -0.008 -9"><span class='ocrx_word' id='word_1_504' title='bbox 2207 2878 2424 2935; x_wconf 70' lang='lat' dir='ltr'><strong>cretei-is</strong></span> <span class='ocrx_word' id='word_1_505' title='bbox 2456 2877 2713 2932; x_wconf 84' lang='lat' dir='ltr'><strong>fratribus</strong></span> <span class='ocrx_word' id='word_1_506' title='bbox 2740 2878 2849 2930; x_wconf 90' lang='lat' dir='ltr'><strong>suis</strong></span> <span class='ocrx_word' id='word_1_507' title='bbox 2885 2874 3131 2928; x_wconf 86' lang='lat' dir='ltr'><strong>eamdem</strong></span> <span class='ocrx_word' id='word_1_508' title='bbox 3161 2874 3555 2944; x_wconf 88' lang='lat' dir='ltr'><strong>possessionem</strong></span> <span class='ocrx_word' id='word_1_509' title='bbox 3600 2881 3791 2926; x_wconf 89' lang='lat' dir='ltr'><strong>sancto</strong></span> 
     </span>
    </p>
   </div>
   <div class='ocr_carea' id='block_1_75' title="bbox 2208 2961 3791 3034">
    <p class='ocr_par' dir='ltr' id='par_1_75' title="bbox 2208 2961 3791 3034">
     <span class='ocr_line' id='line_1_75' title="bbox 2208 2961 3791 3034; baseline -0.004 -10"><span class='ocrx_word' id='word_1_510' title='bbox 2208 2969 2463 3033; x_wconf 69' lang='lat' dir='ltr'><strong>Nivardo,</strong></span> <span class='ocrx_word' id='word_1_511' title='bbox 2494 2968 2913 3023; x_wconf 83' lang='lat' dir='ltr'><strong>eonunutatione</strong></span> <span class='ocrx_word' id='word_1_512' title='bbox 2943 2964 3010 3018; x_wconf 91' lang='lat' dir='ltr'><strong>ab</strong></span> <span class='ocrx_word' id='word_1_513' title='bbox 3034 2980 3098 3019; x_wconf 89' lang='lat' dir='ltr'><strong>eo</strong></span> <span class='ocrx_word' id='word_1_514' title='bbox 3139 2974 3372 3034; x_wconf 89' lang='lat' dir='ltr'><strong>sumpta,</strong></span> <span class='ocrx_word' id='word_1_515' title='bbox 3401 2963 3637 3019; x_wconf 89' lang='lat' dir='ltr'><strong>tradidit.</strong></span> <span class='ocrx_word' id='word_1_516' title='bbox 3669 2961 3791 3017; x_wconf 79' lang='lat' dir='ltr'><strong>Mox</strong></span> 
     </span>
    </p>
   </div>
   <div class='ocr_carea' id='block_1_76' title="bbox 2211 3050 3792 3130">
    <p class='ocr_par' dir='ltr' id='par_1_76' title="bbox 2211 3050 3792 3130">
     <span class='ocr_line' id='line_1_76' title="bbox 2211 3050 3792 3130; baseline -0.006 -17"><span class='ocrx_word' id='word_1_517' title='bbox 2211 3060 2350 3115; x_wconf 87' lang='lat' dir='ltr'><strong>idem</strong></span> <span class='ocrx_word' id='word_1_518' title='bbox 2391 3058 2581 3130; x_wconf 65' lang='lat' dir='ltr'><strong>praesul</strong></span> <span class='ocrx_word' id='word_1_519' title='bbox 2612 3057 2815 3111; x_wconf 76' lang='lat' dir='ltr'><strong>succidi</strong></span> <span class='ocrx_word' id='word_1_520' title='bbox 2840 3056 3031 3109; x_wconf 82' lang='lat' dir='ltr'><strong>silvam</strong></span> <span class='ocrx_word' id='word_1_521' title='bbox 3050 3052 3277 3123; x_wconf 75' lang='lat' dir='ltr'><strong>jubens,</strong></span> <span class='ocrx_word' id='word_1_522' title='bbox 3298 3055 3349 3108; x_wconf 94' lang='lat' dir='ltr'><strong>in</strong></span> <span class='ocrx_word' id='word_1_523' title='bbox 3384 3055 3590 3108; x_wconf 88' lang='lat' dir='ltr'><strong>honore</strong></span> <span class='ocrx_word' id='word_1_524' title='bbox 3612 3050 3792 3105; x_wconf 82' lang='lat' dir='ltr'><strong>sancti</strong></span> 
     </span>
    </p>
   </div>
   <div class='ocr_carea' id='block_1_77' title="bbox 2207 3140 3792 3215">
    <p class='ocr_par' dir='ltr' id='par_1_77' title="bbox 2207 3140 3792 3215">
     <span class='ocr_line' id='line_1_77' title="bbox 2207 3140 3792 3215; baseline -0.006 -11"><span class='ocrx_word' id='word_1_525' title='bbox 2207 3150 2352 3205; x_wconf 87' lang='lat' dir='ltr'><strong>Petri</strong></span> <span class='ocrx_word' id='word_1_526' title='bbox 2387 3160 2442 3203; x_wconf 88' lang='lat' dir='ltr'><strong>et</strong></span> <span class='ocrx_word' id='word_1_527' title='bbox 2470 3149 2711 3203; x_wconf 85' lang='lat' dir='ltr'><strong>omnium</strong></span> <span class='ocrx_word' id='word_1_528' title='bbox 2741 3146 3107 3215; x_wconf 87' lang='lat' dir='ltr'><strong>apostolorum</strong></span> <span class='ocrx_word' id='word_1_529' title='bbox 3153 3143 3226 3197; x_wconf 89' lang='lat' dir='ltr'><strong>ibi</strong></span> <span class='ocrx_word' id='word_1_530' title='bbox 3270 3141 3572 3196; x_wconf 77' lang='lat' dir='ltr'><strong>construxit</strong></span> <span class='ocrx_word' id='word_1_531' title='bbox 3617 3140 3792 3195; x_wconf 57' lang='lat' dir='ltr'><strong>eccleo</strong></span> 
     </span>
    </p>
   </div>
   <div class='ocr_carea' id='block_1_78' title="bbox 2206 3231 3795 3304">
    <p class='ocr_par' dir='ltr' id='par_1_78' title="bbox 2206 3231 3795 3304">
     <span class='ocr_line' id='line_1_78' title="bbox 2206 3231 3795 3304; baseline -0.009 -8"><span class='ocrx_word' id='word_1_532' title='bbox 2206 3241 2364 3304; x_wconf 89' lang='lat' dir='ltr'><strong>siam,</strong></span> <span class='ocrx_word' id='word_1_533' title='bbox 2406 3248 2460 3296; x_wconf 91' lang='lat' dir='ltr'><strong>et</strong></span> <span class='ocrx_word' id='word_1_534' title='bbox 2498 3237 2585 3292; x_wconf 90' lang='lat' dir='ltr'><strong>ubi</strong></span> <span class='ocrx_word' id='word_1_535' title='bbox 2620 3238 2883 3291; x_wconf 87' lang='lat' dir='ltr'><strong>resedisse</strong></span> <span class='ocrx_word' id='word_1_536' title='bbox 2910 3234 3211 3290; x_wconf 87' lang='lat' dir='ltr'><strong>columbam</strong></span> <span class='ocrx_word' id='word_1_537' title='bbox 3250 3233 3476 3297; x_wconf 82' lang='lat' dir='ltr'><strong>viderat,</strong></span> <span class='ocrx_word' id='word_1_538' title='bbox 3502 3232 3679 3285; x_wconf 89' lang='lat' dir='ltr'><strong>altare</strong></span> <span class='ocrx_word' id='word_1_539' title='bbox 3713 3231 3795 3283; x_wconf 72' lang='lat' dir='ltr'><strong>in~</strong></span> 
     </span>
    </p>
   </div>
   <div class='ocr_carea' id='block_1_79' title="bbox 2206 3322 3792 3400">
    <p class='ocr_par' dir='ltr' id='par_1_79' title="bbox 2206 3322 3792 3400">
     <span class='ocr_line' id='line_1_79' title="bbox 2206 3322 3792 3400; baseline -0.009 -11"><span class='ocrx_word' id='word_1_540' title='bbox 2206 3334 2407 3399; x_wconf 88' lang='lat' dir='ltr'><strong>stituit,</strong></span> <span class='ocrx_word' id='word_1_541' title='bbox 2437 3331 2784 3400; x_wconf 83' lang='lat' dir='ltr'><strong>collectisque</strong></span> <span class='ocrx_word' id='word_1_542' title='bbox 2815 3327 2985 3383; x_wconf 88' lang='lat' dir='ltr'><strong>servis</strong></span> <span class='ocrx_word' id='word_1_543' title='bbox 3020 3326 3110 3380; x_wconf 88' lang='lat' dir='ltr'><strong>Dei</strong></span> <span class='ocrx_word' id='word_1_544' title='bbox 3141 3323 3534 3379; x_wconf 88' lang='lat' dir='ltr'><strong>monasterium</strong></span> <span class='ocrx_word' id='word_1_545' title='bbox 3564 3322 3792 3378; x_wconf 58' lang='lat' dir='ltr'><strong>ordina-</strong></span> 
     </span>
    </p>
   </div>
   <div class='ocr_carea' id='block_1_80' title="bbox 2206 3414 3794 3491">
    <p class='ocr_par' dir='ltr' id='par_1_80' title="bbox 2206 3414 3794 3491">
     <span class='ocr_line' id='line_1_80' title="bbox 2206 3414 3794 3491; baseline -0.009 -10"><span class='ocrx_word' id='word_1_546' title='bbox 2206 3427 2304 3481; x_wconf 84' lang='lat' dir='ltr'><strong>vit.</strong></span> <span class='ocrx_word' id='word_1_547' title='bbox 2353 3424 2453 3479; x_wconf 73' lang='lat' dir='ltr'><strong>Ubi</strong></span> <span class='ocrx_word' id='word_1_548' title='bbox 2503 3423 2667 3479; x_wconf 90' lang='lat' dir='ltr'><strong>etiam</strong></span> <span class='ocrx_word' id='word_1_549' title='bbox 2706 3419 2958 3491; x_wconf 73' lang='lat' dir='ltr'><strong>prmfatus</strong></span> <span class='ocrx_word' id='word_1_550' title='bbox 3007 3417 3446 3471; x_wconf 87' lang='lat' dir='ltr'><strong>&#39;fheoderantuus</strong></span> <span class='ocrx_word' id='word_1_551' title='bbox 3488 3414 3794 3468; x_wconf 76' lang='lat' dir='ltr'><strong>monachus</strong></span> 
     </span>
    </p>
   </div>
   <div class='ocr_carea' id='block_1_81' title="bbox 2208 3504 3791 3573">
    <p class='ocr_par' dir='ltr' id='par_1_81' title="bbox 2208 3504 3791 3573">
     <span class='ocr_line' id='line_1_81' title="bbox 2208 3504 3791 3573; baseline -0.01 0"><span class='ocrx_word' id='word_1_552' title='bbox 2208 3514 2455 3573; x_wconf 78' lang='lat' dir='ltr'><strong>efﬁcitur.</strong></span> <span class='ocrx_word' id='word_1_553' title='bbox 2496 3512 2600 3568; x_wconf 87' lang='lat' dir='ltr'><strong>Sed</strong></span> <span class='ocrx_word' id='word_1_554' title='bbox 2630 3521 2687 3566; x_wconf 92' lang='lat' dir='ltr'><strong>et</strong></span> <span class='ocrx_word' id='word_1_555' title='bbox 2725 3510 2920 3565; x_wconf 74' lang='lat' dir='ltr'><strong>lteolus</strong></span> <span class='ocrx_word' id='word_1_556' title='bbox 2951 3508 3115 3561; x_wconf 90' lang='lat' dir='ltr'><strong>lilium</strong></span> <span class='ocrx_word' id='word_1_557' title='bbox 3144 3522 3297 3559; x_wconf 87' lang='lat' dir='ltr'><strong>suum</strong></span> <span class='ocrx_word' id='word_1_558' title='bbox 3327 3505 3550 3559; x_wconf 90' lang='lat' dir='ltr'><strong>nomine</strong></span> <span class='ocrx_word' id='word_1_559' title='bbox 3577 3504 3791 3559; x_wconf 62' lang='lat' dir='ltr'><strong>(sedeo-</strong></span> 
     </span>
    </p>
   </div>
   <div class='ocr_carea' id='block_1_82' title="bbox 2210 3596 3798 3675">
    <p class='ocr_par' dir='ltr' id='par_1_82' title="bbox 2210 3596 3798 3675">
     <span class='ocr_line' id='line_1_82' title="bbox 2210 3596 3798 3675; baseline -0.009 -11"><span class='ocrx_word' id='word_1_560' title='bbox 2210 3626 2356 3674; x_wconf 90' lang='lat' dir='ltr'><strong>nem,</strong></span> <span class='ocrx_word' id='word_1_561' title='bbox 2381 3609 2446 3662; x_wconf 93' lang='lat' dir='ltr'><strong>de</strong></span> <span class='ocrx_word' id='word_1_562' title='bbox 2475 3618 2635 3675; x_wconf 76' lang='lat' dir='ltr'><strong>nepte</strong></span> <span class='ocrx_word' id='word_1_563' title='bbox 2662 3602 2832 3658; x_wconf 87' lang='lat' dir='ltr'><strong>sancti</strong></span> <span class='ocrx_word' id='word_1_564' title='bbox 2868 3598 3085 3653; x_wconf 77' lang='lat' dir='ltr'><strong>Nivardi</strong></span> <span class='ocrx_word' id='word_1_565' title='bbox 3122 3605 3454 3665; x_wconf 86' lang='lat' dir='ltr'><strong>susceptum,</strong></span> <span class='ocrx_word' id='word_1_566' title='bbox 3498 3596 3570 3649; x_wconf 91' lang='lat' dir='ltr'><strong>ibi</strong></span> <span class='ocrx_word' id='word_1_567' title='bbox 3613 3611 3798 3650; x_wconf 82' lang='lat' dir='ltr'><strong>mona-</strong></span> 
     </span>
    </p>
   </div>
   <div class='ocr_carea' id='block_1_83' title="bbox 2212 3688 3802 3766">
    <p class='ocr_par' dir='ltr' id='par_1_83' title="bbox 2212 3688 3802 3766">
     <span class='ocr_line' id='line_1_83' title="bbox 2212 3688 3802 3766; baseline -0.007 -10"><span class='ocrx_word' id='word_1_568' title='bbox 2212 3702 2370 3757; x_wconf 87' lang='lat' dir='ltr'><strong>chum</strong></span> <span class='ocrx_word' id='word_1_569' title='bbox 2397 3699 2511 3753; x_wconf 81' lang='lat' dir='ltr'><strong>ﬁeri</strong></span> <span class='ocrx_word' id='word_1_570' title='bbox 2536 3696 2687 3766; x_wconf 88' lang='lat' dir='ltr'><strong>petiit</strong></span> <span class='ocrx_word' id='word_1_571' title='bbox 2706 3705 2760 3749; x_wconf 87' lang='lat' dir='ltr'><strong>et</strong></span> <span class='ocrx_word' id='word_1_572' title='bbox 2784 3707 2958 3746; x_wconf 91' lang='lat' dir='ltr'><strong>rerum</strong></span> <span class='ocrx_word' id='word_1_573' title='bbox 2985 3699 3203 3745; x_wconf 81' lang='lat' dir='ltr'><strong>suat-unt</strong></span> <span class='ocrx_word' id='word_1_574' title='bbox 3217 3699 3423 3758; x_wconf 90' lang='lat' dir='ltr'><strong>partem</strong></span> <span class='ocrx_word' id='word_1_575' title='bbox 3446 3688 3513 3740; x_wconf 89' lang='lat' dir='ltr'><strong>ad</strong></span> <span class='ocrx_word' id='word_1_576' title='bbox 3528 3689 3671 3743; x_wconf 88' lang='lat' dir='ltr'><strong>idem</strong></span> <span class='ocrx_word' id='word_1_577' title='bbox 3693 3706 3802 3745; x_wconf 89' lang='lat' dir='ltr'><strong>mo-</strong></span> 
     </span>
    </p>
   </div>
   <div class='ocr_carea' id='block_1_84' title="bbox 2212 3776 3797 3847">
    <p class='ocr_par' dir='ltr' id='par_1_84' title="bbox 2212 3776 3797 3847">
     <span class='ocr_line' id='line_1_84' title="bbox 2212 3776 3797 3847; baseline -0.008 0"><span class='ocrx_word' id='word_1_578' title='bbox 2212 3792 2507 3847; x_wconf 89' lang='lat' dir='ltr'><strong>nasterium</strong></span> <span class='ocrx_word' id='word_1_579' title='bbox 2547 3785 2890 3842; x_wconf 87' lang='lat' dir='ltr'><strong>condonavit.</strong></span> <span class='ocrx_word' id='word_1_580' title='bbox 2916 3782 3113 3835; x_wconf 81' lang='lat' dir='ltr'><strong>Beatus</strong></span> <span class='ocrx_word' id='word_1_581' title='bbox 3132 3789 3309 3835; x_wconf 88' lang='lat' dir='ltr'><strong>autem</strong></span> <span class='ocrx_word' id='word_1_582' title='bbox 3339 3776 3630 3845; x_wconf 83' lang='lat' dir='ltr'><strong>Nivardus,</strong></span> <span class='ocrx_word' id='word_1_583' title='bbox 3669 3796 3797 3836; x_wconf 89' lang='lat' dir='ltr'><strong>con-</strong></span> 
     </span>
    </p>
   </div>
   <div class='ocr_carea' id='block_1_85' title="bbox 2214 3869 3801 3945">
    <p class='ocr_par' dir='ltr' id='par_1_85' title="bbox 2214 3869 3801 3945">
     <span class='ocr_line' id='line_1_85' title="bbox 2214 3869 3801 3945; baseline -0.009 -5"><span class='ocrx_word' id='word_1_584' title='bbox 2214 3886 2400 3941; x_wconf 88' lang='lat' dir='ltr'><strong>stituto</strong></span> <span class='ocrx_word' id='word_1_585' title='bbox 2455 3878 2817 3941; x_wconf 88' lang='lat' dir='ltr'><strong>monasterio,</strong></span> <span class='ocrx_word' id='word_1_586' title='bbox 2886 3872 3145 3945; x_wconf 90' lang='lat' dir='ltr'><strong>quidquid</strong></span> <span class='ocrx_word' id='word_1_587' title='bbox 3210 3869 3610 3942; x_wconf 86' lang='lat' dir='ltr'><strong>possessionum</strong></span> <span class='ocrx_word' id='word_1_588' title='bbox 3673 3882 3801 3926; x_wconf 83' lang='lat' dir='ltr'><strong>ante</strong></span> 
     </span>
    </p>
   </div>
   <div class='ocr_carea' id='block_1_86' title="bbox 2215 3964 3797 4049">
    <p class='ocr_par' dir='ltr' id='par_1_86' title="bbox 2215 3964 3797 4049">
     <span class='ocr_line' id='line_1_86' title="bbox 2215 3964 3797 4049; baseline -0.008 -18"><span class='ocrx_word' id='word_1_589' title='bbox 2215 3977 2581 4049; x_wconf 83' lang='lat' dir='ltr'><strong>episcopatum</strong></span> <span class='ocrx_word' id='word_1_590' title='bbox 2624 3970 2803 4025; x_wconf 87' lang='lat' dir='ltr'><strong>fuerat</strong></span> <span class='ocrx_word' id='word_1_591' title='bbox 2851 3967 3000 4022; x_wconf 89' lang='lat' dir='ltr'><strong>visus</strong></span> <span class='ocrx_word' id='word_1_592' title='bbox 3030 3965 3233 4021; x_wconf 90' lang='lat' dir='ltr'><strong>habere</strong></span> <span class='ocrx_word' id='word_1_593' title='bbox 3275 3966 3342 4019; x_wconf 89' lang='lat' dir='ltr'><strong>ad</strong></span> <span class='ocrx_word' id='word_1_594' title='bbox 3389 3964 3567 4034; x_wconf 88' lang='lat' dir='ltr'><strong>ipsmn</strong></span> <span class='ocrx_word' id='word_1_595' title='bbox 3613 3967 3797 4020; x_wconf 89' lang='lat' dir='ltr'><strong>locum</strong></span> 
     </span>
    </p>
   </div>
   <div class='ocr_carea' id='block_1_87' title="bbox 2218 4054 3798 4131">
    <p class='ocr_par' dir='ltr' id='par_1_87' title="bbox 2218 4054 3798 4131">
     <span class='ocr_line' id='line_1_87' title="bbox 2218 4054 3798 4131; baseline -0.009 -7"><span class='ocrx_word' id='word_1_596' title='bbox 2218 4069 2461 4131; x_wconf 86' lang='lat' dir='ltr'><strong>tradidit,</strong></span> <span class='ocrx_word' id='word_1_597' title='bbox 2491 4074 2546 4120; x_wconf 93' lang='lat' dir='ltr'><strong>et</strong></span> <span class='ocrx_word' id='word_1_598' title='bbox 2572 4064 2890 4118; x_wconf 71' lang='lat' dir='ltr'><strong>exhortatus</strong></span> <span class='ocrx_word' id='word_1_599' title='bbox 2916 4060 3133 4113; x_wconf 85' lang='lat' dir='ltr'><strong>beatum</strong></span> <span class='ocrx_word' id='word_1_600' title='bbox 3163 4055 3410 4114; x_wconf 71' lang='lat' dir='ltr'><strong>lieohnn.</strong></span> <span class='ocrx_word' id='word_1_601' title='bbox 3442 4054 3723 4126; x_wconf 73' lang='lat' dir='ltr'><strong>religionis</strong></span> <span class='ocrx_word' id='word_1_602' title='bbox 3748 4054 3798 4110; x_wconf 91' lang='lat' dir='ltr'><strong>ei</strong></span> 
     </span>
    </p>
   </div>
   <div class='ocr_carea' id='block_1_88' title="bbox 2217 4146 3802 4217">
    <p class='ocr_par' dir='ltr' id='par_1_88' title="bbox 2217 4146 3802 4217">
     <span class='ocr_line' id='line_1_88' title="bbox 2217 4146 3802 4217; baseline -0.013 -4"><span class='ocrx_word' id='word_1_603' title='bbox 2217 4158 2387 4214; x_wconf 86' lang='lat' dir='ltr'><strong>suasit</strong></span> <span class='ocrx_word' id='word_1_604' title='bbox 2423 4168 2697 4209; x_wconf 79' lang='lat' dir='ltr'><strong>assumere</strong></span> <span class='ocrx_word' id='word_1_605' title='bbox 2722 4151 2986 4206; x_wconf 89' lang='lat' dir='ltr'><strong>habitum.</strong></span> <span class='ocrx_word' id='word_1_606' title='bbox 3037 4146 3383 4217; x_wconf 82' lang='lat' dir='ltr'><strong>Privilegium</strong></span> <span class='ocrx_word' id='word_1_607' title='bbox 3425 4158 3663 4215; x_wconf 87' lang='lat' dir='ltr'><strong>quoque,</strong></span> <span class='ocrx_word' id='word_1_608' title='bbox 3704 4160 3802 4215; x_wconf 76' lang='lat' dir='ltr'><strong>po.</strong></span> 
     </span>
    </p>
   </div>
   <div class='ocr_carea' id='block_1_89' title="bbox 2218 4233 3802 4315">
    <p class='ocr_par' dir='ltr' id='par_1_89' title="bbox 2218 4233 3802 4315">
     <span class='ocr_line' id='line_1_89' title="bbox 2218 4233 3802 4315; baseline -0.009 -13"><span class='ocrx_word' id='word_1_609' title='bbox 2218 4256 2404 4303; x_wconf 86' lang='lat' dir='ltr'><strong>seente</strong></span> <span class='ocrx_word' id='word_1_610' title='bbox 2450 4242 2674 4315; x_wconf 73' lang='lat' dir='ltr'><strong>prmfato</strong></span> <span class='ocrx_word' id='word_1_611' title='bbox 2736 4238 2929 4292; x_wconf 90' lang='lat' dir='ltr'><strong>abbate</strong></span> <span class='ocrx_word' id='word_1_612' title='bbox 2977 4235 3294 4300; x_wconf 81' lang='lat' dir='ltr'><strong>Berecario,</strong></span> <span class='ocrx_word' id='word_1_613' title='bbox 3344 4233 3519 4287; x_wconf 89' lang='lat' dir='ltr'><strong>eidem</strong></span> <span class='ocrx_word' id='word_1_614' title='bbox 3570 4233 3802 4287; x_wconf 90' lang='lat' dir='ltr'><strong>contulit</strong></span> 
     </span>
    </p>
   </div>
   <div class='ocr_carea' id='block_1_90' title="bbox 2220 4326 3799 4401">
    <p class='ocr_par' dir='ltr' id='par_1_90' title="bbox 2220 4326 3799 4401">
     <span class='ocr_line' id='line_1_90' title="bbox 2220 4326 3799 4401; baseline -0.014 -3"><span class='ocrx_word' id='word_1_615' title='bbox 2220 4338 2582 4398; x_wconf 89' lang='lat' dir='ltr'><strong>monasterio:</strong></span> <span class='ocrx_word' id='word_1_616' title='bbox 2601 4344 2658 4389; x_wconf 90' lang='lat' dir='ltr'><strong>ttt</strong></span> <span class='ocrx_word' id='word_1_617' title='bbox 2672 4332 2876 4388; x_wconf 90' lang='lat' dir='ltr'><strong>scilicet</strong></span> <span class='ocrx_word' id='word_1_618' title='bbox 2897 4332 3011 4400; x_wconf 89' lang='lat' dir='ltr'><strong>ipse</strong></span> <span class='ocrx_word' id='word_1_619' title='bbox 3029 4327 3221 4401; x_wconf 63' lang='lat' dir='ltr'><strong>przesul</strong></span> <span class='ocrx_word' id='word_1_620' title='bbox 3247 4326 3799 4382; x_wconf 87' lang='lat' dir='ltr'><strong>idemmonastcrinm</strong></span> 
     </span>
    </p>
   </div>
   <div class='ocr_carea' id='block_1_91' title="bbox 534 4416 3798 4517">
    <p class='ocr_par' dir='ltr' id='par_1_91' title="bbox 534 4416 3798 4517">
     <span class='ocr_line' id='line_1_91' title="bbox 534 4416 3798 4517; baseline -0.01 -15"><span class='ocrx_word' id='word_1_621' title='bbox 534 4430 901 4491; x_wconf 54' lang='lat' dir='ltr'><strong>Gl‘imoamus&#39;</strong></span> <span class='ocrx_word' id='word_1_622' title='bbox 922 4428 1009 4483; x_wconf 67' lang='grc' dir='ltr'><strong>νίν</strong></span> <span class='ocrx_word' id='word_1_623' title='bbox 1048 4424 1277 4482; x_wconf 46' lang='lat' dir='ltr'><strong>“maris</strong></span> <span class='ocrx_word' id='word_1_624' title='bbox 1307 4432 1493 4478; x_wconf 62' lang='grc' dir='ltr'>επηοίο</span> <span class='ocrx_word' id='word_1_625' title='bbox 1522 4418 1766 4490; x_wconf 69' lang='grc' dir='ltr'><strong>Βυηιίείο</strong></span> <span class='ocrx_word' id='word_1_626' title='bbox 1808 4416 1963 4471; x_wconf 62' lang='lat' dir='ltr'><strong>Vm“</strong></span> <span class='ocrx_word' id='word_1_627' title='bbox 1993 4427 2118 4469; x_wconf 62' lang='lat' dir='ltr'><strong>suas</strong></span> <span class='ocrx_word' id='word_1_628' title='bbox 2145 4458 2197 4517; x_wconf 72' lang='grc' dir='ltr'><strong>ι)</strong></span> <span class='ocrx_word' id='word_1_629' title='bbox 2224 4435 2277 4489; x_wconf 89' lang='lat' dir='ltr'><strong>in</strong></span> <span class='ocrx_word' id='word_1_630' title='bbox 2307 4433 2387 4488; x_wconf 88' lang='lat' dir='ltr'><strong>sui</strong></span> <span class='ocrx_word' id='word_1_631' title='bbox 2411 4429 2551 4499; x_wconf 86' lang='lat' dir='ltr'><strong>juris</strong></span> <span class='ocrx_word' id='word_1_632' title='bbox 2576 4425 2937 4483; x_wconf 87' lang='lat' dir='ltr'><strong>dominatione</strong></span> <span class='ocrx_word' id='word_1_633' title='bbox 2963 4423 3087 4476; x_wconf 90' lang='lat' dir='ltr'><strong>dum</strong></span> <span class='ocrx_word' id='word_1_634' title='bbox 3102 4421 3396 4483; x_wconf 77' lang='lat' dir='ltr'><strong>adviveret,</strong></span> <span class='ocrx_word' id='word_1_635' title='bbox 3425 4426 3798 4479; x_wconf 88' lang='lat' dir='ltr'><strong>conservaret,</strong></span> 
     </span>
    </p>
   </div>
   <div class='ocr_carea' id='block_1_92' title="bbox 535 4508 2122 4587">
    <p class='ocr_par' dir='ltr' id='par_1_92' title="bbox 535 4508 2122 4587">
     <span class='ocr_line' id='line_1_92' title="bbox 535 4508 2122 4587; baseline -0.018 -2"><span class='ocrx_word' id='word_1_636' title='bbox 535 4526 917 4585; x_wconf 78' lang='lat' dir='ltr'><strong>Calmieiacum</strong></span> <span class='ocrx_word' id='word_1_637' title='bbox 938 4531 993 4577; x_wconf 92' lang='lat' dir='ltr'><strong>et</strong></span> <span class='ocrx_word' id='word_1_638' title='bbox 1023 4518 1392 4575; x_wconf 78' lang='lat' dir='ltr'><strong>Victuriacum</strong></span> <span class='ocrx_word' id='word_1_639' title='bbox 1411 4508 1859 4587; x_wconf 77' lang='lat' dir='ltr'><strong>(Mally,Vceste),</strong></span> <span class='ocrx_word' id='word_1_640' title='bbox 1885 4523 1981 4580; x_wconf 91' lang='lat' dir='ltr'><strong>pro</strong></span> <span class='ocrx_word' id='word_1_641' title='bbox 2006 4508 2122 4559; x_wconf 88' lang='lat' dir='ltr'><strong>ani-</strong></span> 
     </span>
    </p>
   </div>
   <div class='ocr_carea' id='block_1_93' title="bbox 516 4612 1075 4678">
    <p class='ocr_par' dir='ltr' id='par_1_93' title="bbox 516 4612 1075 4678">
     <span class='ocr_line' id='line_1_93' title="bbox 516 4612 1075 4678; baseline -0.007 -8"><span class='ocrx_word' id='word_1_642' title='bbox 516 4634 641 4678; x_wconf 66' lang='lat' dir='ltr'><strong>.mce</strong></span> <span class='ocrx_word' id='word_1_643' title='bbox 670 4631 798 4673; x_wconf 62' lang='lat' dir='ltr'><strong>suae</strong></span> <span class='ocrx_word' id='word_1_644' title='bbox 818 4612 1075 4670; x_wconf 88' lang='lat' dir='ltr'><strong>remedio.</strong></span> 
     </span>
    </p>
   </div>
   <div class='ocr_carea' id='block_1_94' title="bbox 610 4689 2120 4765">
    <p class='ocr_par' dir='ltr' id='par_1_94' title="bbox 610 4689 2120 4765">
     <span class='ocr_line' id='line_1_94' title="bbox 610 4689 2120 4765; baseline -0.019 -1"><span class='ocrx_word' id='word_1_645' title='bbox 610 4709 711 4764; x_wconf 83' lang='lat' dir='ltr'><strong>Hic</strong></span> <span class='ocrx_word' id='word_1_646' title='bbox 739 4708 930 4762; x_wconf 88' lang='lat' dir='ltr'><strong>beatus</strong></span> <span class='ocrx_word' id='word_1_647' title='bbox 965 4701 1257 4765; x_wconf 82' lang='lat' dir='ltr'><strong>Nivardus,</strong></span> <span class='ocrx_word' id='word_1_648' title='bbox 1288 4697 1416 4753; x_wconf 85' lang='lat' dir='ltr'><strong>dum</strong></span> <span class='ocrx_word' id='word_1_649' title='bbox 1445 4710 1510 4750; x_wconf 81' lang='lat' dir='ltr'><strong>ex</strong></span> <span class='ocrx_word' id='word_1_650' title='bbox 1540 4689 1815 4749; x_wconf 88' lang='lat' dir='ltr'><strong>communi</strong></span> <span class='ocrx_word' id='word_1_651' title='bbox 1858 4697 2120 4742; x_wconf 67' lang='lat' dir='ltr'><strong>consensu</strong></span> 
     </span>
    </p>
   </div>
   <div class='ocr_carea' id='block_1_95' title="bbox 524 4769 2123 4864">
    <p class='ocr_par' dir='ltr' id='par_1_95' title="bbox 524 4769 2123 4864">
     <span class='ocr_line' id='line_1_95' title="bbox 524 4769 2123 4864; baseline -0.019 -10"><span class='ocrx_word' id='word_1_652' title='bbox 524 4800 713 4854; x_wconf 57' lang='lat' dir='ltr'><strong>Aetius</strong></span> <span class='ocrx_word' id='word_1_653' title='bbox 759 4795 971 4851; x_wconf 89' lang='lat' dir='ltr'><strong>concilii</strong></span> <span class='ocrx_word' id='word_1_654' title='bbox 1012 4790 1300 4864; x_wconf 73' lang='lat' dir='ltr'><strong>praesulum</strong></span> <span class='ocrx_word' id='word_1_655' title='bbox 1330 4786 1536 4850; x_wconf 59' lang='lat' dir='ltr'><strong>Gallia,</strong></span> <span class='ocrx_word' id='word_1_656' title='bbox 1569 4778 1866 4841; x_wconf 79' lang='lat' dir='ltr'><strong>Namnetis,</strong></span> <span class='ocrx_word' id='word_1_657' title='bbox 1896 4769 2123 4829; x_wconf 75' lang='lat' dir='ltr'><strong>Romani</strong></span> 
     </span>
    </p>
   </div>
   <div class='ocr_carea' id='block_1_96' title="bbox 534 4862 2127 4961">
    <p class='ocr_par' dir='ltr' id='par_1_96' title="bbox 534 4862 2127 4961">
     <span class='ocr_line' id='line_1_96' title="bbox 534 4862 2127 4961; baseline -0.021 -15"><span class='ocrx_word' id='word_1_658' title='bbox 534 4890 782 4961; x_wconf 77' lang='lat' dir='ltr'><strong>iussione</strong></span> <span class='ocrx_word' id='word_1_659' title='bbox 805 4862 1098 4956; x_wconf 80' lang='lat' dir='ltr'><strong>pontificis,</strong></span> <span class='ocrx_word' id='word_1_660' title='bbox 1131 4878 1379 4942; x_wconf 85' lang='lat' dir='ltr'><strong>exhibiti,</strong></span> <span class='ocrx_word' id='word_1_661' title='bbox 1411 4890 1536 4946; x_wconf 89' lang='lat' dir='ltr'><strong>rege</strong></span> <span class='ocrx_word' id='word_1_662' title='bbox 1554 4872 1797 4933; x_wconf 76' lang='lat' dir='ltr'><strong>favente,</strong></span> <span class='ocrx_word' id='word_1_663' title='bbox 1836 4862 2127 4961; x_wconf 56' lang='lat' dir='ltr'><strong>restrinxis-</strong></span> 
     </span>
    </p>
   </div>
   <div class='ocr_carea' id='block_1_97' title="bbox 541 4952 2123 5040">
    <p class='ocr_par' dir='ltr' id='par_1_97' title="bbox 541 4952 2123 5040">
     <span class='ocr_line' id='line_1_97' title="bbox 541 4952 2123 5040; baseline -0.023 1"><span class='ocrx_word' id='word_1_664' title='bbox 541 4952 629 5040; x_wconf 69' lang='lat' dir='ltr'><strong>set</strong></span> <span class='ocrx_word' id='word_1_665' title='bbox 655 4952 942 5037; x_wconf 75' lang='lat' dir='ltr'><strong>ecclesiam</strong></span> <span class='ocrx_word' id='word_1_666' title='bbox 983 4969 1296 5028; x_wconf 87' lang='lat' dir='ltr'><strong>monasterii</strong></span> <span class='ocrx_word' id='word_1_667' title='bbox 1336 4981 1500 5037; x_wconf 87' lang='lat' dir='ltr'><strong>super</strong></span> <span class='ocrx_word' id='word_1_668' title='bbox 1541 4965 1711 5034; x_wconf 88' lang='lat' dir='ltr'><strong>ripam</strong></span> <span class='ocrx_word' id='word_1_669' title='bbox 1732 4957 1987 5013; x_wconf 69' lang='lat' dir='ltr'><strong>Materna:</strong></span> <span class='ocrx_word' id='word_1_670' title='bbox 2021 4952 2123 5007; x_wconf 84' lang='lat' dir='ltr'><strong>ﬂu-</strong></span> 
     </span>
    </p>
   </div>
   <div class='ocr_carea' id='block_1_98' title="bbox 541 5044 2125 5137">
    <p class='ocr_par' dir='ltr' id='par_1_98' title="bbox 541 5044 2125 5137">
     <span class='ocr_line' id='line_1_98' title="bbox 541 5044 2125 5137; baseline -0.02 -7"><span class='ocrx_word' id='word_1_671' title='bbox 541 5072 732 5137; x_wconf 75' lang='lat' dir='ltr'><strong>minis,</strong></span> <span class='ocrx_word' id='word_1_672' title='bbox 774 5070 828 5125; x_wconf 93' lang='lat' dir='ltr'><strong>in</strong></span> <span class='ocrx_word' id='word_1_673' title='bbox 858 5067 980 5122; x_wconf 92' lang='lat' dir='ltr'><strong>loco</strong></span> <span class='ocrx_word' id='word_1_674' title='bbox 1012 5069 1322 5131; x_wconf 79' lang='lat' dir='ltr'><strong>nuncupata</strong></span> <span class='ocrx_word' id='word_1_675' title='bbox 1356 5056 1565 5121; x_wconf 82' lang='lat' dir='ltr'><strong>Villari,</strong></span> <span class='ocrx_word' id='word_1_676' title='bbox 1589 5052 1788 5108; x_wconf 84' lang='lat' dir='ltr'><strong>dudum</strong></span> <span class='ocrx_word' id='word_1_677' title='bbox 1818 5047 1929 5137; x_wconf 84' lang='lat' dir='ltr'><strong>siti,</strong></span> <span class='ocrx_word' id='word_1_678' title='bbox 1962 5044 2058 5137; x_wconf 71' lang='lat' dir='ltr'><strong>sed</strong></span> <span class='ocrx_word' id='word_1_679' title='bbox 2094 5058 2125 5099; x_wconf 87' lang='lat' dir='ltr'><strong>a</strong></span> 
     </span>
    </p>
   </div>
   <div class='ocr_carea' id='block_1_99' title="bbox 540 5134 2125 5224">
    <p class='ocr_par' dir='ltr' id='par_1_99' title="bbox 540 5134 2125 5224">
     <span class='ocr_line' id='line_1_99' title="bbox 540 5134 2125 5224; baseline -0.02 -3"><span class='ocrx_word' id='word_1_680' title='bbox 540 5134 794 5222; x_wconf 85' lang='lat' dir='ltr'><strong>barbaris</strong></span> <span class='ocrx_word' id='word_1_681' title='bbox 829 5156 1015 5224; x_wconf 72' lang='lat' dir='ltr'><strong>diruti,</strong></span> <span class='ocrx_word' id='word_1_682' title='bbox 1052 5162 1115 5208; x_wconf 89' lang='lat' dir='ltr'><strong>et</strong></span> <span class='ocrx_word' id='word_1_683' title='bbox 1162 5152 1230 5206; x_wconf 91' lang='lat' dir='ltr'><strong>ab</strong></span> <span class='ocrx_word' id='word_1_684' title='bbox 1279 5166 1345 5205; x_wconf 85' lang='lat' dir='ltr'><strong>eo</strong></span> <span class='ocrx_word' id='word_1_685' title='bbox 1373 5151 1680 5203; x_wconf 89' lang='lat' dir='ltr'><strong>constructa</strong></span> <span class='ocrx_word' id='word_1_686' title='bbox 1717 5141 1837 5193; x_wconf 67' lang='lat' dir='ltr'><strong>haec</strong></span> <span class='ocrx_word' id='word_1_687' title='bbox 1884 5134 2125 5191; x_wconf 88' lang='lat' dir='ltr'><strong>funditus</strong></span> 
     </span>
    </p>
   </div>
   <div class='ocr_carea' id='block_1_100' title="bbox 544 5228 2122 5311">
    <p class='ocr_par' dir='ltr' id='par_1_100' title="bbox 544 5228 2122 5311">
     <span class='ocr_line' id='line_1_100' title="bbox 544 5228 2122 5311; baseline -0.023 0"><span class='ocrx_word' id='word_1_688' title='bbox 544 5254 834 5311; x_wconf 86' lang='lat' dir='ltr'><strong>cecidisset</strong></span> <span class='ocrx_word' id='word_1_689' title='bbox 857 5244 1115 5306; x_wconf 77' lang='lat' dir='ltr'><strong>ecclesia;</strong></span> <span class='ocrx_word' id='word_1_690' title='bbox 1147 5241 1200 5295; x_wconf 92' lang='lat' dir='ltr'><strong>in</strong></span> <span class='ocrx_word' id='word_1_691' title='bbox 1227 5239 1333 5293; x_wconf 85' lang='lat' dir='ltr'><strong>alio</strong></span> <span class='ocrx_word' id='word_1_692' title='bbox 1358 5237 1480 5291; x_wconf 81' lang='lat' dir='ltr'><strong>ioco</strong></span> <span class='ocrx_word' id='word_1_693' title='bbox 1505 5242 1693 5287; x_wconf 87' lang='lat' dir='ltr'><strong>rursus</strong></span> <span class='ocrx_word' id='word_1_694' title='bbox 1720 5228 1788 5282; x_wconf 86' lang='lat' dir='ltr'><strong>ab</strong></span> <span class='ocrx_word' id='word_1_695' title='bbox 1822 5241 1888 5280; x_wconf 91' lang='lat' dir='ltr'><strong>eo</strong></span> <span class='ocrx_word' id='word_1_696' title='bbox 1914 5233 2122 5281; x_wconf 84' lang='lat' dir='ltr'><strong>restru-</strong></span> 
     </span>
    </p>
   </div>
   <div class='ocr_carea' id='block_1_101' title="bbox 547 5317 2126 5392">
    <p class='ocr_par' dir='ltr' id='par_1_101' title="bbox 547 5317 2126 5392">
     <span class='ocr_line' id='line_1_101' title="bbox 547 5317 2126 5392; baseline -0.015 0"><span class='ocrx_word' id='word_1_697' title='bbox 547 5357 659 5392; x_wconf 66' lang='grc' dir='ltr'><strong>ηις..</strong></span> <span class='ocrx_word' id='word_1_698' title='bbox 692 5356 908 5392; x_wconf 80' lang='lat' dir='ltr'><strong>rursum</strong></span> <span class='ocrx_word' id='word_1_699' title='bbox 933 5336 1165 5392; x_wconf 84' lang='lat' dir='ltr'><strong>traditur</strong></span> <span class='ocrx_word' id='word_1_700' title='bbox 1195 5329 1482 5384; x_wconf 83' lang='lat' dir='ltr'><strong>corruisse.</strong></span> <span class='ocrx_word' id='word_1_701' title='bbox 1510 5321 1754 5390; x_wconf 83' lang='lat' dir='ltr'><strong>Quadam</strong></span> <span class='ocrx_word' id='word_1_702' title='bbox 1779 5332 1906 5372; x_wconf 83' lang='lat' dir='ltr'><strong>vero</strong></span> <span class='ocrx_word' id='word_1_703' title='bbox 1929 5317 2017 5371; x_wconf 90' lang='lat' dir='ltr'><strong>die</strong></span> <span class='ocrx_word' id='word_1_704' title='bbox 2035 5331 2126 5370; x_wconf 48' lang='lat' dir='ltr'><strong>ve.</strong></span> 
     </span>
    </p>
   </div>
   <div class='ocr_carea' id='block_1_102' title="bbox 2219 4506 3803 4594">
    <p class='ocr_par' dir='ltr' id='par_1_102' title="bbox 2219 4506 3803 4594">
     <span class='ocr_line' id='line_1_102' title="bbox 2219 4506 3803 4594; baseline -0.015 -14"><span class='ocrx_word' id='word_1_705' title='bbox 2219 4534 2274 4581; x_wconf 92' lang='lat' dir='ltr'><strong>et</strong></span> <span class='ocrx_word' id='word_1_706' title='bbox 2295 4532 2349 4577; x_wconf 88' lang='lat' dir='ltr'><strong>ut</strong></span> <span class='ocrx_word' id='word_1_707' title='bbox 2374 4530 2490 4594; x_wconf 91' lang='lat' dir='ltr'><strong>post</strong></span> <span class='ocrx_word' id='word_1_708' title='bbox 2521 4534 2675 4575; x_wconf 88' lang='lat' dir='ltr'><strong>suum</strong></span> <span class='ocrx_word' id='word_1_709' title='bbox 2705 4516 2986 4571; x_wconf 84' lang='lat' dir='ltr'><strong>decessum</strong></span> <span class='ocrx_word' id='word_1_710' title='bbox 3010 4510 3291 4566; x_wconf 78' lang='lat' dir='ltr'><strong>Bctnensis</strong></span> <span class='ocrx_word' id='word_1_711' title='bbox 3315 4508 3598 4580; x_wconf 87' lang='lat' dir='ltr'><strong>episcopus</strong></span> <span class='ocrx_word' id='word_1_712' title='bbox 3625 4506 3803 4574; x_wconf 87' lang='lat' dir='ltr'><strong>ipsum</strong></span> 
     </span>
    </p>
   </div>
   <div class='ocr_carea' id='block_1_103' title="bbox 2222 4600 3800 4681">
    <p class='ocr_par' dir='ltr' id='par_1_103' title="bbox 2222 4600 3800 4681">
     <span class='ocr_line' id='line_1_103' title="bbox 2222 4600 3800 4681; baseline -0.014 -9"><span class='ocrx_word' id='word_1_713' title='bbox 2222 4615 2527 4672; x_wconf 88' lang='lat' dir='ltr'><strong>coenobium</strong></span> <span class='ocrx_word' id='word_1_714' title='bbox 2580 4611 2859 4681; x_wconf 87' lang='lat' dir='ltr'><strong>gubernet,</strong></span> <span class='ocrx_word' id='word_1_715' title='bbox 2912 4618 2967 4663; x_wconf 92' lang='lat' dir='ltr'><strong>et</strong></span> <span class='ocrx_word' id='word_1_716' title='bbox 3012 4607 3228 4662; x_wconf 90' lang='lat' dir='ltr'><strong>eosdem</strong></span> <span class='ocrx_word' id='word_1_717' title='bbox 3278 4600 3573 4658; x_wconf 85' lang='lat' dir='ltr'><strong>monachos</strong></span> <span class='ocrx_word' id='word_1_718' title='bbox 3607 4611 3800 4654; x_wconf 86' lang='lat' dir='ltr'><strong>contra</strong></span> 
     </span>
    </p>
   </div>
   <div class='ocr_carea' id='block_1_104' title="bbox 2220 4690 3804 4765">
    <p class='ocr_par' dir='ltr' id='par_1_104' title="bbox 2220 4690 3804 4765">
     <span class='ocr_line' id='line_1_104' title="bbox 2220 4690 3804 4765; baseline -0.014 -2"><span class='ocrx_word' id='word_1_719' title='bbox 2220 4722 2409 4763; x_wconf 91' lang='lat' dir='ltr'><strong>omnes</strong></span> <span class='ocrx_word' id='word_1_720' title='bbox 2433 4705 2787 4759; x_wconf 86' lang='lat' dir='ltr'><strong>adversitates</strong></span> <span class='ocrx_word' id='word_1_721' title='bbox 2813 4698 3093 4761; x_wconf 81' lang='lat' dir='ltr'><strong>defendat;</strong></span> <span class='ocrx_word' id='word_1_722' title='bbox 3132 4696 3230 4765; x_wconf 89' lang='lat' dir='ltr'><strong>ipsi</strong></span> <span class='ocrx_word' id='word_1_723' title='bbox 3268 4708 3394 4746; x_wconf 90' lang='lat' dir='ltr'><strong>vero</strong></span> <span class='ocrx_word' id='word_1_724' title='bbox 3425 4690 3675 4746; x_wconf 87' lang='lat' dir='ltr'><strong>monachi</strong></span> <span class='ocrx_word' id='word_1_725' title='bbox 3707 4705 3804 4760; x_wconf 84' lang='lat' dir='ltr'><strong>po-</strong></span> 
     </span>
    </p>
   </div>
   <div class='ocr_carea' id='block_1_105' title="bbox 2225 4780 3801 4861">
    <p class='ocr_par' dir='ltr' id='par_1_105' title="bbox 2225 4780 3801 4861">
     <span class='ocr_line' id='line_1_105' title="bbox 2225 4780 3801 4861; baseline -0.012 -8"><span class='ocrx_word' id='word_1_726' title='bbox 2225 4806 2474 4853; x_wconf 88' lang='lat' dir='ltr'><strong>testatem</strong></span> <span class='ocrx_word' id='word_1_727' title='bbox 2505 4795 2741 4850; x_wconf 87' lang='lat' dir='ltr'><strong>habeant</strong></span> <span class='ocrx_word' id='word_1_728' title='bbox 2767 4790 3045 4861; x_wconf 72' lang='lat' dir='ltr'><strong>praelatum</strong></span> <span class='ocrx_word' id='word_1_729' title='bbox 3071 4788 3171 4843; x_wconf 89' lang='lat' dir='ltr'><strong>sibi</strong></span> <span class='ocrx_word' id='word_1_730' title='bbox 3190 4784 3511 4856; x_wconf 79' lang='lat' dir='ltr'><strong>regulariter</strong></span> <span class='ocrx_word' id='word_1_731' title='bbox 3536 4780 3801 4852; x_wconf 75' lang='lat' dir='ltr'><strong>eligendi,</strong></span> 
     </span>
    </p>
   </div>
   <div class='ocr_carea' id='block_1_106' title="bbox 2226 4874 3800 4963">
    <p class='ocr_par' dir='ltr' id='par_1_106' title="bbox 2226 4874 3800 4963">
     <span class='ocr_line' id='line_1_106' title="bbox 2226 4874 3800 4963; baseline -0.013 -19"><span class='ocrx_word' id='word_1_732' title='bbox 2226 4898 2389 4963; x_wconf 90' lang='lat' dir='ltr'><strong>prout</strong></span> <span class='ocrx_word' id='word_1_733' title='bbox 2427 4889 2480 4944; x_wconf 89' lang='lat' dir='ltr'><strong>in</strong></span> <span class='ocrx_word' id='word_1_734' title='bbox 2533 4883 2894 4956; x_wconf 89' lang='lat' dir='ltr'><strong>descriptione</strong></span> <span class='ocrx_word' id='word_1_735' title='bbox 2942 4880 3110 4951; x_wconf 87' lang='lat' dir='ltr'><strong>ipsius</strong></span> <span class='ocrx_word' id='word_1_736' title='bbox 3156 4874 3421 4948; x_wconf 58' lang='lat' dir='ltr'><strong>privilegii</strong></span> <span class='ocrx_word' id='word_1_737' title='bbox 3468 4880 3800 4927; x_wconf 88' lang='lat' dir='ltr'><strong>contuetur.</strong></span> 
     </span>
    </p>
   </div>
   <div class='ocr_carea' id='block_1_107' title="bbox 2227 4961 3805 5037">
    <p class='ocr_par' dir='ltr' id='par_1_107' title="bbox 2227 4961 3805 5037">
     <span class='ocr_line' id='line_1_107' title="bbox 2227 4961 3805 5037; baseline -0.016 1"><span class='ocrx_word' id='word_1_738' title='bbox 2227 4961 2351 5037; x_wconf 69' lang='lat' dir='ltr'><strong>Post</strong></span> <span class='ocrx_word' id='word_1_739' title='bbox 2388 4982 2505 5036; x_wconf 70' lang='grc' dir='ltr'><strong>ιιωο</strong></span> <span class='ocrx_word' id='word_1_740' title='bbox 2540 4979 2592 5033; x_wconf 90' lang='lat' dir='ltr'><strong>in</strong></span> <span class='ocrx_word' id='word_1_741' title='bbox 2639 4972 2919 5031; x_wconf 84' lang='lat' dir='ltr'><strong>ecelesiola</strong></span> <span class='ocrx_word' id='word_1_742' title='bbox 2950 4977 3151 5026; x_wconf 78' lang='lat' dir='ltr'><strong>saneta:</strong></span> <span class='ocrx_word' id='word_1_743' title='bbox 3191 4964 3388 5025; x_wconf 64' lang='lat' dir='ltr'><strong>Mariae,</strong></span> <span class='ocrx_word' id='word_1_744' title='bbox 3426 4978 3592 5032; x_wconf 89' lang='lat' dir='ltr'><strong>quam</strong></span> <span class='ocrx_word' id='word_1_745' title='bbox 3618 4961 3678 5015; x_wconf 86' lang='lat' dir='ltr'><strong>in</strong></span> <span class='ocrx_word' id='word_1_746' title='bbox 3711 4975 3805 5015; x_wconf 86' lang='lat' dir='ltr'><strong>eo—</strong></span> 
     </span>
    </p>
   </div>
   <div class='ocr_carea' id='block_1_108' title="bbox 2227 5046 3881 5129">
    <p class='ocr_par' dir='ltr' id='par_1_108' title="bbox 2227 5046 3881 5129">
     <span class='ocr_line' id='line_1_108' title="bbox 2227 5046 3881 5129; baseline -0.018 -1"><span class='ocrx_word' id='word_1_747' title='bbox 2227 5074 2347 5129; x_wconf 88' lang='lat' dir='ltr'><strong>dem</strong></span> <span class='ocrx_word' id='word_1_748' title='bbox 2384 5065 2708 5124; x_wconf 90' lang='lat' dir='ltr'><strong>monasterio</strong></span> <span class='ocrx_word' id='word_1_749' title='bbox 2754 5064 3151 5123; x_wconf 67' lang='lat' dir='ltr'><strong>construxerat,</strong></span> <span class='ocrx_word' id='word_1_750' title='bbox 3180 5053 3381 5110; x_wconf 88' lang='lat' dir='ltr'><strong>obiisse</strong></span> <span class='ocrx_word' id='word_1_751' title='bbox 3422 5049 3617 5113; x_wconf 84' lang='lat' dir='ltr'><strong>fertur,</strong></span> <span class='ocrx_word' id='word_1_752' title='bbox 3647 5058 3703 5102; x_wconf 87' lang='lat' dir='ltr'><strong>et</strong></span> <span class='ocrx_word' id='word_1_753' title='bbox 3732 5046 3805 5101; x_wconf 88' lang='lat' dir='ltr'><strong>ad</strong></span> <span class='ocrx_word' id='word_1_754' title='bbox 3874 5082 3881 5087; x_wconf 86' lang='lat'><strong>-</strong></span> 
     </span>
    </p>
   </div>
   <div class='ocr_carea' id='block_1_109' title="bbox 2227 5139 3805 5222">
    <p class='ocr_par' dir='ltr' id='par_1_109' title="bbox 2227 5139 3805 5222">
     <span class='ocr_line' id='line_1_109' title="bbox 2227 5139 3805 5222; baseline -0.018 -4"><span class='ocrx_word' id='word_1_755' title='bbox 2227 5162 2513 5219; x_wconf 87' lang='lat' dir='ltr'><strong>ecclesiam</strong></span> <span class='ocrx_word' id='word_1_756' title='bbox 2545 5155 2716 5213; x_wconf 87' lang='lat' dir='ltr'><strong>sancti</strong></span> <span class='ocrx_word' id='word_1_757' title='bbox 2744 5151 2973 5222; x_wconf 72' lang='lat' dir='ltr'><strong>Rendgii</strong></span> <span class='ocrx_word' id='word_1_758' title='bbox 3013 5146 3197 5204; x_wconf 81' lang='lat' dir='ltr'><strong>Remis</strong></span> <span class='ocrx_word' id='word_1_759' title='bbox 3224 5144 3561 5214; x_wconf 84' lang='lat' dir='ltr'><strong>deportatus,</strong></span> <span class='ocrx_word' id='word_1_760' title='bbox 3602 5139 3805 5194; x_wconf 87' lang='lat' dir='ltr'><strong>ibidem</strong></span> 
     </span>
    </p>
   </div>
   <div class='ocr_carea' id='block_1_110' title="bbox 2226 5253 3124 5326">
    <p class='ocr_par' dir='ltr' id='par_1_110' title="bbox 2226 5253 3124 5326">
     <span class='ocr_line' id='line_1_110' title="bbox 2226 5253 3124 5326; baseline -0.006 -18"><span class='ocrx_word' id='word_1_761' title='bbox 2226 5253 2467 5326; x_wconf 86' lang='lat' dir='ltr'><strong>sepultus</strong></span> <span class='ocrx_word' id='word_1_762' title='bbox 2498 5259 2601 5306; x_wconf 87' lang='lat' dir='ltr'><strong>est.</strong></span> <span class='ocrx_word' id='word_1_763' title='bbox 2817 5309 2885 5326; x_wconf 55' lang='grc' dir='ltr'>Μ</span> <span class='ocrx_word' id='word_1_764' title='bbox 2905 5308 3040 5326; x_wconf 58' lang='lat' dir='ltr'><strong>mm</strong></span> <span class='ocrx_word' id='word_1_765' title='bbox 3090 5306 3124 5326; x_wconf 40' lang='lat' dir='ltr'><strong>ﬂ</strong></span> 
     </span>
    </p>
   </div>
   <div class='ocr_carea' id='block_1_111' title="bbox 2811 5306 3216 5370">
    <p class='ocr_par' dir='ltr' id='par_1_111' title="bbox 2811 5306 3216 5370">
     <span class='ocr_line' id='line_1_111' title="bbox 2811 5306 3216 5370; baseline -0.022 0"><span class='ocrx_word' id='word_1_766' title='bbox 2811 5308 3040 5370; x_wconf 79' lang='lat' dir='ltr'><strong>CAPUT</strong></span> <span class='ocrx_word' id='word_1_767' title='bbox 3090 5306 3216 5362; x_wconf 72' lang='lat' dir='ltr'><strong>VIII.</strong></span> 
     </span>
    </p>
   </div>
  </div>
