3974 5392
157 408 244 466 169
689 411 1035 471 HISTOllL‘E
1072 412 1426 471 εεειεεωξ
1464 406 1702 468 ΠΕΜΕΝ

1808 438 1811 457 ι
1849 410 2029 467 LIBRI
2069 409 2428 481 QUATUOR.
2456 445 2522 455 -—-
2553 413 2677 471 ιω.
2719 416 2783 471 ll.

3290 421 3390 490 llo

154 524 347 581 Helenae
383 521 575 591 regina:
602 533 818 580 constat
853 541 1050 595 corpus
1098 527 1167 584 ab
1215 528 1347 582 urbe
1397 524 1566 580 [torua
1613 525 1704 580 de-
1731 535 1781 594 Α
1882 521 2082 577 Deinde
2132 526 2437 579 venerando
2474 524 2577 582 hoc
2622 527 2674 583 in
2712 529 2941 585 ecclesia
2986 532 3126 589 villa:
3168 532 3396 594 Falesiae

151 627 364 672 vectum.
421 616 574 684 Quod
635 617 853 687 quidam
908 620 1194 690 presbyter
1267 618 1549 673 Remensis
1611 632 1703 687 pa-

154 707 365 776 mrhize,
441 706 698 779 Tergisus
768 709 987 765 nomine
1023 751 1038 774 ,
1099 709 1327 764 Romam
1395 707 1702 779 profectus,

150 796 305 853 noctis
365 796 614 865 inopinus
676 797 730 850 in
783 797 1011 852 ecclesia
1070 811 1355 852 remanens
1422 804 1704 865 tempore,

150 888 337 944 furatus
364 889 674 944 cautissime
707 904 892 944 secum
934 889 1143 945 studuit
1181 888 1416 943 deferre.
1450 886 1550 953 Qui
1577 887 1704 941 dum

142 978 240 1046 jam
279 977 565 1033 secundam
613 979 950 1034 mansionem
1002 980 1253 1044 haberet,
1306 979 1359 1033 in
1397 978 1533 1033 silva
1585 992 1706 1049 qua:

153 1071 333 1125 civitati
378 1070 593 1139 adjacet
646 1070 878 1137 Sutrize,
934 1071 984 1125 in
1028 1072 1324 1126 crastinum
1363 1084 1503 1125 unus
1534 1085 1566 1125 e
1613 1086 1706 1124 co-

151 1161 344 1217 mitibus
379 1162 499 1231 ejus
532 1162 756 1231 pignora
807 1171 994 1218 saneta
1046 1163 1227 1218 levare
1274 1178 1438 1233 super
1478 1162 1703 1217 asellum

150 1256 373 1325 gestiens.
399 1271 461 1310 ea
505 1256 729 1310 minime
759 1256 930 1310 valuit
959 1271 1195 1311 movere.
1228 1256 1299 1311 At
1322 1257 1568 1326 stupidus
1588 1257 1727 1331 lucc~

151 1348 375 1417 amgistro
401 1346 678 1412 notiiicat;
710 1347 801 1417 qui
831 1348 1078 1402 concitus
1107 1362 1357 1418 pergens,
1389 1347 1703 1402 thesaurum

151 1438 341 1505 pavidus
366 1437 764 1506 apprehensum
781 1438 1029 1506 jumento
1061 1436 1180 1492 sine
1207 1436 1477 1508 gravitate
1498 1436 1704 1506 ponde-

150 1526 212 1580 ris
233 1528 493 1597 imposuit,
534 1543 656 1582 cum
680 1538 823 1583 esset
849 1529 1074 1583 inferior
1099 1530 1315 1600 repulso
1342 1529 1551 1583 viribus
1580 1544 1705 1584 cor-

151 1619 289 1688 poris.
322 1616 617 1673 Confessus
654 1628 737 1674 est
774 1627 954 1674 autem
980 1619 1121 1674 idem
1152 1619 1398 1673 minister
1439 1627 1706 1674 nocturno

150 1709 455 1778 sepnllutum
520 1708 687 1765 fuisse
738 1710 970 1766 somnio.
1006 1709 1293 1765 Venientes
1326 1709 1392 1763 ad
1431 1709 1707 1779 rapidissi-

152 1816 269 1853 miun
301 1799 521 1855 ﬂuvium
556 1800 775 1865 Taram,
834 1818 959 1858 cum
1012 1803 1162 1858 illum
1194 1818 1298 1858 non
1333 1803 1597 1858 auderent
1623 1804 1704 1856 in-

1810 612 1985 683 posito
2015 630 2260 679 munere,
2283 616 2500 685 quidam
2528 616 2797 675 lunatieus
2834 624 3078 680 eamdem
3110 624 3390 685 basilicam

1807 710 1893 756 est
1919 702 2212 773 ingressus.
2260 704 2395 759 Tum
2421 708 2714 764 novissime
2738 720 2987 778 vexatus,
3027 718 3219 771 merita
3260 718 3389 775 bea-

1810 791 2032 864 tissima:
2058 795 2366 865 petentibus
2399 799 2610 854 cunctis
2631 788 2943 869 plenissime
2965 808 3271 877 regreditur
3291 814 3389 866 ab-

1808 882 2040 949 solutus,
2070 885 2275 957 integra
2297 887 2507 944 scilicet
2544 892 2807 959 sospitate
2834 893 3086 952 donatus.
3113 897 3171 951 lu
3195 900 3387 958 eadem

1807 974 1932 1029 villa
1974 976 2193 1045 quidam
2237 977 2426 1034 morbo
2477 981 2697 1038 attritus
2742 985 2844 1038 tria
2875 986 3101 1057 grabato
3134 1004 3391 1062 exegerat

1808 1066 1997 1134 lustra,
2020 1084 2185 1124 carne
2208 1068 2321 1137 jam
2353 1070 2423 1126 ita
2455 1073 2752 1142 putrefacta
2777 1087 2834 1132 ut
2867 1078 3055 1148 viginti
3082 1080 3183 1135 tria
3214 1096 3245 1136 e
3272 1099 3395 1138 cur—

1807 1169 1938 1223 pnre
1958 1156 2127 1226 ipsius
2148 1159 2410 1215 cecidisse
2430 1159 2638 1216 feratur
2656 1178 2779 1220 ossa
2804 1183 2817 1219 :
2846 1168 2940 1238 qui
2972 1168 3042 1223 ad
3064 1170 3244 1226 divam
3270 1188 3394 1242 per-

1808 1242 1948 1299 latus
1975 1247 2399 1317 medieatricem,
2435 1252 2635 1309 virtute
2657 1255 2836 1311 divina
2881 1268 3116 1328 erectus,
3138 1271 3395 1337 stupente

1806 1337 2003 1406 populo
2027 1340 2270 1394 redditur
2300 1356 2484 1398 sanus.
2523 1344 2778 1413 Quaedam
2808 1364 3023 1422 quoque
3047 1354 3248 1426 puella,
3300 1373 3393 1413 no-

1807 1426 1951 1481 mine
1980 1426 2149 1494 Bava,
2180 1431 2403 1500 genibus
2432 1441 2662 1490 attracta
2695 1452 2919 1521 repens,
2942 1450 3127 1515 utpote
3164 1454 3394 1517 utroque

1805 1516 2004 1587 poplite
2028 1528 2306 1575 contracto
2334 1525 2524 1579 matris
2551 1540 2617 1580 ex
2647 1516 2823 1595 utero,
2852 1516 3069 1589 basibus
3094 1533 3182 1589 hic
3206 1516 3398 1591 solida.

1808 1607 1902 1672 tis,
1939 1621 2087 1665 recto
2115 1613 2339 1668 recessit
2373 1614 2621 1686 vestigio,
2652 1632 2879 1690 quaeque
2903 1610 3247 1692 postmodum
3280 1627 3390 1683 lle-

1807 1699 1910 1787 inis
1936 1698 1989 1753 in
2027 1711 2215 1757 sancto
2243 1706 2542 1772 permansit
2590 1710 2886 1779 proposito.
2915 1711 3138 1769 Accedit
3180 1730 3396 1787 quoque

1806 1782 2028 1853 fetuina,
2080 1804 2201 1859 quze
2229 1790 2466 1863 paralysi
2528 1795 2765 1851 resoluta
2793 1796 2988 1873 lingua:
3014 1782 3231 1872 penitus
3258 1782 3394 1860 anti-

151 1892 293 1964 gredi,
316 1904 540 1963 propter
561 1894 954 1951 validissimum
984 1895 1152 1966 ipsius
1173 1896 1454 1966 impetum,
1476 1896 1697 1960 animal,

1808 1886 1956 1932 serat
2005 1878 2201 1946 olIieia,
2251 1880 2498 1953 laxisque
2549 1886 2762 1954 nervis,
2813 1890 3015 1963 dextrae
3067 1909 3261 1950 manus
3313 1897 3397 1951 in-

150 1999 277 2039 sacro
296 1995 458 2042 tulum
509 2003 759 2054 munere,
796 1997 989 2058 sponte
1014 1990 1296 2044 descendit
1348 1990 1401 2044 in
1456 1989 1698 2044 ﬂumine.

152 2076 287 2143 Quem
311 2088 529 2136 secutus
550 2080 686 2135 alter
713 2080 913 2137 asellus
937 2081 1120 2138 ferens
1146 2082 1547 2153 presbyterum,
1576 2083 1702 2138 licet

152 2170 281 2225 nudis
307 2187 440 2242 pene
485 2156 781 2228 videretur.
812 2175 1123 2240 immersus,
1154 2174 1369 2229 transiit
1400 2183 1577 2229 tamen
1604 2172 1703 2229 ﬂu-

151 2262 285 2324 vium,
331 2280 448 2318 eum
494 2264 672 2319 latera
705 2263 957 2320 ﬂuetibus
986 2281 1091 2320 non
1125 2265 1353 2321 tinxisse
1382 2266 1703 2336 probaretur

148 2348 249 2404 alad
284 2352 521 2423 pignoris
562 2353 794 2423 bajulus.
832 2354 963 2410 Item
1006 2356 1134 2411 dum
1182 2365 1445 2427 superant
1484 2355 1701 2427 Alpium

145 2440 250 2510 juga
275 2447 508 2514 quzcdam
539 2462 726 2502 comes
752 2447 911 2519 hujus
933 2448 1147 2504 itineris
1174 2448 1352 2519 puella
1382 2448 1434 2503 in
1463 2464 1702 2518 prmceps

154 2531 318 2590 labitur
379 2548 521 2592 aeta.
600 2538 731 2607 Quae
772 2541 896 2596 dum
943 2542 1329 2598 miserabiliter
1353 2543 1584 2598 volvitur
1606 2559 1707 2615 per

151 2623 338 2695 devexa,
364 2632 495 2687 socii
544 2633 720 2687 beata:
765 2634 962 2704 regina:
1002 2633 1401 2704 proclamantes
1434 2645 1702 2706 expetunt

157 2722 460 2786 patrocinia:
505 2739 636 2778 eum
673 2725 855 2781 subito
901 2726 953 2783 in
1004 2735 1279 2798 prcerupto
1319 2727 1517 2781 montis
1548 2727 1706 2782 haesut

152 2805 290 2865 latere
328 2812 542 2884 delapsa
570 2832 587 2877 ;
636 2814 824 2885 sicque
848 2815 1103 2871 demissis
1136 2816 1379 2873 fasciolis
1409 2818 1705 2874 retrahitur

152 2896 394 2960 incolumis
419 2906 485 2960 ad
525 2906 834 2976 superiora,
884 2906 1107 2975 nullam,
1138 2924 1236 2964 ceu
1260 2910 1434 2964 visum
1461 2910 1562 2966 sibi
1595 2918 1702 2977 est,

153 2986 380 3048 Lesioncm
410 3009 697 3066 perpessa.
725 2997 932 3065 Quibus
970 2999 1264 3069 compertis
1314 3000 1555 3054 nonnulli
1604 3002 1703 3056 mi-

152 3082 347 3149 raculis,
393 3086 649 3142 devotius
708 3086 1084 3161 lmjusoueris
1109 3088 1513 3147 famulabautur
1546 3092 1703 3148 obse-

151 3173 280 3241 quiis.
303 3175 591 3263 luterquos
617 3194 759 3250 equo
780 3180 998 3253 quidam
1021 3181 1302 3248 desiliens,
1329 3184 1486 3238 beata
1506 3198 1703 3254 super-

1806 1973 1957 2029 utilia
1985 1975 2361 2048 dependebant
2389 1980 2620 2037 vincula.
2654 1981 2818 2053 Cujus
2847 1986 3040 2044 allatus
3068 1990 3123 2044 in
3171 2008 3399 2050 munero

1806 2064 2092 2135 linteolus,
2135 2080 2193 2125 ut
2250 2072 2463 2128 thecam
2508 2074 2649 2132 sacri
2691 2077 2918 2150 contigit
2958 2083 3229 2152 corporis,
3278 2101 3403 2140 mu-

1805 2156 1908 2213 lier
1926 2160 2175 2230 pristinae
2203 2163 2384 2218 numia
2414 2163 2667 2235 perfectae
2696 2152 2903 2240 recepit
2930 2172 3140 2231 salutis.
3164 2173 3400 2243 Quidam

1805 2253 2000 2308 surdus
2043 2269 2074 2308 a
2132 2255 2417 2313 nativitate
2478 2272 2760 2315 vervecem
2813 2262 3058 2330 adduxit,
3108 2267 3399 2324 ecclesiam

1812 2344 2091 2414 ingressus
2124 2348 2192 2403 ad
2224 2349 2510 2405 missarum
2549 2351 2792 2408 solenuia
2814 2356 2982 2412 stetit.
3032 2357 3103 2414 Ut
3143 2360 3209 2414 ad
3235 2374 3401 2415 evan-

1804 2438 2006 2507 gelium
2048 2450 2268 2495 ventum
2292 2450 2372 2496 est
2405 2444 2765 2512 recitandum,
2815 2450 2981 2503 verba
3024 2449 3146 2504 vitm
3173 2450 3399 2510 insolita

1804 2529 1970 2598 capit
2016 2546 2147 2585 aure
2201 2532 2528 2602 percipere;
2588 2550 2696 2605 quo
2724 2537 2963 2607 perlecta
2999 2550 3222 2598 curatus
3267 2556 3406 2598 con-

1806 2617 1984 2675 fessus
2012 2631 2097 2677 est
2141 2621 2489 2694 Evangelium
2542 2638 2603 2680 se
2651 2642 2927 2699 nunquam
2959 2631 3110 2701 prius
3152 2631 3397 2691 audisse.

1806 2708 1971 2766 Pater
2011 2712 2232 2783 quidam
2260 2714 2510 2769 lactentis
2530 2716 2749 2772 advenit
2774 2718 2951 2789 pueri,
2997 2734 3156 2789 quem
3181 2720 3251 2776 ad
3277 2723 3402 2779 exi-

1808 2803 1941 2857 tium
1978 2803 2312 2875 jamjamque
2342 2806 2423 2861 vis
2451 2805 2761 2877 impellebat
2779 2810 3137 2880 argritudinis.
3169 2810 3402 2871 Genitor

1806 2909 1958 2965 ergo,
1982 2904 2167 2951 votum
2191 2912 2287 2967 pro
2316 2898 2426 2951 vita
2451 2913 2655 2954 vovens
2678 2900 2817 2966 nati,
2845 2900 3023 2966 rediit,
3058 2909 3116 2957 et
3134 2917 3400 2974 puerum,

1805 2987 1897 3058 qui
1918 3003 2015 3058 per
2034 2989 2270 3059 quinque
2284 2987 2399 3059 jam
2422 2990 2537 3046 dies
2552 2990 2791 3047 fomenta
2815 3003 3098 3064 spreverat
3120 3010 3395 3065 mammae,

1806 3080 2010 3148 reperit
2025 3079 2368 3147 incolumem,
2387 3081 2578 3153 lacque
2596 3093 2897 3155 sugentem.
2922 3084 3113 3158 Paraly
3123 3088 3260 3146 ticus
3271 3091 3399 3160 qui-

1809 3169 1932 3224 dam
1948 3167 2297 3249 Trevirorum
2310 3186 2341 3227 e
2365 3171 2656 3230 liuibusest
2668 3174 2945 3242 advectus,
2961 3176 3052 3246 qui
3065 3187 3273 3247 septem
3298 3180 3400 3235 du-

152 3260 338 3333 impouit
384 3247 618 3339 pignora
648 3247 685 3335 ,_
714 3247 1087 3342 des—censuque
1144 3247 1343 3328 montis
1387 3247 1594 3328 artam-
1621 3275 1709 3335 in-_
1732 3247 1776 3311 (ἶ
1808 3263 2411 3322 dutnvicibusomnium
2428 3267 2793 3324 membrorum
2808 3257 3402 3342 Soliditatemadeptus,

151 3367 331 3422 gressus
352 3360 627 3426 semitam,
675 3354 908 3432 propriis
927 3377 1066 3418 onus
1080 3363 1299 3421 extollit
1323 3366 1486 3420 hume
1519 3364 1585 3420 is.
1632 3364 1704 3421 At

152 3443 299 3501 subito
340 3447 543 3506 lubrica
600 3452 738 3521 pede
781 3462 970 3507 secuto
1003 3453 1111 3509 ruit
1137 3454 1192 3508 in
1225 3470 1498 3526 preceps,
1546 3471 1704 3512 saera

154 3545 301 3594 tamen
348 3543 597 3599 brachiis
641 3544 870 3600 astricta
930 3544 1258 3601 mullateuus
1297 3547 1554 3603 omittens
1589 3564 1711 3613 mus

150 3641 283 3684 aera:
307 3647 423 3690 cum
456 3636 732 3707 protinus,
774 3636 930 3693 turba
970 3647 1233 3709 sequente
1261 3650 1456 3694 nomen
1506 3639 1707 3708 regime

150 3723 363 3788 precibus
405 3728 798 3797 ingeminautc,
841 3741 1036 3799 equus,
1080 3718 1183 3803 'qui
1225 3720 1382 3784 Sacra
1436 3739 1703 3801 gesserat,

152 3822 274 3867 suam
298 3817 437 3872 nihili
462 3804 710 3889 pendens
738 3816 980 3885 ruimun,
1042 3829 1289 3897 ruentem
1347 3820 1708 3877 anterioribus

153 3900 383 3963 hominem
398 3911 656 3966 cruribus
677 3911 983 3983 amplexus,
1002 3896 1186 3966 t‘andiu
1210 3928 1354 3976 emn,
1377 3910 1485 3987 Deo
1508 3927 1565 3966 se
1588 3928 1708 3967 sus-

152 3993 321 4055 tiuente
357 4003 567 4071 tenuit,
604 4004 778 4059 donec
818 4003 888 4059 ab
924 4005 1115 4061 incolis
1155 4006 1343 4060 subter
1386 4005 1708 4076 degentibus

148 4081 317 4150 glacies
344 4090 484 4147 [erro
514 4093 779 4162 crispata,
825 4103 881 4148 et
912 4102 1018 4148 tam
1054 4094 1214 4151 homo
1243 4109 1406 4164 quant
1436 4109 1610 4164 equus
1655 4096 1709 4154 itt

150 4178 307 4235 callent
341 4196 463 4239 sunt
503 4185 728 4242 funibus
788 4188 1043 4243 revocati.
1093 4186 1477 4242 Pervenientes
1526 4197 1708 4244 autem

153 4267 205 4322 ad
239 4286 420 4344 pagum
452 4274 838 4347 Lingunicum,
893 4277 945 4333 in
979 4278 1160 4333 vicum
1210 4278 1301 4348 qui
1330 4288 1547 4333 vocatur
1591 4277 1714 4334 Osi-

151 4372 287 4422 smus.
300 4366 539 4423 ecclesia:
565 4367 710 4423 beati
734 4368 1054 4436 Winebaldi,
1078 4371 1250 4425 almas
1266 4370 1559 4427 intulerunt
1587 4373 1711 4430 reli-

153 4450 304 4517 Quias.‘
329 4454 426 4513 libi
454 4461 707 4530 qumdam
740 4470 1022 4519 contracta
1058 4464 1285 4536 genibus
1329 4452 1525 4535 repens
1587 4481 1709 4521 mu-

151 4538 360 4614 liercula,
396 4566 523 4605 mox
549 4561 611 4606 ut
646 4553 837 4607 horum
881 4563 1157 4625 gestamen
1189 4554 1474 4626 pignorum
1504 4556 1705 4628 attigit,
1737 4592 1784 4651 ο

149 4633 202 4686 ad
224 4649 307 4692 sua
332 4643 603 4698 revocatis
621 4641 795 4699 oliicia
828 4645 1034 4712 nervis,
1071 4647 1290 4703 sanitati
1314 4647 1706 4717 perfectissime

150 4725 374 4785 redditur.
418 4731 552 4788 inde
593 4733 787 4790 itinere
825 4736 983 4791 unius
1030 4736 1134 4792 diei
1177 4746 1422 4807 peracto,
1486 4738 1705 4810 quidam

149 4819 364 4877 omnibus
381 4822 495 4892 jam
525 4840 627 4896 per
650 4827 964 4881 sexennium
999 4826 1292 4882 dissolutus
1316 4828 1561 4892 artubus,
1599 4826 1707 4883 liu-

154 4912 271 4965 lenm
300 4911 470 4971 beata:
525 4916 728 4987 regina:
777 4932 899 4973 eum
933 4916 1111 4989 gladio
1161 4917 1328 4973 mittit
1358 4918 1409 4973 in
1459 4932 1704 4974 munere.

153 4994 235 5086 Sed
268 5015 553 5078 antequam
594 5008 789 5077 conjuv
816 5008 932 5079 ejus
969 5012 1035 5064 ad
1066 5026 1212 5076 eum,
1256 5027 1377 5083 qua:
1409 5012 1523 5068 lucc
1552 5011 1715 5086 detu:

151 5084 261 5147 lerat
282 5099 621 5165 munuscula,
647 5100 864 5167 rediret,
902 5103 1147 5159 inlirmus
1171 5104 1312 5160 idem
1339 5105 1703 5161 membrorum

150 5185 356 5224 ﬂnhtllnn
388 5201 674 5224 ron-Intnsa!
713 5194 887 5224 ηἱιιιιῖη
959 5177 1050 5224 In-
1074 5196 1270 5224 “una-

388 5201 674 5224 lion-annuus!
713 5194 887 5224 ηιιηιῖη
1074 5196 1270 5224 Αιιοίῗοξη
1328 5198 1570 5224 ηιιηιιιιιιυι
1598 5213 1680 5224 ΜΔ

1809 3354 1987 3421 toties,
2006 3355 2189 3411 carnis
2215 3371 2274 3411 se
2301 3358 2676 3429 prementibus
2696 3358 2996 3426 desideriis,
3016 3361 3403 3420 miserabiliter

1806 3456 1892 3504 est
1919 3457 2311 3513 recoutractus.
2361 3428 2462 3517 Qui
2506 3458 2792 3521 postquam
2843 3453 3061 3543 prppria
3111 3456 3398 3514 confessus

1806 3550 1892 3596 est
1918 3539 2180 3608 facinora,
2213 3543 2357 3613 quod
2391 3560 2497 3600 non
2524 3554 2711 3616 egerat
2734 3544 2851 3616 jam
2881 3539 3173 3605 vicesimus
3214 3549 3399 3607 volve-

1807 3616 1970 3686 batur
1995 3648 2192 3698 annus,
2216 3649 2573 3703 permansura
2614 3636 2869 3709 deinceps
2896 3646 2983 3695 est
3021 3641 3255 3697 sanitate
3300 3658 3397 3713 po~

1808 3721 1959 3779 titus.
1986 3722 2159 3777 Allata
2204 3732 2290 3779 est
2318 3725 2445 3781 item
2473 3726 2666 3785 mulier
2687 3728 2953 3798 quaedam,
2993 3730 3189 3787 dextro
3216 3731 3391 3790 latere

1807 3814 1975 3884 pestis
2006 3815 2345 3873 immunitate
2386 3817 2649 3884 resoluta,
2680 3833 2801 3889 qua:
2846 3819 3146 3892 perlectam
3203 3838 3399 3880 conse~

1807 3914 1934 3959 cuta
1983 3906 2265 3970 medelam,
2316 3922 2535 3963 reversa
2585 3916 2672 3964 est
2714 3924 2870 3964 sana.
2915 3910 3069 3975 Item,
3108 3913 3401 3975 adducitur

1810 4007 1967 4047 mane
1990 3993 2181 4049 mulier
2201 4010 2366 4063 cmca,
2396 4012 2518 4066 qua:
2540 3998 2672 4053 hora
2694 3998 2950 4055 rulitante
2982 4001 3160 4070 tertia,
3181 4003 3399 4074 gemina

1810 4082 2115 4155 regreditur
2143 4084 2444 4142 illuminata
2470 4089 2718 4145 lucerna.
3084 4130 3089 4135 -
3144 4130 3150 4137 -

1828 4227 1832 4231 .
1880 4177 2122 4249 Denique
2168 4188 2227 4233 ut
2262 4179 2467 4251 perlata
2503 4190 2586 4237 est
2623 4182 2691 4238 ad
2729 4182 3012 4253 prtel’atnm
3053 4185 3395 4243 Altumvilla-

1808 4281 1968 4324 rense
2003 4269 2387 4324 iuonasterium
2437 4273 2807 4328 sacratissima
2837 4274 3014 4345 gleba,
3062 4277 3390 4345 quibusdam

1809 4358 2181 4416 dubitantibus
2208 4378 2275 4415 an
2320 4362 2437 4432 ipsa
2459 4365 2599 4421 l'oret
2620 4363 2818 4422 Helena
2848 4368 3188 4425 Constantini
3205 4370 3399 4442 Augu-

1809 4454 1878 4509 sti
1905 4454 2166 4524 genitrix,
2216 4455 2505 4528 vitalisque
2535 4457 2665 4528 ligni
2699 4453 2993 4529 repertrix,
3039 4459 3090 4516 id
3128 4463 3399 4532 probabili

1809 4546 2058 4604 Christus
2085 4564 2398 4605 asseverare
2425 4552 2862 4623 dignaturgaquae
2894 4553 3112 4620 iudicio,
3144 4554 3399 4610 triduano

1810 4642 2139 4712 supplicatus
2175 4641 2402 4713 jejunio.
2460 4643 2745 4697 Mittuntur
2771 4644 2934 4698 etiam
2967 4653 3077 4699 tres
3104 4642 3300 4701 fratres
3330 4659 3403 4702 ex

1810 4733 1999 4789 eodem
2031 4732 2362 4788 monasterio
2391 4731 2645 4797 Romam,
2681 4733 2750 4788 ad
2778 4733 3134 4802 indagandam
3161 4734 3397 4789 transla-

1812 4823 1978 4879 tionis
2003 4822 2164 4893 hujus
2204 4825 2377 4879 beatae
2428 4824 2625 4894 regina:
2653 4824 3083 4891 certitudinem;
3134 4825 3225 4896 qui
3276 4827 3400 4881 red-

1810 4926 2001 4972 euntes
2026 4922 2081 4970 et
2112 4912 2358 4971 veritatis
2409 4914 2568 4984 hujus
2598 4914 3012 4987 indaginem,;et
3062 4917 3397 4986 geminatum

1810 5008 2088 5078 gaudium,
2118 5019 2319 5076 corpus
2366 5007 2616 5063 videlicet
2665 5007 2810 5084 beati
2843 5008 3122 5082 Polyearpi
3160 5008 3404 5079 presby-

1811 5101 1939 5168 teri,
1967 5097 2187 5172 collega:
2245 5099 2420 5155 sancti
2451 5091 2780 5164 Sebastiani,
2836 5101 2987 5157 huic
3023 5097 3261 5157 attulere
3298 5111 3412 5152 coe-

1810 5197 1898 5224 [\A‘
1907 5194 1973 5224 εἴη
