3974 5392
489 294 596 352 ἸΗ

1586 276 1977 351 FLODOARDI
2016 290 2333 348 caueam
2376 291 2718 348 namuaasxs
2780 360 2789 367 ς

3675 297 3779 351 ΗΞ

499 424 642 464 ιιηιις
672 407 863 465 herum
894 415 1145 478 repetens
1170 416 1425 474 matrem,
1451 408 1682 478 quodam
1709 407 1901 480 gaudia
1924 409 2091 464 inter-
2119 412 2166 472 Α
2197 404 2374 476 Rieu!)
2398 407 2728 476 episcopium
2768 405 2868 462 hoc
2891 413 2975 462 est
3003 404 3249 477 adeptus,
3285 409 3426 479 quod
3460 416 3568 463 tam
3602 408 3779 473 lll‘l'cr-

476 498 706 570 :‘polavit
759 511 1015 554 maerore.
1067 497 1312 567 Dumque
1365 513 1554 553 rursus
1598 506 1939 567 queruntur,
1996 498 2094 552 itc-

477 598 732 658 ‘rumque
796 586 1073 642 dominam
1141 586 1485 643 inclamando
1546 589 1876 652 turbantur,
1928 587 2094 657 piscis

501 679 720 751 elapsus
743 678 1069 734 mirabiliter
1090 678 1225 733 dans
1255 678 1449 734 saltum
1483 678 1550 733 ab
1581 677 1711 742 imo,
1754 677 2092 746 superiorem

500 770 634 824 retis
662 769 847 822 funem
891 768 1236 823 tenacissimo
1278 767 1503 837 corripit
1552 782 1758 832 morsu,
1809 776 1863 821 et
1892 767 1971 821 sic
2020 768 2094 821 in-

498 857 715 913 haerens
742 857 854 913 funi
876 859 1151 929 pependit,
1177 859 1347 913 donec
1375 857 1704 929 stupefactus
1723 874 1846 913 cum
1878 857 2091 913 tandem

486 948 746 1022 piscator
769 959 1049 1024 gratanter
1070 953 1306 1024 excepit.

1120 1063 1348 1120 CAPIIT
1384 1063 1476 1120 IX.

496 1148 581 1211 De
624 1155 969 1211 translatione
1012 1158 1179 1210 sancti
1228 1156 1460 1239 Sindulﬁ
1515 1156 1584 1210 ad
1636 1157 1772 1211 idem
1826 1168 2089 1212 monaste-

1219 1243 1377 1280 rium.

570 1318 653 1373 Ad
684 1318 785 1374 hoc
812 1319 1198 1373 monasterium
1238 1317 1381 1372 beati
1414 1315 1642 1372 Sindulli
1679 1317 1938 1372 translata
1965 1325 2092 1372 sunt

501 1426 649 1475 ossa,
699 1426 819 1479 quae
864 1409 918 1464 in
968 1409 1093 1463 villa
1139 1424 1259 1480 quae
1320 1409 1518 1464 dicitur
1564 1409 1827 1471 Alsontia,
1875 1407 2093 1463 fuerant

496 1503 700 1576 posita,
731 1503 819 1556 ubi
875 1503 986 1558 Deo
1020 1502 1162 1557 idem
1197 1512 1416 1557 sanctus
1474 1502 1557 1555 vir
1606 1500 1931 1556 sacerdOIali
1975 1515 2091 1554 ser-

476 1596 673 1649 wierat
700 1594 898 1660 ollicio,
920 1602 977 1648 et
1003 1594 1091 1648 ubi
1124 1593 1368 1664 pluribus
1398 1601 1519 1664 post
1574 1593 1780 1648 obitum
1821 1592 2090 1647 claruerat

469 1686 802 1740 'miraculis.
843 1683 1009 1754 Cujus
1037 1685 1263 1757 pignora
1292 1694 1348 1739 ut
1375 1684 1583 1754 perlata
1614 1692 1739 1738 sunt
1771 1683 1834 1737 ad
1881 1682 2087 1747 villam,

2194 499 2426 564 ditariis,
2478 514 2641 569 quam
2690 499 2949 568 emptitiis
2999 499 3274 554 invenitur
3322 502 3543 569 auxisse
3592 507 3776 557 rebus.

2195 586 2295 655 Qui
2335 602 2401 643 ex
2428 580 2916 658 praecepto'domni
2940 587 3163 643 Nivardl
3192 603 3386 645 causas
3407 591 3548 660 apud
3572 592 3777 662 regiam

2192 675 2525 745 majestatem
2559 691 2658 746 pro
2710 676 2870 732 rebus
2903 676 3302 744 ecclesiasticis,
3336 679 3418 734 vel
3461 681 3779 735 colonorum

2192 767 2403 835 legibus
2427 767 2603 838 egisse
2627 781 2689 821 ac
2714 768 2942 822 evicisse
2970 768 3261 838 reperitur.
3292 768 3407 840 lpse
3427 784 3559 823 vero
3586 770 3778 824 beatus

2192 857 2393 913 Reolus
2429 860 2480 912 in
2522 859 2835 929 episcopatu
2888 859 3000 930 jam
3059 860 3263 929 positus
3309 875 3559 932 magnam
3590 860 3779 915 habuit

2191 949 2567 1013 intentionem,
2592 966 2689 1020 pro
2716 950 2877 1005 rebus
2902 951 3165 1020 praemissi
3201 952 3370 1005 sancti
3405 951 3627 1006 Nivardi
3667 951 3781 1021 epi-

2190 1040 2362 1112 scopi,
2387 1057 2508 1095 cum
2533 1040 2879 1096 Gundeherto
2909 1042 3051 1111 regis
3074 1042 3357 1113 optimate,
3399 1042 3569 1113 ipsius
3591 1042 3777 1098 domui

2192 1128 2410 1185 Nivardi
2445 1130 2613 1185 fratre
2665 1146 2946 1202 germano,
2986 1133 3197 1187 dicente
3245 1131 3598 1188 Cundeherto
3637 1134 3783 1203 quod

2192 1223 2330 1278 villae
2361 1224 2604 1296 germani
2637 1224 2719 1278 sui
2751 1223 2972 1279 Nivonis
3005 1223 3264 1294 episcopi,
3300 1232 3406 1278 tam
3437 1224 3502 1279 de
3532 1232 3779 1294 paterna,

2191 1330 2352 1384 quam
2383 1315 2449 1370 de
2494 1322 2739 1369 materna
2785 1315 3123 1381 haereditate,
3172 1328 3308 1384 quas
3354 1315 3491 1370 Nivo
3542 1316 3783 1370 moriens

2190 1405 2572 1476 dereliquerat,
2604 1406 2704 1477 ipsi
2749 1405 2870 1476 jure
2902 1406 3142 1477 legitimo
3173 1406 3519 1463 deberentur.
3550 1406 3623 1460 At
3655 1422 3787 1461 con-

2164 1503 2272 1549 tra
2297 1496 2525 1551 domnus
2552 1496 2751 1553 Reolus
2775 1497 2861 1553 vel
2887 1505 3108 1568 agentes
3163 1499 3246 1553 sui
3301 1498 3576 1562 dicebant,
3637 1499 3785 1570 quod

2191 1587 2426 1641 domnus
2473 1585 2741 1642 Nivardus
2796 1602 3010 1643 onmem
3051 1603 3164 1643 rem
3224 1604 3399 1655 suam,
3456 1605 3556 1662 pro
3587 1590 3785 1645 anima:

2192 1693 2302 1733 sua:
2333 1679 2597 1744 remedio,
2636 1680 2703 1733 ad
2756 1679 2871 1735 loca
2921 1690 3233 1736 sanctorum
3278 1696 3374 1752 per
3421 1696 3518 1735 sua
3574 1681 3784 1735 instru-

497 1790 620 1846 quae
646 1774 844 1830 dicitur
864 1774 1051 1843 Spida,
1083 1774 1279 1828 mulier
1312 1761 1558 1843 quaedam
1605 1788 1746 1828 caeca
1794 1773 2082 1844 pristinum
2118 1761 2160 1818 Β
2189 1781 2367 1824 menta
2393 1771 2737 1837 contulisset,
2769 1772 2980 1828 scilicet
3023 1774 3088 1828 ad
3116 1774 3401 1828 ecclesiam
3434 1779 3638 1829 sanctze
3671 1773 3785 1828 Ma-

497 1865 683 1936 gavisa
712 1874 796 1920 est
845 1863 1041 1918 lumen
1069 1864 1284 1933 adepta.
1316 1864 1560 1934 Cumque
1592 1864 2091 1934 appropinquarent

491 1958 605 2029 jam
639 1966 809 2028 porta:
844 1956 1085 2011 civitatis
1108 1955 1440 2022 =Rcmensis,
1497 1956 1711 2012 obviam
1759 1966 2089 2026 properante

495 2045 679 2118 populi
721 2044 1086 2111 multitudine,
1136 2034 1365 2100 accessil
1400 2047 1644 2115 quaedam
1703 2055 1851 2100 muta
1881 2057 1937 2100 et
1992 2047 2087 2100 de-

493 2135 622 2191 bilis
644 2151 806 2190 manu
839 2136 1054 2206 puella;
1109 2151 1229 2207 quae
1259 2145 1319 2191 ut
1357 2151 1415 2192 se
1454 2145 1613 2191 terrm
1652 2129 2093 2206 prostravit,7ab'

495 2236 730 2296 utraque
750 2227 927 2282 sanari
959 2233 1111 2296 peste
1133 2227 1450 2298 promeruit.
1475 2226 1649 2281 Allata
1676 2237 1761 2281 est
1791 2226 1915 2280 illuc
1945 2241 2089 2296 qua:-

499 2317 624 2373 dam
650 2317 963 2374 muliercula
989 2320 1260 2385 manibus,
1284 2320 1618 2390 genibusque
1644 2328 1948 2384 contracta,
1967 2332 2087 2387 qua:

485 2411 774 2472 continuo,
808 2418 969 2465 utcst
1004 2410 1072 2465 ad
1105 2419 1305 2464 terram
1333 2410 1598 2481 deposita,
1626 2411 1844 2464 sanitati
1875 2402 2101 2465 lmtatur’

499 2502 778 2557 restituta.
813 2501 919 2557 Sed
970 2501 1062 2557 ubi
1108 2502 1246 2557 victa
1299 2501 1425 2556 luxu
1454 2501 1674 2572 gloriari
1708 2502 1893 2573 carpit,
1943 2501 2088 2572 quod

478 2606 621 2645 eam
650 2591 839 2656 vellet,
867 2590 1057 2654 nollet,
1077 2592 1163 2645 vir
1183 2606 1315 2645 suus
1336 2591 1626 2661 reciperet,
1667 2590 1759 2660 qui
1786 2605 1904 2646 eam
1937 2590 2087 2645 iulir-

496 2679 704 2734 niitatis
744 2679 902 2745 hujus
937 2694 1097 2734 causa
1145 2680 1446 2746 dimiserat,
1491 2680 1557 2734 ad
1588 2680 1868 2749 depulsam
1899 2694 2087 2734 rursus

502 2779 586 2827 est
612 2772 885 2827 miseriam
912 2770 1176 2826 revoluta.
1205 2771 1335 2826 ltem
1362 2781 1423 2826 ut
1449 2772 1622 2841 posita
1653 2781 1778 2826 sunt
1806 2771 1953 2826 beati
1984 2771 2084 2825 viri

496 2863 741 2919 membra
768 2862 819 2916 in
851 2860 1099 2927 ecclesia,
1126 2876 1309 2917 coram
1344 2860 1499 2915 altari
1526 2869 1732 2915 sancta:
1762 2860 1966 2926 Μαι-ἰαὶ,
2000 2860 2089 2915 ad-

482 2954 648 3009 venit
696 2953 941 3024 quaedam
994 2952 1169 3024 puella
1220 2960 1441 3024 reptans
1488 2952 1714 3021 genibus
1768 2961 2084 3007 contracta:

472 3061 619 3117 qum
640 3046 842 3101 virtute
855 3055 1069 3111 erecta,
1104 3042 1265 3113 hujus
1289 3044 1462 3100 sancti
1494 3043 1705 3099 meritis
1735 3044 1908 3099 astitit
1934 3059 2084 3100 sana.

495 3114 803 3193 Adducitur
849 3136 1014 3193 etiam
1064 3138 1311 3207 quaedam
1355 3135 1466 3205 jam
1514 3151 1614 3207 per
1663 3151 1834 3192 annos
1879 3146 2086 3208 septem
2116 3114 2159 3178 θ

468 3243 667 3292 czeca,
700 3242 819 3297 quae
856 3240 982 3281 mox
1014 3236 1073 3281 ut
1091 3227 1278 3281 valvas
1316 3226 1498 3298 templi
1529 3228 1732 3299 attigit,
1778 3226 1957 3284 lumen
2010 3243 2089 3283 re-

496 3320 680 3391 cipere
700 3319 917 3374 meruit.
938 3318 1237 3373 Celebratis
1259 3319 1435 3374 missae
1455 3320 1826 3386 sacramentis,
1850 3318 2090 3375 defertur

507 3411 633 3466 inde
662 3423 859 3480 corpus
885 3407 1030 3482 beati
1066 3408 1167 3463 viri
1208 3409 1274 3464 ad
1305 3409 1585 3464 basilicam
1630 3410 1801 3465 sancti
1834 3409 2083 3481 Remigii.

494 3502 556 3558 In
586 3502 886 3557 crastinum
911 3498 1180 3570 perfertur
1204 3500 1270 3554 ad
1303 3498 1690 3555 monasterium
1714 3499 2085 3565 Avennacum,

488 3600 563 3649 et
592 3592 1007 3648 occurrentibus
1055 3592 1575 3658 sanctimonialibus,
1624 3591 1842 3647 advenit
1870 3592 2086 3662 quidam

497 3684 614 3755 jam
650 3683 862 3740 duobus
891 3684 1051 3739 annis
1074 3684 1331 3752 claudus;
1385 3685 1479 3755 qui
1506 3685 1593 3740 ubi
1635 3701 1694 3740 se
1721 3685 2008 3755 prostravit
2036 3687 2087 3738 in

472 3814 473 3817 η
499 3778 747 3842 humum,
785 3791 1012 3847 surgens
1040 3776 1277 3846 priscum
1307 3776 1471 3846 cmpit
1502 3775 1664 3846 figere
1694 3791 1956 3847 gressum.
1990 3775 2088 3829 Af-

494 3869 670 3925 fertur
698 3868 861 3924 ctiam
890 3870 1134 3938 qumdam
1161 3876 1466 3933 contracta,
1516 3866 1883 3938 membrisque
1932 3882 2086 3923 reso-

466 3991 468 3994 ν
493 3962 631 4028 luta,
658 3976 780 4031 qua:
805 3961 923 4015 sine
951 3975 1097 4014 mora
1137 3960 1384 4030 sospitati
1414 3960 1611 4029 gaudet
1641 3960 1909 4015 restituta.
1948 3959 2085 4014 Tum

484 4049 765 4121 perlatum
795 4057 879 4103 est
904 4065 1098 4103 munus
1127 4049 1230 4103 hoc
1258 4050 1565 4103 venerabile
1597 4050 1665 4103 ad
1698 4051 2089 4104 monasterium

498 4138 999 4213 Altumvillarense,
1058 4137 1149 4191 ubi
1207 4138 1452 4208 quaedam
1507 4137 1739 4207 puellula
1798 4140 2019 4207 advecta
2055 4153 2084 4192 a

488 4231 679 4301 primo
707 4230 1008 4285 nativitatis
1045 4244 1188 4284 anno
1238 4246 1401 4295 cceca,
1435 4239 1494 4282 ut
1539 4231 1605 4282 ad
1631 4229 1851 4299 jauuam
1901 4232 2086 4293 mona-

495 4323 653 4382 sterii
684 4322 951 4393 pervenit,
999 4321 1175 4377 lucem
1226 4321 1411 4377 videre
1445 4322 1631 4393 coepit.
1678 4320 1793 4376 Duo
1843 4322 2084 4391 germani

498 4426 767 4491 provectae
795 4416 991 4473 fratres
1018 4418 1195 4473 {etatis
1249 4417 1350 4473 sub
1380 4434 1488 4472 uno
1537 4433 1680 4473 anno
1742 4418 1860 4473 luce
1892 4420 2083 4490 privati

462 4508 798 4564 oratorium
847 4507 1097 4579 ingressi,
1153 4515 1214 4563 ut
1265 4524 1324 4563 se
1360 4510 1623 4563 dederunt
1657 4510 1709 4563 in
1759 4511 2078 4574 orationem,

478 4612 667 4657 -cruor
684 4599 767 4654 eis
793 4614 891 4670 pro
916 4598 1173 4671 lacrymis
1198 4598 1366 4654 ﬂuere
1400 4600 1565 4669 C(Bpit
1593 4614 1655 4653 ex
1694 4600 1900 4666 oculis;
1937 4602 2109 4655 mox?

475 4704 607 4760 .que
634 4688 839 4744 lumine
876 4697 1112 4758 recepto,
1159 4688 1412 4745 laetantur
1437 4689 1742 4759 sepulcrum
1779 4691 1965 4746 videre
1999 4706 2087 4746 sa-

480 4780 729 4835 enatoris.
779 4780 1037 4847 Quaedam
1084 4779 1193 4835 Deo
1241 4788 1448 4835 sacrata
1485 4789 1668 4835 votum
1724 4780 1911 4836 habuit
1961 4796 2085 4836 cum

499 4867 687 4931 sociis,
721 4875 785 4921 ut
810 4868 914 4923 iret
962 4869 1032 4923 ad
1080 4868 1257 4925 locum
1307 4872 1588 4941 pignoris;
1624 4886 1744 4940 qua:
1774 4871 1843 4926 de
1893 4872 2086 4927 itinere

500 4956 684 5006 medio
727 4963 939 5006 calens
989 4957 1096 5006 iter
1132 4960 1512 5006 neraaentilms
1546 4971 1781 5006 nmmum
1832 4976 2070 5006 reversa-

2192 1861 2307 1927 riae,
2361 1869 2415 1916 et
2444 1863 2616 1917 sancti
2668 1864 2920 1935 Remigii,
2976 1872 3139 1935 atque
3172 1864 3239 1921 ad
3267 1868 3662 1922 monasterium
3691 1865 3784 1921 Al-

2196 1956 2521 2021 tnmvillare,
2553 1971 2763 2010 necnon
2807 1967 2861 2011 et
2896 1957 3244 2026 Viriziacum,
3286 1960 3378 2015 ubi
3418 1960 3651 2015 domnus
3675 1960 3781 2014 Ba-

2194 2046 2347 2102 solus
2396 2046 2447 2100 in
2495 2060 2723 2117 corpore
2766 2048 3103 2117 requiescit;
3145 2065 3264 2119 qua:
3309 2050 3636 2106 monasteria
3666 2051 3784 2121 ipse

2189 2134 2418 2191 domnus
2444 2136 2580 2190 Nive
2609 2152 2706 2191 suo
2732 2146 3131 2205 construxerat,
3160 2132 3242 2194 vel
3271 2149 3608 2196 restruxerat
3646 2155 3783 2211 ope-

2188 2243 2266 2282 rc.
2290 2227 2443 2291 Item,
2472 2228 2656 2283 Remis
2685 2228 2750 2282 ad
2771 2230 3151 2283 monasterimn
3175 2230 3496 2301 puellarum,
3516 2232 3606 2286 ubi
3631 2230 3783 2286 Boba

2192 2330 2426 2387 praeesse
2444 2317 2736 2371 videbatur
2767 2318 3060 2372 abbatissa.
3094 2318 3225 2374 Item
3273 2321 3479 2375 sanatis
3505 2319 3701 2374 Rufino
3727 2330 3785 2376 et

2193 2406 2428 2473 Valerio,
2459 2407 2543 2461 vel
2592 2423 2689 2478 per
2720 2408 2928 2478 reliqua
2974 2408 3091 2465 loca
3127 2417 3457 2466 sanctorum.
3515 2410 3624 2467 Sed
3654 2413 3782 2469 dum

2188 2495 2332 2551 inter
2358 2506 2645 2567 utramque
2673 2506 2881 2568 partem
2905 2499 3018 2555 haec
3050 2488 3275 2556 intentio
3302 2511 3629 2569 verteretur,
3660 2518 3778 2559 me-

2192 2587 2491 2643 ditantibus
2519 2588 2760 2658 pacilicis
2794 2592 3011 2645 tandem
3059 2592 3331 2662 personis,
3381 2607 3445 2648 eo
3479 2600 3672 2651 tenore
3714 2595 3780 2648 ad

2188 2694 2374 2748 pacem
2399 2682 2687 2736 concordia
2713 2682 3010 2748 redierunt,
3056 2692 3117 2737 ut
3156 2677 3537 2740 Gundcbertus
3563 2701 3630 2740 ea
3657 2701 3778 2756 qua:

2189 2770 2329 2824 ultra
2383 2770 2616 2841 Ligerim
2665 2772 2880 2827 fuerant
2932 2773 3136 2827 Emmae
3181 2774 3460 2843 genitricis
3506 2776 3777 2846 ipsorum,

2189 2860 2393 2931 absque
2426 2862 2747 2933 repetitione
2770 2863 2919 2917 Reoli
2947 2864 3205 2935 cpisCOpi,
3234 2864 3317 2919 vel
3353 2867 3627 2936 agentium
3657 2883 3780 2923 suo-

2189 2969 2333 3020 rum,
2358 2954 2409 3008 in
2438 2970 2532 3009 sua
2566 2955 2834 3025 reciperet
2858 2963 3147 3024 potestate.
3178 2956 3406 3027 Reliqua
3449 2973 3603 3025 vero,
3629 2975 3779 3030 qum-

2191 3060 2406 3116 cunque
2434 3046 2587 3100 boum
2619 3047 2891 3101 memoriae
2942 3046 3172 3102 domnus
3206 3045 3341 3103 Nive
3375 3049 3441 3103 ad
3490 3049 3610 3104 loca
3662 3065 3782 3105 san-

2190 3146 2400 3192 ctorum
2455 3152 2550 3207 per
2578 3152 2673 3192 sua
2710 3136 3068 3191 instrumenta
3096 3120 3379 3207 delegavit,
3412 3141 3480 3194 ad
3510 3140 3785 3210 integrum

2188 3228 2376 3282 eadem
2403 3236 2713 3282 sanctorum
2766 3228 2878 3282 loca
2908 3228 3293 3299 perpetualiter
3334 3230 3543 3301 absque
3584 3232 3786 3300 repeti-

2192 3318 2335 3373 tione
2383 3315 2718 3374 Gundeberti
2746 3359 2760 3385 ,
2811 3319 2896 3373 vel
2939 3320 3214 3375 hzeredum
3252 3335 3474 3375 suorum
3523 3338 3650 3377 cum
3690 3324 3787 3381 Dei

2188 3412 2464 3483 adjutorio
2515 3413 2875 3482 possiderent.
2938 3412 3089 3469 Unde
3155 3414 3496 3471 conventiale
3563 3432 3787 3489 quoque

2189 3503 2448 3574 scriptum
2468 3503 2734 3574 digestum
2752 3504 2891 3573 apud
2908 3518 3004 3557 nos
3026 3504 3198 3559 adhuc
3230 3515 3562 3574 reservatur,
3582 3509 3788 3563 utrius-

2189 3610 2294 3666 que
2329 3595 2499 3663 partis
2526 3595 2891 3666 assignatioue
2924 3594 3257 3651 roboratum.

2259 3686 2360 3741 llic
2409 3696 2618 3756 partem
2676 3687 2815 3741 villa:
2861 3687 3063 3743 Diciaci
3108 3689 3318 3759 positus
3364 3690 3418 3745 in
3464 3692 3789 3764 episcopatu

2190 3785 2360 3851 emit;
2394 3785 2544 3851 itcn‘i,
2570 3801 2816 3841 mansum
2840 3796 2894 3842 et
2921 3799 3141 3856 campos
3168 3788 3221 3843 in
3258 3788 3433 3843 villari
3465 3789 3786 3847 Bersiniaco

2182 3876 2741 3951 Διηηιδηιιιθνείηῑεὶεο];
2778 3880 2929 3944 item,
2973 3895 3194 3936 mansos
3240 3881 3450 3950 aliquos
3492 3883 3787 3954 plusquam

2189 3979 2422 4039 quatuor
2462 3969 2599 4023 infra
2630 3971 2903 4025 civitatem
2938 3971 3258 4027 Remensem
3305 3989 3335 4026 a
3379 3973 3613 4030 diversis
3659 3991 3786 4045 per-

2188 4061 2354 4123 sonis,
2384 4067 2439 4113 et
2497 4060 2598 4114 alia
2633 4062 2918 4130 quaedam;
2957 4062 3113 4128 item,
3164 4063 3466 4133 portionem
3512 4064 3581 4119 de
3632 4067 3786 4133 villa,

2189 4167 2306 4222 qua:
2334 4152 2532 4206 dicitur
2562 4152 2713 4208 Mons
2736 4153 2979 4219 Allonis;
3009 4156 3136 4210 item
3172 4165 3354 4225 partes
3397 4158 3653 4215 villarum
3682 4161 3788 4215 Ro—

2189 4241 2373 4295 siciaci
2428 4249 2485 4295 et
2536 4240 2806 4312 Popiciaci
2830 4284 2844 4308 ,
2874 4253 2928 4297 et
2955 4244 3060 4298 alia
3091 4247 3379 4313 nonnulla,
3413 4256 3521 4303 tam
3579 4251 3788 4321 prandia

2189 4346 2351 4401 quam
2380 4332 2673 4402 mancipia,
2701 4335 2817 4404 ejus
2849 4336 3182 4405 temporibus
3214 4338 3432 4393 tradidit
3455 4339 3538 4392 vir
3558 4340 3790 4397 illustris

2191 4426 2448 4482 Waratns
2487 4426 2553 4480 ad
2584 4426 2846 4483 ecclesias
2897 4437 3095 4483 sanctae
3145 4429 3348 4496 Mariae,
3385 4442 3441 4486 ct
3474 4436 3653 4489 sancti
3690 4435 3787 4490 Re-

2192 4515 2339 4585 migii
2364 4515 2548 4571 Remis
2570 4516 2947 4573 Cruciniaeum
2983 4519 3207 4589 (Cruny)
3241 4533 3502 4589 montem,
3543 4524 3789 4580 Curbam

2184 4606 2372 4660 ‘villam
2405 4606 2738 4678 (Courville),
2771 4625 2892 4664 cum
2940 4609 3247 4672 Acciniaco,
3282 4612 3334 4665 in
3386 4629 3526 4683 pago
3566 4613 3790 4669 Tardu-

2194 4699 2346 4754 nensi
2385 4697 2591 4768 (Δὶ-ά)ιὶ
2625 4717 2687 4754 en
2730 4700 3061 4772 Tardeuois).
3114 4701 3367 4768 Quasdam
3413 4706 3653 4775 denique
3703 4708 3791 4762 hic

2191 4789 2382 4844 beatus
2405 4790 2603 4858 praesul
2623 4791 2817 4846 Reolus
2841 4806 2906 4845 ex
2926 4792 3085 4847 rebus
3106 4791 3346 4848 ecclesia:
3371 4794 3648 4850 invenitur
3664 4814 3787 4851 cum

2197 4879 2521 4949 quibusdam
2570 4882 2821 4951 personis
2869 4891 3253 4949 commutasse,
3286 4868 3521 4955 partium
3571 4888 3790 4942 scilicet

2183 4971 2407 5006 “hnrnln
2430 4974 2831 5006 nnnnrlnnhnin
