3974 5392
140 366 242 421 113

723 364 1072 423 HISTORIA}
1112 334 1471 423 Εεειεειε
1507 365 1850 462 REMENSIS
1888 368 2067 428 LIBRI
2104 323 2475 443 QUATUOR.
2501 410 2574 422 --
2610 381 2740 437 LIB.
2782 382 2842 439 II.

3292 358 3415 447 'rtt

198 476 525 534 Construxit
576 475 665 532 hic
715 474 1039 532 venerabilis
1090 474 1286 546 przesul
1340 478 1728 530 monasterium
1759 482 1805 538 Α
1833 492 1938 547 qua
1971 480 2182 567 dedisse
2213 487 2483 557 reperitur
2518 489 2572 544 in
2616 505 2748 547 auro
2792 481 2991 549 solidos
3033 496 3151 551 Ill).
3182 495 3334 563 Item,
3382 513 3412 552 a

124 571 469 636 Orbacense,
492 568 548 623 in
571 567 688 624 loco
709 582 871 639 quem
894 567 1196 639 promeruit
1216 568 1357 621 dono
1378 568 1521 636 regis
1550 565 1727 622 Theo-

130 666 336 731 derici,
398 681 498 735 per
542 664 712 735 ipsius
759 663 1033 720 licentiam
1063 702 1078 727 ,
1133 659 1463 729 suffragante
1514 675 1728 731 quoque

130 757 373 813 Ebroino
398 754 606 825 majore
633 756 842 812 domus.
885 754 1304 823 Impetravitque
1330 752 1562 808 domnus
1584 752 1726 807 idem

130 848 335 904 Iteolus
353 863 389 901 a
417 846 755 904 monasterio
780 844 1111 901 Rasbaceasi
1141 859 1237 900 sex
1284 843 1599 907 monachos,
1634 842 1728 914 qui

128 940 401 1011 regimina
425 947 629 995 sanctae
656 937 857 1011 regulae
885 936 1088 994 ibidem
1118 945 1386 999 tenerent,
1425 943 1479 989 et
1504 935 1639 989 alios
1663 948 1728 990 ea

132 1036 415 1088 docerent.
447 1032 525 1086 Ex
555 1032 667 1102 quii
687 1046 751 1086 us
778 1045 966 1096 unum,
1002 1027 1396 1084 Landemarum
1425 1026 1487 1101 Ii,
1517 1028 1730 1083 Leudo-

128 1120 371 1194 marum]
404 1122 644 1187 nomine,
670 1121 723 1175 in
762 1121 953 1176 eodem
984 1120 1103 1176 loco
1140 1120 1390 1174 abbatem
1427 1120 1729 1186 constituit,

136 1217 220 1287 qui
270 1216 427 1271 rexit
452 1216 596 1271 idem
629 1214 1019 1273 monasterium
1048 1216 1217 1271 donec
1238 1216 1397 1270 vixit.
1427 1215 1577 1269 Nam
1608 1215 1734 1271 licet

130 1310 198 1362 ab
238 1306 439 1361 Odone
489 1305 727 1375 quodam
784 1305 950 1359 fuerit
995 1304 1271 1375 expulsus,
1304 1320 1334 1359 a
1388 1304 1731 1361 Cbildeberto

135 1406 312 1449 tamen
343 1409 477 1465 rege
516 1403 704 1463 postea
732 1394 1016 1453 restitutus
1045 1402 1148 1450 est.
1192 1393 1323 1449 Post
1345 1393 1498 1463 cujus
1528 1396 1731 1450 obitum

136 1487 376 1539 domnus
414 1486 740 1555 Rigobertus
762 1485 1207 1557 archiepiscopus
1242 1486 1415 1557 ipsum
1448 1488 1652 1557 recepit
1678 1496 1734 1543 et

140 1576 298 1632 rexit.
362 1574 541 1643 Hujus
581 1576 898 1632 monasterii
948 1577 1300 1643 monachum,
1348 1577 1565 1632 nomine
1592 1577 1735 1634 Huc-

137 1666 357 1723 boldum
386 1706 413 1735 ,Δ
449 1681 625 1736 nuper
671 1665 913 1736 Bungari
970 1667 1419 1736 comprehensum
1464 1667 1735 1724 trucidare

137 1760 235 1816 nisi
274 1768 443 1826 sunt;
507 1760 607 1814 sed
664 1774 1004 1831 nequaquam
1056 1758 1201 1815 ferro
1250 1759 1489 1816 incidere
1548 1769 1735 1831 potue-

139 1861 257 1908 runt
309 1852 415 1923 (6).
452 1849 592 1905 Nam
638 1860 699 1906 ut
754 1851 896 1907 idem
942 1849 1128 1914 refert,
1164 1859 1221 1905 et
1257 1850 1498 1906 nonnulli
1533 1851 1729 1921 captivi
1764 1841 1807 1902 Β

139 1949 223 2019 qui
250 1949 531 2015 viderant,
585 1947 789 2004 reversi
819 1962 964 2003 nunc
1012 1962 1230 2019 quoque
1278 1957 1567 2013 testantur,
1604 1948 1729 2003 dum

140 2039 351 2109 sagittis
372 2052 505 2093 eum
537 2037 739 2093 nudum
770 2038 1010 2110 undique
1031 2038 1245 2093 barbari
1266 2037 1553 2109 ~pctisScnt,
1587 2045 1641 2090 ut
1663 2034 1732 2090 ab

138 2130 435 2185 adamante
488 2130 684 2194 relisae,
735 2130 814 2186 sic
869 2131 936 2186 ab
983 2129 1102 2200 ejus
1144 2145 1371 2201 corpore
1419 2128 1735 2184 resiliebant

138 2221 369 2292 sagittae,
410 2236 514 2276 nec
561 2221 775 2292 signum
807 2222 947 2277 ictus
980 2222 1145 2279 ullum
1181 2223 1472 2291 apparebat
1501 2222 1552 2275 in
1579 2230 1729 2287 cute,

138 2315 229 2370 sed
266 2323 324 2368 et
353 2314 511 2368 omni
572 2324 772 2368 conatu
800 2315 978 2385 gladio
1031 2329 1341 2384 [ercussus,
1384 2313 1734 2368 nihilominus

140 2410 345 2465 mansit
399 2409 783 2465 intemeratus.
814 2409 967 2465 Unde
1011 2418 1066 2463 et
1116 2407 1282 2463 Deum
1328 2408 1567 2461 dicentes
1608 2421 1731 2458 eum

137 2517 273 2564 esse,
311 2503 597 2557 duxerunt
626 2502 846 2557 reveriti
895 2516 1103 2566 secum,
1145 2501 1319 2555 donec
1366 2500 1675 2568 redemptus
1701 2513 1730 2552 a

137 2592 373 2662 quodam
402 2593 681 2663 episcopo,
705 2601 868 2663 atque
891 2591 1147 2647 dimissus
1177 2590 1505 2645 revertitnra

761 2681 987 2737 CAPUT
1024 2680 1113 2735 XI.
1290 2680 1293 2683 ’

634 2774 714 2829 De
737 2784 923 2829 sancto
945 2773 1242 2843 Rigoberto.

201 2867 442 2924 Prml'ato
472 2867 675 2923 domno
698 2866 863 2922 Reolo
893 2866 1081 2922 beatus
1106 2864 1432 2937 Rigobertus
1455 2862 1726 2919 successit

138 2959 189 3015 Ia
219 2962 563 3033 episcopatu,
615 2958 753 3028 ejus,
802 2969 863 3015 ut
917 2958 1169 3024 traditur,
1216 2958 1378 3014 etiam
1410 2972 1579 3013 carne
1609 2970 1734 3027 pro-

136 3050 375 3120 pinquus
419 3051 474 3104 in
501 3049 725 3122 regione
755 3048 1138 3104 Ribuariorum
1181 3047 1330 3120 (pays
1360 3048 1424 3103 de
1459 3046 1720 3117 Ribemot)

139 3127 318 3200 nobili
350 3144 612 3214 prosapia
655 3144 906 3214 genitus;
936 3151 1093 3214 patre
1137 3140 1402 3211 siquidem
1434 3153 1500 3193 ex
1541 3140 1728 3193 eodem

136 3250 294 3307 pago,
320 3235 547 3290 nomine
575 3235 948 3298 Constantino,
987 3242 1160 3289 matre
1186 3246 1318 3287 vero
1366 3247 1430 3287 ex
1458 3229 1713 3286 Porcensi

138 3325 367 3378 oriunda
401 3323 682 3378 territorio
718 3339 733 3388 ;
768 3324 851 3377 vir
889 3322 992 3393 piis
1039 3322 1283 3377 moribus
1329 3320 1647 3386 instructus,
1679 3328 1743 3375 er-

139 3412 401 3467 rirtutum
438 3411 740 3482 insignibus
762 3412 1072 3467 adornatus.
1105 3410 1205 3478 Qui
1237 3410 1489 3466 nonnulla
1516 3409 1569 3464 in
1617 3410 1737 3480 epi-

140 3506 322 3575 seopio
344 3504 586 3575 collapsa
611 3505 908 3574 reperiens,
946 3503 1238 3574 reparavit.
1278 3503 1383 3557 Sed
1415 3502 1731 3557 canonicam

140 3593 352 3651 clericis
373 3594 692 3665 religionem
737 3595 975 3650 restituit
1020 3609 1085 3648 ac
1112 3592 1433 3648 suﬁicientia
1477 3592 1731 3648 victualia

142 3687 447 3753 constituit,
478 3696 535 3741 et
561 3686 762 3757 praedia
809 3687 1055 3756 qumdam
1090 3686 1198 3742 illis
1235 3686 1483 3750 contulit,
1520 3701 1731 3741 necnon

143 3776 399 3830 marium
429 3789 723 3830 commune
746 3776 933 3829 usibus
956 3790 1145 3831 eorum
1179 3774 1435 3830 instituit.
1467 3774 1546 3828 Ad
1587 3774 1733 3842 quod

144 3864 240 3921 has
266 3865 428 3920 villas
449 3864 748 3936 delegavit;
775 3865 1091 3920 Gerniacam
1115 3874 1319 3920 cortem
1350 3863 1730 3937 (Cernicuurt),

146 3952 445 4011 Iusceium
474 3954 1141 4019 Roeeiu:n,\‘Viliiniacurn
1174 3955 1392 4019 Rivum,
1414 3953 1687 4008 Curcellas
1718 3969 1732 4018 ;

143 4046 436 4102 ecclesiam
475 4060 693 4116 quoque
720 4046 779 4101 S.
806 4044 1018 4114 Hilarii,
1051 4061 1175 4101 cum
1214 4045 1475 4101 suburbio
1503 4046 1568 4099 ad
1613 4060 1733 4100 eam

144 4136 478 4204 pertinente,
525 4135 735 4190 scilicet
784 4144 843 4189 ut
886 4134 940 4189 in
996 4150 1174 4189 annua
1219 4135 1480 4190 transitus
1525 4134 1608 4189 sui
1648 4134 1737 4189 die

145 4226 425 4282 coniciens
446 4227 532 4281 eis
578 4225 705 4280 inde
756 4224 983 4280 refectio
1026 4233 1369 4294 pararetur;
1396 4240 1514 4294 quae
1549 4239 1738 4295 super-

148 4327 353 4383 essent,
386 4318 524 4387 ipsis
570 4318 932 4372 communiter
982 4317 1268 4372 dividenda
1320 4319 1596 4373 cederent.
1639 4316 1740 4370 Fa-

145 4413 318 4467 mulos
340 4428 583 4485 quoque,
618 4421 673 4467 et
699 4427 885 4467 eorum
935 4413 1173 4469 colonias
1212 4413 1277 4467 ad
1310 4415 1613 4468 necessaria
1649 4427 1739 4467 ca-

1832 574 2063 641 quadam
2091 580 2412 634 consobrina
2434 596 2551 644 sua,
2584 582 2798 639 nomine
2824 581 3084 651 Gilsinda,
3110 587 3411 657 portionem

1831 667 1898 720 de
1938 667 2062 721 villa
2114 669 2413 727 Bracancio
2462 671 2808 747 [Briquenay]
2852 692 3013 748 super
3039 677 3261 735 ﬂuvium
3306 679 3413 736 Ro-

1831 765 2095 824 tumnam,
2141 777 2263 816 cum
2301 765 2607 835 mancipiis,
2648 766 2909 835 aediliciis,
2941 777 2996 823 et
3048 771 3299 826 omnibus
3346 771 3414 827 ad

1833 849 2001 919 ipsam
2052 855 2450 921 possessionem
2504 859 2916 927 pertinentibus.
2954 860 3083 915 Item
3112 863 3180 918 ab
3224 862 3414 919 eadem

1831 944 2074 1002 Gilsinda
2100 960 2304 1018 partem
2334 954 2622 1023 quamdam
2645 953 2711 1009 de
2741 953 2867 1009 villa
2896 954 3225 1011 Bobiliniaca
3250 971 3412 1027 supra

1831 1037 2050 1093 ﬂuvium
2080 1040 2355 1112 Suippiam
2390 1042 2548 1116 [Bonl
2578 1060 2670 1098 sur
2717 1042 2958 1116 Suippe],
2990 1060 3111 1100 cum
3141 1045 3409 1112 domibus,

1830 1131 2138 1200 mancipiis,
2202 1133 2391 1204 pratis.
2440 1133 2668 1206 campis,
2704 1144 2760 1190 et
2806 1136 3020 1193 cmteris
3048 1137 3114 1191 ad
3167 1137 3413 1193 eamdem

1832 1219 2224 1290 possessionem
2270 1224 2666 1292 pertinentibus
2711 1242 2726 1291 ;
2779 1241 2875 1295 pro
2917 1226 3113 1296 quibus
3148 1226 3307 1281 rebus
3357 1226 3412 1280 in

1831 1326 1965 1385 auro
2018 1311 2219 1368 solidos
2273 1324 2485 1369 centum
2536 1315 2807 1371 invenitur
2855 1315 3084 1372 dedisse.
3141 1316 3412 1384 Quasdam

1833 1417 2045 1474 quoque
2091 1419 2179 1459 res
2229 1417 2378 1461 trans
2426 1406 2661 1477 Ligerim
2710 1423 2816 1463 non
2861 1408 3073 1464 modico
3119 1408 3236 1463 auri
3288 1407 3413 1462 dato

1831 1494 2069 1565 pondere
2094 1496 2361 1565 reperitur
2387 1498 2602 1552 emisse.
2632 1497 2885 1566 Quaedam
2915 1514 3126 1570 quoque
3163 1515 3285 1555 cum
3317 1497 3415 1554 ali-

1833 1583 2029 1653 quibus
2064 1584 2310 1655 personis
2360 1586 2628 1642 iuvenitur
2652 1595 3029 1652 commutasse,
3053 1604 3152 1657 pro
3180 1588 3411 1658 partium

1834 1674 2043 1730 scilicet
2082 1677 2503 1745 opportunitate.
2546 1677 2593 1732 A
2642 1676 2945 1749 Dagoberto
2995 1678 3279 1751 [Dag'obcrt
3322 1675 3413 1750 II]

1836 1764 2066 1835 denique
2094 1781 2221 1837 rege
2267 1776 2592 1837 prmceptum
2643 1768 2994 1825 immanitatis
3048 1785 3158 1825 sua:
3184 1768 3415 1824 obtinuit

1834 1856 2095 1920 ecclesiae,
2129 1872 2422 1928 suggerens
2452 1859 2624 1913 eidem
2675 1860 2812 1931 regi,
2843 1860 3071 1930 qualiter
3097 1859 3207 1930 ipsa
3241 1858 3415 1915 eccle-

1833 1946 1911 2002 sia
1940 1947 2040 2001 sub
2082 1946 2509 2016 praecedentibus
2559 1948 2895 2004 Francorum
2928 1950 3162 2021 regibus,
3202 1964 3232 2005 a
3279 1957 3414 2003 tem-

1833 2037 2177 2107 pore'donmi
2228 2036 2453 2108 Remigii
2496 2039 2830 2095 etClodovei
2883 2041 3041 2109 regis,
3093 2054 3252 2109 quem
3299 2036 3414 2108 ipse

1833 2127 2144 2198 baptizavit,
2171 2128 2239 2182 ab
2262 2129 2407 2184 omni
2444 2130 2777 2184 functionum
2820 2128 3154 2200 publicarum
3184 2127 3313 2199 jugo
3352 2126 3414 2181 li-

1833 2220 2072 2277 berrima
2124 2235 2336 2292 semper
2378 2222 2671 2302 exstiterit.
2713 2223 2813 2292 Qui
2860 2221 3115 2294 praal'atus
3164 2238 3259 2277 rex
3305 2222 3411 2277 hoc
3496 2234 3503 2239 '

1833 2312 2149 2368 beneﬁcium
2178 2313 2498 2370 conﬁrmare
2531 2315 2616 2370 vel
2662 2315 2920 2369 innovare
2946 2313 3256 2384 disponens,
3288 2326 3415 2367 cum

1834 2404 2055 2459 consilio
2076 2420 2357 2474 procerum
2386 2421 2602 2461 suorum
2629 2406 2837 2475 statuit,
2865 2406 2932 2462 ad
2953 2405 3408 2478 praedecessorum

1835 2493 2062 2547 formam
2092 2508 2294 2565 regum,
2342 2496 2657 2565 prmcipiens
2682 2504 2741 2551 ut
2792 2510 2983 2551 omnes
3011 2496 3178 2566 ipsius
3208 2494 3421 2550 sancta!

1838 2586 1929 2641 Dei
1969 2585 2211 2641 ecclesia:
2247 2603 2350 2652 res,
2382 2596 2489 2641 tam
2521 2586 2573 2641 in
2604 2586 2927 2659 Campania,
2955 2596 3009 2642 et
3034 2587 3171 2641 infra
3196 2587 3409 2652 urbem,

1833 2677 1917 2731 vel
1963 2677 2311 2743 suburbanis,
2343 2694 2501 2749 quam
2536 2680 2589 2733 in
2642 2680 2944 2746 Austrasia,
2992 2695 3086 2735 seu
3135 2678 3408 2749 Neustria,

1834 2767 1916 2822 vel
1952 2767 2281 2838 Burgundia,
2307 2785 2400 2824 seu
2431 2769 2673 2839 partibus
2713 2768 2978 2835 Massilim,
3028 2771 3083 2825 in
3134 2770 3409 2825 Rodonico

1834 2858 2022 2924 etiam,
2052 2858 2387 2927 Gavalitano,
2428 2861 2746 2928 Arvernico,
2789 2859 3078 2927 Turonico,
3111 2860 3406 2925 I’ictavico,

1835 2948 2203 3017 Lemovicino,
2259 2950 2343 3004 vel
2392 2952 2696 3023 ubicunque
2743 2952 2885 3007 infra
2938 2967 3098 3023 regna
3129 2953 3246 3024 ejus
3292 2953 3408 3023 ipsa

1834 3041 2121 3098 Bernensis
2149 3042 2399 3110 ecclesia,
2445 3044 2528 3099 vel
2567 3043 2784 3100 basilica
2818 3044 3121 3101 beatissimi
3173 3044 3403 3115 Itemigii

1835 3134 1989 3189 villas
2017 3141 2110 3188 aut
2153 3134 2399 3190 homines
2456 3135 2657 3190 habere
2706 3136 3007 3202 videbatur,
3052 3135 3151 3191 sub
3197 3135 3406 3205 integra

1832 3227 2169 3282 immunitate
2192 3228 2337 3282 omni
2370 3218 2608 3299 tempore
2637 3238 2857 3299 possent
2881 3243 3119 3284 manere.
3152 3227 3244 3285 Sic
3272 3244 3411 3299 quo-

1833 3332 1937 3387 que
1976 3325 2036 3372 ut
2072 3317 2248 3373 nullus
2271 3317 2434 3387 judex
2465 3319 2710 3390 publicus
2736 3320 2787 3373 in
2823 3319 2967 3391 ipsas
2992 3328 3166 3375 terras
3185 3319 3412 3374 auderet

1834 3409 2064 3480 ingredi,
2090 3420 2150 3465 ut
2180 3410 2753 3467 mansionesintrando
2782 3410 2999 3478 Iaceret,
3030 3420 3123 3467 aut
3152 3410 3432 3482 quaelibet

1826 3500 2049 3571 judicia,
2076 3504 2160 3557 vel
2201 3504 2359 3558 xenia
2391 3503 2588 3560 ibidem
2622 3504 2837 3576 exigere
2886 3504 3154 3560 ullatenus
3195 3502 3408 3574 pnesu4

1834 3603 2003 3649 meret
2033 3610 2048 3661 ;
2097 3595 2191 3650 sed
2221 3596 2578 3667 quodcunque
2606 3612 2635 3649 a
2664 3597 3154 3666 praedecessoribus
3190 3595 3302 3651 suis
3332 3609 3413 3649 re-

1833 3689 1990 3759 gibus
2018 3681 2259 3744 ecclesiae
2292 3688 2545 3744 Remensi
2572 3688 2657 3743 vel
2688 3688 2925 3743 basilicae
2960 3688 3131 3743 sancti
3183 3686 3411 3757 Remigii

1836 3778 2009 3834 fuerat
2065 3792 2403 3845 concessum,
2453 3779 2660 3833 cunctis
2707 3778 2897 3833 diebus
2949 3777 3136 3833 eadem
3183 3776 3411 3832 ecclesia

1836 3869 2041 3923 valeret
2085 3868 2286 3923 habere
2324 3877 2725 3923 conservatum.
2778 3866 2883 3922 Sed
2921 3875 2975 3921 et
3008 3882 3040 3921 a
3083 3865 3202 3920 lilio.
3243 3865 3409 3934 ipsius

1834 3974 1999 4031 super
2026 3957 2248 4027 hujusce
2290 3958 2625 4014 auctoritatis
2668 3958 3132 4024 corroboratione,
3156 3966 3210 4013 et
3245 3973 3275 4011 a
3309 3971 3411 4010 crc-

1839 4053 1967 4109 teris
1994 4052 2076 4107 sui
2108 4050 2366 4122 temporis
2397 4051 2641 4122 regibus,
2675 4050 3055 4115 immunitatis,
3081 4065 3144 4104 ac
3175 4047 3408 4103 teloneo--

1840 4159 1959 4197 rum
2017 4143 2355 4198 remissionis
2422 4152 2691 4213 praecepta
2748 4139 2991 4197 ecclesim
3052 4156 3162 4196 suae
3210 4138 3437 4195 stnduit'

1839 4236 2100 4290 obtinere.
2132 4232 2284 4299 Item,
2309 4232 2627 4288 Theoderici
2661 4231 2805 4303 regis
2833 4230 3138 4301 specialiter
3164 4244 3262 4301 pro
3290 4227 3435 4283 villa'

1840 4324 2187 4388 Caltniciaco,
2244 4340 2405 4393 quam
2434 4321 2782 4379 Grimoaldus
2817 4323 2901 4377 vir
2927 4320 3150 4376 illustris
3178 4319 3419 4375 ecclesiae

1842 4416 2094 4472 Remensi
2121 4417 2443 4471 contulerat.
2482 4413 2721 4480 Quarum
2756 4413 2931 4468 adhuc
2960 4411 3219 4482 regalium
3244 4411 3418 4464 moni-

144 4503 469 4558 nonicorum
519 4504 742 4559 servitia
803 4504 1118 4574 deputavit,
1166 4514 1221 4559 et
1269 4507 1485 4560 eosdem
1536 4504 1735 4559 Christi
1768 4544 1817 4604 Β
1845 4519 2018 4565 menta
2051 4509 2468 4579 praeceptionum
2519 4509 2571 4562 in
2612 4506 2832 4560 archivo
2881 4513 3085 4560 sanctae
3130 4502 3288 4573 hujus
3316 4500 3423 4554 Re-

145 4608 413 4665 pauperes
455 4610 640 4651 rerum
696 4610 916 4650 suarum
972 4597 1212 4652 htercdes
1257 4595 1372 4651 ﬁeri
1423 4597 1731 4652 destinavit.

143 4684 346 4741 Harum
381 4702 516 4742 vero
540 4702 754 4742 summa
779 4703 957 4741 rerum
1007 4687 1059 4741 in
1089 4688 1158 4742 40
1198 4688 1279 4743 vel
1316 4688 1546 4758 amplius
1578 4704 1734 4742 man-

142 4790 233 4830 sos
288 4777 581 4847 colligitur.
646 4777 944 4833 Nonnullas
994 4779 1159 4833 etiam
1217 4780 1476 4850 episcopii
1531 4780 1682 4835 villas
1719 4821 1733 4844 ,

141 4868 433 4941 descriptis
454 4886 640 4927 earum
693 4871 945 4935 coloniis,
996 4872 1362 4941 servitiisque,
1395 4873 1499 4927 rite
1548 4873 1734 4945 dispo-

142 4961 271 5018 snit.

213 5053 330 5109 κω
349 5054 505 5110 etiam
528 5057 729 5127 quibus
766 5054 1097 5123 episcopium
1128 5054 1277 5109 auxit
1305 5056 1565 5122 quasdam
1613 5056 1741 5123 dato

143 5148 331 5215 pretio
356 5152 703 5220 comparavit,
737 5156 798 5202 ut
828 5147 1030 5211 villan,
1068 5152 1289 5204 nomine
1312 5151 1650 5216 Cartobram,
1685 5149 1740 5203 in

142 5253 286 5309 pago
341 5238 681 5305 'l‘ardouensi,
751 5256 783 5295 a
830 5237 1181 5308 Gomnoaldo,
1227 5256 1325 5310 pro
1370 5257 1473 5311 qua
1525 5244 1742 5299 dedisse

145 5331 389 5362 Ιοσιιιῖιαιι·
409 5350 466 5362 Δι-

474 5338 512 5362 ..2
555 5336 770 5362 -uISJAn
805 5335 1122 5362 ηηῖιυνηηιηη
1183 5343 1230 5362 ,ιιι
1266 5335 1316 5362 :n
1350 5335 1468 5362 Iv:".\
1526 5338 1607 5362 -..ε
1644 5349 1714 5362 ..Α

1844 4600 2045 4657 mensis
2071 4609 2464 4656 conservantur
2488 4598 2753 4654 ecclesiae.

1868 4708 1869 4713 ‘
1913 4691 2011 4748 llic
2041 4691 2364 4747 venerabilis
2391 4690 2586 4759 praesul
2629 4686 2912 4757 Pippinum
2941 4676 3199 4765 majorem
3232 4681 3425 4737 domus

1843 4784 2004 4855 regiae
2035 4782 2262 4838 traditur
2291 4780 2679 4836 amicissimum
2726 4775 3026 4842 habuisse;
3070 4773 3156 4829 cui
3186 4770 3425 4839 eulogias

1844 4890 1941 4945 pro
1969 4874 2345 4929 benedictione
2373 4872 2567 4927 crebro
2615 4868 2822 4925 solebat
2867 4868 3104 4923 mittere.
3158 4864 3238 4920 Ad
3266 4856 3443 4932 quem'

1754 4998 1758 5001 Α
1845 4963 2230 5029 collocuturus,
2281 4963 2407 5016 dum
2436 4962 2677 5017 venisset
2705 4958 3017 5028 aliquando,
3070 4955 3239 5026 ccepit
3290 4952 3434 5005 idem

1846 5054 2094 5125 princeps
2125 5055 2424 5123 requirere,
2453 5053 2586 5123 quid
2620 5049 2748 5106 huic
2799 5058 2992 5104 sancto
3047 5044 3196 5100 Patri
3225 5051 3435 5115 gratum

1847 5145 2110 5215 potuisset
2133 5142 2353 5200 oil'erre.
2385 5140 2700 5199 Morabatur
2729 5145 2913 5192 autem
2958 5150 3085 5194 tunc
3137 5133 3276 5203 apud
3302 5129 3442 5184 Ger-

1848 5237 2058 5293 niacam
2110 5246 2340 5302 cortem,
2393 5251 2562 5306 quam
2610 5233 2791 5290 villam
2834 5230 3013 5286 eidem
3056 5218 3314 5285 oblatam,
3346 5218 3445 5272 ubi

1848 5338 2052 5362 nnnlnnl
2081 5328 2268 5362 Ιιηὶιοιιῖ
2306 5331 2463 5362 ιιοοιιη
2487 5324 2726 5362 ηΑηοῖίῖρῖ
2778 5322 3065 5362 nnmnnril-
3096 5314 3253 5362 Dﬁﬂl‘l
3278 5312 3349 5362 Ci.
3381 5320 3443 5362 ut
