3974 5392
555 365 658 419 “3

1611 365 2002 425 FLODOARDI
2041 371 2360 430 (ἈΝΟΝΙΩΙ
2400 374 2747 434 REMENSIS

3721 383 3816 437 HG

549 501 648 558 per
671 485 802 540 lines
822 482 914 554 qui
939 481 1376 539 manifestissime
1414 495 1624 554 patent,
1656 501 1903 557 pergens,
1934 488 2132 557 passim
2166 494 2211 552 Α
2240 490 2529 562 siquidem,
2555 509 2675 562 qua:
2707 494 2910 550 dicitur
2937 495 3273 563 Basilicaris,
3306 497 3390 553 vel
3418 497 3560 567 quod
3584 497 3820 552 basilicis

556 579 766 634 itineris
792 577 872 632 sui
906 577 1129 632 limitem
1162 577 1285 647 poni
1311 578 1586 649 praecepit,
1631 589 1691 634 ut
1735 579 1883 634 litem
1929 581 2133 636 discer-

552 677 709 724 neret
733 668 894 722 arvis.
931 667 1026 722 Cui
1062 682 1308 738 regresso
1337 683 1561 739 surgens
1582 668 1837 739 Pippinus
1865 686 1894 724 a
1917 686 2129 736 somno,

545 757 775 831 largitus
803 767 888 814 est
930 773 1144 812 omnem
1193 773 1350 828 quem
1384 760 1611 814 circuitu
1644 775 1741 816 suo
1796 762 2133 818 concluserat

554 849 755 906 locum.
797 850 878 904 Ad
935 849 1190 905 indicium
1239 866 1368 905 vero
1425 853 1774 909 memorabile
1824 871 1986 924 super
2033 857 2134 911 hoc

551 939 763 994 itineris
803 939 884 994 sui
934 938 1248 994 vernantior
1274 941 1420 996 omni
1449 951 1713 1010 tempore,
1757 958 1918 1012 quam
1947 944 1998 998 in
2031 961 2134 1000 ete-

552 1031 681 1084 tcris
710 1032 856 1086 circa
884 1031 1036 1097 locis,
1071 1032 1262 1086 visitur
1311 1033 1475 1088 herba
1521 1034 1718 1090 virere.
1764 1035 1858 1090 Est
1907 1049 1960 1092 et
1990 1037 2135 1093 aliud

555 1139 661 1177 non
687 1126 1094 1179 contemnenda:
1119 1125 1193 1179 rei
1224 1125 1564 1192 miraculum,
1588 1127 1730 1197 quod
1757 1127 1945 1197 procul
1971 1129 2134 1185 dubio

552 1215 762 1271 meritis
788 1215 960 1286 ipsius
981 1225 1193 1272 constat
1217 1217 1418 1273 eisdem
1464 1220 1625 1275 rebus
1665 1237 1693 1273 a
1731 1221 1959 1276 Domino
2000 1236 2136 1291 prte-

550 1317 819 1378 rogatum.
868 1307 1144 1379 Siquidem
1199 1320 1483 1381 postquam
1528 1310 1646 1381 ejus
1710 1312 2138 1390 cessere-domi-

552 1400 663 1465 nio,
717 1400 891 1456 fertur
935 1417 1031 1456 eas
1081 1418 1357 1472 nunquam
1409 1403 1616 1459 laesisse
1669 1413 1980 1475 tempestas,
2038 1420 2138 1464 nec

550 1497 814 1553 cecidisse
853 1512 1014 1568 super
1037 1498 1156 1552 illas
1185 1499 1439 1569 grando;
1486 1508 1687 1556 etcum
1737 1500 1790 1554 in
1843 1500 1976 1556 locis
2003 1515 2135 1554 con—

554 1586 718 1658 tiguis
745 1587 1028 1643 videbatur
1047 1589 1264 1655 cadere,
1297 1589 1430 1645 fines
1467 1604 1654 1645 eorum
1699 1606 1804 1644 non
1853 1591 2139 1660 praesumit

551 1679 838 1751 attingere.

624 1772 866 1845 Denique
893 1789 982 1830 res
1005 1775 1158 1842 istas,
1190 1776 1273 1831 vel
1303 1787 1495 1835 caetera
1526 1793 1645 1848 quae
1692 1778 1844 1831 visus
1868 1790 1950 1834 est
1998 1779 2138 1834 obti-

2237 583 2292 638 in
2321 599 2454 654 gyro
2503 585 2584 638 sui
2617 584 2892 653 dispositis
2937 587 3315 652 abundaverit,
3351 588 3435 640 vel
3474 585 3618 656 quod
3649 590 3823 640 eunti-

2235 674 2339 729 bus
2366 675 2434 730 ad
2460 673 2711 731 basilicas
2757 676 2812 731 in
2843 678 2962 732 vico
2993 680 3164 734 sancti
3208 678 3438 747 Remigii
3477 680 3614 733 sitas
3639 678 3822 748 pervia

2235 767 2421 834 fuerit,
2460 769 2547 823 hic
2591 769 2914 825 benedictus
2956 771 3165 826 Domini
3213 771 3561 827 consuevisse
3592 771 3826 824 traditur

2235 859 2584 922 commorari,
2644 860 2788 928 quod
2848 862 3054 930 apertis
3099 860 3365 917 coenaeuli
3426 861 3508 914 sui
3540 860 3824 925 fenestris,

2236 946 2352 1002 loca
2378 957 2686 1004 sanctorum
2722 950 2866 1006 beati
2902 951 3155 1022 Remigii,
3179 963 3612 1023 czeterormque
3634 951 3825 1006 orandi

2236 1040 2410 1110 gratia
2447 1041 2638 1096 solitus
2663 1040 2840 1097 fuerat
2862 1045 3237 1114 contemplari.

2309 1132 2623 1190 Oratorium
2683 1152 2897 1208 quoque
2951 1153 3112 1207 super
3137 1139 3380 1193 eamdem
3439 1146 3651 1208 portam
3681 1134 3827 1192 *ροη-

2239 1227 2583 1280 struxeratin
2616 1226 2824 1281 honore
2853 1227 3025 1282 sancti
3076 1227 3355 1282 Michaelis
3389 1228 3727 1299 archangeli,
3761 1227 3825 1282 de

2237 1327 2344 1384 quo
2367 1314 2419 1368 in
2448 1314 2755 1385 contiguam
2787 1314 2961 1370 sancti
3009 1314 3150 1371 Petri
3183 1316 3468 1372 ecclesiam
3498 1317 3827 1372 descendere

2238 1421 2443 1461 morem
2493 1406 2696 1461 fecerat
2744 1408 3008 1464 orationis
3061 1424 3268 1464 amore.
3318 1408 3470 1476 Quod
3525 1407 3826 1463 oratorium

2239 1513 2346 1553 non
2377 1511 2550 1567 pauco
2581 1507 2820 1568 tempore
2859 1500 3230 1570 perseveravit
3263 1499 3483 1565 ibidem,
3506 1497 3682 1553 donec
3719 1496 3824 1552 Lu-

2239 1587 2464 1644 dovicus
2496 1589 2792 1659 imperator
2839 1590 2980 1644 idem
3033 1589 3210 1645 sancti
3240 1588 3385 1644 Petri
3438 1588 3825 1644 monasterium

2239 1683 2447 1752 Alpaidi
2477 1681 2598 1738 ﬁliai
2624 1699 2734 1738 suae
2762 1683 2928 1737 dedit.
2964 1683 3129 1754 Cujus
3173 1682 3415 1738 mulieris
3456 1682 3560 1746 vir,
3607 1681 3829 1735 neruine

2241 1772 2409 1843 Begu,
2429 1771 2714 1842 przefatum
2747 1772 2890 1828 dirui
2922 1772 3086 1840 jussit
3108 1774 3406 1828 oratorium
3429 1789 3442 1838 ;
3468 1771 3594 1843 quia
3619 1771 3829 1826 scilicet

551 1865 758 1932 nuisse,
802 1867 953 1922 nullo
996 1868 1282 1923 mundanae
1325 1871 1638 1940 cupiditatis
1693 1871 2003 1943 impetravit
2045 1871 2134 1927 ob-

2247 1862 2472 1932 quadam
2503 1862 2590 1917 die
2621 1872 2784 1932 caput
2824 1862 2876 1916 in
2909 1863 3314 1933 superliminari
3362 1863 3605 1933 ejusdem
3649 1861 3828 1916 ostioli

553 1964 741 2022 tentu;
773 1959 866 2015 sed
888 1958 1132 2014 ecclesia:
1158 1977 1267 2015 suae
1313 1961 1366 2014 in
1393 1963 1604 2017 eunetis
1626 1963 1913 2020 consulens
1943 1964 2138 2019 utilita-

507 2057 522 2069 '
559 2048 719 2113 tibus,
752 2050 896 2104 illam
927 2053 1209 2107 constituit
1239 2053 1530 2109 haeredem.
1555 2054 1742 2111 Plures
1765 2056 1927 2110 etiam
1957 2072 2138 2112 rerum

552 2155 772 2195 suarum
819 2143 1112 2214 participes
1158 2143 1598 2212 fecitecclesias,
1651 2156 1709 2202 ut
1736 2148 1899 2203 variis
1927 2149 2141 2204 charta-

554 2243 675 2285 rum
701 2231 958 2288 docemur
1009 2234 1403 2292 instrumentis.
1455 2237 1566 2293 Sub
1617 2239 1786 2308 ipsius
1827 2240 2139 2310 episcopatu

555 2322 705 2379 dedit
729 2323 847 2378 Ado
873 2325 1091 2394 quidam
1117 2326 1287 2382 abbas
1317 2329 1383 2383 ad
1417 2329 1701 2385 ecclesiam
1733 2341 1932 2386 sancta:
1958 2330 2143 2386 Mariae

551 2411 841 2471 Remensis
875 2431 962 2471 res
983 2432 1107 2472 suas
1128 2417 1260 2474 sitas
1283 2418 1334 2473 in
1368 2435 1504 2491 pago
1536 2419 1898 2488 Laudunensi,
1923 2422 1975 2476 in
1999 2422 2136 2485 vico,

553 2506 645 2578 qui
668 2507 866 2563 dicitttr
889 2506 1161 2563 Rausidus
1192 2507 1262 2580 [c.
1295 2509 1333 2577 ἱ,
1375 2509 1688 2583 Raosidus],
1725 2527 1846 2566 cum
1888 2510 2146 2580 adiacen-

553 2599 646 2654 tiis
673 2613 885 2665 earum,
914 2599 1161 2656 domibus
1184 2601 1412 2674 scilicet,
1436 2602 1666 2669 colonis,
1689 2603 1918 2674 eampis,
1947 2603 2140 2669 vineis,

552 2692 744 2762 pratis,
777 2691 951 2756 silvis,
979 2692 1227 2762 piscinis,
1251 2671 1426 2761 aquis,
1449 2710 1778 2764 aquarumve
1803 2695 2140 2760 decursibus,

554 2783 880 2838 etomnibus
907 2784 1256 2853 appendiciis.
1314 2783 1444 2839 item
1489 2787 1554 2839 ad
1585 2786 1919 2841 matrieulam
1969 2788 2144 2846 sancti

557 2873 791 2945 Remigii
820 2890 906 2931 res
959 2876 1218 2944 quasdam
1266 2876 1320 2930 in
1350 2892 1488 2946 pago
1519 2875 1850 2932 Tardonensi
1875 2917 1894 2941 ,
1923 2877 1978 2934 in
2019 2877 2146 2933 villa

558 2967 892 3025 Corneciaco
918 2968 1261 3024 constitutas.
1294 2968 1529 3023 Diversae
1572 2983 1785 3037 quoque
1820 2983 2064 3039 personae
2089 2970 2145 3024 in

555 3061 693 3116 locis
729 3061 958 3116 diversis
985 3075 1072 3116 res
1105 3075 1234 3115 suas
1285 3075 1382 3128 pro
1412 3060 1715 3114 animarum
1761 3059 1999 3114 remedio
2053 3076 2145 3117 ec-

555 3153 734 3209 clesia:
777 3152 1029 3208 Remensi
1079 3152 1180 3205 sub
1218 3151 1319 3205 hoc
1359 3151 1520 3206 Patre
1573 3151 2145 3208 beatissimotradide-

2238 1951 2483 2023 graviter
2510 1950 2744 2017 eliserit,
2773 1967 2838 2006 eo
2868 1943 3011 2023 quod
3068 1963 3276 2008 Statura
3331 1967 3592 2023 procerus
3647 1950 3829 2016 fuerit,

2237 2050 2294 2098 et
2351 2051 2533 2098 erecto
2570 2041 2709 2096 collo
2762 2042 3139 2108 ambulaverit,
3190 2059 3289 2098 nec
3332 2043 3401 2096 ad
3447 2041 3829 2096 introeundum

2238 2130 2474 2202 seipsum
2524 2131 2929 2202 ltumiliaverit:
2971 2131 3313 2202 praetendens
3349 2131 3494 2200 quod
3534 2129 3829 2184 fenestram

2238 2221 2536 2278 obuuberet
2579 2221 2822 2276 ecclesia:
2845 2237 2954 2291 pra!
2984 2223 3068 2277 sui
3095 2221 3441 2277 celsitudine.
3464 2221 3619 2289 Quod
3653 2231 3830 2276 tamen

2237 2313 2537 2367 oratorium
2566 2320 2626 2365 ιιι
2650 2313 2814 2381 coepit
2835 2291 3030 2377 everti,
3064 2327 3189 2366 mox
3231 2311 3319 2367 ille
3345 2311 3640 2382 corripitur
3668 2326 3700 2364 a
3727 2311 3830 2364 dae-

2241 2395 2434 2466 mone,
2455 2410 2514 2454 ut
2536 2409 2656 2456 erat
2707 2399 2759 2454 in
2791 2415 2928 2470 pago
2965 2399 3334 2463 Laudunensi,
3372 2398 3559 2469 procul
3605 2399 3676 2452 ab
3701 2401 3829 2453 urbe

2242 2491 2520 2547 Remensi.
2571 2489 2741 2546 Porro
2790 2505 2888 2560 per
2946 2490 3106 2561 hujus
3155 2498 3324 2560 portae
3365 2490 3506 2543 viam
3552 2488 3730 2560 pulvis
3779 2495 3833 2541 et

2240 2582 2386 2637 venti
2420 2581 2624 2636 mistim
2654 2581 2987 2646 ferebantur,
3022 2580 3161 2634 unde
3189 2589 3244 2634 et
3270 2577 3504 2633 tenebrte
3535 2578 3658 2633 urbi
3686 2578 3800 2632 vide
3821 2605 3833 2619 -

2241 2675 2439 2730 bantur
2479 2676 2639 2730 illatae
2682 2692 2696 2730 :
2729 2689 2829 2731 nec
2859 2690 2958 2746 per
2992 2675 3238 2730 eamdem
3266 2675 3405 2729 viam
3437 2673 3596 2729 facile
3623 2673 3832 2728 valebat

2242 2766 2529 2836 quisquam
2557 2765 2831 2820 incedere.
2861 2764 2973 2818 Hoc
3017 2774 3198 2818 autem
3228 2765 3524 2818 oratorium
3559 2763 3720 2818 modo
3747 2779 3829 2816 re-

2241 2869 2515 2933 paratum,
2545 2871 2601 2916 et
2629 2861 2683 2914 in
2728 2867 3146 2930 praememorato
3192 2857 3334 2913 beati
3367 2856 3646 2912 Michaelis
3671 2871 3829 2910 vene-

2244 2963 2398 3009 ratur
2424 2953 2630 3008 honore
2661 2951 2990 3007 restitutum.

2313 3044 2579 3102 Praefatus
2629 3045 2811 3113 itaque
2855 3043 3084 3098 Karolus
3139 3051 3198 3096 ut
3256 3041 3622 3112 principatum
3699 3037 3836 3094 bello

2245 3139 2472 3209 adeptus
2493 3145 2598 3202 est,
2635 3137 2779 3192 hunc
2808 3137 2982 3190 virum
3011 3133 3224 3189 Domini
3255 3132 3604 3203 ltigobertum
3649 3139 3830 3200 patro-

556 3251 707 3307 t'unt,
741 3251 798 3296 ut
823 3241 1118 3297 Beroaldus
1161 3241 1310 3315 [ms.,
1339 3242 1656 3316 lleroaldus]
1700 3251 1755 3297 et
1793 3243 2136 3300 Sairebertus
2169 3212 2215 3275 Ο
2247 3249 2374 3286 num
2397 3247 2574 3298 suum,
2597 3231 2712 3302 (illi:
2745 3238 2804 3283 ιιι
2831 3229 3082 3293 "adut".
3117 3242 3241 3280 ουιιὶ
3290 3226 3355 3279 de
3398 3225 3617 3316 1³ηςνο
3649 3229 3837 3316 ﬁn“?

555 3331 613 3388 in
640 3341 822 3388 monte
849 3332 1100 3400 Betelini,
1135 3343 1187 3389 et
1213 3333 1532 3389 Taxovariis
1565 3334 1772 3399 domos,
1804 3349 1958 3399 arva,
1989 3352 2142 3390 man-

556 3423 719 3492 cipia,
752 3423 937 3478 vineas
973 3439 1039 3479 ac
1084 3424 1250 3479 silvas
1295 3442 1310 3478 :
1342 3423 1687 3481 Gairefredus
1707 3433 1761 3480 et
1787 3426 2140 3483 Austreberta

558 3513 614 3567 in
639 3528 774 3584 pago
803 3512 1169 3582 Lamlunensi,
1210 3513 1264 3568 in
1294 3513 1422 3568 villa
1457 3513 1730 3579 Warecio,
1774 3530 1992 3571 mansos
2017 3531 2140 3570 cum

559 3607 726 3661 terris
772 3606 1163 3678 adjacentibus,
1215 3607 1390 3662 vineis
1427 3622 1492 3662 ac
1531 3607 1834 3678 mancipiis.
1873 3605 2026 3662 Abbo
2057 3622 2146 3662 res

561 3712 689 3751 suas
711 3698 844 3752 sitas
890 3698 943 3751 in
974 3712 1112 3769 pago
1149 3697 1428 3764 Porcensi,
1465 3697 1592 3753 villa
1643 3698 1903 3770 Augusta.
1935 3697 2144 3754 Lande-

561 3803 748 3843 marus
795 3789 846 3842 in
880 3787 1248 3854 Camarciaco,
1299 3789 1352 3844 in
1402 3805 1540 3862 pago
1594 3790 1870 3855 Remensi,
1928 3806 2147 3846 mansos

563 3899 687 3938 cum
739 3883 1004 3950 aediliciis,
1071 3884 1380 3955 mancipiis,
1437 3884 1672 3948 ruribus,
1732 3885 1923 3949 vineis,
1973 3885 2147 3951 silvis,

563 3978 761 4048 pratis,
805 3987 860 4030 et
889 3977 1101 4031 caeteris
1156 3975 1494 4045 adjacentiis.
1530 3975 1868 4031 Rodemarus
1906 3989 1996 4031 res
2020 3991 2148 4030 suas

565 4069 699 4123 sitas
727 4068 778 4122 in
810 4069 931 4123 vico
962 4067 1312 4123 Castricensi.
1357 4067 1489 4122 ltem
1521 4067 1906 4122 Austrebertus
1939 4083 2066 4122 suas
2095 4067 2146 4122 in

565 4162 753 4216 eadem
785 4161 931 4215 villa.
974 4159 1212 4226 Quarum
1237 4160 1412 4214 adhuc
1445 4159 1772 4229 exemplaria
1799 4160 2148 4214 traditionum

568 4255 706 4324 apud
731 4269 829 4309 nos
857 4253 1073 4309 condita
1101 4260 1472 4307 reservantur.

1165 4343 1392 4399 CAPUT
1432 4342 1546 4398 XII.

773 4437 850 4491 De
875 4435 1182 4500 expulsione
1214 4435 1377 4504 ipsius
1407 4436 1472 4490 ab
1505 4435 1630 4489 urbe
1657 4432 1919 4488 Remensi.

640 4527 764 4597 (An.
794 4528 920 4593 7l7,
952 4526 1128 4598 Sigeb.
1153 4527 1204 4591 7,
1231 4525 1308 4595 8.)
1330 4526 1460 4581 Orta
1477 4525 2155 4595 deniquesimultateinter

569 4635 750 4693 regem
773 4618 1134 4689 Chilpericum
1152 4625 1206 4673 et
1221 4615 1474 4672 Karolum
1493 4615 1701 4687 praefati
1721 4616 1928 4687 Pippini
1958 4615 2150 4684 lilium,

569 4717 935 4787 majoremque
955 4713 1148 4770 domus
1168 4709 1839 4784 RagemfridumLKarolus
1863 4710 1965 4765 iste
1987 4725 2153 4781 prope

569 4806 760 4860 urbem
791 4806 1059 4859 transiens
1081 4802 1399 4867 Remorum,
1435 4799 1700 4855 clamasse
1725 4799 1900 4854 fertur
1923 4799 1990 4854 ad
2021 4800 2152 4854 bea-

571 4904 686 4950 tum
719 4894 1062 4965 Rigobertum
1089 4908 1248 4962 supra
1295 4901 1506 4960 portam
1546 4891 1779 4946 civitatis
1802 4891 1987 4955 situm~
2017 4897 2075 4942 ut
2102 4889 2150 4943 ei

564 4986 784 5058 juberet
805 4987 1048 5040 eamdem
1095 4995 1303 5054 portam
1339 4984 1557 5055 aperiri,
1590 4992 1857 5053 quatenus
1885 4981 1950 5037 ad
1977 4981 2153 5038 cccle-

574 5080 708 5112 einm
740 5085 948 5112 tantum
1002 5073 1096 5112 nni
1146 5075 1439 5112 Cunilrinic
1495 5086 1708 5112 nrolnm
1756 5083 1935 5112 nnccnl
1985 5073 2150 5112 ultimi,

2243 3332 2582 3395 susceperat,
2612 3325 2924 3393 episcopatu
2963 3318 3290 3383 deturbavit,
3315 3326 3368 3372 et
3396 3315 3611 3380 cuidam
3649 3313 3834 3368 Miloni

2241 3417 2353 3474 sola
2404 3423 2625 3470 tonsura
2671 3413 2888 3477 clerico,
2923 3410 3064 3480 quod
3115 3408 3176 3480 li,
3223 3406 3341 3478 qui]
3380 3420 3561 3461 secum
3606 3419 3830 3474 proces-

2248 3517 2399 3564 serat
2429 3509 2497 3562 ad
2523 3505 2740 3568 bellum,
2775 3503 2922 3558 dedit
2961 3503 3061 3557 hoc
3095 3500 3450 3570 episcopium.
3481 3495 3580 3550 Hic
3606 3494 3845 3550 Karolus

2244 3615 2309 3654 ex
2333 3597 2542 3652 ancillae
2572 3604 2759 3665 stupro
2803 3603 2980 3657 natus,
3026 3600 3081 3645 ut
3117 3591 3170 3646 in
3219 3587 3505 3643 annalibus
3551 3601 3742 3654 regum
3777 3585 3842 3638 de

2245 3708 2312 3749 eo
2340 3691 2553 3762 legitur,
2577 3687 2790 3744 caeteris
2820 3687 2908 3756 qui
2959 3695 3087 3739 ante
3123 3698 3182 3738 se
3222 3681 3443 3735 fuerant
3471 3679 3734 3746 audacior
3758 3692 3841 3730 re-

2247 3785 2420 3857 gibus,
2454 3796 2558 3836 non
2584 3779 2762 3835 solum
2801 3777 2987 3843 istum,
3021 3775 3113 3829 sed
3143 3773 3306 3828 etiam
3337 3770 3471 3824 alios
3494 3769 3841 3837 episcopatus

2248 3877 2397 3948 regni
2421 3874 2754 3929 Francorum
2786 3869 2940 3924 laicis
2978 3866 3288 3922 hominibus
3329 3871 3382 3918 et
3430 3859 3728 3915 comitibus
3753 3858 3843 3910 de-

2250 3967 2361 4033 dit;
2390 3967 2461 4020 ita
2493 3973 2555 4018 ut
2583 3961 2852 4034 episcopis
2890 3957 3024 4015 nihil
3056 3954 3341 4028 potestatis
3391 3952 3445 4007 in
3476 3951 3639 4006 rebus
3669 3949 3843 4003 eccle-

2250 4061 2452 4116 siarum
2479 4055 2840 4125 permitteret.
2878 4050 3074 4104 Verum
3098 4043 3242 4116 quod
3270 4051 3457 4098 contra
3489 4041 3638 4094 hunc
3662 4039 3842 4092 virum

2252 4155 2521 4208 sanctum,
2551 4153 2606 4198 et
2637 4143 2772 4196 alias
2800 4139 3061 4195 ecclesias
3104 4133 3304 4192 Christi
3349 4129 3687 4204 perpetravit
3734 4144 3845 4184 ma-

2253 4238 2389 4301 lum,
2424 4234 2572 4303 justo
2591 4232 2809 4301 judicio.
2829 4231 3085 4286 Dominus
3107 4225 3309 4282 refudit
3333 4223 3386 4278 in
3419 4231 3582 4290 caput
3601 4219 3744 4288 ejus.
3769 4217 3844 4271 De

2255 4344 2362 4399 quo
2398 4326 2614 4380 Patrum
2641 4323 2841 4394 scripta
2869 4321 3132 4376 relatione
3155 4317 3408 4381 traditur,
3431 4313 3575 4384 quod
3607 4321 3839 4366 sanctus

2256 4418 2578 4482 Eucherius,
2631 4414 2786 4486 cujus
2858 4415 2911 4468 in
2965 4410 3292 4467 monasterio
3345 4405 3521 4463 sancti
3573 4402 3848 4458 Trudouis

2255 4510 2540 4566 humatum
2593 4516 2678 4562 est
2732 4521 2948 4576 corpus,
3035 4500 3503 4558 Aurelianensiunt
3572 4495 3846 4566 quondam

2256 4606 2561 4676 episcopus,
2593 4603 2720 4656 dum
2753 4603 2806 4656 in
2858 4601 3109 4658 oratione
3134 4598 3364 4669 positus,
3397 4601 3579 4649 mente
3603 4590 3850 4646 cmlesti-

2256 4699 2358 4753 bus
2388 4697 2713 4760 intenderet,
2737 4694 2807 4749 ad
2860 4693 3086 4748 alteram
3112 4691 3276 4745 vitam
3321 4695 3527 4758 raptus,
3574 4686 3719 4741 inter
3749 4697 3848 4737 ca:-

2256 4796 2372 4843 tera
2396 4803 2515 4857 quae
2548 4786 2778 4841 Domino
2816 4786 2918 4840 sibi
2951 4783 3165 4838 velante
3207 4780 3514 4850 conspexit,
3568 4779 3715 4833 hunc
3742 4775 3848 4831 Ka-

2257 4881 2434 4936 rolum
2458 4881 2511 4934 in
2543 4880 2754 4934 inferno
2779 4876 3024 4932 inferiori
3067 4874 3308 4945 torqueri
3338 4873 3495 4927 vidit.
3526 4870 3623 4926 Cui
3649 4870 3717 4925 de
3746 4869 3850 4922 hoc

2257 4972 2559 5028 sciscitanti
2607 4985 2925 5040 responsum
2974 4975 3056 5022 est
3103 4965 3172 5021 ab
3215 4963 3404 5034 angelo
3451 4963 3677 5016 ductore
3725 4975 3848 5021 suo,

2261 5065 2404 5112 nnml
2426 5071 2735 5112 sanctorum
2774 5059 2998 5112 iudicio.
3035 5057 3124 5112 (tui
3151 5057 3204 5111 in
3234 5055 3415 5109 futuro
3441 5053 3690 5107 examine
3722 5065 3846 5103 cum
