3974 5392
188 265 206 318 I
225 265 282 318 17
755 268 1096 327 IIISTORIAS
1140 272 1488 331 ECCLESI/E
1525 272 1783 330 REMENE

1903 273 2080 329 Limn
2122 273 2479 343 QUATUOR.
2518 306 2587 316 --
2627 275 2753 331 LIB.
2794 244 2856 332 n.

3345 280 3452 335 I18

187 380 312 443 rint,
342 393 470 448 quae
492 379 560 435 de
603 380 693 435 illo
744 381 1035 449 referebat,
1063 402 1189 441 vera
1228 403 1349 442 esse
1381 390 1604 444 scirent.
1638 388 1758 455 Qui-
1794 397 1843 456 Α
1872 389 1938 444 de
1992 388 2321 448 Culmiciaco
2367 391 2434 448 ad
2481 405 2724 448 sanctum
2770 393 2986 449 Petrum
3037 396 3088 450 in
3121 395 3440 453 Gerriiacam

189 486 284 526 nus
305 471 374 526 ad
399 471 707 538 Iocum,-ubi
738 490 935 546 corpus
958 479 1195 548 ejusdem
1225 480 1403 536 Karoli
1441 481 1588 554 (Car.
1618 481 1766 536 Mar-

188 561 317 630 ulli)
381 565 667 633 sepultum.
705 567 897 632 fuerat,
949 573 1308 639 venientibus,
1356 584 1409 629 et
1459 575 1766 645 sepulcrum

188 651 360 721 ipsius
395 655 784 722 aperientibus,
813 659 990 716 subito
1037 663 1183 718 visus
1213 674 1295 718 est
1335 680 1559 734 serpens
1589 683 1770 739 egres-

190 758 320 804 sus;
350 753 408 798 et
427 755 597 800 totum
618 748 744 802 illud
762 750 1066 820 sepulcrum
1096 770 1325 810 vacuum
1350 759 1614 826 reperitur
1644 761 1772 818 inte-

191 837 324 900 rius.
358 838 548 908 sicque
594 840 956 913 denigratum,
995 862 1059 901 ac
1100 848 1143 900 si
1179 847 1368 903 fuisset
1404 849 1637 906 ﬂmnmis
1670 866 1766 906 ex-

188 937 393 982 ustum.
429 930 505 986 De
544 932 766 1001 przefdo
813 936 1042 1006 denique
1093 938 1285 994 Milone
1315 943 1607 997 Zacharias
1638 959 1773 1014 papa

190 1016 495 1084 Romanus.
525 1034 835 1092 przenovato
865 1037 1052 1084 sancto
1087 1029 1365 1086 Bonifacio
1395 1034 1534 1088 inter
1557 1044 1774 1104 cetera,

190 1124 309 1178 qua:
334 1112 405 1164 ad
437 1127 561 1167 eum
595 1117 844 1172 mandata
885 1120 1103 1187 dixerit,
1143 1123 1215 1176 ita
1243 1125 1430 1180 scribit
1455 1127 1778 1196 (ΖΑειιΑιιιΑε

192 1217 270 1268 cp.
305 1201 398 1273 12)
429 1220 442 1256 :
478 1222 498 1255 r
538 1205 613 1262 De
637 1206 830 1263 Milone
856 1222 1057 1280 autem,
1095 1225 1148 1270 et
1179 1214 1442 1284 ejusmodi
1487 1221 1774 1289 similibus,

191 1293 279 1360 qui
309 1294 561 1351 ecclesiis
605 1299 698 1352 Dei
727 1301 1016 1370 plurimum
1049 1319 1265 1374 nocent,
1303 1319 1361 1364 ut
1389 1327 1417 1365 a
1449 1312 1538 1367 tali
1572 1313 1780 1369 nefario

191 1398 356 1452 opere
401 1387 678 1454 recedant,
718 1389 871 1458 juxta
913 1394 1150 1465 Apostoli
1196 1415 1403 1467 vocem,
1452 1415 1776 1474 opportune,

193 1473 556 1544 iuopportune
602 1482 832 1549 prredica
869 1484 956 1554 (11
1006 1487 1138 1544 Tim.
1184 1493 1280 1564 iv).
1327 1494 1382 1548 Si
1411 1473 1782 1566 acqttieverint

193 1565 658 1625 admonitionibus
714 1575 840 1642 tuis,
882 1579 1165 1636 salvahnnt
1218 1585 1426 1640 animas
1476 1565 1644 1654 snas;
1695 1592 1779 1646 sin

194 1668 340 1720 vero,
368 1658 469 1725 ipsi
488 1660 986 1728 peribuntobvoluti
1005 1670 1056 1724 in
1083 1676 1318 1741 peccatis
1340 1678 1485 1741 suis;
1511 1689 1562 1730 tu
1578 1689 1778 1744 autem,

1871 492 2073 537 cortem
2103 481 2296 538 redire.

2470 577 2695 636 CAPUT
2722 579 2852 636 XIII.

2125 661 2200 720 De
2227 666 2493 722 miraculis
2536 671 2589 724 in
2633 672 2735 726 vita
2773 673 2934 740 ipsius
2958 674 3193 727 ostentis.

1943 753 2177 826 Contigit
2207 759 2388 828 itaque
2411 761 2704 829 quondam,
2752 764 2878 815 dum
2925 762 2992 816 ad
3021 772 3268 818 sanctum
3290 764 3445 836 Cyri-

1875 860 1995 900 cum
2039 857 2248 902 oratmn
2315 852 2548 906 venisset
2597 853 2649 905 in
2709 852 3136 921 Culmiciacum,
3204 855 3440 910 locutum

1875 948 1998 992 cum
2041 954 2160 993 eum
2195 953 2474 994 meonomo
2514 941 2799 998 Remensis
2821 942 3065 998 ecclesiae
3098 943 3189 1013 qui
3222 944 3442 998 aderat:

1880 1037 2205 1100 rogatusque
2245 1031 2309 1084 ad
2351 1033 2658 1101 prandium,
2709 1034 2997 1098 recusavit,
3039 1042 3221 1105 utpote
3257 1035 3449 1090 missas

1878 1130 2098 1176 acturus
2119 1121 2184 1175 ad
2210 1133 2455 1176 sanctum
2479 1123 2717 1178 Petrum.
2749 1125 2957 1180 Interea
2981 1125 3178 1180 mulier
3202 1127 3451 1196 quedam

1881 1231 2129 1270 anserem
2159 1217 2342 1272 attulit
2372 1218 2731 1285 vicedomino,
2761 1235 2921 1289 quem
2967 1221 3054 1275 ilie
3080 1220 3316 1277 offerens
3341 1222 3453 1291 cpi-

1881 1325 2062 1379 scopo,
2125 1311 2260 1380 petit
2305 1319 2363 1364 ut
2407 1309 2594 1378 jubeat
2645 1314 2834 1382 recipi,
2891 1327 3182 1382 secumque
3233 1312 3451 1368 deferri.

1883 1400 2053 1467 Quem
2080 1416 2212 1470 puer
2240 1401 2338 1454 viri
2367 1401 2459 1456 Dei
2488 1404 2788 1473 suscipiens
2837 1402 3062 1471 ferebat,
3101 1421 3224 1461 cum
3278 1407 3457 1461 subito

1883 1493 1949 1548 dc
1981 1493 2228 1547 manibus
2279 1493 2394 1563 ejus
2423 1495 2654 1549 evailens
2700 1495 2955 1559 avolavit,
3013 1510 3272 1567 spemque
3310 1512 3458 1550 resu-

1885 1586 2062 1640 mcndi
2123 1601 2291 1656 puero
2343 1586 2589 1640 abstulit.
2642 1588 2709 1639 At
2743 1586 2903 1641 Pater
2956 1597 3178 1643 sanctus
3232 1603 3456 1659 puerqu

1885 1677 2232 1730 vehementer
2277 1677 2557 1731 anxiatum
2599 1677 2965 1746 conspiciens,
2998 1677 3219 1742 blande,
3253 1694 3348 1734 ceu
3377 1681 3460 1732 vir

192 1747 282 1816 qui
333 1762 483 1805 recte
515 1755 796 1821 praedicas,
836 1773 940 1813 non
981 1764 1172 1830 perdes
1208 1768 1506 1822 mercedem
1551 1778 1715 1822 lnam.
1757 1789 1774 1821 ι
1815 1765 1856 1823 Β
1886 1769 2222 1831 mitissimus,
2299 1769 2627 1834 consolatur,
2693 1769 2890 1824 docens
2958 1769 3022 1822 de
3085 1768 3458 1838 temporalium

259 1841 535 1898 Ca-terum
588 1857 808 1904 sanctus
846 1851 1056 1908 Domini
1091 1856 1432 1926 Rignhertus,
1487 1861 1780 1917 Dominicis

194 1937 624 2006 obtemperando
646 1945 951 2013 praeceptis,
997 1947 1193 2014 quibus
1222 1947 1440 2014 jubetur
1469 1952 1569 2006 sth
1605 1969 1784 2022 perse-

196 2030 413 2082 cutione
441 2031 508 2084 de
545 2033 767 2090 civitate
815 2036 865 2090 in
920 2038 1192 2095 civitatem
1223 2039 1430 2111 fugere,
1460 2045 1686 2098 secessit
1729 2046 1782 2100 in

197 2120 546 2178 \‘asconiam.
603 2125 677 2180 lhi
731 2129 1045 2192 exsulando,
1077 2135 1201 2186 dum
1246 2136 1538 2190 multorum
1596 2148 1793 2194 sancto;

198 2210 411 2269 fervore
437 2219 729 2272 memorias
751 2231 1060 2276 sanctorum
1085 2223 1363 2288 lustraret,
1388 2230 1673 2295 quamdam
1706 2231 1786 2284 in-

195 2319 415 2370 gressus
470 2305 772 2374 basilicam,
803 2311 973 2366 donec
1005 2313 1205 2368 insistit
1253 2318 1608 2383 orationibus,
1637 2335 1784 2373 cam-

200 2411 352 2463 pana'
390 2398 678 2467 pulsantur
710 2419 777 2456 ex
825 2420 997 2471 more,
1057 2408 1363 2478 ibidemque
1414 2413 1519 2464 duo
1575 2413 1783 2481 pulsata

197 2488 346 2557 signa
404 2492 640 2545 sonitum
693 2495 896 2549 nullum
963 2501 1304 2568 reperiuntur
1349 2504 1584 2558 dedisse.
1634 2505 1785 2561 Tunc

198 2585 454 2640 sacerdos
475 2596 531 2640 et
558 2588 644 2641 alii
663 2590 1078 2647 circumstantes
1102 2594 1327 2649 sollicite
1357 2607 1783 2665 perserutantur,

202 2679 324 2748 quis
364 2681 460 2742 sit,
490 2690 546 2736 ct
583 2683 725 2736 unde
769 2683 1066 2738 advenerit.
1098 2685 1189 2741 Ille
1236 2702 1292 2740 se
1320 2689 1603 2756 pl‘olitetur
1631 2691 1787 2744 cleri-

205 2786 346 2835 cum,
372 2773 522 2830 ct'iie
551 2773 781 2830 Francia
823 2775 1146 2844 profectum.
1197 2779 1524 2847 Adjicientes
1568 2781 1664 2843 illi,
1696 2798 1787 2836 su-

204 2877 298 2928 per
351 2879 506 2917 novae
585 2867 659 2919 rei
689 2867 1039 2922 sciscitantur
1096 2880 1382 2937 eventum;
1440 2889 1538 2926 cur
1579 2874 1785 2929 scilicet

204 2952 433 3022 impulsa
479 2970 664 3010 eorum
723 2969 982 3014 consuete
1023 2977 1129 3014 non
1189 2974 1443 3018 resonent
1491 2965 1668 3033 signa.
1716 2966 1785 3020 At

206 3044 288 3098 ille
328 3046 436 3097 duo
461 3047 645 3115 panzlil
673 3048 774 3103 sibi
809 3049 876 3103 de
901 3052 1135 3119 quadam
1177 3054 1408 3107 ecclesia
1455 3071 1549 3108 sua
1597 3055 1782 3111 furtim

1883 1859 2175 1912 amissione
2242 1875 2420 1912 rermn
2495 1874 2833 1928 nequaquam
2895 1857 3281 1929 Ilendunyvel
3328 1875 3460 1914 coa-

1885 1949 2256 2013 tristandum;
2317 1949 2560 2019 quinimo
2608 1965 2823 2022 semper
2866 1951 2918 2004 in
2967 1953 3214 2015 Domino,
3237 1951 3327 2021 qui
3371 1951 3463 2004 dut

1887 2042 2122 2094 omnibus
2161 2041 2426 2112 afﬂuenter
2448 2041 2588 2118 (Jac.
2635 2042 2695 2112 ι),
2728 2041 3076 2111 sperandum.
3108 2041 3173 2094 Et
3196 2056 3320 2096 ecce
3342 2050 3464 2111 post

1891 2130 2108 2200 aliquod
2161 2132 2437 2201 spatium,
2483 2132 2598 2186 avis
2653 2131 2794 2186 ultro
2858 2131 3126 2196 revolans,
3170 2132 3238 2185 ad
3265 2139 3462 2191 terram

1887 2238 2069 2276 coram
2135 2232 2322 2276 sancto
2373 2223 2605 2294 praesule
2670 2221 2970 2290 descendit,
3025 2237 3256 2291 eumque
3309 2221 3463 2289 quasi

1887 2313 2106 2382 praedas
2163 2313 2412 2382 prmiens,
2446 2328 2710 2382 nusquam
2737 2329 2766 2366 a
2806 2312 3025 2366 tramite
3065 2312 3265 2375 deviat,
3296 2312 3466 2380 donec

1888 2409 1953 2461 ad
1981 2407 2302 2461 Gcrniacam
2362 2418 2564 2462 cortem
2605 2424 2710 2478 quo
2767 2408 2938 2472 ibant,
2992 2407 3254 2477 pervenit.
3290 2405 3464 2472 Quam

1890 2499 1970 2552 vir
2019 2491 2227 2552 Dinuini
2284 2515 2387 2552 non
2446 2514 2637 2569 passus
2685 2499 2878 2560 occidi,
2931 2497 3182 2568 praevium
3235 2495 3466 2550 habebat

1888 2588 2115 2646 itineris.
2161 2588 2354 2646 Fertur
2390 2590 2534 2643 enim
2582 2594 2706 2646 ante
2729 2603 2787 2644 se
2816 2589 3080 2644 cursitare
3127 2587 3302 2653 solita,
3337 2587 3462 2640 dum

1889 2683 2159 2736 civitatem
2187 2681 2388 2745 axliizal,
2420 2691 2511 2733 aut
2543 2683 2772 2736 redibat.
2830 2681 2999 2750 Ilujus
3051 2682 3192 2735 beati
3222 2678 3467 2766 praesulis

1889 2775 2179 2836 Adrianus,
2237 2774 2382 2827 sedis
2440 2773 2750 2843 apostolica:
2795 2773 3054 2844 pontifex,
3116 2770 3360 2825 meminit
3410 2770 3465 2824 in

1889 2866 2114 2938 cpistola
2137 2882 2230 2921 sua
2266 2863 2500 2938 Tilpino,
2524 2876 2646 2937 post
2675 2867 2928 2937 episcopo
2963 2867 3217 2922 “emensi
3239 2867 3463 2929 directa,

1892 2957 1944 3011 in
1984 2973 2085 3028 qua
2124 2965 2179 3012 et
2219 2957 2612 3026 querimoniam
2657 2957 2785 3012 facit
2821 2973 2982 3027 super
3021 2973 3109 3022 eo,
3141 2957 3386 3012 scribens
3411 2957 3468 3010 in

1891 3052 2035 3106 hunc
2065 3051 2320 3106 modum:
2358 3071 2376 3103 ι
2410 3051 2523 3105 Tua
2567 3050 2878 3105 fraternitas
2906 3049 3062 3104 nobis
3112 3048 3312 3113 retulit,
3339 3048 3475 3118 quia.

205 3135 402 3198 ablata,
430 3137 794 3207 arbitrarique
824 3154 902 3204 se,
939 3156 1005 3194 ne
1032 3140 1170 3196 forte
1196 3140 1406 3198 sintca.
1453 3144 1658 3211 Quibus
1683 3147 1783 3199 sibi
1815 3130 1858 3192 C
1893 3145 2125 3198 faciente
2183 3143 2452 3199 discordia
2511 3144 2653 3198 inter
2714 3143 2969 3205 Francos,
3030 3141 3468 3210 archiepiscopus

204 3230 458 3294 ostensis,
505 3239 562 3282 ut
588 3231 782 3285 asserit
827 3248 923 3286 sua
971 3232 1161 3299 fuisse,
1210 3236 1569 3305 cxperimenti
1611 3240 1786 3308 gratia

207 3328 425 3386 rogatur
473 3320 688 3387 pulsare
735 3320 843 3374 illa.
882 3323 963 3376 Ad
1006 3325 1159 3393 cujus
1210 3326 1497 3394 impulsum
1544 3327 1628 3380 his
1671 3329 1790 3381 alti-

207 3422 334 3461 sone
384 3409 759 3476 reboantibus,
815 3427 942 3466 vera
1004 3415 1206 3469 dixisse
1253 3417 1656 3486 comprobatur.
1710 3418 1786 3472 Ita

208 3500 416 3555 cunctis
449 3517 612 3571 snper
656 3504 1029 3573 hujuscemodi
1080 3506 1224 3562 facto
1273 3511 1639 3578 stupentibus,
1679 3529 1792 3568 sua!

207 3591 300 3645 sibi
360 3593 500 3646 nehe
569 3596 903 3659 redduntur;
965 3607 1021 3652 et
1075 3599 1187 3668 ipse
1254 3609 1360 3654 tam
1425 3602 1788 3659 almiratioue

209 3699 362 3751 quam
410 3687 758 3740 veneratione
791 3688 986 3757 dignus
1010 3688 1256 3754 habetur,
1286 3706 1406 3758 anc
1445 3693 1788 3761 postmodum

211 3773 259 3826 in
283 3773 570 3829 Frauciam
600 3777 804 3844 relatre,
829 3787 884 3832 ct
911 3779 1152 3835 ecclesiae
1173 3780 1450 3836 Gerniaca:
1473 3785 1640 3838 cortis
1667 3795 1791 3839 sunt

210 3867 491 3921 restitutae.

274 3954 474 4012 Fertur
500 3959 642 4014 hunc
672 3961 847 4014 virum
893 3963 988 4018 Dei
1040 3963 1297 4032 prarfatus
1356 3964 1478 4018 Milo
1533 3966 1640 4037 (cui
1677 3969 1789 4038 cpi-

212 4063 426 4120 scopum
490 4050 758 4106 Remense
802 4055 984 4108 datum
1037 4055 1212 4109 fuerat
1247 4073 1273 4110 a
1326 4057 1544 4129 Karolo)
1576 4059 1790 4113 functus

211 4136 476 4205 legatione
511 4143 650 4209 apud
696 4141 970 4198 Vascones
994 4145 1044 4198 in
1095 4147 1195 4200 hac
1229 4147 1443 4217 regione
1482 4149 1789 4217 rrpcriisse,

214 4231 364 4300 eique
396 4242 459 4286 ut
489 4234 542 4287 in
570 4233 859 4291 Franciam
905 4247 1270 4294 reverteretur
1313 4241 1571 4307 suasisse,
1612 4258 1794 4295 suum-

215 4336 307 4390 que
329 4324 433 4378 sibi
487 4326 876 4380 redhibendum
915 4331 1228 4399 episcopum
1277 4334 1648 4401 spopondisse.
1689 4335 1791 4402 Qui

215 4427 488 4482 regressus
563 4419 768 4485 petitur
812 4434 842 4472 a
888 4419 1104 4484 Milone,
1160 4432 1218 4476 ut
1260 4439 1346 4477 res
1413 4439 1549 4493 quas
1609 4426 1784 4480 cccle-

217 4500 425 4570 sizejam
466 4503 831 4575 delegaverat.
867 4508 918 4562 ia
944 4508 1035 4576 jus
1062 4513 1339 4582 proprium
1368 4515 1468 4568 sibi
1519 4517 1787 4582 traderet;

217 4592 346 4657 quod
397 4609 467 4648 eo
507 4595 822 4652 nullatenus
878 4602 1237 4665 assentiente,
1280 4611 1333 4656 et
1387 4603 1583 4658 Milone
1632 4621 1690 4659 se
1726 4607 1790 4660 de

222 4684 598 4750 pollicitatione
632 4701 902 4759 mutante,
933 4695 1104 4750 altare
1162 4705 1370 4751 tantum
1428 4700 1509 4753 vir
1557 4699 1650 4754 Dei
1688 4701 1791 4756 sibi

221 4788 361 4847 rogat
383 4783 604 4836 concedi
631 4793 838 4838 sanctze
888 4785 978 4840 Dei
1009 4788 1290 4858 genitricis
1320 4788 1524 4854 Mariae,
1556 4801 1614 4844 ut
1645 4792 1792 4846 scili-

221 4877 295 4920 cet
319 4869 368 4922 in
392 4886 459 4925 eo
507 4874 703 4928 missas
728 4874 835 4928 sibi
884 4877 1041 4932 liceat
1095 4879 1395 4935 celebrare.
1421 4879 1538 4946 Quo
1567 4881 1785 4937 demum

220 4954 445 5018 obtento.
494 4961 767 5017 habitavit
809 4963 860 5016 in
889 4965 1152 5022 Gerniaca
1193 4976 1348 5024 corte
1393 4978 1635 5040 tempore
1685 4988 1791 5026 non

221 5064 400 5118 pauco,
432 5055 597 5110 vitam
627 5057 680 5110 in
712 5057 1034 5124 humilitate,
1082 5064 1368 5131 parcitate,
1417 5065 1636 5134 vigiliis,
1668 5080 1790 5120 ora-

223 5141 462 5210 tionibus,
514 5155 568 5203 et
621 5147 1003 5220 elecmosynis,
1053 5163 1483 5222 cmterorumque
1524 5157 1790 5212 bonorum

221 5244 426 5299 operum
456 5238 890 5294 exhibitionibus
919 5257 1101 5311 agens.
1150 5243 1425 5311 Morisque
1473 5244 1574 5300 fuit
1601 5247 1674 5311 ei,
1709 5249 1790 5304 ci-

226 5323 423 5384 vitatem
485 5331 790 5386 Remorum
845 5329 1150 5392 frequenter
1192 5335 1449 5392 invisere.
1502 5348 1556 5392 et
1604 5339 1655 5392 in
1696 5354 1790 5392 ara

1889 3235 2190 3299 Remensis,
2241 3236 2455 3290 nomine
2492 3234 2838 3306 Rigobertus,
2867 3250 2896 3288 a
2928 3233 3055 3294 sede
3084 3241 3271 3287 contra
3303 3246 3469 3285 cano-

1890 3343 1986 3384 nes
2017 3327 2258 3397 dejectus
2282 3337 2336 3382 et
2363 3327 2616 3399 expulsus
2661 3326 2780 3390 fuit,
2839 3326 2956 3381 sine
2994 3324 3101 3378 ullo
3128 3324 3376 3388 crimine,
3412 3329 3466 3374 et

1889 3419 2007 3472 sine
2029 3417 2136 3472 ullo
2159 3417 2534 3488 episcoporum
2561 3416 2786 3488 judicio,
2813 3424 2867 3470 et
2889 3417 3006 3471 sine
3027 3414 3135 3470 ullo
3160 3413 3466 3483 apostolicae

1889 3510 2032 3565 sedis
2094 3524 2405 3574 consensu,
2456 3509 2539 3563 vel
2601 3508 3066 3577 interrogatione;
3131 3506 3221 3560 sed
3269 3505 3468 3558 solum-

1891 3601 2048 3654 modo
2070 3601 2212 3670 quod
2229 3609 2384 3654 antea
2411 3617 2529 3654 non.
2545 3599 2819 3655 consensit
2841 3599 2890 3652 in
2909 3607 3062 3667 parte
3081 3595 3183 3666 [ον.
3197 3635 3210 3657 ,
3229 3593 3458 3664 partem]

1892 3691 2058 3756 illius,
2088 3692 2178 3760 qui
2214 3700 2400 3762 postea
2446 3699 2654 3761 partem
2686 3690 2827 3743 illam
2869 3689 2934 3743 de
2962 3687 3052 3741 illo
3088 3701 3251 3755 regno
3284 3687 3337 3740 in
3369 3701 3476 3738 sua

1889 3789 2155 3848 potestate
2178 3781 2405 3848 accepit,
2435 3780 2487 3834 in
2530 3795 2636 3849 qua
2676 3786 2827 3848 parte
2854 3776 3136 3831 Bernensis
3165 3775 3358 3829 civitas
3386 3783 3468 3828 est

1892 3872 1967 3940 (id
1997 3881 2071 3924 est
2109 3873 2163 3925 in
2195 3888 2349 3941 regno
2377 3869 2684 3940 Austratiw)
2715 3879 2768 3923 et
2818 3868 3068 3929 donatus,
3103 3874 3262 3934 atque
3297 3864 3468 3932 magis

1891 3971 2179 4030 usurpatus
2229 3970 2416 4016 contra
2465 3960 2632 4014 Deum
2686 3969 2740 4014 et
2787 3957 2906 4028 ejus
2958 3958 3334 4012 auctoritatem
3366 3953 3466 4008 fuit

1893 4052 1979 4106 ille
2014 4053 2376 4122 episcopatus,
2411 4053 2571 4106 simul
2600 4067 2720 4106 cum
2771 4051 2876 4105 alio
2903 4051 3235 4119 episcopatu,
3269 4055 3324 4101 et
3346 4047 3466 4102 aliis

1891 4145 2152 4210 ecclesiis,
2185 4160 2214 4197 a
2243 4143 2592 4198 smcularibus
2634 4141 2994 4213 potestatibus
3021 4139 3200 4194 Miloni
3227 4138 3466 4200 cuidam,

1892 4237 2003 4292 sola
2051 4245 2269 4290 tonsura
2309 4234 2510 4289 clerico
2543 4235 2675 4288 nihil
2709 4233 2940 4304 sapienti
2971 4232 3038 4286 de
3069 4230 3257 4285 ordine
3289 4227 3467 4284 eccle-

1893 4328 2130 4390 siastico,
2157 4335 2211 4380 et
2239 4325 2328 4379 alii
2350 4325 2690 4396 episc0patus
2732 4324 2796 4378 de
2821 4323 2932 4392 ipsa
2969 4321 3218 4377 Remensi
3246 4317 3466 4374 dicecesi

1896 4419 2107 4474 diverso
2138 4417 2294 4471 modo
2324 4424 2506 4472 essent
2532 4414 2710 4480 divisi,
2732 4423 2787 4468 ct
2817 4413 2980 4482 aliqui
3011 4429 3075 4468 ex
3101 4426 3293 4480 magna
3317 4418 3469 4479 parte

1897 4509 2014 4563 sine
2037 4508 2300 4576 episc0pis
2331 4506 2710 4568 consistentes,
2751 4512 2806 4558 et
2834 4503 2900 4556 ad
2941 4501 3074 4555 alios
3102 4498 3470 4568 metropolita—

1900 4617 1996 4656 nos
2023 4599 2259 4670 episcopi
2289 4607 2343 4653 et
2373 4597 2554 4652 clerici
2601 4594 2967 4650 ordinationes
3001 4591 3287 4660 aliquando
3321 4587 3466 4641 acci-

1897 4695 2106 4764 pientes
2153 4699 2330 4755 erant,
2372 4700 2427 4743 et
2482 4687 2685 4757 refugia
2738 4683 2970 4740 indebita
3021 4682 3314 4746 habebant,
3345 4686 3398 4732 et
3436 4693 3467 4729 a

1899 4784 2013 4838 suis
2037 4782 2305 4852 episcopis
2341 4779 2569 4834 indicari
2600 4788 2654 4832 et
2689 4774 2936 4844 distringi
2979 4789 3084 4828 non
3113 4769 3469 4847 sustinebant,

1896 4886 1951 4930 et
1973 4861 2178 4938 clerici,
2221 4883 2276 4928 et
2325 4874 2655 4934 sacerdotes,
2688 4877 2743 4923 et
2774 4867 3052 4932 monachi,
3098 4874 3151 4921 et
3177 4862 3473 4923 sanctimo-

1901 4969 2071 5022 uiales
2094 4968 2212 5022 sine
2239 4967 2353 5038 lege
2378 4964 2749 5023 ecclesiastica
2789 4975 2885 5046 pro
2924 4959 3203 5016 voluntate
3228 4965 3281 5012 et
3309 4955 3474 5028 licen:

1900 5057 1970 5111 tia
2001 5057 2274 5124 vivebant,
2307 5077 2322 5108 ι
2351 5065 2459 5110 etc.

2500 5143 2724 5205 CAPUT
2755 5137 2892 5198 XIV.

2273 5242 2347 5295 De
2371 5239 2513 5294 obitu
2545 5252 2588 5296 et
2626 5233 3098 5308 sepulturaiipsius.

1974 5330 2073 5385 llic
2117 5331 2348 5392 diniuuc
2399 5329 2591 5390 beatus
2640 5324 2837 5392 pnesnl
2897 5321 3218 5390 Rigobertus
3268 5312 3478 5367 actibus
