3974 5392
504 351 600 408 119

1560 335 1946 392 FLODOARDI
1984 334 2301 393 CANONICI
2340 339 2685 397 REMENSIS

3654 338 3757 395 120

497 467 712 526 dotibus
743 464 793 519 in
815 455 1036 533 prmfata
1080 453 1225 518 villa,
1278 450 1333 506 in
1363 464 1468 521 qua
1508 449 1709 505 morari
1760 443 2071 533 sole‘ba_t,lia
2100 453 2148 511 Α
2178 450 2318 504 beati
2346 449 2526 511 fuerat
2558 452 2779 509 nomine
2802 450 3099 522 Rigoberti,
3150 448 3346 503 mulier
3391 446 3445 504 id
3497 457 3760 518 reputans

498 556 726 614 ecclesia
779 524 950 607 sancti
983 545 1153 609 Petri,
1178 543 1243 597 ad
1279 538 1571 595 australem
1621 524 2068 608 plagam'alt'aris.

498 651 609 718 Qui
645 645 830 702 multis
879 641 967 696 hic
1014 644 1138 709 post
1184 642 1427 690 Sanctam
1478 630 1870 700 depositionem
1920 636 2073 679 suam

499 716 775 811 refulgens
801 730 1102 795 miraculis,
1147 725 1335 797 quanti
1367 723 1437 778 sit
1476 721 1616 791 apud
1670 717 1837 773 Deum
1869 716 2071 781 meriti,

508 841 755 907 patenter
779 826 1009 883 innotuit
1033 841 1047 890 ;
1071 838 1190 893 quzc
1216 831 1393 875 tamen
1417 818 1552 887 mira
1580 818 1650 870 ob
1675 814 1960 879 incuriam,
1991 811 2073 867 vel

501 902 823 995 scriptorum
856 917 1156 979 raritatem,
1200 927 1303 966 non
1332 903 1481 964 fuere
1511 907 1803 975 descripta.
2040 902 2045 905 ’

578 993 620 1071 Τ
629 1030 712 1070 res
737 1009 1002 1080 siquidem
1033 1003 1208 1060 claudi
1242 1000 1310 1055 ab
1341 998 1529 1054 incolis
1550 995 1787 1065 ejusdem
1825 993 1925 1049 loci
1964 1005 2076 1047 me-

500 1115 783 1167 morantur
806 1099 935 1157 iuibi
959 1098 1126 1151 fuisse
1155 1093 1347 1149 curati.
1375 1089 1540 1159 Cujus
1565 1087 1845 1144 redhibitae
1871 1085 2075 1141 sanita-

505 1205 573 1257 tis
591 1197 788 1255 indicia
812 1191 991 1249 bacilli
1012 1187 1259 1244 videlicet
1283 1200 1347 1239 ac
1363 1181 1615 1246 scabella,
1637 1182 1687 1233 in
1704 1180 1889 1234 eadem
1906 1176 2078 1232 eccle-

508 1298 587 1350 sia
616 1292 707 1347 diu
729 1296 854 1346 sunt
877 1292 1170 1346 reservata,
1202 1280 1374 1334 donec
1405 1275 1601 1331 exinde
1628 1274 1785 1328 beata
1809 1272 1925 1341 ejus
1951 1275 2080 1325 sunt

501 1384 728 1457 pignora
786 1374 1070 1430 translata.
1122 1369 1377 1435 Quaedam
1433 1378 1645 1434 quoque
1722 1361 1915 1415 mulier
1976 1374 2079 1413 cae-

504 1450 591 1535 ca,
639 1466 856 1523 nomine
894 1461 1129 1516 Ansildis
1166 1458 1229 1530 [5,
1283 1453 1572 1525 Ausisdisj,
1631 1453 1799 1522 ipsius
1843 1450 1944 1506 loci
1985 1450 2080 1504 ba-

496 1559 759 1623 bitatrix,
813 1554 886 1609 ibi
934 1552 1223 1624 pristinum
1286 1547 1494 1602 meritis
1534 1543 1692 1612 hujus
1734 1536 2080 1613 patrocinano

509 1653 650 1706 tibus
676 1648 854 1701 lumen
880 1641 1083 1712 recepit
1132 1638 1430 1694 oculorum.
1479 1635 1622 1690 Puer
1651 1633 1889 1703 quidem,
1922 1632 2080 1687 scho-

506 1740 710 1796 laribus
730 1735 869 1806 apud
888 1733 988 1787 loci
1010 1729 1382 1801 presbyterum
1408 1726 1600 1780 studiis
1625 1725 1859 1789 deditus,
1877 1722 2076 1777 lascive

507 1831 778 1904 quondam
826 1825 1061 1882 ludEndo
1114 1837 1276 1892 supra
1332 1818 1596 1873 tumulqu
1662 1816 1779 1886 ejus
1826 1813 2081 1869 subsilire

503 1903 689 1992 coepit,
722 1933 828 1973 non
855 1916 991 1970 dans
1022 1914 1281 1967 honorem
1327 1909 1461 1973 Deo,
1493 1921 1668 1976 neque
1697 1914 1886 1960 sancto
1912 1903 2083 1973 ipsius

499 2011 699 2067 ibidem
729 2006 956 2077 sepulto.
989 2002 1096 2057 Sed
1120 2011 1177 2054 ut
1206 1998 1397 2068 sepulti
1429 1996 1681 2051 meritum
1722 1994 2069 2065 panderetur,

500 2109 555 2155 et
604 2094 915 2167 huiusmodi
982 2088 1329 2162 praesumptio
1383 2087 1751 2147 cohiberetur,
1819 2081 2079 2138 continuo

499 2207 599 2262 pes
620 2189 762 2245 illius
782 2184 1007 2242 indoluit
1032 2199 1047 2248 ;
1074 2193 1305 2248 moxque
1326 2177 1548 2231 claudus
1576 2175 1821 2237 effectus,
1843 2171 2078 2226 cilicium

500 2280 654 2352 pedis
681 2279 840 2333 unius
868 2273 1068 2330 amisit.
1101 2270 1220 2338 Quo
1266 2274 1568 2337 comperto,
1624 2264 1912 2335 presbyter
1950 2276 2078 2316 can-

501 2351 669 2427 cellos
696 2367 828 2423 iuibi
876 2366 1020 2420 circa
1073 2360 1334 2423 tumbam,
1379 2372 1446 2413 ne
1471 2356 1593 2425 quis
1649 2356 1871 2424 ignarus
1900 2351 2080 2407 simile

501 2466 630 2538 quid
680 2471 978 2536 pateretur,
1024 2457 1137 2513 fieri
1165 2453 1497 2526 procuravit.
1529 2450 1586 2505 lu
1616 2451 1803 2504 eadem
1850 2445 2075 2502 basilica

500 2537 663 2611 voces
698 2562 860 2608 tantae
885 2547 1184 2606 dulcedinis
1216 2553 1339 2616 post
1380 2543 1497 2613 ejus
1524 2539 1856 2610 sepulturam
1880 2537 2080 2607 srepius

503 2647 699 2702 auditae
730 2650 1040 2706 narrantur,
1090 2646 1150 2693 ut
1188 2635 1402 2695 nonnisi
1435 2632 1693 2703 angelica!
1721 2629 2078 2699 comproben-

506 2747 614 2792 tur.
658 2736 774 2789 Lux
810 2747 1024 2803 quoque
1066 2739 1230 2784 tanta:
1267 2725 1531 2780 claritatis
1570 2722 1765 2778 mediis
1803 2720 1933 2775 inibi
1988 2735 2078 2775 no-

502 2828 680 2883 ctibus
712 2822 957 2885 emicuit,
994 2829 1053 2874 ut
1083 2820 1215 2874 solis
1242 2816 1504 2888 fulgorem
1559 2813 1753 2868 vicisse
1778 2811 2077 2877 videretur,

502 2935 623 2990 (pne
662 2929 855 2987 magno
884 2913 1051 2969 etiam
1075 2911 1349 2981 quondam
1374 2908 1590 2978 jubare,
1624 2903 1923 2960 sacerdotis
1952 2919 2079 2958 con-

502 3012 705 3080 tiguam
737 3003 1040 3077 penetravit
1068 3000 1371 3056 aediculam.
1401 2999 1521 3066 Quo
1569 2997 1689 3053 viso
1710 3003 1893 3050 tantus
1917 2994 2078 3049 timor

503 3100 704 3155 invasit
762 3096 1158 3167 presbyterum,
1188 3099 1248 3146 ut
1276 3090 1472 3147 abinde
1514 3086 1778 3156 majorum
1811 3084 1935 3139 huic
1958 3083 2076 3139 loco

506 3188 863 3245 reverentiam
886 3182 1151 3247 exhibuit,
1174 3197 1337 3252 quam
1364 3189 1521 3235 antea
1555 3177 1746 3234 solitus
1779 3175 1966 3230 fuerit.
2000 3175 2082 3230 Ad

508 3281 612 3334 hoc
633 3277 732 3332 viri
764 3276 859 3330 Dei
903 3274 1217 3345 sepulcrum
1270 3271 1499 3327 diversis
1545 3269 1614 3324 ab
1671 3266 2085 3338 argritudinibus

511 3369 666 3425 multi
689 3374 952 3422 curantur
982 3364 1203 3420 infirmi.
1234 3360 1545 3434 Frigoritici
1576 3360 1800 3429 quidam
1830 3373 1954 3412 cum
1980 3355 2087 3411 fide

508 3462 809 3527 venientes,
832 3457 1112 3513 candelam
1136 3457 1189 3510 in
1213 3456 1352 3510 votis
1373 3436 1626 3516 oﬂerunt,
1642 3460 1696 3505 et
1714 3451 1967 3504 abrasum
2001 3462 2088 3503 se-

520 3554 691 3627 pulcri
715 3552 990 3625 pulverem
1016 3555 1256 3610 sumunt,
1279 3561 1441 3618 quem
1468 3559 1625 3615 aqua:
1649 3543 1866 3598 mistum
1894 3541 2089 3595 bibunt

510 3654 567 3700 et
611 3644 897 3720 sanitatem
970 3639 1129 3708 hujus
1197 3638 1368 3707 sancti
1426 3636 1633 3692 meritis
1698 3634 2086 3704 adipiscuntur.

516 3734 770 3790 Dentium
797 3745 927 3787 vero
949 3730 1222 3784 doloribus
1260 3727 1482 3783 cruciati
1542 3726 1685 3781 lnmc
1729 3724 1909 3778 debita
1965 3736 2088 3777 cum

512 3823 864 3882 veneratione
915 3819 1176 3878 tumulum
1229 3818 1646 3886 deosculantur,
1683 3826 1740 3874 et
1787 3817 1862 3872 ita
1911 3815 2090 3872 curari

514 3926 814 3973 merentur.

1118 4003 1345 4063 CAPUT
1382 4004 1498 4062 XV.

828 4098 903 4151 De
941 4094 1282 4150 translatione
1305 4095 1535 4164 corporis
1556 4093 1809 4162 ejusdem.

587 4192 775 4260 Itaque
803 4190 928 4245 dum
959 4190 1011 4241 in
1043 4187 1146 4241 hoc
1175 4186 1294 4240 loco
1322 4186 1410 4239 hic
1447 4185 1680 4256 inclytus
1706 4183 1917 4239 Domini
1958 4198 2094 4238 con-

519 4282 695 4337 fessor
712 4279 961 4351 pluribus
986 4275 1312 4331 clarificatus
1356 4274 1524 4342 signis
1551 4274 1835 4338 reniteret,
1868 4273 2103 4326 domnus

522 4372 719 4443 praesul
756 4368 1037 4423 Remensis
1062 4366 1387 4421 Hincmarus
1417 4366 1544 4419 hinc
1565 4380 1685 4419 eum
1717 4363 2012 4427 transtulit,
2044 4371 2100 4418 et

518 4465 585 4520 ad
616 4462 921 4519 cmuobium
968 4457 1143 4513 sancti
1196 4455 1517 4512 Theoderici
1570 4455 1780 4520 detulit,
1845 4469 1909 4508 ac
1940 4468 2098 4509 secus

2176 538 2289 594 Deo
2314 539 2590 611 placitum,
2621 542 2795 597 eidem
2827 550 3014 597 sancto
3038 540 3159 594 fieri
3190 549 3375 595 votum
3411 553 3570 597 suum
3586 539 3761 595 [insti-

2178 631 2294 686 tuit.
2345 631 2611 695 Continuo
2668 632 2829 687 aliam
2884 634 3192 687 instaurans
3244 628 3550 694 candelam,
3598 629 3762 700 hujus

2176 723 2299 779 almi
2320 725 2416 785 viri
2432 725 2688 779 duntaxat
2709 725 3036 779 venerationi
3062 723 3317 785 dicatam,
3338 723 3673 793 veniensque
3694 723 3762 778 ad

2176 819 2351 874 locum
2371 816 3128 889 designatum,munuseulum
3144 814 3337 869 obtulit
3356 830 3373 878 ;
3390 823 3446 868 et
3465 822 3597 869 ante
3616 828 3767 883 qua:-

2176 911 2278 964 sita
2297 911 2467 965 sancti
2494 909 2584 964 Dei
2605 910 2828 979 pignora
2850 917 2972 978 post
2992 906 3292 962 orationem
3306 904 3584 969 dormivit,
3599 903 3767 975 evigi-

2177 1004 2401 1073 lausque
2417 1002 2777 1057 desideratam
2805 1015 2863 1054 se
2878 999 3191 1067 sospitatem
3208 996 3475 1067 recepisse
3488 993 3759 1064 probavit.

2250 1101 2376 1155 Post
2414 1113 2585 1153 annos
2617 1110 2806 1150 novem
2848 1091 3007 1160 hujus
3039 1091 3183 1146 beati
3226 1088 3473 1159 prmsulis
3498 1100 3623 1143 ossa
3657 1086 3767 1141 Be-

2179 1207 2387 1248 morum
2420 1189 2763 1258 perferuntur
2801 1185 2856 1239 iu
2894 1183 3109 1246 urbem,
3143 1189 3201 1235 et
3239 1181 3293 1234 in
3332 1179 3555 1235 basilica
3585 1178 3764 1235 sancti

2180 1284 2417 1357 Dionysii
2452 1284 2657 1337 honore
2697 1279 2874 1333 dicata
2922 1277 3194 1339 locantur,
3232 1272 3324 1328 ubi
3369 1270 3764 1326 canonicorum

2179 1375 2454 1447 sepultura
2506 1371 2851 1456 [tcinetisium
2904 1377 3030 1422 tunc
3076 1362 3396 1420 habebatur.
3450 1360 3586 1415 Erat
3637 1366 3766 1414 tunc

2181 1468 2426 1541 quaedam
2450 1451 2642 1519 mulier
2665 1476 2828 1523 caeca,
2855 1460 2907 1513 in
2932 1457 3054 1511 villa
3099 1469 3260 1527 quam
3291 1461 3488 1509 vocant
3510 1451 3766 1506 Alaman-

2181 1573 2373 1616 norum
2404 1562 2610 1610 cortem
2641 1545 3038 1623 [Aumencourt]
3057 1588 3073 1613 ,
3111 1559 3233 1614 qua:
3258 1542 3533 1598 dormiens
3555 1535 3766 1591 audivit

2183 1652 2236 1708 in
2261 1648 2469 1705 somnis
2498 1658 2681 1701 vocem
2711 1642 2977 1697 dicentem
3011 1637 3110 1693 sibi
3138 1655 3150 1690 :
3180 1634 3319 1702 Quid
3348 1633 3438 1686 hic
3464 1628 3639 1684 facis?
3667 1639 3767 1681 cur

2179 1744 2366 1817 iaces?
2393 1739 2640 1797 Crastina
2668 1736 2757 1791 die
2792 1731 3030 1805 pontifex
3068 1729 3390 1784 Hincmarus
3417 1732 3475 1778 et
3510 1717 3764 1776 canonici

2109 1797 2162 1891 ’ξ
2179 1797 2481 1895 licmenses
2528 1797 3147 1886 sanctum-transferent
3191 1816 3563 1887 Rigobertum.
3612 1808 3767 1863 Vade

2181 1930 2249 1984 ad
2285 1926 2456 1988 illum,
2483 1931 2538 1978 et
2575 1920 2664 1975 ille
2705 1927 2755 1973 te
2792 1913 3080 1984 adjuvabit.
3121 1911 3193 1965 At
3230 1908 3320 1962 illa
3350 1902 3587 1960 diluculo
3627 1914 3760 1954 con-

2181 2031 2411 2087 surgens
2438 2008 2782 2068 acceleravit,
2814 2002 3094 2058 candelam
3136 2011 3319 2053 secum
3360 1992 3632 2053 deferens,
3665 1988 3773 2042 ad-

2178 2077 2385 2164 venire.
2419 2102 2548 2169 Qua:
2576 2113 2704 2152 mox
2726 2095 2792 2151 ad
2818 2093 3049 2148 loculum
3074 2088 3218 2145 beati
3242 2083 3482 2156 pignoris
3508 2077 3764 2141 accessit,

2178 2201 2360 2255 lumen
2383 2195 2511 2251 olim
2541 2191 2800 2246 amissum
2841 2186 3081 2254 recipere
3110 2180 3322 2235 meruit.
3357 2173 3567 2231 Surdus
3594 2171 3763 2227 etiam

2180 2290 2400 2361 quidam
2428 2278 2801 2339 translationis
2829 2275 2987 2344 hujus
3018 2286 3170 2342 a‘que
3196 2270 3283 2324 die
3317 2266 3560 2326 veniens,
3592 2271 3655 2317 ut
3680 2259 3762 2315 lo—

2180 2356 2375 2438 cellam
2408 2374 2547 2432 sacri
2578 2371 2821 2440 corporis
2847 2365 3084 2435 bajulum
3132 2359 3332 2428 tetigit,
3379 2356 3622 2429 auditum
3652 2358 3764 2405 sta-

2180 2472 2277 2528 tim
2310 2464 2535 2534 recepit,
2564 2460 2656 2531 qui
2676 2438 2775 2514 tali
2807 2468 3021 2527 quoque
3045 2450 3201 2506 modo
3225 2462 3283 2504 se
3309 2443 3491 2500 retulit
3527 2438 3765 2497 accersi-

2180 2571 2315 2619 tum.
2345 2557 2518 2614 Noctu
2545 2550 2811 2624 siquidem
2845 2551 2896 2602 in
2929 2542 3225 2603 diversorio
3250 2539 3620 2608 quiescentem
3638 2546 3770 2600 .per—

2178 2670 2309 2712 sona
2341 2649 2587 2722 quadam
2613 2622 2906 2713 incognita
2954 2636 3144 2692 leviter
3189 2632 3250 2704 li,
3278 2626 3494 2698 leuiter]
3535 2626 3684 2679 lmnc
3712 2622 3767 2675 in

2180 2715 2374 2800 latere-
2396 2735 2667 2811 percussit
2692 2743 2747 2788 et
2773 2728 3053 2791 excitavit,
3089 2724 3494 2790 excitatumque
3528 2715 3767 2770 vocavit.

2181 2833 2365 2889 Sensit
2397 2829 2484 2883 ille
2509 2832 2842 2895 tangentem,
2870 2820 2961 2875 sed
2992 2832 3098 2897 non
3154 2812 3380 2876 audivit,
3412 2815 3601 2878 utpote
3656 2819 3770 2860 sur.

2181 2924 2305 2987 dus,
2338 2926 2643 2974 vocantem.
2674 2895 3182 2967 Audierunttamen
3214 2902 3303 2975 qui
3326 2915 3508 2956 secum
3540 2895 3769 2950 aderant

2182 3015 2237 3070 in
2269 3014 2431 3068 domo
2457 3022 2644 3064 vocem
2665 3006 2733 3059 ad
2762 3010 3007 3057 sanctum
3042 2998 3389 3066 Rigooertum
3422 2989 3503 3043 ire
3532 2994 3770 3058 quanto-

2186 3104 2303 3160 cius
2329 3115 2450 3157 eum
2477 3098 2875 3154 admonentem,
2909 3089 3034 3142 licet
3061 3082 3296 3139 viderint
3327 3079 3623 3135 nemiuem.
3666 3073 3769 3141 Qui

2187 3192 2470 3253 confestim
2499 3188 2655 3251 abiit,
2684 3195 2739 3239 et
2767 3182 2992 3238 salutem
3023 3177 3110 3232 diu
3146 3173 3506 3230 desideratam
3538 3166 3769 3222 invenit.

2256 3285 2428 3355 Hujus
2452 3279 2597 3336 beati
2647 3275 2828 3331 Patris
2857 3271 3097 3327 membra
3125 3264 3453 3325 veneranda,
3508 3259 3771 3330 quoniam

2186 3349 2416 3435 ecclesia
2447 3375 2747 3443 praenotata
2777 3350 3100 3419 necessitate
3125 3354 3261 3411 muri
3293 3352 3551 3415 civitatis,
3584 3351 3656 3405 ob
3686 3349 3771 3402 in-

2189 3466 2528 3524 festationem
2583 3470 2917 3532 paganorum
2970 3447 3341 3510 construendi,
3396 3444 3773 3504 evertebatur,

2187 3561 2353 3617 Fulco
2381 3554 2575 3628 praesul
2627 3551 2746 3606 urbi
2774 3546 3113 3619 postmodum
3176 3539 3376 3605 intulit,
3406 3546 3461 3592 et
3511 3537 3565 3590 in
3596 3535 3776 3589 medio

2190 3626 2432 3708 ecclesia:
2486 3645 2660 3700 beata:
2699 3640 2793 3696 Dei
2842 3636 3115 3708 genitricis
3176 3631 3357 3685 Mariae
3415 3637 3538 3698 post
3600 3626 3777 3679 altare

2191 3749 2395 3799 sancta:
2432 3734 2611 3792 crucis
2636 3730 2951 3793 collocavit;
3004 3727 3091 3779 ubi
3118 3722 3299 3795 plures
3328 3721 3489 3776 etiam
3514 3732 3637 3774 Cll?"
3674 3717 3778 3770 fide

2193 3829 2515 3887 accedentes
2565 3830 2802 3893 optatam
2859 3829 3107 3887 reperere
3182 3810 3466 3867 medelam.
3520 3806 3618 3861 llis
3664 3804 3782 3860 fere

2194 3920 2390 3976 diebus
2410 3913 2711 3971 monachus
2736 3909 2952 3977 quidam
2982 3902 3214 3960 ccenobii
3258 3898 3555 3955 beatissimi
3586 3894 3779 3949 Remi-

2195 4011 2290 4083 gii,
2324 4007 2539 4063 nomine
2566 3998 2907 4072 Sigloardus,
2939 3993 3269 4049 validissima
3296 3989 3445 4044 febre
3468 3994 3781 4055 correptus,

2196 4078 2373 4171 impos
2423 4107 2638 4167 quoque
2697 4088 2895 4144 mentis
2953 4085 3090 4140 efliei
3148 4081 3449 4138 videbatur.
3507 4078 3785 4146 Quidum

2198 4191 2431 4261 quadam
2463 4192 2621 4238 nocte
2663 4181 2903 4235 cubitant
2955 4174 3307 4246 perrexisset,
3360 4171 3667 4224 incmuatus
3699 4178 3784 4222 Ia-
3828 4198 3835 4207 -

2199 4259 2344 4344 men,
2360 4276 2706 4345 etquiescere
2724 4270 3032 4324 nullatenus
3046 4266 3337 4326 sineretur,
3366 4268 3607 4314 arctatus
3620 4259 3787 4314 undi-

2200 4383 2328 4441 que,
2352 4367 2567 4420 beatum
2593 4359 2941 4431 Rigobertnm
2960 4355 3212 4410 auxilium
3236 4351 3338 4407 sibi
3362 4348 3505 4405 ferre
3518 4348 3790 4412 clamans,

2206 4464 2442 4524 invocat,
2484 4465 2538 4511 et
2566 4462 2804 4524 Optatam
2836 4450 3080 4521 protinus
3106 4446 3387 4500 sanitatem
3420 4451 3732 4511 recuperat.

518 4555 690 4626 ipsius
714 4552 856 4609 beati
884 4551 987 4605 viri
1014 4549 1253 4603 tumbam
1306 4546 1504 4617 posuit.
1545 4544 1646 4601 Ubi
1698 4546 1824 4599 dum
1873 4545 2095 4614 aliquod
2126 4520 2176 4579 D
2272 4520 2436 4606 Ριίεῑ⁷
2485 4520 2816 4615 aliquantum
2903 4539 3159 4609 temporis
3231 4534 3552 4591 deferuntur
3629 4534 3794 4604 hujus

520 4648 678 4702 anuis
709 4652 1023 4706 veneratur,
1067 4641 1218 4712 plura
1260 4655 1357 4711 per
1377 4655 1499 4696 euzn
1548 4638 1805 4693 Dominus
1844 4638 1977 4693 mira
2007 4655 2100 4708 pa-
2204 4642 2376 4696 sancti
2445 4638 2547 4691 viri
2602 4636 2825 4706 pignora
2894 4633 2946 4685 in
3019 4643 3215 4700 pagum
3288 4625 3794 4689 Veromandeusem

528 4751 673 4795 trare
706 4740 955 4809 dignatus
999 4744 1102 4792 est.
1137 4734 1281 4788 Multi
1328 4732 1593 4802 siquidem
1623 4730 1865 4786 febribus
1898 4734 2097 4797 vexati,
2205 4732 2271 4786 ad
2347 4729 2526 4783 villam
2602 4720 2920 4779 Nemincum'
2949 4759 2967 4785 ,
3043 4733 3205 4788 quam
3261 4714 3549 4770 Odalricus
3608 4729 3798 4768 comes

522 4829 608 4883 vel
639 4827 823 4885 dolore
847 4822 1331 4892 dentiumfatigati,
1362 4819 1478 4889 ejus
1500 4820 1587 4875 hic
1607 4834 1821 4889 quoque
1844 4835 1966 4875 cum
1999 4821 2101 4875 fide
2205 4826 2446 4882 ecclesia;
2503 4820 2757 4877 Remensi
2829 4827 2960 4872 tunc
3022 4811 3280 4884 temporis
3334 4808 3686 4869 contulerat,
3745 4813 3800 4860 ει

524 4926 768 4989 petentes
794 4916 1074 4979 auxilium,
1102 4914 1339 4967 divinum
1375 4911 1542 4981 gavisi
1574 4919 1699 4965 sunt
1724 4910 1899 4980 adepti
1933 4926 2104 4965 reme-
2210 4919 2377 4974 Fulco
2459 4915 2655 4987 praesul
2731 4911 3116 4968 canonicorum
3211 4903 3379 4960 victui
3479 4902 3799 4971 depularat,

522 5014 669 5048 ιιῑιτηι
728 5011 799 5056 Et
846 5010 1041 5056 ﬂlllhlls
1075 5006 1270 5056 mulier
1293 5004 1561 5056 auzedam.
1593 5004 1808 5056 nomine
1832 5003 2100 5056 Andinaa.
2212 5009 2300 5056 ubi
2394 5005 2611 5056 quidam
2696 4999 3070 5056 commanebat
3181 4997 3234 5050 in
3336 4993 3588 5056 proximo
3668 5009 3797 5056 pre—
