3974 5392
168 270 276 337 Tit

757 272 1102 328 HISTORSAS
1143 272 1495 327 ECCLESUE
1539 273 1883 330 BEMENSIS
1922 277 2103 334 LIBRI
2143 281 2496 349 QUATUOB.
2530 274 2591 328 H-
2644 289 2769 345 LIB.
2811 275 2879 345 ll:

3355 291 3455 347 1:22

178 397 288 452 lum
333 389 606 461 pervenit,
657 387 924 443 medicum
975 385 1250 441 cmlestem
1298 384 1401 440 sibi
1444 386 1657 448 adesse,
1692 401 1778 439 rc-

1908 390 2110 449 tifacius
2144 399 2580 473 archiepiscopus
2618 412 2673 460 et
2713 405 2922 476 legatus
2961 413 3160 462 sanctte
3201 405 3458 459 Romana:

184 492 337 554 cepta
380 479 644 543 sanitate,
681 477 881 533 sentire
927 475 1250 546 promeruit.
1300 474 1366 529 Et
1398 472 1679 528 confestim
1709 472 1778 528 ad

188 574 363 628 locum
391 566 537 625 sacri
581 567 923 624 medicatur-is
960 567 1233 636 profectus
1271 573 1375 629 est,
1412 573 1687 632 totumque
1718 578 1778 618 sc

189 667 239 720 in
265 662 528 733 lacrymis
555 670 679 716 ante
703 661 872 731 ipsius
896 658 1182 715 eﬁundens
1209 657 1551 722 memoriam,
1575 657 1780 726 gratias

188 756 397 820 retulit,
430 764 487 809 et
518 763 720 823 quanta
748 754 849 808 sibi
890 769 985 824 per
1015 750 1134 820 ejus
1172 750 1569 805 invocationem
1604 749 1783 803 Patris

191 848 381 905 fecerit
399 848 687 911 Dominus,
712 846 992 901 indicavit.
1027 844 1134 899 Nec
1158 842 1374 913 longum
1395 852 1516 912 post
1535 842 1646 895 haec
1663 840 1784 895 urbi

191 944 488 999 Remorum
502 955 657 994 sacra
674 940 908 995 membra
928 947 1266 1000 revocarunt,
1291 945 1345 991 et
1367 936 1593 991 ecclesia
1610 934 1781 989 sancti

193 1029 432 1101 Dionysii
467 1038 624 1083 extra
656 1044 865 1082 murum
889 1027 1124 1082 civitatis
1148 1025 1530 1082 canonicorum
1560 1024 1789 1079 Remel-

192 1124 329 1176 sium
343 1120 552 1184 studio,
567 1119 975 1188 sumptibusque
991 1128 1276 1179 reslrncta,
1296 1117 1493 1172 ibidem
1507 1133 1628 1172 cum
1646 1114 1789 1169 beati

197 1211 478 1268 Theodulﬁ
522 1210 839 1282 pignoribus
886 1210 1181 1263 honoriﬁce
1241 1215 1569 1263 venerantur
1614 1206 1788 1260 illati.

780 1320 1009 1377 CAPUT
1050 1319 1192 1375 XVI.

627 1412 707 1467 De
737 1410 864 1464 Abel
899 1412 1012 1479 ejus
1042 1425 1359 1463 successore.

263 1506 495 1559 Beatum
523 1502 877 1573 Rigobertnm
914 1510 1136 1555 secutus
1174 1500 1307 1553 Abel
1349 1500 1402 1552 in
1447 1498 1793 1568 episcopatus

202 1598 391 1652 ordine
426 1596 721 1665 reperitur,
765 1593 1013 1663 quamvis
1048 1609 1170 1648 eum
1214 1592 1432 1661 quidam
1486 1591 1792 1661 corepisco-

204 1702 330 1758 pum
362 1695 576 1742 tantum
608 1684 778 1740 fuisse
810 1685 1044 1739 tradant.
1081 1683 1398 1738 Pontiﬁcem
1430 1692 1609 1735 tamen
1642 1680 1789 1733 tilum

201 1781 480 1836 exstitisse
506 1779 738 1833 diversis
761 1778 1065 1832 invenimus
1093 1776 1503 1839 assertionibus,
1534 1783 1589 1828 et
1615 1772 1793 1827 maxi-
1826 1757 1871 1817 Β

201 1888 284 1927 me
322 1873 377 1926 in
418 1871 664 1941 epistolis
704 1870 979 1925 Zacltarirc
1013 1884 1164 1938 papze
1202 1867 1268 1921 ad
1299 1876 1543 1921 sanctmn
1575 1860 1797 1918 Bonifa~

201 1964 344 2020 cium
386 1964 615 2020 directis
644 1963 912 2034 (lacum.
946 1963 1095 2031 epist.
1136 1961 1228 2025 85,
1258 1969 1389 2014 tom.
1414 1958 1479 2012 lll
1525 1956 1805 2024 Concil.),

204 2058 259 2111 in
296 2070 527 2124 quarum
569 2069 674 2108 una
712 2061 1125 2117 commemorat,
1171 2052 1440 2104 indicasse
1480 2047 1794 2118 pnndictum

204 2146 420 2201 beatum
450 2143 791 2199 Bonifacium
839 2142 953 2197 suis
993 2141 1190 2197 litteris
1220 2141 1361 2194 inter
1404 2147 1621 2201 caetera,
1655 2135 1798 2206 quod

205 2245 313 2292 tres
360 2237 645 2306 episcopos
687 2248 786 2303 per
840 2232 1076 2304 singulas
1129 2228 1570 2299 metrOpolitanas
1626 2226 1797 2281 nrbes

205 2326 532 2388 ordinasset,
566 2324 617 2378 id
646 2334 753 2388 est,
785 2322 1096 2379 Grinnmem
1128 2322 1180 2376 in
1208 2320 1426 2375 civitate
1456 2332 1578 2387 qua:
1606 2317 1803 2371 dicitur

208 2418 482 2474 Bodomus
497 2416 793 2472 secundum
817 2432 946 2470 vero
971 2416 1125 2480 Abel,
1155 2416 1206 2469 in
1231 2416 1452 2469 civitate
1467 2427 1585 2482 qum.
1606 2410 1805 2465 dicitur

209 2509 500 2564 Remorum
530 2526 543 2560 :
580 2507 799 2561 tertium
826 2504 1057 2574 denique
1095 2504 1443 2558 llartbertum
1480 2502 1534 2555 itt
1565 2501 1787 2553 civitate

211 2616 328 2670 qua:
356 2600 557 2655 dicitur
587 2598 822 2654 Senonis
853 2615 867 2650 :
907 2615 926 2649 ‹
964 2596 1066 2662 Qui
1106 2605 1160 2649 et
1198 2596 1336 2665 apud
1374 2609 1474 2648 nos
1500 2591 1801 2661 ,inquiens,

215 2691 332 2753 fuit,
358 2698 413 2743 et
444 2697 535 2742 tua
576 2689 735 2744 nobis
764 2687 990 2757 pariter,
1018 2693 1075 2740 et
1098 2684 1448 2741 Karlomanni
1481 2691 1646 2751 atque
1678 2681 1804 2750 Pip-

214 2780 323 2848 pini
368 2779 561 2834 detulit
608 2779 836 2847 scripta,
886 2790 985 2845 per
1032 2790 1151 2845 quae
1205 2773 1544 2844 suggessisti,
1593 2778 1652 2825 ut
1702 2770 1803 2823 tria

216 2869 371 2937 pallia
430 2868 624 2923 iisdem
679 2867 857 2923 tribus
912 2864 1320 2938 prmnominatis
1375 2860 1806 2931 nzetropolitanis

218 2963 449 3033 dirigere
508 2962 864 3025 deberemus,
913 2959 1057 3030 quod
1113 2968 1169 3014 et
1234 2958 1409 3027 largiti
1467 2973 1653 3012 sumus
1711 2970 1811 3024 pro

219 3052 545 3106 adunationc
571 3060 626 3104 et
659 3050 1047 3105 reformatione
1073 3048 1439 3103 Ecclesiarum
1472 3047 1587 3100 Dei.
1623 3065 1642 3098 ι
1677 3045 1806 3099 ltent

220 3146 268 3199 in
295 3144 402 3199 alia
434 3145 604 3214 ipsius
633 3144 697 3196 ad
728 3143 979 3197 eumdem
1007 3140 1234 3210 epistola
1265 3139 1282 3206 (
1298 3137 1534 3194 laeum.
1565 3138 1718 3205 epist.
1748 3136 1805 3200 9,
1835 3109 1879 3170 Ο

218 3234 283 3288 al.
314 3234 372 3304 4)
408 3248 424 3286 :
462 3251 483 3284 ι
519 3234 594 3288 De
635 3232 907 3302 episcopis
951 3245 1079 3284 vero
1124 3227 1581 3297 metropolitanis,
1627 3225 1681 3279 id
1724 3231 1810 3280 est

216 3329 491 3387 Grimoue,
525 3341 685 3396 quem
712 3341 811 3381 nos
826 3326 939 3395 jam
965 3331 1303 3393 compertum
1340 3322 1622 3379 habemus,
1652 3316 1805 3381 Abel,

218 3421 329 3474 sive
357 3417 667 3482 llariberto,
695 3431 831 3486 quos
856 3430 953 3483 per
983 3427 1415 3482 unamquamque
1452 3407 1799 3478 metropolim

218 3522 312 3577 per
350 3506 668 3577 provincias
711 3504 1062 3566 constituisti,
1112 3503 1212 3557 bos
1247 3516 1347 3571 per
1381 3511 1531 3555 tuum
1557 3497 1804 3554 testimo-

218 3601 361 3653 nium
413 3597 822 3659 conﬁrmamus,
873 3604 930 3651 et
973 3594 1131 3666 pallia
1180 3594 1465 3664 dirigimus
1505 3590 1570 3646 ad
1620 3604 1808 3644 eorum

218 3688 427 3742 ﬁrmam
473 3685 852 3751 stabilitatem,
892 3693 949 3740 et
987 3683 1245 3739 Ecclesiae
1293 3682 1384 3737 Dei
1433 3688 1809 3749 augmentum,

216 3790 271 3833 ut
298 3779 373 3834 ita
394 3778 606 3832 meliori
629 3776 880 3847 proﬁciat
901 3784 1068 3831 statu.
1093 3775 1338 3843 Qualiter
1359 3773 1501 3829 enim
1528 3771 1594 3843 li,
1618 3767 1811 3840 etiam]

216 3885 331 3925 nos
358 3868 511 3938 pallii
559 3868 651 3934 sit,
703 3868 789 3923 vel
833 3868 1105 3937 quomodo
1147 3866 1304 3920 ﬁdem
1347 3879 1498 3920 suam
1539 3874 1813 3931 exponere

216 3962 449 4028 debeant
487 3959 579 4015 hic
620 3960 712 4027 qui
753 3958 903 4028 pallii
950 3958 1026 4012 ttti
1052 3957 1265 4012 licentia
1305 3955 1695 4015 conceduntur,
1733 3950 1814 4005 eis

220 4052 548 4127 direximus,
604 4049 964 4104 intormantes
1010 4062 1123 4110 eos,
1169 4053 1230 4099 ut
1256 4045 1392 4100 sciat
1432 4043 1574 4112 quod
1614 4041 1737 4114 [ιξιδ.
1770 4043 1809 4105 i,

177 4131 365 4214 'quid]
426 4142 504 4195 sit
548 4140 636 4211 pal
660 4140 695 4195 ii
743 4154 896 4205 usus,
935 4147 991 4195 et
1033 4135 1288 4205 subjectis
1338 4135 1479 4190 viam
1522 4133 1815 4204 praedicare

220 4233 426 4297 salutis,
467 4241 530 4287 ut
554 4231 928 4288 ecclesiastica
957 4230 1237 4299 disciplina
1270 4229 1321 4282 in
1347 4227 1593 4283 ecclesiis
1624 4238 1811 4280 eorum

223 4324 546 4379 immutilate
591 4330 858 4386 servetur,
890 4328 945 4375 et
985 4327 1200 4375 maneat
1232 4319 1551 4374 inconcussa
1586 4335 1599 4370 :
1638 4326 1693 4369 et
1721 4332 1813 4369 sa-

222 4414 519 4475 cerdotum,
549 4412 693 4482 quod
728 4411 783 4464 in
814 4410 895 4466 eis
931 4409 1093 4465 fuerit
1118 4423 1226 4463 non
1256 4407 1538 4478 pollutum,
1563 4417 1623 4460 ut
1650 4416 1806 4461 antea

221 4505 337 4568 fuit,
380 4504 477 4560 sed
523 4502 807 4567 mundum,
853 4510 908 4557 et
967 4508 1246 4570 acceptum
1289 4500 1398 4554 Deo
1449 4514 1568 4554 esse
1619 4499 1806 4570 possit,

223 4603 477 4664 quantum
499 4595 737 4649 humana
759 4592 1067 4648 conditione
1085 4591 1186 4664 [or.
1203 4608 1329 4658 ms.,
1353 4589 1609 4662 conditio]
1633 4590 1808 4656 valet;

230 4685 297 4740 ita
325 4694 383 4740 ut
406 4684 586 4740 nullus
612 4683 843 4754 reperiri
865 4685 1035 4752 possit
1052 4682 1224 4738 sacris
1247 4681 1462 4735 deviare
1487 4680 1803 4742 canonibus,

229 4773 630 4830 etsacriﬁcium
681 4772 939 4826 mundum
994 4785 1184 4826 eorum
1239 4770 1308 4825 ab
1350 4770 1430 4825 eis
1470 4768 1806 4834 immoletur;

233 4864 296 4919 ita
319 4873 375 4918 ut
402 4866 543 4920 Deus
582 4865 636 4918 in
664 4878 858 4939 eorum
887 4862 1134 4932 placetur
1162 4862 1495 4926 muneribus,
1518 4870 1574 4916 et
1601 4862 1811 4932 populis

234 4952 319 5009 Dei
345 4956 661 5027 puriﬁcatus
688 4953 1050 5013 mentibusex
1078 4955 1226 5009 omni
1258 4953 1507 5022 squalore
1536 4954 1809 5011 sincermn

239 5048 470 5076 ..Ι-ηερε...-
522 5048 745 5076 ..διίησινιο
797 5046 1114 5076 Ι¹Ιιηῖοσῖειηω
1169 5045 1441 5076 αηΙῖηἶΛπιῖο
1490 5044 1720 5076 Λίῖἶηῖηιη
1787 5067 1802 5076 ι

1880 482 2154 552 ΕουῙοεῖῖΡν
2180 499 2235 544 et
2262 493 2515 559 przclatus
2555 496 2968 553 amabilissimus
2996 497 3259 552 Fulratlus
3289 495 3459 550 Fran-

1879 578 1979 631 cia:
2029 581 2479 654 archipresbyter,
2526 598 2765 657 tempore
2812 595 3214 642 antecesserunt
3247 596 3459 640 nostro-

1882 686 1999 724 rum
2029 672 2305 729 Zacbaria:
2340 684 2395 729 et
2438 675 2693 747 Stcpbani
2742 675 2960 749 (Steph.
2993 675 3075 751 ll)
3128 676 3457 731 successoris
3491 738 3495 761 ι

1882 765 2045 831 illius,
2072 767 2295 821 multum
2322 767 2722 834 laboraverunt,
2754 781 2811 825 ut
2844 770 2998 825 boum
3027 769 3298 824 memoria:
3329 784 3463 838 prte-

1884 861 2136 916 dccessor
2161 869 2344 915 noster
2370 861 2599 916 donmus
2629 860 2919 916 Zacharias
2955 860 3170 931 pallium
3197 857 3465 926 archiepi-

1885 969 2046 1023 scopo
2094 953 2364 1020 Remensi,
2408 953 2539 1008 Abel
2589 954 2825 1021 nomine,
2882 968 2980 1023 per
3030 950 3463 1020 deprecationem

1886 1045 2236 1114 suprascripti
2277 1045 2536 1099 Bonifacii
2580 1047 3001 1109 transmitteret,
3053 1042 3193 1111 quod
3226 1039 3462 1115 [i,qui]

1888 1135 1956 1189 ab
1988 1135 2075 1188 illo
2103 1137 2429 1191 constitutus
2456 1136 2581 1200 fuit,
2610 1138 2702 1191 sed
2739 1137 2807 1190 ibi
2832 1150 3146 1205 permanere
3174 1131 3469 1203 permissus

1890 1242 1993 1280 non
2045 1226 2176 1289 fuit,
2244 1229 2336 1282 sed
2392 1229 2561 1299 magis
2609 1237 2797 1283 contra
2850 1229 3016 1281 Deum
3065 1226 3267 1297 ejectus
3309 1229 3389 1277 est
3416 1227 3473 1275 ct

1891 1320 2174 1375 Bernensis
2200 1321 2437 1375 Ecclesia
2462 1337 2557 1391 per
2584 1321 2748 1376 multa
2773 1329 3035 1389 tempora,
3064 1328 3117 1373 cl
3150 1334 3245 1388 per
3274 1313 3470 1370 multos

1892 1427 2060 1465 annos
2090 1411 2205 1466 sine
2238 1413 2489 1481 episeopo
2530 1412 2649 1477 fuit,
2683 1421 2737 1466 et
2768 1428 2851 1467 res
2878 1410 3117 1467 ecclesiae
3148 1410 3211 1464 de
3239 1407 3326 1461 illo
3359 1404 3474 1474 cpi-

1891 1510 2112 1571 scopatu
2144 1502 2335 1557 ablata:
2370 1511 2513 1567 sunt,
2547 1512 2602 1557 et
2627 1519 2721 1573 per
2750 1504 2916 1557 laicos
2950 1502 3131 1556 divisa:
3161 1508 3306 1561 sunt,
3332 1497 3473 1551 sicut

1893 1600 1945 1647 ct
1978 1594 2045 1647 de
2076 1594 2196 1649 aliis
2239 1596 2660 1666 episcopalibus,
2711 1596 2945 1651 maxime
2991 1602 3170 1648 autem
3216 1587 3485 1645 Remensi

1894 1686 2307 1755 tnetropolitana
2332 1688 2569 1742 civitate.

2481 1778 2710 1834 CAPUT
2742 1777 2905 1833 XVII.

2378 1868 2454 1923 Dc
2476 1867 2683 1937 Tilpiuo
2714 1869 2969 1939 episcopo.

1969 1960 2281 2015 Prmmissos
2340 1961 2391 2014 in
2443 1961 2752 2029 episcopatu
2805 1960 3049 2029 sequitur
3099 1958 3362 2027 Tilpinus,
3409 1971 3479 2010 cx.

1900 2056 2228 2108 monasterio
2269 2054 2438 2107 sancti
2481 2053 2717 2124 Dionysii
2750 2062 3082 2121 assumptus,
3110 2051 3195 2105 cui
3246 2065 3483 2120 magnus

1900 2148 2129 2203 Karolus
2154 2149 2221 2201 ab
2249 2148 2487 2202 Adriano
2524 2163 2656 2216 papa
2684 2146 3004 2214 impetrasse
3035 2142 3253 2212 pallium
3274 2140 3475 2210 reperi-

1902 2246 2009 2303 tur,
2062 2239 2202 2293 sicut
2249 2238 2485 2304 ejusdem
2540 2253 2691 2307 pap.e
2735 2238 2802 2290 ad
2853 2235 3025 2306 ipsum
3066 2234 3267 2288 directa
3295 2231 3481 2302 pandit

1901 2329 2147 2399 epistola,
2177 2343 2296 2396 qua:
2322 2328 2395 2381 ita
2421 2327 2610 2397 incipit
2646 2346 2661 2381 :

1979 2437 1996 2470 ι
2033 2420 2308 2473 Αοιιιλκυε
2338 2419 2644 2488 episcopus,
2682 2432 2877 2472 servus
2925 2430 3205 2471 servorum
3254 2413 3370 2478 Dei,
3399 2429 3483 2469 re-

1906 2511 2294 2565 verendissimo
2318 2520 2371 2566 et
2402 2510 2740 2564 sanctissimo
2763 2507 3025 2563 confratri
3048 2514 3235 2576 nostro
3258 2502 3484 2560 ΤηριΝο

1904 2604 2157 2660 Ecclesia:
2187 2602 2473 2658 Retuensis
2494 2603 2904 2672 archiepiscOpo
2928 2600 3027 2671 (7).

1982 2716 2000 2747 ι
2030 2696 2166 2764 Quia
2209 2697 2272 2749 ad
2314 2696 2631 2766 petitionem
2660 2692 2922 2764 spiritalis
2956 2691 3050 2746 ﬁlii
3078 2689 3251 2746 nostri
3279 2697 3334 2743 et
3368 2688 3490 2758 glo-

1906 2787 2034 2842 riosi
2065 2787 2206 2857 regis
2229 2786 2564 2840 Francorum
2607 2784 2817 2852 Karoli,
2842 2787 3114 2856 przebente
3150 2783 3241 2838 tibi
3284 2780 3484 2836 bonum

1910 2880 2271 2935 testimonium
2298 2880 2362 2934 de
2380 2880 2669 2935 sanctitate
2686 2888 2741 2934 et
2759 2880 3000 2935 doctrina
3033 2876 3305 2932 Fulrando
3336 2888 3486 2928 ama—

1908 2972 2173 3026 bilissimo
2204 2972 2417 3031 abbate.
2453 2971 2696 3026 Francia:
2727 2970 3224 3040 arcltipresbytern,
3257 2965 3485 3036 pallium

1912 3065 2205 3119 secundum
2229 3065 2681 3118 consuetudinem
2713 3064 2808 3117 tibi
2843 3061 3213 3117 transmisisse
3234 3072 3332 3113 nos
3362 3071 3484 3111 cum

1912 3153 2190 3223 privilegio
2230 3162 2286 3206 ut
2326 3154 2639 3224 metropolis
2677 3152 2915 3208 Ecclesia
2962 3150 3247 3206 Remensis
3291 3149 3343 3202 in
3390 3161 3493 3202 suo

1911 3254 2053 3299 statu
2100 3253 2361 3309 maneret,
2420 3252 2476 3299 et
2502 3244 2637 3317 [ηις.
2679 3246 2718 3298 i.
2753 3244 2897 3299 omit.
2936 3241 3013 3315 et]
3042 3243 3180 3296 bene
3205 3254 3489 3294 memora-

1913 3351 2032 3390 tnus
2058 3352 2069 3388 :
2104 3354 2121 3387 ι
2148 3335 2214 3389 Ει
2244 3345 2363 3405 post
2393 3335 2689 3407 aliquanta,
2723 3350 2842 3406 qua:
2872 3335 2937 3389 de
2962 3342 3152 3389 saneto
3173 3330 3490 3400 Rigoberto,

1911 3433 1963 3479 et
2004 3424 2139 3479 Abel
2193 3426 2446 3496 superius
2469 3424 2580 3494 jam
2612 3426 2889 3496 praemissa
2917 3432 3064 3488 sunt,
3090 3438 3213 3478 cum
3239 3422 3303 3475 de
3326 3420 3490 3474 rebus

1912 3515 2156 3571 ecclesia:
2186 3514 2472 3571 Bernensis
2500 3516 2717 3571 ablatis
2740 3516 3085 3585 loqueretur:
3127 3533 3145 3565 ι
3174 3513 3238 3567 Ει
3260 3522 3373 3575 tua,
3402 3512 3485 3563 in-

1913 3609 2051 3679 quit,
2084 3606 2398 3663 fraternitas
2420 3607 2534 3677 jam
2560 3625 2623 3663 ex
2655 3622 2846 3678 magna
2879 3616 3033 3676 parte
3059 3605 3203 3676 ipsas
3232 3618 3317 3658 res
3349 3601 3491 3669 apud

1912 3702 2203 3768 gloriosum
2231 3701 2399 3755 ﬁlium
2440 3709 2681 3754 nostrum
2707 3697 2987 3761 Karolum,
3014 3705 3068 3751 et
3106 3704 3232 3749 ante
3262 3693 3328 3746 ad
3354 3693 3488 3746 Car-

1913 3792 2223 3848 iomannum
2273 3792 2496 3845 fratrem
2539 3789 2654 3858 ejus
2700 3790 3017 3857 impetratos
3046 3786 3238 3848 habes,
3268 3791 3322 3837 et
3344 3780 3489 3835 ordi-

1915 3900 2036 3940 nem
2078 3900 2142 3939 ex
2170 3883 2347 3953 aliqua
2391 3891 2565 3953 parte,
2596 3889 2650 3936 et
2688 3880 2740 3934 in
2765 3879 3052 3950 episcopis,
3086 3875 3219 3931 etin
3260 3873 3381 3927 aliis
3404 3886 3489 3925 se-

1913 3974 2146 4029 cundum
2174 3975 2517 4033 canonicam,
2541 3980 2595 4025 et
2629 3979 2829 4025 sancta:
2855 3967 2999 4022 sedis
3022 3965 3277 4031 Romana:
3304 3970 3491 4015 aucto-

1917 4067 2131 4121 ritatem
2176 4064 2438 4119 directum
2468 4065 2668 4127 babes;
2711 4068 2998 4132 propterea
3027 4055 3211 4127 petisti
3259 4070 3287 4107 a
3315 4051 3493 4115 nobis,

1916 4157 2010 4211 tibi
2040 4167 2095 4211 et
2130 4156 2372 4211 ecclesize
2400 4162 2502 4208 tuae
2532 4152 2645 4208 fieri
2674 4150 3014 4222 privilegium
3056 4162 3123 4201 ex
3167 4142 3493 4200 auctoritate

1917 4248 2058 4302 beati
2105 4246 2246 4300 Petri
2294 4245 2555 4315 principis
2601 4241 2962 4314 apostolorum
3019 4246 3074 4293 et
3115 4243 3316 4290 sanctze
3347 4230 3496 4287 sedis

1917 4339 2195 4399 Romanae,
2230 4352 2291 4390 ac
2331 4346 2535 4399 nostra,
2582 4344 2639 4388 ut
2688 4333 2829 4402 quod
2882 4328 3180 4400 perfectum
3232 4323 3400 4379 babes
3438 4322 3495 4374 in

1844 4454 1890 4513 ο
1918 4438 2044 4485 ante
2095 4429 2273 4483 valeat
2317 4442 2665 4497 permanere,
2704 4434 2758 4477 et
2800 4422 2942 4492 quod
2985 4420 3160 4474 adhuc
3193 4416 3494 4487 perfectum

1914 4538 2020 4577 non
2053 4520 2239 4583 babes,
2276 4534 2373 4590 per
2414 4529 2651 4572 nostram
2699 4513 3075 4569 auctoritatem
3115 4508 3311 4579 possis,
3342 4503 3496 4558 auxi-

1912 4611 2075 4666 lianle
2099 4611 2230 4674 Deo,
2249 4620 2301 4663 et
2324 4608 2383 4663 Β.
2417 4608 2575 4663 Petro
2598 4605 2835 4679 apostolo
2867 4605 2932 4657 ad
2955 4600 3338 4673 perfectionem
3367 4609 3492 4664 per-

1913 4702 2130 4756 ducere.
2163 4699 2270 4753 Pro
2300 4713 2405 4768 quo
2429 4706 2485 4750 et
2506 4714 2603 4752 nos
2631 4695 2839 4750 ardenti
2869 4693 3072 4755 animo,
3109 4698 3163 4744 et
3200 4686 3385 4742 divino
3407 4682 3497 4751 ju-

1914 4793 2129 4847 vamine
2148 4788 2439 4859 apostolica
2463 4785 3063 4848 fultiauctoritate,non
3096 4778 3269 4834 solum
3310 4781 3494 4831 vetera

1915 4883 2211 4941 secundum
2239 4893 2424 4934 sacros
2449 4893 2712 4941 canones,
2735 4887 2789 4931 et
2814 4873 3105 4945 apostolica
3123 4868 3285 4938 hujus
3298 4872 3501 4924 sancta:

1918 4976 2063 5032 sedis
2094 4974 2311 5028 decreta
2360 4972 2672 5049 statuimus,
2710 4967 2804 5022 sed
2847 4974 2902 5020 et
2946 4977 3082 5019 nova
3129 4958 3222 5013 tibi
3262 4972 3366 5026 pro
3407 4963 3500 5006 tuo

2714 5066 2865 5076 -._---
2912 5052 3226 5076 -,--.-_2¢ncn
3267 5046 3304 5076 η
3357 5042 3499 5076 Dalr;
