3974 5392
538 296 638 353 123

1585 314 1974 378 FLODOARDI
2011 325 2324 389 CANONlCl
2359 335 2701 402 REMENSIS

3689 366 3807 423 ηις

532 419 590 466 εί
619 417 673 466 te
713 412 890 484 qum“
920 415 1107 472 eadem
1134 419 1284 546 Sfde:
1322 436 1644 495 θοοΡετδηιθ
1669 430 1797 499 θεον
1824 435 2110 495 ordinatus
2136 444 2185 504 Λ
2213 446 2571 523 ordinatione,
2604 469 2657 512 et
2686 460 2842 516 Iidem
2867 478 2928 521 ac
2954 466 3254 525 doctrinam
3282 469 3443 541 illius,
3472 486 3791 546 atquecum

532 515 609 546 es-
640 503 927 546 nrimnlnm
955 507 1122 546 tuatua
1184 510 1395 546 ςωοροςο
1423 531 1542 546 ηις...
1602 536 1718 546 -....-
1756 527 1997 546 ,μμ-η--
2036 529 2073 546 ,ι
2400 543 2410 546 -

532 515 612 566 es,
640 503 927 572 primatem
955 507 1124 577 ipsius
1145 510 1397 569 diceeesis
1421 531 1563 584 esse,
1599 536 1720 576 cum
1751 527 2000 583 omnibus
2026 529 2111 583 ci-

514 589 787 647 vitatibus
812 610 932 664 qua:
963 597 1030 652 ab
1070 599 1296 671 antiquo
1341 612 1584 676 tempore
1610 609 1862 669 Remensi
1907 624 2111 673 metro-

529 680 638 751 poli
668 683 912 741 ecclesize
950 689 1207 758 subjecta:
1256 693 1492 764 fuerunt,
1538 710 1701 772 atque
1729 707 1893 760 etiam
1923 724 2111 779 perpe-

532 772 636 827 tuis
666 777 1002 847 temporibus
1032 781 1126 837 tibi
1157 792 1211 839 et
1234 793 1642 848 successoribus
1674 797 1780 851 tuis
1813 799 1884 853 sit
1909 802 2109 862 conﬁr-

527 872 755 923 matum.
781 867 847 927 Et
873 871 976 929 hoc
1006 873 1412 946 iuterdiceutes,
1446 892 1502 936 ut
1531 886 1708 942 nullus
1734 891 1927 946 audeat
1952 893 2105 962 juxta

522 967 837 1014 sanctorum
896 978 1165 1021 canonum
1214 973 1594 1039 traditionem,
1641 994 1706 1034 ex
1750 982 1856 1036 alio
1897 986 2108 1056 episco-

521 1057 649 1118 patu
692 1052 889 1110 ibidem
918 1060 1258 1127 Iranslatare,
1291 1075 1383 1119 aut
1423 1070 1756 1128 constituere
1787 1066 2103 1147 episcopum

522 1152 647 1211 post
677 1153 821 1200 tuam
861 1150 927 1203 de
962 1151 1066 1207 hoc
1105 1157 1303 1211 sxcculo
1348 1163 1746 1221 evocationem.
1795 1167 1981 1239 Neque
2010 1173 2108 1228 ali-

522 1233 647 1301 quis
701 1245 821 1294 tuas
866 1244 1187 1311 parochias,
1231 1258 1326 1303 aut
1382 1253 1687 1321 ecclesias,
1724 1260 1802 1313 vel
1859 1262 2107 1321 civitates

520 1325 863 1396 subtrahere,
889 1349 1064 1403 neque
1089 1337 1366 1395 dimcesim
1396 1342 1715 1403 Remensem
1742 1350 1848 1405 ullo
1868 1369 2103 1425 unquam

523 1423 770 1487 tempore
800 1420 1061 1489 dividere,
1096 1429 1189 1482 sed
1216 1431 1422 1500 integra
1451 1449 1688 1503 maneat,
1713 1441 1851 1496 sicut
1871 1447 2107 1514 antiqui-

523 1511 610 1560 tus
640 1506 758 1573 fuit,
793 1520 846 1565 et
873 1516 1012 1570 sacri
1042 1534 1277 1575 canones
1303 1516 1365 1577 ct
1396 1528 1854 1595 prmdccessorum
1892 1546 2107 1592 nostro-

522 1612 641 1676 rum
672 1600 927 1669 ﬁrmavit,
956 1617 1010 1660 et
1041 1620 1221 1665 nostra
1257 1613 1434 1670 ﬁrmat
1462 1621 1776 1676 auctoritas.
1814 1624 1881 1678 Et
1907 1635 1981 1693 te,
2012 1638 2107 1683 aut

522 1685 724 1745 futuris
768 1698 1100 1764 temporibus
1155 1699 1478 1760 Remensem
1526 1711 1856 1779 episcopum,
1890 1685 2101 1786 et'pri-

523 1789 725 1838 malem
764 1785 908 1843 illius
938 1791 1191 1847 dimcesis
1210 1836 1225 1861 ,
1251 1811 1357 1850 non
1383 1809 1698 1868 praesumat,
1725 1819 1900 1873 neque
1926 1807 2102 1864 valeat
2131 1809 2177 1869 B

523 1887 763 1944 unquam
789 1879 982 1951 aliquis
1004 1884 1070 1938 de
1093 1887 1407 1958 episcopatu
1438 1893 1672 1962 dejicere
1694 1896 1812 1951 sine
1840 1901 2103 1957 canonico

517 1959 747 2030 judicio,
779 1979 835 2024 et
883 1988 1057 2043 neque
1096 1976 1147 2030 iu
1190 1978 1281 2032 illo
1322 1979 1442 2052 [ηις.
1492 1959 1529 2050 i,
1569 1985 1700 2058 ullo]
1734 1987 1941 2057 judicio
1983 1992 2103 2049 sine

516 2068 784 2112 consensu
836 2060 1062 2119 Romani
1100 2070 1394 2137 pontiﬁcis,
1438 2074 1482 2129 si
1530 2077 1598 2131 ad
1652 2078 1796 2134 bane
1849 2093 2102 2139 sanctam

516 2147 701 2204 sedem
730 2152 1059 2225 Romanam,
1081 2176 1201 2230 quae
1231 2174 1392 2235 caput
1427 2183 1550 2224 esse
1590 2171 1931 2240 dignoscitur
1951 2177 2103 2233 orbis

518 2252 698 2309 terrm,
726 2250 1074 2317 appellaverit
1107 2255 1158 2310 in
1186 2258 1542 2327 ipsojudicio.
1568 2263 1673 2320 Sed
1701 2266 1754 2320 in
1778 2268 1892 2322 sola
1923 2268 2104 2338 subje-

516 2334 698 2391 etione
727 2336 957 2396 Romani
1012 2348 1285 2415 pontiﬁcis
1327 2366 1672 2421 permanens,
1723 2357 2003 2414 ditecesim
2046 2368 2101 2416 et

514 2433 829 2499 parochiam
857 2436 1211 2507 .Remcnsem,
1243 2443 1532 2513 adjuvaule
1562 2450 1812 2516 Domino,
1834 2464 1888 2507 et
1915 2463 2101 2510 nostra

514 2528 676 2589 atque
697 2522 758 2577 Β.
800 2525 940 2581 Petri
966 2528 1128 2586 fultus
1152 2547 1219 2586 cx
1248 2533 1347 2588 ista
1368 2521 1555 2592 sancta
1583 2539 1711 2594 sede
1746 2542 2097 2609 auctoritate,

510 2605 811 2668 secundum
834 2624 1050 2674 sanetos
1071 2637 1309 2679 canones
1333 2636 1387 2681 et
1409 2625 1779 2695 bujussaucta:
1803 2633 1946 2688 sedis
1957 2649 2098 2703 pra:-

508 2704 810 2771 captiones,
842 2706 938 2761 tibi
961 2708 1233 2776 subjectos
1263 2714 1335 2768 ita
1364 2726 1540 2770 certes
1571 2726 1625 2772 et
1653 2720 1871 2775 studeas
1901 2723 2100 2791 guber-

509 2806 664 2855 nare,
690 2802 745 2846 ut
776 2794 918 2850 illam
941 2797 1300 2858 desiderabile
1332 2821 1517 2860 vocem
1543 2807 1753 2862 Domini
1775 2811 1941 2863 nostri
1966 2809 2093 2866 Jesu

506 2881 710 2939 Christi
741 2885 919 2939 Valeas
951 2905 1072 2944 cum
1114 2893 1303 2947 electis
1329 2895 1445 2963 ejus
1478 2898 1668 2954 audire
1700 2917 1713 2953 :
1750 2899 1917 2970 Euge,
1950 2919 2094 2957 serra

511 2973 640 3027 bone
686 2985 734 3029 et
779 2977 973 3045 fidelis,
1018 2982 1141 3049 quia
1188 2983 1241 3036 in
1282 2980 1451 3051 pauca
1492 2988 1643 3056 fuisti
1687 2990 1878 3058 ﬁdelis,
1931 3009 2092 3062 supra

506 3066 671 3119 nm.’la
722 3078 770 3123 te
818 3073 1177 3139 constituam;
1213 3077 1352 3131 intra
1381 3079 1434 3133 in
1478 3082 1730 3151 gaudium
1759 3084 1959 3138 domini
2011 3087 2092 3138 tui

508 3156 725 3224 (Matth.
759 3164 908 3233 xxv).
938 3165 999 3217 lit
1022 3168 1162 3235 quod
1196 3170 1261 3221 ad
1294 3181 1532 3226 nostram
1563 3176 1807 3230 notitiam
1834 3177 2086 3245 perduxi-

503 3249 597 3314 sti,
620 3252 744 3321 quia
769 3256 835 3307 ad
868 3256 1002 3310 alios
1032 3260 1314 3331 episcopos
1334 3263 1399 3317 (Ie
1430 3265 1545 3334 ipsa
1576 3266 1796 3322 dioecesi
1832 3269 2086 3324 Remensi

504 3341 725 3411 quidam
766 3347 1104 3417 accipiebant
1133 3354 1521 3421 ordinationes,
1549 3366 1603 3412 et
1637 3360 1905 3414 habebant
1931 3361 2084 3416 iude-

498 3434 610 3488 hita
635 3435 859 3506 refugia.
887 3450 942 3494 et
969 3442 1069 3497 hoc
1099 3459 1192 3511 per
1212 3447 1393 3500 omnia
1422 3449 1789 3518 probibcums,
1823 3453 1917 3506 sed
1943 3454 2085 3508 sicut

497 3540 653 3581 sacra
678 3528 834 3585 docet
861 3534 1180 3599 auctoritas,
1209 3546 1264 3591 et
1294 3538 1344 3592 in
1372 3543 1593 3613 synodis
1618 3546 2085 3614 compmvinciali-

497 3616 599 3672 bus
631 3623 999 3678 convocandis
1028 3634 1081 3679 et
1128 3627 1412 3696 faciendis,
1452 3646 1507 3687 et
1540 3634 1591 3688 in
1624 3638 2078 3702 ordinationibus,

495 3723 563 3765 ac
583 3710 1084 3782 dijmlicatiouibus,
1119 3718 1402 3779 Remeusis
1440 3725 1690 3792 ecclesia,
1723 3738 1779 3783 et
1808 3732 2081 3802 archiepi-

497 3815 713 3871 scopus,
766 3807 857 3876 qui
910 3809 962 3863 in
994 3825 1054 3864 ea
1088 3815 1415 3872 constitutus
1464 3817 1650 3883 fuerit,
1679 3822 1843 3877 talem
1883 3824 2082 3879 habeat

492 3896 891 3965 auctoritatem,
926 3902 1067 3957 sicut
1089 3943 1092 3946 .
1114 3907 1257 3961 sacri
1288 3922 1548 3978 canones,
1579 3922 1634 3968 et
1674 3914 1833 3986 hujus
1875 3928 2077 3974 sanctae

490 3976 751 4046 Ecclesia:
776 3978 1194 4055 constitutiones
1224 3986 1439 4057 docent.
1472 4005 1538 4060 Et
1578 4007 1756 4062 nullus
1781 4027 1877 4080 per
1907 4010 2074 4066 ullum

490 4092 728 4148 unquam
761 4092 970 4154 tempus
993 4088 1109 4149 tibi.
1141 4091 1223 4145 vel
1249 4093 1505 4150 Remeusi
1533 4098 1894 4170 Ecclesim,§de
1915 4107 2076 4160 rebus

490 4167 560 4222 ad
591 4169 739 4224 illam
771 4170 952 4229 debite
978 4178 1376 4244 pertinentibus
1406 4186 1724 4243 divisionem
1752 4167 1836 4244 vel
1859 4194 2074 4265 violent-1

488 4256 644 4324 tiam,
691 4261 833 4337 sicut
874 4274 1035 4320 antea
1082 4266 1279 4324 factum
1328 4272 1461 4340 fuit,
1516 4276 1695 4333 facere
1752 4291 2066 4349 prmsumat.

486 4346 623 4404 Nam
662 4351 727 4414 si,
763 4357 906 4423 quod
953 4374 1057 4413 non
1108 4362 1401 4432 credimus,
1444 4368 1565 4436 quis
1621 4370 1708 4425 ille
1755 4371 1941 4438 fuerit,
1974 4376 2065 4444 qui

485 4452 675 4498 contra
707 4445 848 4503 hanc
881 4458 1119 4505 nostram
1153 4458 1567 4526 praeceptionem
1604 4465 1895 4519 temerario
1927 4482 2062 4523 ausu

484 4534 671 4590 venire
698 4541 1006 4607 teutaverit,
1036 4544 1138 4599 nisi
1171 4560 1229 4600 se
1258 4547 1389 4613 cito,
1417 4558 1472 4604 et
1499 4552 1734 4615 maxime
1765 4565 1885 4624 post
1910 4572 2061 4611 com-
2097 4529 2144 4586 θ

489 4626 842 4683 monitionem
876 4636 1207 4703 correxerit,
1240 4639 1377 4694 sciat
1401 4656 1459 4696 se
1491 4652 1694 4699 aeterno
1736 4647 1827 4701 Dei
1858 4646 2063 4715 judicio

483 4721 851 4779 auathematis
888 4727 1101 4783 vinculo
1133 4746 1254 4787 esse
1312 4734 1659 4803 iunodatum;
1699 4740 1743 4793 si
1780 4740 1900 4810 quis
1930 4757 2058 4798 vero

453 4804 770 4879 ’apostolfca
811 4821 1104 4874 servaverit
1133 4833 1421 4893 prrcccpta,
1451 4837 1507 4882 et
1537 4844 1783 4884 normam
1810 4842 1974 4888 recta:
2010 4844 2065 4889 et

478 4901 792 4959 orthodoxa:
824 4906 946 4963 ﬁdei
991 4911 1155 4966 luerit
1185 4925 1486 4981 assecutus,
1517 4920 1912 4987 benedictionis
1940 4940 2064 4994 gra-

480 4993 612 5048 tiam
656 5009 1039 5066 consequatur.
1090 5002 1214 5059 Hmc
1247 5022 1277 5060 a
1329 5010 1484 5064 nobis
1517 5011 1736 5069 diﬁinita
1772 5032 1869 5086 per
1899 4993 2058 5087 hujus

476 5093 678 5141 nostra
711 5088 1141 5149 conﬁrmationis
1165 5100 1435 5169 paginam,
1473 5104 1524 5156 in
1559 5113 1645 5158 tua
1679 5110 1906 5165 ecclesia
1935 5130 2061 5184 per-

475 5180 654 5249 pctuis
676 5184 1005 5252 temporibus
1030 5202 1129 5257 pro
1149 5191 1231 5245 sui
1260 5193 1666 5252 conﬁrmatione
1687 5180 2051 5260 conservanda

477 5283 600 5304 occa
626 5273 942 5304 mundam-un
998 5276 1321 5304 l..:......:..---
1360 5285 1415 5304 -.ε

2216 543 2576 602 Versationem
2636 558 2691 604 et
2735 567 2935 619 mores.
2983 573 3048 613 ac
3091 560 3257 617 vitam
3300 564 3622 639 investiges;
3658 579 3716 626 ut
3743 572 3785 628 si

2212 640 2368 724 aptus
2417 635 2578 694 fuerit
2627 652 2682 696 et
2730 643 2924 716 dignus
2970 648 3038 704 ad
3085 652 3443 724 episcopalem
3472 635 3784 719 cathedram

2210 722 2611 792 gubernandam
2661 738 2975 804 expositam
3019 748 3076 796 et
3125 722 3507 815 conscriptam,
3536 757 3594 803 et
3625 765 3783 809 manu

2209 810 2304 867 sua
2345 820 2558 888 propria
2601 823 2963 895 subscriptam
3001 831 3320 889 catholicam
3349 844 3402 889 et
3429 839 3785 897 orthodoxam

2212 902 2369 959 ﬁdem
2400 910 2709 975 permissos
2728 930 2856 970 suos
2880 933 3001 973 cum
3032 920 3226 978 litteris
3252 938 3315 979 ac
3340 926 3650 983 testimonio
3675 938 3766 985 tuo

2208 1011 2302 1051 seu
2334 999 2559 1056 aliorum
2591 1006 2990 1076 episcoporum,
3032 1028 3166 1082 quos
3197 1024 3372 1072 tecum
3406 1032 3531 1073 esse
3558 1021 3788 1076 manda-

2208 1088 2408 1155 vimus,
2442 1095 2509 1146 ad
2558 1110 2657 1150 nos
2703 1097 2932 1168 dirigat,
2985 1113 3045 1157 ut
3094 1105 3314 1175 pallium
3365 1106 3441 1163 ilii
3490 1111 3787 1166 secundum

2208 1186 2654 1242 consuetudinem
2685 1194 3137 1261 transmittamus,
3157 1206 3211 1252 et
3236 1200 3632 1256 ordinationem
3649 1201 3789 1259 illius

2208 1272 2418 1328 ﬁrmam
2452 1274 2775 1346 judiceiuus,
2802 1292 2857 1338 ct
2886 1285 2938 1340 in
2973 1288 3161 1342 eadem
3200 1300 3387 1346 sancta
3415 1292 3642 1348 ecclesia
3673 1293 3787 1350 Mo-

2208 1367 2427 1433 guntina
2469 1373 2937 1446 archiepiscopum
2968 1381 3327 1437 constitutum
3351 1398 3473 1439 esse
3500 1384 3786 1444 faciamus.

2208 1452 2354 1512 Bene
2380 1458 2516 1514 vale.
2558 1479 2576 1512 ι
3324 1516 3327 1517 ν

2278 1549 2378 1616 Qui
2409 1555 2606 1622 praesul
2632 1572 2720 1614 res
2742 1560 2984 1617 ecclesia:
3014 1563 3227 1622 diversa
3254 1582 3352 1639 per
3377 1568 3491 1625 loca
3521 1569 3807 1644 direptas,

2207 1648 2317 1695 tam
2350 1658 2446 1711 per
2484 1661 2543 1700 se
2573 1650 2712 1716 apud
2742 1652 2945 1723 regiam
2985 1656 3344 1725 majestatem,
3371 1676 3534 1731 quam
3564 1678 3664 1735 per
3688 1647 3785 1721 au-

2206 1743 2385 1792 ctores
2423 1741 2689 1805 ecclesiae,
2727 1743 2968 1802 diversos
3011 1749 3149 1818 apud
3172 1749 3383 1819 judices
3420 1754 3627 1823 legibus
3648 1757 3791 1812 obti-

2206 1828 2344 1891 nuit,
2379 1838 2435 1885 et
2474 1833 2845 1891 ecclesiastico
2875 1836 2986 1907 juri
3017 1843 3290 1911 restituit;
3325 1847 3666 1919 maximeque
3693 1864 3790 1920 per

2203 1921 2491 1988 quemdam
2537 1923 2876 1994 Achabhum,
2914 1931 3013 2000 qui
3064 1941 3173 1988 tam
3220 1935 3273 1990 in
3329 1935 3581 2004 Francia,
3623 1955 3785 2010 quam

2202 2011 2367 2065 etiam
2410 2021 2560 2067 trans
2589 2015 2822 2087 Ligerim
2860 2036 2960 2090 pro
2989 2023 3151 2079 rebus
3191 2026 3434 2083 ecclesia:
3466 2033 3789 2088 revocandis

2203 2116 2431 2168 operose
2478 2103 2763 2172 laboravit,
2803 2118 2857 2165 et
2902 2120 3009 2167 tam
3060 2117 3257 2184 praedia
3305 2134 3464 2188 quam
3512 2124 3804 2192 mancipia:

2203 2192 2372 2247 multa
2426 2193 2632 2265 legibus
2669 2199 2974 2256 evindicata
3006 2203 3263 2262 Ecclesia:
3289 2208 3628 2266 reformavit.
3662 2212 3796 2269 Pos-

2203 2285 2538 2342 sessiouibus
2560 2304 2776 2360 quoque
2802 2293 2883 2347 vel
2925 2297 3207 2368 mancipiis
3252 2318 3281 2354 a
3307 2302 3630 2371 quibusdam
3659 2307 3798 2360 dato!

2201 2378 2376 2446 pretio
2421 2382 2702 2451 coemptis,
2747 2400 2832 2439 res
2873 2388 3091 2443 auxisse
3121 2392 3315 2459 przcsul
3362 2393 3465 2448 iste
3507 2396 3780 2464 reperitur

2202 2470 2476 2538 ecclesize;
2514 2475 2893 2531 nonnullarum
2922 2494 3136 2550 quoque
3161 2483 3280 2551 jura
3314 2483 3562 2539 villarum
3591 2487 3793 2556 dispec-

2201 2561 2320 2616 sitis
2366 2563 2653 2618 ordinasse
2691 2566 2936 2621 coloniis.
2972 2569 3077 2624 Sed
3114 2581 3167 2625 et
3196 2588 3474 2627 sacrarum
3500 2575 3795 2633 codicibus-

2201 2649 2478 2729 Scriptura
2490 2669 2627 2719 rum,
2644 2656 2839 2733 quibus
2853 2658 3029 2713 adhuc
3044 2660 3311 2729 aliquibus
3325 2678 3539 2731 quoque
3552 2664 3790 2732 utimur,-

2199 2741 2340 2797 hauc
2373 2743 2627 2799 instruxit
2648 2746 2967 2803 Ecclesiam.
2990 2750 3045 2804 lu
3078 2753 3328 2807 cmuobio
3356 2754 3585 2823 denique
3604 2756 3777 2809 sancti

2197 2834 2426 2904 Remigii
2473 2839 2768 2893 monachos
2796 2842 3191 2906 ordinasse,.ac
3218 2845 3513 2902 monastica
3542 2846 3652 2899 vita
3682 2860 3791 2901 eos-

2199 2920 2432 2981 traditur
2454 2928 2772 2994 iustituisse,
2792 2946 2913 2985 cum
2939 2934 3228 2989 canonicos
3251 2934 3401 3005 prius
3421 2936 3561 2990 idem
3584 2950 3773 2992 emno-

2195 3013 2342 3069 bium
2403 3032 2433 3069 a
2491 3027 2731 3088 tempore
2762 3019 3075 3076 'Gibchardi
3124 3024 3352 3089 abbatis,
3396 3026 3485 3094 qui
3527 3027 3792 3081 eamdem.

2194 3100 2703 3178 congregationem;
2739 3111 2807 3165 ob
2834 3127 3073 3167 amorem
3102 3113 3195 3167 Dei
3237 3123 3291 3168 et
3322 3117 3491 3169 sancti
3540 3115 3773 3188 Remigii

2194 3199 2463 3266 reperitur
2483 3215 2827 3269 aggregasse,
2852 3205 2918 3258 ad
2945 3204 3045 3258 hoc
3073 3221 3243 3275 usque
3274 3214 3484 3276 tempus
3514 3208 3785 3265 habuisse

2189 3288 2417 3344 feratur.
2468 3291 2831 3349 Imuiuuitatis
2873 3298 3104 3367 denique
3144 3309 3473 3368 praeceptum
3517 3316 3546 3354 a
3577 3300 3785 3357 Karlo—~

2188 3395 2389 3435 manno
2423 3399 2548 3454 rege
2578 3383 2686 3439 ﬁlio
2715 3386 2947 3455 Pippiui,
2981 3391 3156 3458 primo
3187 3406 3308 3444 mox
3342 3392 3492 3461 regni
3524 3391 3784 3460 ejusdem-

2187 3487 2352 3537 anno,
2383 3475 2629 3530 ecclesiae
2666 3477 2918 3532 Remensi
2946 3480 3203 3544 obtinuit,
3235 3482 3301 3536 ad
3344 3482 3627 3552 exemplar
3666 3484 3770 3538 imo

2186 3562 2509 3617 munitatum
2564 3581 2700 3635 quas
2746 3568 2914 3637 ipsius
2962 3570 3393 3639 prmdeeessores
3442 3587 3602 3643 rcges
3640 3573 3768 3629 huic

2186 3654 2527 3709 contulerant
2579 3657 2822 3713 ecclesia:
2862 3678 2877 3714 :
2920 3674 3150 3729 quarum
3207 3662 3497 3717 ostendere
3551 3677 3785 3734 quoques

2185 3746 2392 3799 curavit
2421 3747 2469 3800 ei
2504 3749 2873 3818 monimenta;
2910 3761 2969 3806 ut
3012 3752 3191 3807 nullus
3231 3753 3439 3808 scilicet
3473 3753 3638 3823 judex
3670 3771 3760 3825 pu-

2178 3835 2354 3891 blicus
2388 3837 2441 3891 in
2485 3839 2642 3909 hujus
2675 3842 2916 3897 ecclesia:
2960 3853 3137 3900 terras
3185 3845 3410 3900 auderet
3456 3847 3663 3918 ingredi
3696 3849 3772 3904 ad‘

2180 3931 2492 3987 mansiones
2521 3935 2845 4003 parandum,
2879 3936 2961 3990 vel
3008 3937 3257 4006 qmclibet
3300 3937 3505 4007 judicia
3555 3939 3760 4008 facere,

2179 4030 2273 4076 aut
2307 4024 2521 4092 penitus
2548 4025 2704 4079 xenia
2740 4026 2808 4080 ibi
2842 4028 3138 4096 requirere.
3172 4027 3278 4083 Sed
3306 4024 3645 4099 qtueeuuque
3667 4047 3763 4086 an-

2178 4120 2480 4166 tecessores
2520 4111 2636 4179 ejus
2687 4114 2863 4168 eidem
2910 4126 3294 4170 concesserant
3322 4117 3601 4199 ecclesiae,
3630 4133 3758 4190 per-
3806 4190 3827 4202 η

2174 4200 2465 4268 petualiter
2513 4202 2718 4257 habere
2766 4204 2970 4259 valeret
3016 4205 3253 4260 indulta.
3302 4204 3497 4262 Postea
3534 4204 3779 4280 quoque

2176 4290 2336 4345 aliam
2363 4293 2603 4362 ejusdem
2636 4297 2777 4365 regis
2803 4296 2870 4351 de
2913 4298 3153 4362 omuium
3193 4298 3530 4353 teloneoruni
3562 4301 3775 4357 remis-~

2174 4381 2326 4434 sione
2350 4381 2663 4450 impetravit
2679 4388 3128 4455 praeceptionem;
3155 4389 3307 4452 item,
3324 4389 3485 4443 aliam
3508 4390 3576 4446 de
3596 4399 3777 4461 ponte-

2172 4475 2528 4541 Baisonensi;
2561 4476 2689 4532 item
2739 4478 2807 4533 de
2851 4480 3057 4535 chartis
3102 4482 3497 4547 concrematis,
3524 4498 3759 4553 quarum

2172 4575 2299 4620 tunc
2347 4567 2605 4637 temporis
2650 4580 2746 4638 per
2774 4568 3156 4640 negligentiam
3203 4571 3477 4625 acciderat
3516 4573 3757 4637 exustio.

2171 4666 2227 4710 ut
2259 4672 2367 4722 res,
2398 4666 2455 4713 et
2484 4658 2766 4715 facultates
2794 4661 3057 4726 ecclesire,
3101 4677 3235 4732 quas
3263 4677 3330 4717 eo
3359 4671 3606 4733 tempore
3633 4678 3777 4734 pos--

2169 4746 2401 4811 sidehat,
2445 4749 2518 4803 ita
2567 4762 2947 4820 permanerent
2995 4752 3198 4822 absque
3227 4753 3587 4810 diminutione
3627 4771 3775 4811 con-ve

2171 4838 2397 4894 ﬁrmata:
2447 4841 2548 4911 ipsi
2599 4842 2844 4896 ecclesia:
2890 4858 2986 4910 per
3030 4846 3230 4914 regiam
3286 4845 3403 4914 ejus
3458 4848 3758 4903 auctorita-
3845 4914 3861 4927 .

2169 4937 2309 4995 tem;
2346 4931 2476 4986 item
2539 4932 2607 4987 de
2657 4931 2967 4996 militibus,
3024 4935 3117 5002 qui
3169 4934 3221 4988 in
3281 4935 3407 4990 villa
3466 4934 3756 4994 Juviniaco

2168 5019 2463 5074 residentes
2508 5029 2668 5075 erant
2728 5036 2892 5091 super
2927 5030 3129 5077 terram
3181 5033 3383 5079 sancta:
3438 5024 3650 5095 Mariae,
3700 5037 3756 5085 et

2161 5111 2329 5166 sancti
2385 5111 2636 5183 Remigii,
2695 5128 2972 5179 concessa,
3037 5116 3370 5187 remissaque
3432 5120 3566 5189 ipsis
3603 5124 3751 5177 omni

2156 5217 2329 5270 quam.
2356 5202 2622 5258 debebant
2648 5205 2934 5262 exactione
2964 5206 3072 5260 mili
3084 5208 3188 5262 tiae.
3219 5208 3375 5274 ltem,
3402 5211 3547 5267 aliud
3578 5214 3647 5268 de
3667 5214 3751 5270 bis

2367 5291 2401 5304 η
