3974 5392
222 269 325 324 ηδ

759 264 1106 333 HISTORUE
1142 259 1497 321 ECCLESLE
1538 253 1883 312 REMENSlS
1923 251 2101 307 LlBRl
2141 247 2498 319 QUATUOR.
2535 275 2583 287 υ
2629 241 2760 300 LIB.
2803 239 2866 297 ll.

3385 230 3491 288 HG

220 379 373 439 ditiis
398 381 538 447 suis,
580 378 835 450 omnique
870 379 1194 450 integritate
1219 416 1235 442 ,
1271 374 1337 430 ad
1387 371 1664 428 basilicam
1719 366 1805 422 vel
1836 373 1878 429 Α
1907 366 2070 422 etiam
2092 381 2127 435 p
2147 373 2376 433 istqnam
2399 361 2592 432 praesul
2617 357 2900 414 ordinatus
2920 360 3022 418 est,
3044 350 3198 425 plura
3221 348 3494 404 invenitur

218 472 616 531 monasterium
648 471 817 527 sancti
839 470 1091 541 Remigii,
1124 467 1213 523 ubi
1244 465 1572 537 sepulturam
1595 475 1810 532 quoque

218 567 427 623 habere
447 564 802 638 dignoscitur.
825 564 992 633 Cujus
1013 575 1302 633 germanus
1323 557 1553 614 Karolus
1580 557 1811 625 impera-

222 669 311 714 tor
336 672 574 731 magnus
598 657 723 713 huic
762 656 976 727 praesuli
1003 654 1218 725 Tilpino
1244 652 1464 722 pallium
1494 664 1588 719 per
1610 646 1814 718 legatos

220 759 277 806 et
304 750 527 806 litteras
562 764 690 805 suas
727 748 962 804 obtinuit
1000 749 1067 801 ab
1109 745 1346 801 Adriano
1384 757 1544 813 papa,
1592 739 1730 795 sicut
1760 737 1813 791 in

220 848 470 916 ejusdem
517 861 668 917 papze
709 845 907 901 litteris
957 844 1024 898 ad
1075 844 1249 914 ipsum
1291 854 1472 911 regem
1515 850 1677 906 super
1714 834 1818 888 hac

222 939 396 1011 ipsius
448 938 714 1009 petitione
760 935 1015 1000 directis,
1070 933 1393 989 continetur.
1460 923 1819 982 lmmnnitat'rs

222 1043 447 1101 quoque
475 1036 804 1099 praeceptum
852 1025 921 1081 ab
953 1026 1054 1080 hoc
1078 1023 1241 1078 etiam
1275 1035 1420 1093 rege,
1444 1018 1595 1089 juxta
1621 1030 1821 1088 praece—

224 1120 476 1177 dentium
523 1118 852 1189 exemplaria
893 1133 1103 1190 regum,
1124 1115 1375 1172 Remensi
1406 1112 1648 1168 ecclesiae
1677 1110 1819 1164 idem

226 1212 429 1285 praesul
459 1212 797 1283 impetravit;
832 1206 984 1275 item,
1028 1207 1172 1264 aliud
1216 1213 1538 1278 przeceptum
1581 1205 1646 1258 de
1677 1199 1822 1255 mili-

228 1306 376 1362 tibus
420 1304 546 1375 pagi
596 1303 981 1370 Tardonensis,
1026 1301 1179 1371 juxta
1228 1298 1529 1354 cessionem
1582 1289 1822 1365 germani

230 1397 314 1455 sui
343 1396 701 1452 Karlomanni
733 1396 908 1467 regis;
938 1392 1083 1456 item,
1116 1393 1182 1448 de
1209 1390 1413 1447 chartis
1435 1384 1821 1449 concrematis;

232 1487 386 1553 item,
420 1488 492 1543 de
536 1486 946 1542 continuatione
990 1481 1296 1540 traditionis
1339 1474 1547 1552 pra-lati
1582 1473 1824 1548 germani

235 1579 316 1637 sui
352 1579 518 1665 regis,
547 1595 655 1649 qua
676 1578 1051 1642 Novilliacum,
1076 1584 1132 1630 ct
1161 1573 1477 1629 Debriaeum
1506 1568 1661 1623 villas
1684 1566 1826 1621 idem

236 1688 332 1730 rex
358 1673 431 1727 ad
459 1662 740 1727 basilicam
763 1673 934 1727 sancti
961 1669 1191 1739 Remigii
1224 1663 1566 1723 condonavit.
1593 1661 1828 1715 Praeter-

1912 457 2152 515 eCclesizc
2176 455 2543 524 conquisisse,
2574 459 2631 505 et
2655 463 2740 504 res
2760 455 2814 503 et
2838 446 3080 508 colonos,
3106 450 3211 496 tam
3238 437 3380 504 apud
3408 453 3495 491 νεα

1912 551 2056 623 giam
2106 547 2439 618 majestatem
2469 558 2629 613 quam
2663 539 2803 611 apud
2833 537 3052 592 colonos
3080 543 3133 589 et
3157 518 3366 601 iudices
3395 543 3496 598 pu-

1912 647 2102 709 blicos,
2135 656 2235 697 nec
2263 639 2436 695 solum
2481 652 2579 707 per
2617 642 2867 689 auctores
2892 627 3151 691 ecclesiae,
3192 622 3285 679 sed
3329 620 3493 676 etiam

1914 735 2131 809 quando
2162 749 2257 804 per
2304 730 2384 785 sui
2428 726 2794 799 prtcsentiam.
2850 720 2948 777 Cui
2999 718 3153 773 valde
3199 712 3496 770 credidisse

1917 828 2145 884 Carolus
2192 826 2491 891 imperator
2539 832 2769 888 magnus
2802 828 2865 868 ex
2913 826 2978 867 eo
3020 808 3300 879 probatur,
3352 801 3497 874 quod

1921 921 2163 976 illustres
2192 916 2466 971 Saxonum
2494 910 2711 965 obsides
2746 903 3053 977 quindecim
3097 914 3233 970 quos
3274 894 3499 951 adduxit

1919 1015 1987 1068 de
2015 1009 2274 1072 Savonia,
2312 1005 2480 1076 ipsius
2507 1002 2629 1058 ﬁlei
2660 995 3045 1056 custodiendos
3071 988 3364 1047 commisit.

1993 1103 2090 1158 llic
2115 1099 2379 1172 synodum
2407 1092 2683 1150 invenitur
2710 1088 2961 1145 habuisse
2984 1099 3127 1141 anno
3158 1081 3224 1136 ab
3251 1080 3505 1135 incarna-

1923 1199 2067 1254 tione
2094 1168 2302 1248 Domini
2335 1187 2504 1245 nostri
2530 1186 2658 1242 Jesu
2687 1180 2888 1239 Christi
2915 1178 3020 1234 8H
3054 1177 3106 1231 in
3135 1171 3364 1229 ecclesia
3398 1168 3504 1224 Νο-

1923 1288 2208 1352 viomensi,
2235 1290 2495 1355 regnante
2526 1277 2799 1334 Ludovico
2824 1274 2933 1328 lilio
2959 1269 3165 1333 Karoli,
3202 1277 3503 1335 congrega-

1927 1383 1998 1439 tis
2041 1394 2225 1436 secum
2269 1370 2607 1444 coepiscopis
2652 1371 2764 1422 suis
2821 1362 3150 1425 llildoardo,
3176 1358 3506 1415 Erm’cnone,

1925 1473 2101 1535 Jesse,
2134 1442 2520 1540 Ragumberto,
2551 1457 2888 1521 Griniholdo,
2931 1449 3233 1514 Rothardo,
3266 1442 3511 1501 Wcodil—

1927 1581 2105 1631 maro,
2130 1560 2436 1622 Ostroaldo,
2463 1566 2519 1613 et
2538 1549 2941 1623 ehorcpiseopis
2965 1544 3248 1606 Waitario,
3270 1540 3508 1609 Sperno,

1932 1630 2141 1717 necnon
2167 1666 2220 1713 et
2254 1652 2542 1710 abbatibus
2576 1645 2905 1707 Adalbardo,
2935 1637 3214 1700 Nantario,
3249 1630 3510 1693 Fulrado,

238 1783 299 1825 ea
353 1767 513 1822 multi
548 1764 651 1820 sub
682 1765 842 1835 hujus
870 1725 1454 1834 prmsulisvepiscopatu
1489 1770 1575 1809 res
1603 1767 1729 1806 suas
1764 1750 1829 1804 ad
1863 1744 1904 1803 Β
1935 1752 2157 1814 Ericbo,
2182 1746 2474 1805 llillerico,
2496 1740 2767 1810 Remigio,
2796 1734 3037 1798 Ebbone,
3076 1725 3356 1797 Sighaldo,
3387 1736 3513 1776 eum

238 1855 527 1912 ecclesiam
553 1854 911 1916 Remensem,
977 1860 1084 1905 tam
1144 1856 1347 1903 sanetae
1399 1845 1609 1907 Mari-.0,
1668 1856 1831 1911 quam

239 1957 432 2001 sancto
462 1943 725 2013 Remigio,
757 1942 1117 1997 contulerunt.
1161 1938 1262 2006 Qui
1312 1934 1506 2006 prmsul
1549 1932 1835 1987 defunctus

240 2045 325 2094 est
341 2051 489 2090 anno
537 2034 618 2089 sui
651 2033 990 2104 episcopatus
1010 2031 1110 2097 47;
1153 2030 1306 2099 cujus
1346 2040 1542 2095 corpus
1577 2024 1642 2076 ad
1673 2022 1836 2092 pedes

242 2126 416 2183 sancti
462 2124 696 2195 Remigii
740 2122 1085 2189 tumulatum,
1134 2117 1438 2190 huiusmodi
1480 2114 1721 2170 cernitur
1746 2112 1838 2167 ha-

245 2219 376 2277 bere
404 2218 618 2272 titulum

302 2306 873 2379 Bac-requiesci‘tuhumo
896 2304 1114 2364 Tilpinus
1140 2298 1313 2379 praesnti
1334 2298 1558 2371 honoris,

370 2364 553 2418 Vivere
576 2374 659 2429 qui
678 2369 898 2419 Christus
924 2376 1017 2415 vita
1046 2366 1256 2429 t't‘ubire
1281 2364 1384 2429 luit.

305 2428 450 2481 Hunc
478 2425 616 2478 Remi
644 2431 820 2489 papula
843 2437 1015 2488 iiiartyr
1043 2427 1301 2484 Dionysius
1331 2425 1485 2470 almus

371 2491 626 2541 Pastorem
652 2490 848 2552 vigilem
870 2493 1016 2549 misit,
1040 2498 1092 2535 et
1119 2500 1230 2536 esse
1264 2489 1476 2552 Patrem.

306 2554 468 2615 Quem
491 2544 1046 2615 pascens‘ituadragenis
1070 2557 1148 2597 est
1179 2548 1383 2615 annilius
1420 2544 1576 2592 annis.

374 2614 530 2664 Veste
562 2611 838 2664 senectutis
862 2613 1030 2671 despel
1054 2620 1162 2657 atus
1186 2611 1303 2657 abit.

311 2676 525 2738 Quartus
548 2688 658 2725 cum
684 2676 845 2738 Nonas
867 2667 1051 2722 mensis
1070 2673 1366 2738 Sfptember
1390 2667 1620 2723 haberet,

372 2742 560 2790 Mortua
586 2739 777 2799 quando
800 2736 889 2784 fuit
912 2749 1040 2783 timrs
1062 2735 1154 2799 sibi
1181 2742 1274 2799 vita
1298 2736 1482 2799 manet.

308 2786 617 2915 Ειὲυοηὲιηί
643 2798 778 2847 locus
800 2806 947 2858 atque
982 2798 1162 2855 gradus
1182 2796 1270 2840 ltus
1298 2794 1545 2850 junxerai,
1592 2786 1820 2837 llincmar

421 2866 499 2913 uic
519 2864 634 2912 fecit
659 2859 914 2915 tumulum,
940 2857 1211 2915 composuit
1231 2855 1443 2903 titulum.

421 2866 499 2913 uic
519 2864 634 2912 fecit
659 2855 914 2920 tumulum,
940 2857 1211 2918 composuit
1231 2855 1443 2903 titulum.

826 2964 1053 3022 CAPUT
1092 2962 1275 3018 XVlll.

710 3058 789 3114 De
834 3056 1074 3126 Vulfario
1102 3055 1359 3123 episcopo.

320 3156 595 3226 'l'ilpinum
640 3152 885 3221 sequitur
923 3147 1216 3210 \‘ullarius,
1270 3143 1359 3213 qui
1418 3141 1485 3196 ah
1518 3140 1843 3212 imperatore

257 3236 702 3326 praefato'magno
735 3246 934 3303 Karolo
983 3245 1180 3299 missus
1230 3238 1535 3296 dominicus
1583 3234 1649 3291 ad
1697 3242 1845 3289 recta

254 3344 449 3419 judicia
475 3340 888 3399 determinauda
915 3338 1086 3392 [iterat
1111 3344 1236 3390 ante
1256 3334 1624 3402 episcopatmn
1647 3325 1864 3403 consti-z

258 3396 449 3419 ,η---η
482 3396 561 3399 νγ
1293 3396 1303 3402 ,
1445 3396 1454 3399 _

258 3446 405 3493 tutus
439 3420 608 3505 super
644 3442 810 3488 totam
858 3428 1212 3498 Campaniam
1242 3441 1255 3477 :
1289 3425 1339 3477 in
1377 3422 1462 3476 his
1494 3432 1709 3490 quoque
1757 3396 1864 3485 pa?

256 3531 358 3601 gis,
392 3528 718 3582 Dolonzense
757 3523 982 3584 scilicet,
1012 3519 1296 3588 Vongcusc
1330 3514 1685 3569 Castricense.
1723 3508 1850 3563 Sta-

257 3623 519 3684 doaense,
541 3616 957 3691 Catalauncnsc,
981 3612 1241 3667 Otmeuse
1264 3605 1361 3679 [aL
1381 3598 1689 3671 Ortneizse],
1718 3599 1853 3652 Lau-

259 3712 526 3772 duncusc,
580 3689 853 3763 Vadense.
889 3703 1145 3758 Portiano
1190 3696 1563 3755 Tardunense,
1604 3689 1853 3745 Suessio-

259 3819 446 3866 nense,
499 3801 642 3856 sicut
685 3807 741 3853 et
782 3796 875 3852 alii
918 3796 1135 3867 quidam
1182 3789 1472 3859 sapientes,
1506 3794 1562 3837 et
1590 3784 1753 3837 Deum
1785 3779 1856 3835 ti-

263 3902 473 3947 mentes
504 3890 844 3944 habebantur
887 3887 1108 3939 ahbates
1157 3896 1256 3950 per
1294 3891 1506 3932 omnem
1542 3872 1768 3929 Galliam
1803 3876 1860 3924 et

263 3982 610 4037 Germaniam
642 3995 672 4034 a
702 3976 924 4047 praefato
962 3975 1288 4044 imperatore
1323 3964 1570 4036 delegati,
1599 3978 1706 4032 quo
1736 3960 1860 4014 dili-

264 4083 452 4144 genter
484 4071 843 4140 inquirerent,
876 4065 1107 4135 qualiter
1139 4059 1394 4132 episcopi,
1422 4057 1665 4118 abbatcs,
1693 4050 1861 4107 comi-

269 4143 346 4220 tes
370 4172 427 4219 et
473 4162 766 4217 abbatissa:
787 4173 883 4228 per
905 4154 1144 4227 singulos
1173 4166 1341 4222 pagos
1369 4156 1615 4219 agerent,
1646 4143 1859 4215 qualem

267 4254 615 4310 concordiam
648 4260 703 4304 et
731 4246 1026 4303 amicitiam
1058 4244 1124 4298 ad
1157 4242 1385 4296 invicem
1419 4243 1684 4297 tenerent,
1716 4243 1771 4288 et
1806 4240 1865 4286 ut

270 4343 438 4400 honos
463 4352 519 4397 et
560 4342 783 4395 idoneos
809 4334 1154 4391 viccdomnos
1177 4340 1231 4386 ct
1257 4331 1547 4383 advocatos
1573 4324 1857 4385 haberent,

271 4444 326 4489 et
370 4433 733 4499 undecunque
786 4439 1007 4481 necesse
1050 4422 1257 4483 fuisset,
1309 4428 1414 4472 tam
1469 4416 1664 4486 regias,
1699 4427 1857 4482 quam

274 4524 628 4580 ecclesiarum
695 4518 789 4573 Dei
861 4514 1133 4585 jtistitias,
1187 4510 1469 4564 viduarum
1526 4519 1740 4576 quoque
1806 4509 1862 4555 ct

274 4619 662 4687 orpbanorum,
714 4610 809 4666 sed
858 4617 911 4663 et
951 4615 1270 4663 cretei-orum
1314 4600 1593 4656 hominum
1626 4594 1865 4665 inquire-

281 4720 415 4775 rent,
460 4718 518 4764 et
562 4706 907 4777 perficerent,
957 4709 1012 4755 et
1054 4696 1412 4768 quodcunque
1469 4686 1865 4746 emendandum

279 4809 419 4856 esset
452 4798 748 4855 emendare
802 4791 1106 4851 studerent,
1156 4787 1209 4842 in
1249 4792 1508 4855 quantmn
1551 4779 1744 4833 melius
1769 4791 1865 4845 po-

286 4892 527 4956 tuissent,
554 4899 610 4945 et
643 4886 787 4956 quod
829 4883 1118 4937 emendare
1159 4892 1255 4948 per
1290 4890 1349 4929 se
1391 4870 1781 4942 nequivissent,
1814 4866 1867 4919 in

287 4984 622 5055 prmsentiam
678 4973 1026 5047 imperatoris
1072 4969 1266 5026 adduci
1309 4967 1570 5027 facerent,
1598 4970 1652 5015 et
1686 4960 1751 5013 de
1783 4958 1869 5012 his

290 5076 534 5132 omnibus
573 5074 746 5129 eidem
778 5065 1010 5140 principi
1050 5062 1281 5119 ﬁdeliter
1325 5058 1638 5112 renuntiare
1681 5049 1866 5104 stude-

295 5178 404 5192 --.η
454 5168 715 5192 θυμω...
742 5162 909 5192 ξηιιιηο
936 5156 1186 5192 ιινωΓ-ιιιιε
1228 5152 1312 5192 vir
1342 5148 1568 5192 illustris
1602 5140 1873 5192 \‘nll‘arius

1932 1855 2130 1902 czntcro
2153 1842 2320 1902 clero,
2357 1834 2687 1908 presbyteris
2721 1840 2774 1884 et
2816 1824 3166 1886 diaconihus;
3200 1814 3513 1873 convocatis

1932 1937 2095 1992 etiam
2142 1930 2435 1988 comitibus
2480 1921 2823 1983 Cunthardo,
2866 1914 3131 1978 Rotl'rido,
3188 1908 3514 1968 Gislchcrto,

1933 2030 2155 2087 Otuero.
2193 2025 2287 2079 llis
2316 2018 2566 2075 omnibus
2597 2011 2976 2071 residentibus,
3024 2003 3291 2061 sententia
3335 1998 3510 2053 venti-

1934 2122 2042 2177 lata
2064 2129 2148 2174 est
2175 2119 2318 2171 inter
2336 2109 2765 2168 Weudiltnarum
2791 2113 2845 2157 ct
2870 2097 3207 2155 Rolhardum
3234 2093 3520 2164 episcopos

1934 2213 2001 2269 dc
2030 2209 2276 2267 terminis
2302 2203 2681 2278 parochiartun
2721 2192 2965 2259 suarum,
3013 2201 3067 2245 ct
3103 2186 3423 2258 requisitum
3452 2197 3518 2236 ac

1844 2302 1847 2309 ἱ
1936 2305 2218 2361 definitum
2248 2309 2355 2364 est,
2404 2297 2549 2367 quod
2577 2295 2691 2349 lucc
2731 2290 2846 2345 loca
2879 2297 3028 2341 Imus
3063 2282 3282 2337 lluvium
3316 2280 3522 2333 lsaram

1938 2399 1992 2455 in
2017 2414 2152 2469 pago
2174 2384 2515 2449 Noviomensi
2544 2386 2817 2457 pertinere
2839 2380 3094 2434 deberent
3123 2374 3188 2428 ad
3209 2370 3520 2443 parochiam

1938 2489 2181 2545 ecclesiae
2203 2479 2576 2540 Noviomensis
2602 2517 2617 2540 ,
2644 2475 2696 2528 id
2720 2481 2822 2532 est,
2858 2467 3094 2530 Varime,
3129 2464 3522 2529 Urbscampus,

1943 2581 2263 2650 Trapiacus,
2289 2572 2610 2635 Jerusalem,
2641 2560 3126 2623 llarbaudianisva,
3153 2555 3268 2611 sive
3293 2550 3526 2607 ecclesia

1942 2674 2116 2733 sancti
2149 2666 2487 2738 Lcodcgarii,
2525 2676 2650 2717 cum
2686 2655 2909 2726 reliquis
2940 2650 3082 2706 villis
3113 2647 3179 2701 ad
3219 2646 3320 2700 has
3347 2639 3523 2697 cccle-

1943 2766 2052 2822 sias
2083 2756 2549 2818 convenientibus.
2587 2751 2795 2806 Cmtera
2834 2758 2967 2800 vero
3001 2741 3120 2795 loca
3155 2745 3308 2815 trans
3335 2744 3529 2801 supra-

1943 2856 2150 2912 dictnm
2187 2848 2433 2909 ﬂuvium,
2469 2845 2520 2899 in
2555 2840 2815 2913 praedicto
2848 2848 3008 2906 pago,
3035 2827 3216 2885 omnia
3251 2821 3529 2894 pertinere

1945 2948 2205 3003 deberent
2238 2941 2305 2995 ad
2334 2935 2643 3010 parochiam
2688 2927 2930 2986 ecclesiae
2980 2917 3355 2987 Sucssiouipm.
3404 2910 3529 2965 [hcc

1948 3032 2363 3106 diligentissime
2387 3026 2712 3094 investigata
2735 3020 3129 3074 consenserunt
3152 3020 3313 3075 supra
3338 2996 3531 3068 scripti

1870 3098 1915 3158 θ
1947 3093 2214 3200 episcopi,
2265 3132 2322 3178 et
2379 3093 2778 3186 ehorepiscopi,
2830 3107 3074 3163 ahbates,
3119 3093 3418 3169 presbyteri
3475 3097 3533 3146 et

1954 3217 2189 3282 diaconi,
2236 3223 2292 3269 et
2335 3226 2464 3284 pars
2514 3204 2761 3263 ecclesia:
2799 3192 3198 3254 Noviomensis,
3252 3184 3435 3266 clerici
3478 3189 3536 3237 et

1951 3298 2072 3367 laici
2096 3328 2111 3376 ;
2142 3317 2198 3363 et
2219 3322 2346 3379 pars
2372 3300 2618 3359 ecclesia:
2649 3289 3011 3351 Suessouieze,
3045 3280 3298 3340 similiter
3322 3273 3535 3339 clerici,

1951 3415 2007 3461 et
2034 3403 2181 3467 laici,
2224 3409 2278 3454 et
2304 3413 2412 3452 uno
2445 3391 2628 3449 animo
2650 3400 2865 3457 unoque
2902 3393 3171 3438 consensu
3210 3373 3536 3430 conﬁrmare

1953 3498 2329 3552 decreverunt.
2361 3488 2470 3543 Nec
2495 3501 2606 3540 suae
2639 3491 2845 3535 tantum
2874 3466 3193 3531 dimceseos,
3223 3465 3351 3536 quin
3370 3460 3536 3516 etiam

1954 3587 2257 3643 Treverica:
2306 3582 2435 3636 urbs
2480 3564 2947 3643 archicpiScopum
2995 3560 3352 3620 Amalarium,
3412 3564 3536 3607 cum

1955 3679 2245 3735 Atlalmaro
2268 3674 2437 3744 ipsius
2473 3669 2825 3738 coepiscopo,
2850 3671 2904 3716 et
2946 3653 3259 3713 llcrilando,
3285 3645 3531 3719 jussione

1956 3767 2300 3840 imperatoris
2329 3762 2507 3832 magni
2534 3756 2739 3819 Karoli,
2772 3753 2840 3806 ab
2872 3748 3062 3802 eodem
3090 3742 3299 3797 scilicet
3325 3731 3536 3789 \‘ultfa-

1960 3864 2042 3918 rio
2066 3857 2482 3928 metropolitano
2509 3853 2865 3907 convocatum
2892 3840 2958 3893 ad
2992 3831 3392 3890 ordinationem
3418 3822 3538 3893 epi-

1959 3912 2850 4026 scopalem'cujnsdamFrotbarii,
2899 3926 3138 4002 pricl‘atzc
3179 3912 3540 4026 TI‘CVCl‘ClIt'SiS

1961 4002 2227 4026 ""'l'"""'
2268 4002 2281 4004 '
2321 4002 2340 4019 α

1961 4042 2205 4099 ecclesia:
2233 4032 2559 4109 presbyteri,
2583 4028 2758 4084 eidem
2799 4020 3046 4095 paruisse
3077 4012 3396 4082 reperimus.
3429 4002 3545 4057 lloc

1962 4137 2127 4191 etiam
2154 4130 2396 4187 anl‘ario
2432 4122 2662 4197 prmsulc
2694 4117 3010 4176 ordinante,
3039 4110 3423 4176 congregatum
3455 4108 3544 4148 re-

1963 4225 2171 4297 peritur
2201 4218 2384 4276 lietnis
2411 4218 2480 4271 ab
2518 4215 2849 4281 imperatore
2904 4199 3103 4259 Karolo
3136 4196 3326 4263 Magno
3364 4184 3547 4242 conci-

2804 4291 2817 4297 ‘
2982 4284 2985 4289 ’
3158 4282 3212 4297 -δι
3243 4287 3305 4297 .a-
3348 4274 3404 4297 ιτ
3469 4271 3516 4297 lg

1964 4271 2093 4366 iium
2123 4307 2477 4380 plurimorum
2505 4299 2749 4358 Patrum,
2803 4291 2858 4345 in
2882 4284 2991 4358 quo
3022 4282 3312 4355 constituta
3338 4274 3427 4337 4'5,
3468 4271 3547 4324 le-

1967 4360 2167 4473 gunttir
2191 4396 2441 4468 capitula,
2466 4393 2519 4447 in
2545 4389 2742 4460 quibus
2774 4383 2839 4437 de
2879 4378 3001 4434 ﬁdei
3031 4375 3241 4431 ratione
3263 4378 3423 4438 atque
3453 4360 3549 4416 Dei

1965 4494 2218 4551 Ecclesia:
2242 4491 2471 4550 honore,
2491 4488 2871 4543 vectorumque
2891 4470 3062 4542 ipsius
3085 4482 3149 4520 ac
3177 4460 3549 4517 ministrorum

1968 4582 2346 4653 dispositione,
2376 4575 2627 4644 regisque
2657 4564 2943 4625 ﬁdelitate,
2981 4566 3143 4625 atque
3189 4548 3355 4605 totius
3397 4540 3551 4611 regni

1971 4676 2202 4731 utilitate
2230 4676 2515 4724 tractatum
2547 4669 2651 4717 est.
2828 4652 2829 4655 “
2964 4696 2967 4700 .
3005 4696 3009 4699 .

2042 4763 2311 4835 Quasdam
2340 4767 2598 4831 przcterei
2638 4749 2793 4806 villas
2836 4740 3080 4801 ecclesia:
3126 4725 3420 4789 Remensis
3450 4723 3556 4777 rite

3075 4830 3087 4835 -
3221 4822 3235 4835 .
3449 4811 3554 4835 OL,

2046 4811 2311 4835 κηππηη-
2341 4811 2388 4831 Γ
2428 4811 2435 4812 ,

1977 4854 2279 4912 distributis
2317 4860 2479 4918 atque
2517 4840 2806 4913 descriptis
2843 4830 3117 4891 ordinavit
3153 4816 3402 4881 coloniis.
3449 4811 3558 4868 Sed
3589 4836 3605 4889 't

1973 4959 2030 5004 et
2059 4963 2145 5003 res
2173 4942 2416 5000 ecclesiae
2446 4937 2682 5007 aliquas,
2725 4926 3131 4998 mancipiaqne,
3159 4928 3283 4971 cum
3314 4903 3563 4979 personis
3589 4983 3598 4998 .

1974 5036 2294 5109 quibusdam
2341 5047 2441 5105 pro
2479 5032 2714 5099 partium
2746 4997 3105 5076 commutavit
3133 4997 3593 5099 opportunitate.‘

1976 5085 2294 5109 ‘I""""‘""'
2344 5085 2369 5105 r
2480 5085 2492 5099 ι

1976 5130 2056 5185 De
2082 5127 2350 5185 thesauris
2377 5124 2539 5178 etiam
2567 5127 2768 5177 sanctae
2797 5112 3006 5172 Mariae.
3032 5125 3098 5165 ac
3128 5096 3299 5160 sancti
3327 5085 3589 5158 Remigii,
