3974 5392
466 384 568 439 127

1527 376 1914 435 FLODOABDI
1948 378 2271 436 CANONlCl
2313 362 2655 437 REMENSIS
2718 351 2739 355 ’”

3639 386 3749 442 ηε

467 502 712 571 designat
739 494 962 567 epistola
990 512 1004 554 ;
1048 493 1143 550 sed
1183 502 1361 548 utrum
1394 493 1534 557 ierit,
1564 504 1773 549 certem
1809 511 1912 549 non
1948 492 2040 547 ha-
2069 498 2116 557 Α
2143 493 2242 547 bus
2273 492 2533 563 Stephani
2565 510 2736 563 papa),
2787 511 2851 550 ac
2881 476 3160 551 “Ludovici
3209 494 3551 565 imperatoris
3604 496 3747 550 lusi-

467 594 675 647 bemus.
708 590 972 645 Redditus
999 597 1176 642 autem
1204 588 1453 641 villarum
1478 588 1833 657 quarumdam
1871 590 2043 644 eccle-

465 685 558 738 sia:
570 684 619 736 in
632 682 973 738 eleemosvua
993 678 1363 750 probabiliter,
1389 693 1487 749 pro
1505 681 1583 735 sui
1607 681 1852 749 corporis
1867 689 1917 735 et
1933 681 2043 734 ani«

470 787 573 825 tua:
602 770 775 824 salute
793 770 1085 833 distributi,
1110 769 1430 838 quibusdam
1455 769 1632 825 adhuc
1660 769 2041 840 descriptioni-

464 860 565 913 bus
590 870 716 913 tunc
743 859 901 914 factis
922 858 1203 928 leguntur;
1228 858 1281 913 in
1307 859 1503 928 quibus
1525 858 1872 912 inveniuntur
1903 860 2042 914 inter

470 950 806 1016 Termidum,
843 950 1112 1006 Grandem
1145 958 1380 1020 pratum,
1410 949 1717 1015 Vindicum,
1750 951 2040 1006 Furvillaiu

464 1039 614 1111 [ms.,
649 1039 992 1112 Furnillam],
1032 1039 1359 1094 Gramadum
1403 1039 1804 1114 [Graviagiiinj,
1827 1041 2063 1109 Pidnm,

461 1130 831 1196 (iadevellum,
877 1142 933 1186 et
968 1132 1185 1187 Cortetn
1233 1131 1524 1202 Magnaldi,
1574 1134 1625 1187 in
1666 1134 2043 1189 distributione

460 1219 820 1294 eleemosyme
848 1223 916 1277 de
935 1239 1144 1277 annona
1159 1224 1319 1277 modii
1340 1224 1475 1278 1975
1492 1224 1549 1295 [ἱ.
1568 1223 1727 1296 167].
1744 1225 1818 1279 De
1836 1228 2044 1281 anima-

463 1312 604 1368 libus
631 1315 780 1368 inter.
800 1315 1004 1385 majora
1046 1324 1101 1369 et
1139 1315 1350 1371 minora
1377 1317 1551 1386 capita
1587 1318 1705 1371 168.
1738 1317 1869 1373 ltem
1900 1319 2042 1373 inter

462 1406 619 1460 villas
674 1406 898 1476 Fagum,
950 1408 1064 1463 sive
1122 1407 1439 1474 Boleticum,
1492 1421 1545 1463 et
1592 1407 1725 1464 alias
1772 1411 2033 1480 quasdam

461 1513 689 1554 annonae
732 1499 893 1553 modii
928 1498 1083 1561 1052,
1133 1498 1241 1553 vini
1292 1500 1436 1554 mod.
1488 1500 1576 1565 6i,
1621 1501 1753 1555 salis
1794 1502 1956 1556 modii
1984 1502 2036 1568 5,

460 1604 582 1643 cum
626 1590 859 1645 diversis
889 1592 1243 1659 animalibus,
1270 1602 1326 1648 et
1372 1593 1492 1648 aliis
1534 1595 1700 1647 variis
1745 1593 1904 1647 rebus
1941 1610 2040 1648 ex-

459 1696 648 1750 pensa.
684 1683 766 1737 Ad
792 1698 926 1752 Opus
947 1699 1160 1753 quoque
1191 1684 1418 1738 fratrum
1450 1684 1776 1740 Orbacensis
1806 1683 2037 1738 coenobii

459 1783 721 1843 quantum
773 1774 1043 1830 sullieeret
1091 1776 1190 1831 eis.
1243 1776 1396 1831 Unde
1443 1777 1605 1831 datur
1653 1776 1921 1846 intelligi,
1982 1775 2038 1831 in

460 1863 762 1932 majoribus
788 1882 1003 1936 quoque
1040 1868 1173 1922 locis
1203 1868 1368 1920 multa
1396 1876 1521 1921 tunc
1544 1867 1694 1937 plura
1737 1866 1903 1923 fuisse
1931 1868 2042 1923 dis-
2070 1862 2116 1922 B

455 1955 1048 2026 sipataalmmuuitatis
1086 1970 1301 2028 Quoque
1336 1968 1664 2028 prmerptum
1706 1959 1773 2013 ab
1816 1960 2043 2028 impera-

460 2042 575 2101 tore
598 2045 891 2112 Ludovico,
921 2049 1214 2102 secundum
1246 2044 1658 2117 praeceptionem
1706 2047 1887 2101 Karoli
1935 2050 2042 2101 Au-

456 2135 596 2204 gusti
619 2137 788 2204 patris
811 2136 999 2207 ipsius,
1025 2137 1272 2192 ecclesiae
1294 2136 1574 2202 Remensi,
1603 2137 2041 2206 monasterioque

458 2228 635 2284 sancti
660 2227 890 2299 Remigii
921 2230 1180 2285 obtinuit.

1050 2321 1282 2376 CAPUT
1322 2321 1463 2376 ΧΙΧ.

955 2413 1033 2467 De
1072 2412 1254 2467 Ebone
1299 2412 1544 2484 prwsule.

531 2504 668 2561 Huic
698 2514 960 2562 successu
977 2505 1107 2570 Ebo,
1133 2505 1213 2559 vir
1239 2504 1532 2559 industrius
1555 2512 1611 2559 et
1628 2505 1944 2561 liberalibus
1966 2506 2043 2561 di-

460 2597 701 2668 sciplinis
717 2598 985 2669 eruditus,
1016 2596 1191 2667 patria
1221 2595 1684 2652 Transrhenensis
1729 2613 1791 2653 ac
1820 2597 2045 2652 Germa-

456 2682 632 2754 nicus,
666 2689 1026 2758 imperatoris,
1053 2697 1112 2742 ut
1147 2689 1339 2754 fertur,
1378 2687 1633 2744 Ludovici
1660 2689 2040 2746 collactaneus.

457 2780 1015 2844 ctcouscholasticus,
1042 2778 1131 2848 qui
1173 2779 1355 2833 multis
1394 2779 1677 2835 ecclesiam
1708 2781 1921 2835 curavit
1966 2782 2044 2835 iu-

461 2880 672 2926 struere
721 2870 1040 2936 commodis,
1089 2878 1145 2923 et
1188 2870 1458 2940 prtecipue
1498 2871 1796 2927 artificibus
1849 2873 2044 2942 quibus

462 2963 819 3033 undecunque
848 2962 1088 3019 collectis
1113 2963 1271 3019 sedes
1290 2964 1457 3030 dedit,
1483 2975 1536 3020 et
1561 2965 1837 3021 beneficiis
1861 2984 2045 3024 mune-

459 3051 619 3105 ravit.
661 3052 922 3122 Mancipia
950 3052 1033 3107 vel
1061 3055 1281 3108 colonos
1310 3055 1569 3124 quosdam
1594 3055 1836 3110 ecclesia:
1864 3057 2044 3112 descr-

458 3153 603 3200 tores
633 3153 740 3198 tam
764 3159 861 3215 per
892 3144 1153 3215 seipsum,
1198 3158 1359 3215 quam
1399 3161 1496 3216 per
1524 3147 1861 3218 Radulphnm
1900 3153 2040 3206 vice-

458 3237 735 3290 dominum
760 3244 815 3290 et
848 3235 1093 3293 ecclesia:
1122 3237 1464 3304 advocatum,
1500 3241 1639 3310 apud
1683 3240 1894 3311 jndices
1938 3259 2036 3312 pu~

454 3324 628 3381 blicos
667 3323 871 3396 legibus
911 3327 1242 3382 evindicatos
1286 3336 1341 3382 et
1381 3330 1651 3395 obtenlos,
1676 3332 2040 3387 ecclesiastico

450 3413 559 3483 juri
593 3417 848 3471 restituit.
877 3416 1145 3483 Quasdam
1177 3435 1394 3490 quoque
1433 3435 1521 3475 res
1568 3421 1829 3486 ecclesiae,
1879 3434 2040 3492 atque

456 3507 746 3576 mancipia,
778 3522 899 3562 cum
928 3507 1193 3578 aliquibus
1222 3511 1468 3578 personis
1512 3527 1610 3581 pro
1638 3514 1870 3582 partium
1895 3529 2040 3568 com-

455 3597 716 3651 moditate
738 3598 1110 3653 commutavit.
1138 3600 1245 3654 Sed
1270 3602 1584 3670 temporalia
1616 3618 1781 3673 super
1799 3602 2037 3671 ejusdem

455 3688 970 3744 commutationibus
1006 3700 1276 3761 praecepta
1311 3691 1562 3746 obtinuit.
1601 3694 1684 3747 Ab
1715 3695 2038 3763 imperatore

453 3790 670 3847 quoque
689 3776 960 3834 Ludovico
982 3780 1190 3836 litteras
1218 3783 1285 3837 ad
1320 3782 1618 3839 Robertum
1649 3786 1899 3840 comitem
1941 3803 2038 3856 pro

454 3868 946 3928 ecclesiasticarum
1002 3890 1182 3929 rerum
1233 3876 1544 3933 defensione
1597 3876 1769 3951 (quas
1820 3882 2035 3949 quidam

453 3962 747 4029 pervadere
774 3964 1175 4037 'moliebantur)
1231 3967 1560 4037 impetravit.
1611 3969 1862 4024 Colonias
1909 3987 2037 4026 vero

454 4051 743 4108 nonnullas
764 4053 1028 4118 ecclesiae,
1053 4055 1338 4126 descriptis
1366 4073 1460 4126 per
1483 4068 1732 4113 strenuos
1766 4060 1907 4114 viros
1946 4076 2041 4115 co-

453 4139 617 4206 lonis,
651 4156 947 4211 eorumque
967 4144 1222 4210 servitiis,
1251 4147 1541 4200 ordinavit.

526 4231 819 4287 Archivum
850 4233 1094 4288 ecclesias
1122 4234 1404 4291 tutissimis
1424 4236 1687 4302 :cdiliciis,
1704 4255 1824 4293 cum
1847 4250 2036 4311 crypta

456 4324 515 4376 in
557 4323 763 4379 honore
810 4325 981 4378 sancti
1033 4324 1203 4390 Petri,
1249 4326 1595 4398 omniumque
1648 4331 2033 4400 apostolorum,

457 4420 777 4483 martyrum,
823 4413 1215 4479 confessorum,
1266 4432 1329 4471 ac
1358 4418 1621 4488 virginum
1648 4421 1914 4486 dedicata,
1947 4424 2034 4477 ubi

455 4501 568 4556 Deo
591 4503 822 4572 propitio
853 4504 1129 4559 deservire
1158 4505 1421 4572 videmur,
1452 4523 1615 4577 opere
1658 4511 1868 4565 decenti
1908 4527 2038 4567 con-

455 4595 699 4650 struxit:
750 4596 837 4651 ubi
884 4595 1176 4650 multorum
1234 4606 1340 4650 tam
1386 4599 1825 4667 apostolicorum,
1872 4616 2034 4670 quam

454 4693 774 4742 czclerorum
801 4697 1107 4743 sanctorum
1141 4690 1356 4744 condita
1400 4692 1622 4761 pignora
1666 4705 2032 4748 reservantur.

453 4775 511 4829 In
560 4791 667 4846 qua
716 4779 982 4833 nonnulla:
1018 4780 1406 4836 illustrationes
1442 4789 1676 4836 ostensa:
1718 4791 2034 4837 noscuntur.

455 4864 577 4919 Vidi
605 4867 869 4936 siquidem
892 4871 1175 4925 nutritoris
1207 4873 1309 4926 mei
1340 4873 1633 4939 Gundacri,
1666 4873 1716 4927 in
1749 4883 2034 4945 prospectu

454 4956 623 5024 ipsius
642 4959 885 5014 ecclesiae
912 4963 1321 5027 comtnanentis,
1367 4979 1601 5029 servum,
1650 4966 1776 5021 dum
1832 4974 2035 5023 temere

449 5063 623 5120 prope
673 5049 965 5107 fenestram
998 5053 1158 5120 hujus
1188 5065 1389 5127 cryptae
1419 5058 1738 5113 accessisset
1764 5061 2027 5127 mingerc,

451 5140 677 5197 terribili
700 5143 931 5213 quadam
958 5144 1110 5215 quasi
1141 5149 1332 5203 armati
1374 5149 1652 5217 cujusdam
1679 5152 1778 5207 viri
1822 5152 2031 5207 visione

452 5234 528 5280 ita
561 5234 895 5280 deterritum-
930 5246 991 5280 nt.
1035 5246 1319 5280 ntllﬂl‘nlnr
1360 5240 1606 5280 ςιηιίιιμιιη
1635 5257 1848 5280 αηηαηηι
1922 5242 2026 5280 Rm!

2066 4563 2113 4621 ι)
2138 4519 2190 4589 pl

2149 584 2378 655 gnitnm.

2201 672 2472 723 Ludovicus
2488 672 2648 723 Caesar
2668 674 2819 724 factus
2843 678 3105 723 coronante
3129 672 3378 733 Stephano

2209 734 2310 798 llac
2327 737 2374 784 lu
2396 737 2537 795 sede,
2564 749 2680 798 papa
2705 748 2900 795 magno.
2925 742 3114 798 tuncet
3146 735 3247 784 Eho
3269 732 3483 793 pontifex

2202 796 2541 846 Fundamenta
2566 796 2820 847 renovavit
2843 807 3012 846 cuncta
3040 796 3129 845 loci
3157 798 3315 853 istius,
3428 834 3437 841 .
3752 833 3758 853 ί

2214 839 2352 908 Urbis
2381 839 3067 921 jura‘sibivs'ubdensfjn'tesul
3091 839 3227 906 ausit
3243 839 3420 904 omnia.
3752 839 3766 911 κ

2158 974 2175 993 ς
2221 938 2409 994 Matris
2438 939 2678 1010 ejusdem
2723 938 2923 995 Ebonis
2952 937 3258 1010 hujusmodi
3296 937 3528 992 habetur
3571 934 3761 1006 cpite-7

2147 1027 2356 1096 pltium.

2208 1120 2316 1170 Mea
2338 1121 2459 1184 forte
2481 1123 2519 1170 si
2546 1122 3013 1184 requiristemporis
3036 1122 3189 1182 initia,
3261 1130 3269 1137 '
3327 1177 3334 1184 .

2212 1184 2346 1246 _Sc:to
2379 1182 2533 1232 Karoli
2561 1182 2711 1234 fuisse
2730 1187 2869 1246 regni
2888 1182 2986 1233 sub
3013 1183 3298 1246 primordia;

2208 1243 2448 1306 Ludovico
2473 1243 2928 1305 triumphante—dies
2952 1243 3094 1294 ﬂuxit
3117 1244 3303 1306 ultima.
3387 1304 3395 1306 _
3593 1301 3597 1306 ,

2208 1305 2410 1373 alienus
2433 1310 2610 1373 primos
2628 1304 2755 1355 lavit
2780 1318 2960 1373 mores,
2981 1307 3148 1354 alveus
3170 1304 3509 1373 Germaaicus.

2210 1368 2335 1417 Hinc
2360 1371 2559 1419 nutrivit
2584 1376 2635 1417 et
2654 1368 2895 1417 secundos
2914 1367 3062 1427 Liger
3083 1369 3236 1415 amnis
3256 1366 3489 1427 Gallicus.

2206 1429 2430 1487 Sequana
2467 1430 2580 1478 fovit
2600 1431 2869 1490 juventam,
2890 1425 3060 1478 sordes
3079 1431 3279 1476 sordens
3306 1425 3496 1475 Vidula.

2212 1490 2396 1539 Praesul
2426 1500 2529 1540 erat
2554 1492 2686 1539 urbis
2718 1492 2862 1547 huius
2886 1491 3002 1538 mihi
3028 1497 3165 1538 natus
3192 1494 3384 1550 unicus,

2210 1552 2340 1602 Idem
2365 1566 2445 1601 me
2468 1554 2699 1601 conduxit
2720 1554 2811 1600 sibi
2846 1554 3021 1600 sociam
3047 1552 3313 1609 laboribus,

2208 1614 2489 1663 Proximum
2524 1617 2675 1662 ruinae
2700 1613 2855 1661 locum
2880 1612 3143 1661 renovandi
3170 1613 3389 1672 cupidus,

2205 1674 2394 1737 Decem
2412 1677 2565 1724 ferme
2591 1688 2748 1737 nuper
2773 1687 2924 1737 annos
2946 1672 3198 1737 simulhhic
3221 1674 3523 1737 peregimus.
3548 1716 3549 1719 η

2206 1736 2310 1787 Ebo
2344 1745 2523 1795 rector,
2547 1749 2640 1796 ego
2661 1733 2819 1784 mater
2842 1735 3145 1784 llitniltrndis
3163 1733 3375 1791 humilis,

2207 1798 2535 1847 Fundamenta
2560 1800 2694 1847 sedis
2717 1805 2895 1845 sanetae
2920 1797 3100 1858 pariter
3122 1797 3393 1858 ereximus,

2207 1860 2313 1909 Deo
2335 1862 2553 1908 detritum
2586 1859 2800 1906 laborem
2823 1856 2937 1907 dum
2963 1858 3172 1916 gerebat
3196 1856 3435 1914 pontifex,

2211 1923 2356 1986 lj‘essa
2379 1924 2597 1986 quietem
2614 1922 2920 1986 quaerebam;
2952 1914 3070 1986 ecce
3089 1920 3183 1986 sub
3206 1920 3297 1986 hoc
3320 1914 3506 1986 tumulo

2207 1978 2484 2042 Quiutonie
2510 1978 2647 2043 Sept?
2667 1983 2807 2030 inter
2832 1978 3015 2029 mensis
3030 1978 3357 2043 ‘Kalendarnm
3381 1978 3557 2040 rapuit.
3601 2030 3605 2033 ,

2214 2040 2428 2099 Oviator.
2459 2055 2563 2093 esto
2582 2040 2756 2093 cantes
2778 2054 2975 2104 semper
2999 2041 3059 2104 ab
3092 2040 3394 2104 excessibus.

2207 2105 2385 2169 Fateor
2411 2120 2504 2169 nun
2540 2108 2796 2167 profuisse,
2825 2100 3066 2169 ut'debui,
3092 2101 3204 2149 dum
3233 2101 3362 2158 potui

2205 2167 2428 2229 Veniam,
2456 2160 2644 2229 dic'pro
2669 2160 2897 2227 vindicta,
2919 2165 2977 2214 da
3004 2160 3157 2226 Deus,
3187 2160 3515 2224 peccantibus.

2216 2246 2386 2317 llujus
2414 2247 2659 2317 praesulis
2690 2248 2905 2300 hortatu
2939 2244 3267 2315 Halitgarius
3309 2239 3743 2298 Camaracensis

2144 2337 2428 2407 episcopus
2450 2352 2540 2391 sex
2566 2335 2770 2390 libellos
2798 2335 2872 2388 De
2901 2334 3153 2388 remediis
3177 2340 3546 2402 peccatorum,
3569 2329 3744 2397 otior-

2146 2431 2270 2485 diue
2300 2430 2383 2482 vel
2425 2428 2643 2498 jndiciis
2690 2427 3024 2498 poenitentia:
3054 2424 3394 2494 conscripsit.
3438 2422 3523 2478 Ad
3569 2437 3733 2493 quem

2149 2521 2273 2575 talis
2294 2519 2409 2589 ejus
2435 2527 2613 2574 exstat
2635 2516 2884 2587 epistola.

2222 2631 2239 2664 ο
2286 2610 2755 2666 Reverendissimo
2792 2608 2845 2662 in
2874 2606 3089 2663 Christo
3120 2604 3282 2673 fratri
3324 2620 3389 2661 ac
3438 2603 3580 2660 filios
3625 2604 3737 2660 ΗΑ-

2148 2720 2400 2760 ιιτςλιιιο
2446 2704 2718 2773 episcopo,
2770 2701 2882 2757 Eno
2933 2700 3184 2771 indignus
3221 2698 3528 2770 episcopus,
3575 2695 3729 2752 salue

2151 2806 2277 2850 tem.

2222 2901 2241 2935 ι
2288 2880 2403 2937 Non
2427 2881 2613 2937 dubito
2645 2889 2748 2936 tuae
2778 2881 2829 2936 id
2856 2888 3042 2936 notum
3073 2894 3193 2936 esse
3229 2878 3503 2945 cbaritati,
3529 2885 3735 2948 quanta

2148 2972 2304 3029 nobis
2331 2973 2712 3028 ecclesiasticae
2735 2972 3051 3043 diseiplinm,
3073 2971 3399 3042 quantisque
3420 2979 3734 3025 nostrorqu

2148 3064 2559 3120 necessitatibus
2590 3064 2946 3127 subditorum,
2990 3073 3045 3118 et
3096 3063 3319 3131 insuper
3371 3058 3732 3115 mundialium

2147 3156 2608 3227 oppressionibus,
2636 3155 2832 3225 quibus
2858 3153 3096 3225 quotidie
3120 3153 3405 3223 agitamur,
3433 3166 3566 3206 cura
3596 3165 3733 3206 con-

2143 3247 2396 3315 stringat.
2449 3244 2695 3310 Idcirco,
2751 3252 2809 3299 ut
2860 3253 3035 3298 tecum
3095 3241 3341 3307 contuli,
3388 3256 3454 3296 ex
3502 3240 3745 3295 Patrum.

2139 3334 2320 3399 dictis,
2350 3349 2726 3404 canonumqne
2768 3332 3054 3389 sententiis
3082 3332 3147 3387 ad
3196 3347 3331 3402 opus
3365 3332 3734 3387 consacerdo-

2141 3432 2252 3479 tum
2306 3433 2613 3480 nostrorum
2663 3438 2957 3494 excerpere
3007 3421 3443 3479 Pmnitentialem
3504 3421 3732 3476 minime

2137 3517 2306 3582 valui,
2339 3516 2466 3586 quia
2488 3516 2699 3570 animus
2721 3532 2845 3571 eum
2869 3514 3125 3569 dividitur
3145 3529 3242 3584 per
3262 3511 3449 3578 multa,
3474 3511 3535 3566 fit
3552 3511 3755 3566 minor”

2140 3606 2206 3661 ad
2238 3606 2470 3678 singula.
2495 3607 2563 3661 Et
2590 3607 2689 3661 hoc
2719 3615 2801 3660 est
2827 3607 2970 3676 quod
3000 3607 3055 3659 in
3091 3606 3193 3659 hac
3228 3618 3288 3658 re
3316 3618 3403 3658 me
3432 3603 3593 3657 valde
3620 3602 3731 3658 sol-

2140 3698 2335 3761 licitat,
2385 3698 2638 3767 quoniam
2668 3696 2739 3750 ita
2776 3695 2999 3750 confusa
3049 3704 3175 3750 sunt
3208 3694 3413 3764 judicia
3458 3695 3730 3765 poeniten-

2140 3790 2271 3845 tium
2310 3789 2363 3844 in
2399 3788 2836 3861 presbyterorum
2870 3796 3172 3842 nostrorum
3220 3786 3516 3858 opusculis,
3564 3796 3732 3857 atque

2139 3884 2374 3945 diversa,
2407 3890 2461 3936 et
2501 3881 2644 3936 inter
2683 3896 2741 3936 se
2788 3879 3170 3950 discrepantia,
3218 3888 3271 3934 et
3312 3879 3511 3935 nullius
3537 3889 3728 3936 aucto-

2140 3974 2299 4028 ritate
2329 3971 2567 4036 suffulta,
2612 3981 2671 4025 nt
2701 3972 2789 4024 vix
2835 3978 3054 4040 propter
3081 3969 3467 4024 dissonantium
3515 3970 3730 4040 possint

2138 4065 2395 4121 discerni.
2447 4063 2600 4119 Unde
2648 4062 2704 4117 fit
2740 4071 2799 4116 ut
2841 4059 3289 4115 concurrentibus
3330 4061 3396 4114 ad
3425 4061 3727 4116 remedium

2135 4157 2486 4227 |xenitentiaa,
2506 4164 2610 4209 tam
2629 4171 2727 4225 pro
2749 4154 3006 4208 librorum
3033 4154 3368 4219 confusione,
3384 4168 3544 4223 quam
3560 4154 3728 4209 etiam

2139 4265 2233 4319 pro
2260 4249 2454 4318 ingenii
2491 4248 2765 4311 tarditate,
2798 4246 3106 4300 nullatenus
3148 4244 3362 4299 valeant
3412 4245 3725 4300 subvenire.

2137 4338 2496 4408 Quapropter,
2537 4337 2858 4391 charissime
2909 4335 3097 4401 frater,
3132 4335 3238 4387 noli
3288 4335 3519 4404 teipsum
3569 4335 3729 4391 nobis

2139 4443 2360 4499 negare,
2391 4428 2480 4496 qui
2509 4442 2724 4495 semper
2754 4426 2806 4480 in
2857 4424 3056 4479 divinis
3097 4423 3304 4479 ardenti
3347 4425 3531 4478 animo
3569 4424 3727 4479 disci-

2197 4520 2318 4585 inis,
2351 4535 2415 4575 ac
2442 4519 2625 4574 solerti
2661 4533 2791 4574 cura
2829 4517 3231 4587 Scripturarum
3284 4518 3725 4572 meditationibus
3780 4530 3785 4534 '

2139 4609 2535 4680 perfectissimo
2563 4609 2675 4664 otio
2701 4608 2949 4662 ﬂoruisti.
2975 4608 3192 4676 Arripe,
3226 4622 3430 4675 quceso,
3484 4607 3603 4662 sine
3631 4622 3727 4662 ex-

2138 4700 2432 4755 cusationis
2459 4701 2645 4763 verbo,
2695 4697 2854 4767 hujus
2903 4699 3129 4751 sarciuze
3178 4699 3388 4767 pondus
3430 4714 3459 4752 a
3492 4714 3580 4753 me
3605 4700 3727 4770 qni-

2137 4791 2257 4845 dem
2290 4790 2385 4843 tibi
2415 4790 2750 4860 impositum,
2780 4787 2872 4842 sed
2903 4803 2932 4841 a
2964 4786 3188 4840 Domino
3215 4788 3368 4857 cujus
3418 4804 3557 4843 onns
3606 4788 3723 4846 leve

2138 4891 2218 4937 est
2244 4881 2459 4952 (Matth.
2497 4883 2593 4949 χι),
2630 4880 2990 4950 levigandnm.
3020 4877 3134 4932 Noli
3170 4879 3379 4942 timere,
3413 4895 3589 4949 neque
3619 4880 3725 4935 for-

2138 4971 2310 5026 mich
2344 4971 2501 5038 hujus
2531 4969 2710 5039 operis
2738 4967 3158 5037 magnitudinem
3191 4985 3203 5020 :
3236 4967 3328 5021 sed
3370 4967 3603 5023 fidenter
3628 4984 3723 5024 ac-

2134 5061 2285 5128 cede,
2316 5062 2440 5130 quia
2471 5060 2643 5115 aderit
2669 5060 2761 5112 tibi
2801 5058 2890 5126 qui
2927 5058 3096 5112 dixit:
3124 5057 3284 5128 Aperi
3320 5074 3383 5114 os
3437 5069 3609 5125 tuum,
3668 5068 3724 5115 et

2134 5165 2234 5222 ego
2255 5151 2555 5220 adimplebo
2583 5148 2709 5202 illud
2734 5145 2905 5218 (Psal.
2933 5162 3095 5212 Lxxx,
3125 5146 3234 5216 ll).
3277 5145 3396 5202 Scis
3429 5147 3576 5203 enim
3623 5164 3724 5218 op-

2137 5244 2266 5280 tima
2291 5244 2472 5280 nou-vi:
2493 5255 2654 5280 narra
2686 5235 2949 5280 cumnprn,
2996 5252 3096 5280 ιιρρ
3142 5237 3207 5280 ad
3242 5251 3481 5280 mancam
3510 5254 3721 5280 manna.
