3974 5392
180 222 282 282 129

752 218 1099 279 HISTORLE
1144 216 1495 277 ECCLESLE
1537 210 1879 271 REMENSIS
1918 209 2097 267 LlBRl
2135 207 2494 278 QUATUOR.
2538 237 2606 248 -—
2646 207 2772 263 LIB.
2811 206 2875 265 ll.

3357 207 3458 262 l30

179 338 441 409 accepisti
461 356 491 392 a
520 337 768 393 Domino.
800 338 988 393 Aderit
1021 336 1116 391 tibi
1148 333 1306 403 lmjus
1336 331 1537 388 laboris
1573 330 1765 399 itinere
1792 332 1842 391 Α
1868 340 1991 381 eum
2021 323 2273 378 maximis
2325 322 2626 376 umneravit
2649 320 2807 377 donis
2831 362 2847 388 ,
2904 321 3257 392 amplioribus
3289 325 3459 376 multo
3497 320 3521 337 ί

179 432 322 487 illius
360 429 570 501 gratia,
624 428 716 499 qui
772 428 978 491 duobus
1030 425 1307 496 discipulis
1355 422 1609 478 euntibus
1660 430 1767 474 ter-

179 522 310 575 tium
343 536 405 575 se
432 520 643 575 socium
681 519 884 573 addidit
918 520 969 573 in
1007 519 1115 580 via,
1165 527 1222 571 et
1263 515 1472 586 aperuit
1518 513 1620 568 illis
1647 528 1769 567 seu-

179 629 324 676 sum,
348 621 411 666 ut
436 622 656 667 sanctas
683 610 1044 681 intelligerent
1077 608 1386 677 Scripturas
1424 604 1576 676 (Luc.
1618 619 1766 667 xxiv,

177 702 288 771 32).
332 701 571 770 Spiritus
618 700 926 771 paraeletus
970 700 1116 753 omni
1151 698 1392 752 veritatis
1424 697 1666 751 doctrina
1713 703 1768 749 et

177 795 418 866 perfecta
445 796 732 851 charitatis
762 793 987 849 scientia
1015 802 1102 847 tua
1154 791 1487 861 resplendeat
1523 798 1764 860 pectora,

176 885 505 941 charissima
532 886 720 941 frater.
750 884 896 941 Vale.
946 904 964 938 ι

245 977 329 1032 Ad
356 992 481 1046 qua:
519 977 663 1032 idem
694 978 817 1031 talia
858 976 1105 1031 rescribit
1132 974 1479 1046 llalitgarius.

253 1084 273 1118 ι
317 1068 528 1129 Domno
556 1076 613 1122 et
631 1068 923 1123 venerabili
949 1067 1094 1121 Patri
1136 1068 1188 1122 in
1229 1066 1447 1121 Christo
1491 1067 1651 1120 Eoum
1680 1082 1769 1119 ar-

179 1155 548 1227 chiepiscopo,
577 1156 961 1221 llaurcxmus,
990 1157 1246 1212 minimus
1282 1156 1484 1213 Christi
1511 1155 1766 1223 famulus,

172 1247 427 1303 salutem.

249 1356 272 1391 ι
316 1340 638 1411 Postquam,
671 1341 970 1397 vmerande
1009 1339 1195 1405 Pater,
1248 1340 1482 1397 directas
1533 1338 1767 1394 beatitu-

170 1429 319 1486 dinis
356 1441 555 1488 vestra:
598 1434 781 1505 accepi
819 1433 1044 1499 litteras,
1082 1434 1284 1503 quibus
1317 1449 1401 1487 me
1437 1432 1642 1487 hortari
1683 1431 1767 1485 di-

174 1524 321 1594 gnati
360 1524 520 1589 estis,
578 1539 647 1579 ne
678 1525 874 1579 mentis
920 1540 1147 1579 acumen
1196 1524 1378 1587 inerti,
1427 1523 1766 1593 torpentique

178 1612 289 1665 otio
307 1611 705 1679 submitterem,
732 1613 825 1668 sed
858 1613 1151 1684 cognitioni
1173 1630 1235 1666 ac
1263 1612 1597 1667 meditationi
1629 1624 1765 1680 quo-

1868 431 2033 486 quam
2061 413 2385 484 suscepisset
2408 414 2475 467 ab
2496 427 2580 477 eo,
2612 412 2955 469 dimisiteum
2984 428 3108 469 cum
3130 412 3321 484 legatis
3347 415 3462 469 suis

1870 506 2098 561 Romam
2142 504 2336 559 reverti
2365 543 2380 567 ,
2419 503 2614 571 quibus
2637 502 2877 572 prmcipit
2906 502 3105 573 ubique
3166 504 3220 557 in
3262 503 3461 559 itinere

1870 600 2159 656 hoaestum
2191 598 2240 652 ei
2272 597 2555 653 servitiqu
2600 596 2882 650 exhibere.

1939 690 2173 759 Cupiens
2219 704 2346 759 ergo
2386 686 2642 757 pr.cl'atus
2681 685 2920 756 pontifex
2963 686 3076 741 Eho
3107 686 3327 741 domum
3359 700 3453 739 ec-

1870 781 2048 837 clesite
2079 788 2278 834 sanctae
2331 778 2424 833 Dei
2477 776 2749 848 genitricis
2794 775 2974 831 Maria:
3017 777 3271 831 diuturna
3322 789 3459 846 pene

1870 872 2260 943 lapsabundam
2303 878 2574 925 vetustate
2605 884 2862 940 reparare
2888 909 2903 934 ,
2937 868 2989 922 in
3037 884 3144 938 qua
3175 868 3337 923 etiam
3365 882 3458 923 sc-

1869 967 2078 1020 cundus
2108 964 2421 1034 Stephanus
2450 978 2585 1032 papa
2610 962 2837 1031 l’ippino
2872 962 2980 1031 regi
3022 961 3241 1023 dudum,
3276 968 3330 1014 ct
3352 958 3459 1014 Leo

1873 1056 2065 1111 tertius
2079 1054 2278 1109 Karolo
2299 1069 2494 1123 magno
2521 1053 2831 1122 imperatori
2864 1052 3156 1122 apostolica
3183 1052 3462 1122 reperiun-

1872 1159 1961 1203 tur
2001 1149 2179 1202 mlltlla
2211 1146 2505 1202 contulisse
2526 1186 2540 1210 ,
2588 1154 2645 1200 ut
2675 1145 2729 1199 in
2755 1146 2979 1214 epistola
3005 1154 3463 1202 commemoratur

1871 1238 2216 1308 imperatoris
2240 1236 2489 1291 'Lotharii
2515 1236 2681 1290 Leoni
2720 1244 2935 1306 quarto,
2966 1251 3063 1306 pro
3107 1251 3271 1291 causa
3313 1249 3461 1290 com-

1870 1331 2232 1386 mendationis
2277 1330 2557 1385 llincmari
2599 1329 2992 1399 archiepiscopi
3017 1330 3221 1385 directa
3260 1328 3458 1400 (infra,

1868 1419 1957 1475 lib.
1997 1436 2091 1486 Ill,
2116 1438 2162 1474 c.
2196 1422 2281 1489 10)
2314 1459 2330 1486 ,
2364 1420 2517 1489 petiit
2547 1435 2577 1474 a
2605 1421 2884 1490 praemisso
2913 1420 3239 1491 imperatore
3270 1420 3450 1475 Ludo-

1869 1513 1987 1567 vico
2008 1513 2075 1566 ad
2099 1512 2463 1567 renovandam
2487 1519 2541 1565 et
2564 1510 2997 1581 ampliﬁcandam
3027 1511 3274 1568 eamdem
3310 1512 3453 1567 basi-

1870 1604 2031 1660 licam
2060 1621 2273 1660 murum
2302 1605 2537 1659 civitatis
2557 1604 2657 1659 sibi
2684 1606 2934 1660 concedi.
2962 1605 3115 1673 Quod
3141 1606 3281 1660 idem
3307 1607 3458 1676 priu-

177 1702 307 1757 tidie
330 1717 500 1758 sacrm
534 1702 829 1774 Scriptura:
852 1720 937 1758 me
959 1704 1242 1775 vigilanter
1272 1703 1540 1757 traderem
1565 1720 1577 1754 :
1610 1701 1761 1755 etin-
1796 1698 1840 1759 Β
1868 1712 1996 1768 ceps
2034 1696 2371 1767 quietissima
2403 1711 2539 1766 pace
2566 1696 2754 1751 fruens
2774 1736 2789 1760 ,
2832 1706 2886 1753 et
2915 1698 3122 1765 imperii
3149 1696 3457 1768 prazclaris-

178 1808 339 1863 super
356 1810 421 1849 ex
457 1804 770 1850 sanctorum
800 1795 1043 1858 Patrum,
1072 1808 1446 1864 canonumque
1472 1792 1762 1848 sententiis

175 1882 615 1941 Pmnitentialem
646 1887 699 1941 in
727 1902 834 1941 uno
862 1886 1132 1941 volumine
1169 1901 1540 1958 aggregarem,
1568 1887 1762 1941 durum

174 1975 392 2043 quidem
425 1976 584 2041 mihi,
629 1986 683 2031 et
712 1977 868 2031 valde
897 1976 1133 2039 dillieile,
1175 1977 1624 2047 tremendumquc
1662 1976 1762 2030 hoc

160 2064 274 2119 luit
300 2067 617 2134 imperium,
645 2080 705 2123 ut
734 2071 872 2124 hanc
915 2070 1246 2137 susciperem
1275 2070 1571 2134 sarcinam,
1597 2085 1760 2139 quant

178 2170 206 2206 a
232 2156 592 2224 prudentibus
609 2158 878 2228 cognosco
902 2158 1168 2214 relictam.
1186 2157 1519 2230 Multumque
1551 2160 1764 2216 renisus

176 2260 293 2299 sum
322 2246 587 2303 voluntati
630 2258 842 2314 vestae,
891 2266 997 2305 non
1038 2249 1183 2306 velut
1231 2252 1535 2323 procaciter
1574 2251 1759 2318 durus,

175 2336 270 2394 sed
298 2340 535 2410 propri-.c
559 2340 891 2398 inﬁrmitatis
916 2343 1240 2398 admonitus.
1270 2342 1379 2398 llac
1401 2343 1601 2398 etenim
1630 2358 1760 2398 cura

175 2427 442 2482 sollicitus
471 2432 838 2485 necessarium
866 2433 1015 2497 duxi,
1046 2442 1105 2486 ut
1126 2433 1437 2503 aliquandiu
1470 2448 1555 2487 me
1576 2449 1606 2487 a
1633 2433 1763 2489 scri-

177 2518 335 2573 bendi
371 2522 676 2576 temeritatc
702 2525 1106 2594 suspenderem,
1152 2525 1277 2595 quia
1317 2525 1459 2579 sicut
1500 2524 1759 2595 perpendi

154 2606 402 2679 injuncti
458 2613 641 2681 operis
693 2612 1059 2670 dillicultatem
1107 2633 1121 2670 :
1179 2616 1255 2670 ita
1310 2626 1365 2671 et
1435 2615 1762 2689 injungentis

160 2702 488 2756 auctoritati
518 2720 618 2759 nec
642 2706 811 2770 volui,
864 2722 963 2761 nec
1014 2707 1171 2763 debui
1202 2723 1584 2779 usquequaque
1627 2709 1761 2765 resi-

174 2798 339 2856 stere,
372 2803 559 2848 certus
603 2795 728 2864 quia
780 2795 1198 2851 imbecillitatem
1231 2814 1404 2853 meam
1440 2798 1609 2855 multo
1646 2816 1761 2854 am-

172 2884 313 2953 plius
342 2894 528 2942 vestra
569 2888 850 2960 adjuvaret
896 2890 1256 2961 praecipientis
1292 2891 1542 2961 dignitas,
1595 2908 1759 2963 quam

173 2987 429 3046 gravaret
460 2996 593 3035 mea:
616 2981 929 3053 ignorantia:
950 2982 1253 3038 dillicultas.
1288 2984 1492 3040 Valete.
1539 3003 1559 3037 ι

1861 1791 2000 1846 sima
2030 1798 2295 1859 potestate
2318 1789 2600 1854 subnixus,
2627 1789 2800 1843 nullas
2822 1790 3177 1844 barbarorum
3207 1800 3458 1846 metuens

1862 1882 2223 1945 incursiones,
2257 1895 2602 1949 nequaquam
2634 1878 2911 1945 relutavit,
2949 1880 3041 1934 sed
3068 1879 3455 1947 benignissime

1860 1975 1932 2029 ob
1960 1988 2200 2029 amorem
2245 1972 2372 2037 Dei,
2403 1980 2459 2025 et
2496 1971 2665 2041 ipsius
2690 1971 2845 2025 alma:
2871 1970 3149 2041 genitricis
3192 1969 3454 2025 honorem

1863 2066 2151 2131 concessit,
2186 2073 2345 2133 atque
2367 2063 2630 2134 jussionis
2657 2077 2771 2116 suae
2797 2062 3127 2117 monimento
3156 2061 3269 2117 ﬁeri
3302 2061 3451 2117 dele-

1861 2157 2050 2228 gavit,
2104 2152 2411 2225 huiusmodi
2441 2168 2603 2225 super
2645 2153 2748 2209 hoc
2780 2168 2890 2209 sua:
2913 2154 3046 2208 dans
3078 2152 3457 2224 praeceptionis

1865 2247 2106 2304 decreta.

1936 2360 1958 2395 ‹
1993 2342 2050 2396 In
2094 2340 2316 2396 nomine
2349 2338 2564 2395 Domini
2596 2338 2691 2393 Dei
2721 2347 2774 2394 et
2801 2338 3101 2395 Salvatoris
3128 2339 3298 2394 nostri
3327 2338 3457 2397 Jesu

1860 2434 2099 2499 Christi,
2128 2432 2433 2487 Ludovicus
2467 2431 2647 2485 divina
2673 2430 2958 2485 ordinante
2986 2429 3322 2499 providentia
3354 2431 3459 2485 im-

1859 2533 2077 2596 perator
2127 2524 2420 2595 Augustus.
2473 2520 2529 2576 Si
2586 2521 2721 2576 locis
2777 2520 3176 2577 venerabilibus
3223 2537 3286 2575 ea
3334 2537 3455 2593 quae

1860 2617 2057 2672 exinde
2085 2631 2116 2669 a
2151 2613 2641 2686 praedecessoribus
2676 2613 2897 2678 nostris,
2928 2612 3145 2684 regibus
3172 2611 3255 2667 vel
3278 2612 3453 2683 impe-

1861 2710 2165 2773 ratoribus,
2194 2708 2261 2763 ad
2291 2706 2602 2776 reipublicae
2627 2721 2758 2761 usus
2786 2705 3163 2775 exigebantur,
3200 2705 3453 2778 religiosa

1859 2800 2185 2856 liberalitate
2208 2799 2261 2854 in
2285 2798 2609 2853 utilitatibus
2627 2806 2683 2851 et
2707 2796 3121 2852 necessitatibus
3142 2798 3454 2851 eorumdem

1860 2902 2175 2949 sanctorum
2197 2890 2437 2945 locorum
2459 2888 2828 2959 expendendis
2850 2888 3175 2943 remittimus
3198 2929 3214 2955 ,
3247 2897 3303 2943 et
3326 2888 3455 2943 ﬁde-

1861 2983 1996 3038 lium
2025 2993 2335 3036 nostrorum
2367 2978 2741 3036 saluberrimfs
2770 2995 2869 3050 pro
2895 2980 2997 3034 hac
3019 2979 3205 3034 eadem
3240 2994 3298 3034 re
3328 2996 3459 3051 sug-

244 3068 347 3123 llic
376 3069 495 3124 Ebo
518 3051 714 3141 praesul
743 3088 904 3142 supra
935 3085 1291 3130 memoratum
1320 3091 1513 3146 papam
1530 3077 1759 3149 Stepha-
1786 3051 1832 3114 Ο
1864 3074 2198 3145 gestionibus
2226 3088 2290 3127 ac
2329 3073 2679 3143 petitionibus
2709 3074 2996 3144 benignum
3039 3073 3453 3126 conunodamus

177 3175 302 3213 num
331 3176 457 3215 cum
484 3160 758 3219 LtlthviCO
796 3178 919 3235 rege
964 3164 1149 3220 Remis
1187 3169 1443 3237 suscepit,
1476 3177 1762 3240 postquam

177 3265 268 3305 rex
302 3252 447 3307 idem
474 3252 695 3311 Sclavos
721 3256 776 3311 in
804 3256 1026 3313 Oriente
1054 3260 1257 3328 positos
1291 3261 1497 3316 directo
1540 3262 1761 3328 devicit,

170 3351 232 3395 et
257 3345 531 3413 oppressit
552 3348 823 3403 exercitu:
847 3348 1061 3417 quando
1089 3348 1344 3418 praefatus
1367 3366 1503 3420 papa
1536 3351 1766 3421 Stepha-

181 3449 298 3497 nus,
327 3437 419 3506 qui
445 3436 608 3491 Leoni
639 3448 990 3505 successerat,
1024 3440 1227 3511 legatos
1268 3458 1394 3498 suos
1422 3444 1488 3497 ad
1512 3444 1760 3498 eumdem

179 3527 478 3597 principem
504 3530 805 3596 destinans,
833 3532 1099 3587 intimavit
1118 3536 1189 3598 ei,
1215 3535 1357 3604 quod
1389 3534 1617 3590 libenter
1640 3551 1763 3590 eum

188 3617 364 3673 videre
422 3619 587 3674 vellet
647 3620 700 3675 in
765 3620 881 3680 bco
932 3623 1239 3696 ubicunque
1292 3628 1391 3695 ipsi
1446 3628 1763 3697 placuisset.

184 3705 333 3774 Quod
372 3710 603 3768 audiens
648 3728 762 3776 rex,
813 3730 1008 3785 mag-.0
1057 3717 1295 3787 repletus
1344 3719 1561 3787 gaudio,
1596 3720 1766 3790 jussit

193 3800 392 3853 obviam
432 3803 630 3857 missos
657 3818 785 3859 suos
828 3805 907 3859 ire
932 3822 1141 3863 summo
1169 3810 1434 3879 pontiﬁci,
1459 3818 1512 3863 et
1538 3811 1762 3865 servitia

193 3904 507 3960 pncparare.
544 3891 673 3948 I’ost
708 3911 845 3965 quos
883 3909 938 3952 et
966 3914 1060 3952 rex
1106 3900 1221 3969 ipse
1250 3901 1531 3970 perrexit;
1570 3901 1763 3956 obvia-

192 3991 487 4052 veruntque
516 3983 622 4038 sibi
652 3985 704 4038 in
735 4001 925 4057 campo
954 4004 1153 4059 magno
1184 3990 1555 4055 Remensium,
1582 4000 1639 4046 et
1673 3991 1765 4047 de-

196 4075 394 4129 scendit
424 4083 655 4146 uterque
686 4079 754 4132 ab
780 4093 921 4147 equo
957 4095 1076 4133 suo.
1103 4080 1168 4134 Et
1194 4081 1444 4151 princeps
1468 4080 1766 4152 prostravit

194 4179 251 4218 se
275 4166 326 4220 in
353 4178 554 4222 terram
586 4171 747 4224 tertio
770 4180 898 4225 ante
925 4171 1090 4241 pedes
1120 4174 1254 4226 tanti
1286 4173 1556 4243 pontiﬁcis
1581 4190 1596 4237 ;
1622 4173 1766 4228 salu-

200 4267 545 4332 tavcruntque
567 4278 626 4317 se
648 4264 875 4318 invicem
906 4263 1278 4335 magnilice,ct
1307 4266 1679 4336 amplexantes
1706 4281 1765 4322 se

205 4348 475 4408 deosculati
515 4362 642 4410 sunt
668 4356 917 4424 paciﬁce,
958 4366 1422 4427 perrexeruntque
1468 4359 1534 4411 ad
1580 4357 1760 4413 eccle-

206 4441 346 4509 siam,
381 4444 468 4499 ubi
501 4462 625 4500 cum
655 4447 743 4500 diu
770 4457 1042 4520 orassent,
1086 4449 1263 4502 erexit
1299 4464 1357 4503 se
1396 4446 1659 4518 pontifex,
1708 4455 1766 4502 et

206 4534 399 4589 excelsa
438 4552 571 4591 voce
604 4551 728 4591 cum
763 4539 932 4592 choro
969 4555 1067 4593 suo
1112 4538 1240 4593 fecit
1286 4539 1399 4609 regi
1447 4538 1635 4593 laudes
1678 4552 1767 4592 re-

210 4622 353 4688 gales.
396 4624 591 4683 Postea
639 4627 884 4699 pontifex
935 4628 1222 4684 honoravit
1266 4642 1388 4681 eum
1447 4630 1664 4699 magnis
1712 4637 1767 4683 et

214 4718 372 4773 multis
393 4719 712 4785 honoribus,
736 4736 801 4775 ac
825 4721 1066 4791 reginam
1091 4722 1296 4791 pariter
1319 4719 1765 4792 llirmingardim,

215 4804 316 4861 dein
342 4819 392 4864 et
413 4813 701 4881 optimates
734 4819 895 4880 atque
927 4811 1204 4866 ministros
1230 4825 1441 4864 eorum.
1483 4811 1768 4866 Proxima-

218 4908 304 4963 que
328 4899 407 4953 die
432 4902 731 4966 Dominica,
761 4900 813 4953 in
840 4900 1065 4955 ecclesia
1096 4911 1219 4957 ante
1251 4900 1542 4955 missarum
1569 4900 1770 4955 solem-

220 4985 313 5052 nia,
352 5005 524 5045 coram
572 4991 727 5047 clero
774 4996 831 5043 et
877 4990 1019 5044 omni
1073 4991 1293 5059 populo,
1344 4990 1683 5047 consecravit
1717 4997 1771 5042 et

219 5079 348 5135 unxit
365 5098 479 5137 eum
509 5085 558 5139 in
590 5082 984 5153 imperatorem
1009 5124 1023 5147 ,
1058 5094 1313 5138 coronam
1359 5082 1509 5138 mira:
1529 5080 1771 5153 pulchri-

224 5170 390 5228 tudinis
439 5192 692 5240 auream,
754 5173 1161 5243 pretiosissimis
1200 5173 1427 5255 geuunis
1478 5186 1767 5242 ornatam,

222 5274 354 5330 quam
380 5283 543 5326 seum
584 5267 900 5331 detulerat,
945 5268 1223 5340 imponens
1249 5281 1410 5337 super
1442 5279 1603 5341 caput
1630 5268 1766 5338 ejus.

223 5356 441 5392 ηηηῖηηη.
464 5366 757 5392 -----ΙΙ.--ςῖ1
802 5363 1081 5392 Αιι.νιιηΙΑ.-ω
1176 5375 1223 5392 ΑΙ
1259 5378 1514 5392 annon-‘1‘...
1552 5380 1770 5392 ΑιιηΛιὶιιὶ

1866 3181 2148 3222 assensum
2201 3165 2496 3219 maximum
2536 3173 2593 3218 et
2639 3165 2833 3219 animm
2881 3172 3105 3227 nostra),
3155 3174 3211 3219 et
3240 3164 3349 3234 regi
3388 3180 3452 3217 ac

1864 3274 2035 3331 regno
2075 3259 2422 3329 providemus
2465 3257 2767 3312 consultum
2796 3298 2812 3321 ,
2855 3260 2982 3329 quia
3023 3258 3155 3313 nihil
3209 3259 3452 3313 cernitur

1866 3349 2177 3419 reipublica:
2201 3349 2570 3413 imminutum,
2603 3346 2864 3418 quidquid
2882 3363 2948 3402 ex
2971 3347 3155 3403 eadem
3182 3347 3451 3419 republica

1864 3442 1968 3511 piis
1995 3440 2240 3505 actibus,
2280 3449 2335 3494 et
2362 3439 2494 3494 locis
2543 3439 2809 3508 religiosis
2830 3480 2844 3504 ,
2878 3455 2942 3495 ac
2969 3440 3324 3495 ecclesiarum
3356 3441 3450 3494 Dei

1865 3535 2225 3597 utilitatibus,
2279 3547 2373 3587 seu
2422 3548 2702 3587 servorum
2741 3532 2833 3587 Dei
2864 3532 3026 3588 fuerit
3082 3534 3452 3588 commoditati

1863 3628 2150 3683 indultum.
2183 3625 2522 3696 Quapmpter
2548 3636 2731 3680 notum
2763 3642 2882 3681 esse
2912 3627 3157 3681 volumus
3191 3628 3443 3682 omnibus

1867 3720 1959 3779 Dei
1990 3718 2259 3781 ﬁdelibus,
2291 3716 2646 3786 pmsentibus
2675 3716 2881 3770 scilicet
2910 3728 2966 3769 et
2990 3716 3189 3771 futuris
3212 3758 3225 3781 ,
3253 3719 3446 3791 ιιι-εεεοί-

1872 3822 1979 3877 pue
2004 3822 2216 3877 quoque
2239 3806 2641 3861 successoribus
2686 3806 2886 3859 nostris
2931 3806 2983 3859 in
3014 3807 3302 3874 potestatis
3329 3807 3446 3863 cul-

1865 3901 2009 3954 mine
2034 3940 2050 3964 ,
2081 3900 2138 3953 iu
2166 3914 2273 3969 quo
2299 3913 2486 3953 smnus
2514 3937 2529 3963 ,
2570 3907 2791 3953 auctore
2818 3898 3045 3953 Domino
3070 3939 3086 3966 ,
3128 3901 3404 3956 constituti
3432 3942 3449 3968 ,

1864 3991 1932 4046 ab
1960 3992 2150 4046 eodem
2179 3990 2520 4045 dominorum
2566 3989 2791 4044 Domino
2826 3991 3082 4060 deinceps
3120 3993 3452 4047 constituen-

1864 4063 1947 4136 dis
1979 4099 1992 4134 :
2020 4081 2145 4150 quia
2172 4080 2283 4135 libo
2313 4081 2637 4136 venerabilis
2685 4081 3122 4152 archiepisc0pus
3166 4082 3451 4139 Remensis

1864 4171 2122 4228 Ecclesize
2150 4212 2165 4232 ,
2219 4181 2277 4226 et
2304 4171 2769 4227 reverendissimac
2798 4172 2942 4226 sedis
2973 4174 3147 4229 sancti
3174 4174 3404 4247 Remigii
3432 4216 3448 4239 ,

1863 4264 2240 4333 gloriosissimi
2288 4263 2597 4332 poutilicis,
2628 4271 2684 4317 et
2730 4263 2985 4333 specialis
3024 4267 3237 4335 patroni
3276 4271 3447 4323 nostri

1795 4404 1840 4458 D
1865 4354 2087 4425 praesul,
2117 4354 2417 4409 clementia:
2458 4363 2657 4408 nostra:
2684 4354 2952 4421 innotuit,
2987 4356 3123 4423 quia,
3156 4359 3444 4413 vetustatis

1867 4447 2022 4501 senio
2063 4447 2293 4500 contrita
2337 4445 2449 4515 jam
2498 4446 2657 4501 dicta:
2713 4446 3028 4516 metropolis
3079 4448 3228 4502 urbis
3259 4457 3447 4504 sancta

1868 4547 2041 4593 mater
2072 4544 2255 4590 nostra
2283 4535 2519 4589 ecclesia
2547 4574 2561 4598 ,
2604 4535 2655 4588 in
2694 4534 2895 4590 honore
2921 4547 3123 4593 sancta:
3147 4579 3161 4603 ,
3196 4552 3436 4609 semper-

1867 4647 1974 4699 que
2002 4628 2227 4700 virginis
2249 4642 2314 4682 ac
2338 4625 2617 4697 genitricis
2659 4623 2839 4678 Maria:
2860 4637 3172 4683 consecrata
3190 4671 3205 4695 ,
3249 4632 3450 4685 existe-

1871 4731 1970 4776 ret.
2003 4722 2056 4774 lu
2082 4735 2185 4789 qua
2210 4728 2431 4773 auctore
2458 4716 2590 4781 Deo,
2618 4723 2673 4771 et
2703 4729 3060 4787 cooperatore
3088 4720 3233 4791 [ms.,
3257 4737 3450 4791 coope-

1871 4809 2047 4881 rantc]
2089 4810 2146 4866 S.
2206 4808 2450 4879 Remigio
2507 4825 2638 4879 gens
2686 4819 2869 4865 nostra
2924 4811 3294 4878 Francorum,
3326 4830 3450 4865 cum

1871 4902 2149 4970 acqoivoco
2177 4910 2361 4955 nostro
2393 4914 2517 4970 rege
2546 4899 2784 4969 ejusdem
2834 4907 3017 4973 gentis
3038 4948 3055 4973 ,
3101 4905 3241 4959 sacri
3289 4904 3457 4958 fontis

1871 4993 2194 5062 baptismate
2244 4992 2426 5056 ablui,
2487 5010 2551 5049 ac
2601 4996 2937 5065 septiformis
2992 4997 3223 5072 Spiritus
3282 4995 3455 5050 sancti

1872 5086 2045 5157 gratia
2097 5086 2356 5143 illustrari
2388 5087 2709 5154 promeruit.
2740 5088 2847 5144 Sed
2876 5101 2935 5145 et
2969 5094 3085 5163 ipse
3117 5102 3206 5140 rex
3237 5084 3462 5139 nobili-‘-

1873 5179 2041 5233 simus
2079 5180 2145 5233 ad
2187 5178 2387 5249 regiam
2417 5185 2740 5245 potestatem
2779 5185 3008 5253 perungi
3043 5176 3134 5232 Dei
3167 5170 3459 5227 clementia

1871 5272 2065 5341 dignus
2098 5271 2347 5326 inventus
2374 5266 2489 5320 fuit.
2522 5266 2621 5321 Ubi
2646 5270 2807 5321 etiam
2837 5277 2891 5321 et
2919 5288 3019 5326 nos
3052 5263 3232 5321 divina
3269 5262 3459 5328 digna-

1873 5363 2017 5392 εἴην-Λ
2065 5376 2164 5392 nnis
2204 5372 2395 5392 nsunnc
2446 5356 2627 5392 (Inuus;
2699 5357 2962 5392 annlt'ln:
3032 5350 3259 5392 nnl‘llnni
3312 5363 3457 5392 sum-
