3974 5392
453 298 547 357 fil

455 423 704 492 pientes,
762 426 815 474 et
852 415 921 472 ad
978 413 1031 470 id
1078 412 1481 483 exsequendum
1527 412 1628 468 loci
1686 410 2037 467 incommodi-
2064 414 2113 473 Α

455 522 620 569 tatem
650 517 952 573 cernentes,
993 505 1340 562 concedimus
1384 505 1451 560 ad
1486 503 1591 559 hoc
1641 519 1796 574 opus,
1850 512 1907 557 et
1963 501 2031 557 ad

455 613 650 659 caetera
688 615 914 670 quinque
965 613 1064 670 pro
1111 611 1392 652 servorum
1446 595 1541 651 Dei
1589 595 1784 651 ibidem
1832 596 2037 666 degen-

455 695 590 750 tium
621 691 1035 749 necessitatibus
1061 689 1394 753 :cdilirauda,
1431 704 1646 743 murum
1674 703 1887 743 onmem
1911 703 2036 742 cum

453 785 626 858 portis
650 784 817 855 ipsius
846 782 1103 846 civitatis,
1128 794 1182 836 ct
1211 796 1425 837 onmem
1467 796 1687 852 operam
1732 797 1856 835 cum
1904 796 2038 836 cun-

453 877 557 933 ctis
588 874 894 945 impendiis,
947 888 1066 943 qua:
1092 887 1157 926 ex
1186 871 1344 925 rebus
1379 879 1435 925 et
1478 871 1827 926 facultatibus
1870 871 2038 942 ipsius

453 966 700 1023 ecclesia:
729 975 783 1020 et
817 965 1157 1035 episcopatus
1190 961 1472 1015 Bernensis
1498 961 1666 1029 Aquis
1697 960 1892 1031 palatio
1931 975 2026 1015 ηο-

460 1066 577 1115 stro
601 1057 750 1127 regio
780 1054 960 1126 peragi
991 1061 1045 1108 ct
1077 1050 1279 1107 exsolvi
1310 1051 1525 1105 solitum
1557 1050 1754 1115 fuerat,
1791 1050 1844 1103 in
1890 1049 2032 1105 eiec—

456 1163 683 1219 mosyna
712 1146 957 1199 videlicet
988 1151 1193 1205 nostra,
1223 1150 1276 1196 et
1309 1156 1406 1210 pro
1440 1141 1679 1195 remedio
1706 1140 1899 1194 animae
1944 1140 2039 1194 do-

457 1241 567 1295 tnni
602 1256 663 1294 ac
693 1238 956 1310 genitoris
1002 1236 1205 1297 nostri,
1257 1243 1419 1303 atque
1466 1244 1782 1288 emterorum
1834 1233 2040 1303 prmde—

459 1332 737 1387 cessorum
807 1336 1112 1383 nostrorum
1148 1350 1169 1390 ,
1225 1326 1315 1394 qui
1366 1325 1612 1378 etumlem
1669 1325 2037 1394 episcopatum

460 1434 651 1478 contra
679 1420 905 1475 salutem
959 1434 1109 1472 suam
1160 1415 1467 1485 aliquandiu
1526 1423 1832 1478 tenuerant,
1877 1421 1931 1467 et
1981 1413 2038 1468 in

456 1530 581 1570 suos
611 1528 741 1572 usus
793 1521 977 1566 contra
1027 1508 1427 1563 ecclesiasticas
1459 1505 1689 1576 regulas,
1730 1515 1784 1560 et
1833 1521 1920 1560 res
1975 1520 2039 1560 ac

455 1602 740 1661 facultates
770 1602 1011 1661 ecclesic
1039 1600 1207 1671 ipsius
1221 1598 1608 1667 expenderant;
1635 1607 1688 1651 et
1710 1595 1779 1652 ob
1801 1598 1902 1651 hoc
1933 1596 2038 1650 mi-

458 1713 562 1752 nus
594 1712 754 1765 quam
788 1695 1049 1749 debuerat
1075 1692 1322 1745 utilitatis
1353 1691 1528 1744 sacris
1579 1689 1712 1743 locis
1761 1689 1815 1742 in
1846 1689 2038 1743 eodem

1531 297 1915 358 nooomot
1956 295 2273 356 canorum
2311 278 2689 354 neuensrs‘

3622 299 3726 357 £53

2215 426 2235 463 ι
2281 410 2338 465 ln
2391 412 2611 467 nomine
2683 409 2895 467 Domini
2955 409 3047 468 Dei
3103 419 3159 468 et
3204 410 3504 469 Saivatoris
3549 415 3725 472 nostri

2136 499 2264 557 Jesu
2301 502 2500 558 Christi
2528 502 2837 559 Ludovicus
2879 514 2936 558 et
2982 501 3296 571 Lotharius,
3353 505 3534 561 divina
3583 508 3727 564 ordi-

2138 603 2301 649 nante
2326 595 2659 664 providentia
2728 594 3083 666 imperatores
3124 596 3372 667 Augusti.
3432 595 3489 652 Si
3521 597 3727 655 libera-

2136 685 2305 742 litatis
2336 697 2534 742 nostra:
2569 703 2790 742 munere
2818 687 2948 742 locis
2970 687 3080 742 Deo
3102 688 3294 743 dicatis
3316 688 3572 757 quiddam
3597 705 3727 745 con-

2136 775 2360 833 ferimus
2390 779 2658 843 beneﬁcii,
2689 788 2744 834 et
2772 781 3127 834 necessitates
3173 778 3574 835 ecclesiasticas
3627 796 3729 836 no-

2135 878 2252 923 stro
2284 868 2585 925 reievamns
2630 868 2927 938 juvaminc,
2984 870 3035 925 id
3086 870 3239 925 nobis
3272 879 3326 925 et
3345 870 3410 923 ad
3437 870 3726 927 mortalem

2116 962 2305 1015 'vitam
2357 961 2723 1031 temporaliter
2774 961 3193 1032 transigendam,
3246 970 3299 1016 et
3354 962 3422 1017 ad
3460 972 3723 1018 aeternam

2139 1050 2368 1107 feliciter
2409 1052 2753 1107 obtinendam
2809 1052 3147 1123 profuturum
3173 1053 3373 1122 liquido
3418 1054 3720 1109 credimus.

2137 1142 2344 1198 Idcirco
2378 1152 2561 1197 notum
2600 1143 2717 1198 fieri
2753 1143 3000 1198 volumus
3025 1144 3275 1199 omnibus
3327 1143 3575 1199 fidelibus
3629 1160 3727 1200 no-

2142 1232 2290 1299 stris,
2324 1233 2683 1303 praesentibus
2712 1233 2989 1289 sciiicctct
3024 1235 3216 1289 futuris
3240 1276 3254 1299 ,
3295 1235 3437 1304 quod
3473 1244 3722 1290 sanctam

2141 1322 2463 1380 Remenscm
2495 1326 2805 1390 ecclesiam,
2837 1325 2889 1380 in
2918 1342 3023 1395 qua
3074 1328 3501 1395 prredccessores
3553 1328 3727 1383 nostri

2143 1404 2299 1487 reges
2331 1417 2580 1472 videlicet
2605 1416 2938 1471 Francorum
2981 1417 3137 1472 iidem
3170 1427 3225 1473 et
3250 1420 3389 1473 sacri
3418 1418 3728 1489 baptisma--

2146 1507 2214 1562 tis
2243 1509 2469 1578 gratiam
2505 1516 2879 1578 perceperunt,
2908 1508 3089 1579 inqua
3141 1518 3193 1564 et
3238 1524 3335 1564 nos
3371 1526 3466 1580 per
3505 1508 3730 1579 imposi-

2145 1601 2343 1656 tionem
2372 1617 2563 1657 manus
2587 1601 2766 1657 domui
2794 1600 3050 1670 Stephani
3076 1617 3224 1672 papa:
3255 1601 3555 1670 imperiaiia
3583 1616 3731 1655 sum-

2145 1697 2352 1766 psimus
2384 1695 2614 1765 insignia
2663 1695 2732 1749 ob
2794 1695 3152 1749 reverentiam
3208 1694 3330 1749 ﬁdei
3380 1694 3729 1756 Christiautc.

454 1786 769 1856 cpiscrtpatu
816 1782 1128 1837 constitutis
1181 1780 1377 1834 eximie
1417 1788 1754 1848 provenerat.
1785 1778 2044 1832 Volumus
2076 1775 2119 1835 Β
2147 1796 2199 1842 ει
2223 1785 2293 1840 οι)
2322 1786 2514 1840 animm
2541 1794 2738 1839 nostra:
2762 1785 3009 1847 salutem,
3045 1786 3109 1839 at)
3141 1785 3248 1838 imo
3305 1785 3547 1839 construi
3596 1782 3731 1839 fuci-

453 1878 642 1939 etiam,
681 1885 740 1929 ut
779 1873 1018 1935 vassalli,
1061 1881 1114 1926 et
1156 1871 1464 1939 quicunque
1518 1868 1701 1923 ﬁdeles
1750 1869 1921 1924 nostri
1976 1883 2041 1923 ex

455 1970 619 2024 rebus
658 1966 898 2036 ejusdem
951 1965 1292 2034 episcopatus
1338 1960 1539 2030 aliquid
1595 1960 1811 2024 habent,
1865 1960 2039 2014 cidem

454 2059 602 2129 Operi
628 2057 943 2117 inserviant,
985 2056 1123 2108 sicut
1152 2052 1503 2107 constitutum
1543 2059 1625 2105 est
1656 2068 1684 2104 a
1726 2052 1881 2106 bona:
1930 2066 2043 2106 mc-

394 2150 399 2161 ’
465 2151 651 2205 moria:
682 2150 881 2203 domno
917 2158 971 2202 et
1010 2147 1254 2216 genitore
1282 2156 1485 2212 nostro,
1519 2157 1572 2198 et
1594 2145 1733 2199 sicut
1763 2144 2040 2199 decretmn

457 2244 541 2297 est
579 2256 608 2295 a
638 2241 739 2310 pia:
771 2237 1163 2294 recordationis
1190 2236 1387 2290 domno
1415 2245 1469 2289 et
1498 2250 1599 2289 avo
1640 2243 1824 2287 nostro
1855 2233 2036 2302 Pippi-

456 2349 548 2397 no,
580 2332 818 2386 decimas
846 2342 894 2384 et
929 2347 1032 2384 non
1062 2330 1238 2384 eiiem
1268 2328 1512 2383 ecclesia:
1542 2336 1744 2382 sancla'
1765 2342 1828 2382 ex
1859 2328 2039 2392 rebus,

456 2420 590 2494 Quas
636 2422 832 2477 exinde
877 2423 1095 2484 habent,
1145 2419 1473 2490 persolvant.
1504 2417 1632 2474 Vias
1662 2419 1825 2473 etiam
1873 2418 2044 2489 pubii~

458 2529 552 2569 cas
580 2528 788 2577 omnes,
818 2528 935 2582 qute
969 2512 1112 2565 circa
1144 2511 1389 2565 eamdem
1416 2510 1528 2565 eccl
1565 2511 1710 2564 siam’
1732 2512 1952 2575 vadunt,
1986 2520 2043 2566 et

364 2652 369 2655 .
459 2608 844 2677 impedimento
870 2620 989 2661 esse
1015 2614 1242 2674 possunt
1273 2605 1340 2659 ad
1380 2604 1635 2669 claustra,
1667 2613 1720 2658 et
1759 2620 2040 2658 servorum

458 2699 555 2755 Dei
606 2697 908 2752 habitacula
959 2696 1319 2751 construenda
1352 2737 1366 2762 ,
1420 2704 1479 2749 nt
1551 2695 1832 2750 transferri
1881 2705 2044 2764 atque

460 2788 735 2844 immutari
786 2786 1009 2857 possint,
1068 2786 1434 2841 concedimus.
1497 2785 1563 2839 Et
1608 2786 1651 2839 si
1686 2780 1911 2856 aliquid
1972 2784 2043 2839 ibi

459 2879 595 2934 ﬁsco
644 2886 832 2932 nostro
888 2878 1137 2942 halzetur,
1170 2891 1266 2946 per
1319 2876 1421 2931 hoc
1462 2885 1663 2931 nostra:
1708 2875 2045 2931 auctoritatis

456 2978 788 3041 pmceptum
824 2966 1099 3039 perpetuo
1148 2981 1302 3063 temne
1351 2966 1719 3032 concedimus,
1752 2974 1810 3019 ut
1860 2965 2041 3020 nullus

452 3059 643 3131 judex.
668 3074 874 3122 comes,
909 3069 1000 3113 aut
1030 3055 1246 3121 missus“,
1295 3058 1409 3112 sive
1436 3056 1632 3126 aliquis
1660 3071 1723 3110 ex
1753 3055 2046 3126 iudiciaria

458 3158 725 3222 potestate
752 3189 767 3213 ,
801 3148 961 3202 ullam
998 3148 1123 3202 inde
1171 3148 1345 3203 cidem
1399 3156 1599 3203 sanctae
1637 3146 1731 3201 Dei
1775 3146 2045 3217 prmdicta!
2074 3138 2119 3200 C

460 3240 713 3295 Remensi
775 3240 1018 3294 ecclesiae
1069 3239 1518 3309 inquietudinem,
1569 3249 1664 3294 aut
1722 3239 1890 3294 ullum
1953 3254 2045 3294 ca-

461 3329 680 3385 lumnia:
706 3329 1152 3400 impedimentum
1193 3328 1397 3384 inferre
1439 3345 1677 3399 unquam
1727 3337 2041 3400 praesumat,

462 3420 813 3475 obsecrantes
841 3434 1187 3474 successores
1218 3428 1454 3482 nostros,
1485 3428 1541 3473 ut
1562 3434 1829 3475 memores
1857 3420 2047 3475 salutis

463 3525 596 3576 sum,
626 3511 908 3581 praesentis
936 3510 1146 3565 scilicet
1191 3520 1245 3565 ct
1281 3519 1524 3577 acternze,
1574 3526 1843 3567 memores
1882 3511 2046 3567 etiam

467 3602 875 3666 beneliciorum,
921 3617 1039 3672 quin
1064 3602 1217 3656 nobis
1243 3610 1297 3655 et
1325 3602 1469 3672 genti
1508 3614 1707 3656 nostra:
1745 3617 1808 3657 ac
1842 3606 2048 3672 pra-de-

462 3692 772 3750 cessoribus
798 3696 999 3749 nostris
1028 3695 1079 3748 in
1106 3695 1295 3750 eodem
1328 3704 1517 3749 sancto
1545 3693 1685 3762 loco,
1714 3710 1814 3766 per
1848 3696 1907 3749 Β.
1946 3695 2049 3750 Βο-

462 3784 704 3856 migium,
738 3786 948 3841 meritis
975 3784 1036 3841 S.
1096 3784 1281 3839 Maria:
1311 3785 1505 3841 collata
1548 3799 1698 3852 sunt,
1752 3787 1895 3842 sicut
1950 3802 2047 3842 sua

462 3875 603 3931 bene
630 3885 780 3947 gesta
811 3892 855 3931 ac
893 3878 1005 3932 suis
1059 3877 1467 3932 successoribus
1518 3877 1833 3932 conservari
1864 3877 2048 3933 volue-

464 3971 597 4035 rint,
634 3971 709 4025 ita
741 3987 861 4041 qua:
905 3987 1003 4042 pro
1037 3986 1222 4025 amore
1270 3972 1384 4036 Dei,
1415 3980 1469 4025 et
1520 3980 1721 4026 sanetm
1759 3970 1876 4042 ejus
1900 3972 2048 4041 geni-

464 4058 620 4115 tricis
646 4075 709 4113 ae
734 4059 873 4113 beati
922 4061 1245 4129 protectoris
1274 4060 1446 4113 nostri
1481 4060 1708 4129 itcrnigii
1761 4076 1902 4129 smpe
1936 4059 2048 4115 fato

467 4160 657 4206 sancto
680 4137 798 4205 loco
823 4151 1173 4215 contulimus,
1208 4156 1467 4220 perpetuo
1492 4150 1874 4206 inviolabiliter
1918 4166 2048 4205 con-

468 4257 690 4299 servare
718 4251 1029 4312 procurent.
1064 4242 1131 4294 Et
1176 4250 1232 4295 ut
1289 4242 1403 4294 haec
1455 4249 1637 4296 nostra
1686 4243 2050 4297 concessionis

471 4334 770 4389 auctoritas
813 4349 911 4404 per
962 4330 1143 4386 futura
1200 4342 1441 4402 tempora
1502 4331 1794 4402 pleniorem
1850 4332 1900 4387 in
1952 4331 2047 4387 Dei

469 4426 687 4481 nomine
713 4426 953 4480 obtineat
1010 4424 1281 4478 firmitatis
1330 4424 1592 4493 vigorem,
1644 4425 1830 4479 annuli
1877 4426 2046 4481 nostri

471 4517 826 4589 impressione
860 4518 1250 4590 subtersignari
1280 4517 1637 4573 decrevimus.
1670 4536 1688 4568 ι

500 4627 507 4633 ’
542 4631 648 4686 Sed
675 4639 730 4685 et
758 4614 1045 4701 quemdam
1090 4628 1303 4684 fabrum
1354 4645 1570 4685 servum
1610 4608 1793 4695 suum,
1825 4630 2047 4686 nomine

470 4722 792 4779 Rumaidunt
845 4723 914 4777 ad
961 4724 1272 4794 petitionem
1304 4720 1568 4790 ejusdem,
1600 4722 1847 4793 prtnsulis
1876 4722 2054 4779 eccle-

470 4815 566 4885 sia:
609 4815 859 4871 “emensi
890 4816 1181 4878 concessit,
1211 4824 1270 4867 ttt
1318 4815 1406 4868 hic
1434 4815 1499 4869 de
1530 4814 1733 4868 talento
1760 4830 1788 4868 a
1825 4814 2050 4869 Domino

469 4907 573 4964 sibi
606 4908 822 4972 collato,
853 4907 1007 4974 juxta
1062 4907 1203 4960 ιιι-(ιε
1256 4906 1444 4977 diebus
1498 4904 1622 4960 vita:
1684 4922 1795 4960 suae
1822 4904 2052 4975 prolice-

469 5007 555 5053 ret
588 5014 601 5051 :
639 4995 812 5064 Quam
850 4998 1009 5051 etiam
1051 4995 1348 5050 cessionem
1379 4994 1592 5064 apicum
1617 4994 1965 5049 adnotatione
1998 5002 2054 5050 et

469 5089 654 5145 annuli
683 5089 762 5144 sui
796 5088 1121 5159 sigillatione
1148 5086 1443 5142 roboravit.
1480 5086 1640 5141 Aliud
1670 5101 1886 5158 quoque
1915 5101 2052 5157 prae-

471 5190 694 5224 ρριιιιιιιι
725 5179 791 5224 de.
813 5179 959 5224 vitiis
988 5177 1217 5224 nulilieis
1248 5176 1670 5224 transmutamiis
1695 5177 1764 5224 οΙι
1788 5179 2047 5224 nuasdam

2148 1894 2289 1943 mus,
2319 1891 2549 1948 eamque
2575 1877 2627 1930 in
2659 1878 2916 1932 honorem
2945 1877 3153 1931 Domini
3178 1877 3346 1932 nostri
3370 1876 3496 1932 Jcsu
3525 1874 3735 1932 Christi

2146 1968 2442 2024 S:lvatoris
2498 1970 2727 2033 mundi,
2779 1969 2941 2024 sinml
2993 1978 3047 2023 ct
3073 1970 3126 2024 in
3182 1971 3441 2025 honorem
3485 1970 3736 2041 ejusdem

2145 2067 2345 2113 Sanetm
2392 2066 2446 2112 et
2495 2058 2831 2112 intemerata:
2874 2059 3154 2129 genitricis
3196 2058 3378 2115 Mariae
3417 2060 3738 2115 consecrari

2146 2150 2499 2204 decrevimus.
2532 2147 2719 2219 Itaque
2751 2149 2930 2203 divina
2985 2149 3335 2221 inspiratione
3389 2152 3735 2221 coutpuncti,

2144 2250 2199 2295 et
2245 2239 2484 2295 cmiestis
2511 2240 2698 2308 patria:
2746 2254 2931 2294 amore
2977 2240 3243 2306 succensi,
3300 2240 3549 2310 qumdam
3599 2257 3741 2310 pra:-

2145 2333 2254 2396 dia,
2282 2348 2402 2402 qua:
2431 2332 2603 2387 eidem
2642 2341 2843 2385 sancta.-
2866 2329 2978 2383 sedi
3008 2332 3275 2400 quondam
3302 2332 3481 2385 ablata
3517 2330 3741 2386 fuerant

2145 2425 2336 2479 devota
2366 2433 2543 2479 mente
2571 2424 2783 2478 restitui
2811 2423 3090 2495 jussimus,
3122 2423 3171 2477 id
3196 2432 3302 2487 est,
3322 2424 3371 2477 in
3403 2423 3741 2480 suburbanis

2145 2517 2311 2587 ipsius
2325 2524 2524 2570 sancte
2547 2515 2790 2569 ecclesia:
2814 2513 3023 2567 ti:ulum
3040 2513 3101 2569 S.
3127 2514 3284 2579 SiXli,
3304 2530 3515 2569 necnon
3539 2523 3593 2568 et
3614 2515 3741 2568 titu-

2144 2608 2253 2662 lum
2271 2607 2327 2663 S.
2347 2606 3062 2678 Martiuihcnmappenditiis
3076 2621 3285 2665 eorum.
3301 2606 3556 2660 Exterius
3572 2607 3741 2661 etiam

2146 2703 2198 2757 in
2224 2704 2408 2755 eadem
2437 2700 2715 2771 parochia,
2738 2700 2790 2754 in
2816 2712 2997 2755 castro
3016 2700 3280 2754 Vomertsi
3313 2699 3529 2753 titulum
3559 2698 3741 2770 bapti-

2146 2789 2389 2854 smaiem,
2407 2800 2462 2845 et
2484 2789 2695 2844 titulum
2720 2790 2772 2844 in
2795 2790 2981 2844 eadem
3003 2790 3260 2859 parochia
3281 2788 3572 2844 SJoannis
3587 2790 3741 2844 sinti-

2146 2883 2270 2938 liter
2298 2882 2695 2953 baptismalem,
2721 2883 2833 2937 suis
2864 2898 2984 2937 cum
3015 2881 3370 2952 appendiciis,
3391 2892 3446 2935 et
3468 2880 3742 2936 Brctinia-

2146 2988 2307 3029 cum:
2351 2973 2530 3027 villam
2576 2988 2790 3043 quoque
2831 2973 3165 3044 Sparuacum
3223 2989 3344 3028 cum
3394 2974 3742 3044 appendiciis

2146 3065 2280 3130 suis,
2311 3074 2366 3118 et
2395 3064 2446 3119 in
2490 3065 2610 3118 villa
2649 3080 2768 3134 qua:
2792 3074 3018 3119 vocatur
3040 3063 3237 3119 Lucida
3270 3062 3487 3136 [Lude],
3525 3080 3743 3122 necnon

2148 3164 2202 3211 et
2228 3156 2280 3210 in
2307 3155 2607 3212 Proviiiaco
2634 3155 2925 3229 [Prouilly]
2956 3156 3009 3210 in
3059 3158 3247 3212 eodem
3285 3172 3423 3229 pago
3454 3155 3740 3212 lietnensi.

2147 3248 2203 3303 In
2234 3265 2368 3320 pago
2390 3265 2519 3306 vero
2542 3250 2881 3306 Duicomensi
2913 3250 3119 3315 villam,
3143 3264 3262 3320 quae
3283 3260 3509 3305 vocatur
3529 3250 3743 3307 Cave-ra

2148 3336 2208 3410 [ἱ.
2242 3338 2496 3411 Canera],
2526 3355 2733 3394 necnon
2764 3349 2819 3393 ct
2852 3340 2904 3394 in
2939 3340 3063 3392 villa
3096 3355 3217 3408 qua:
3240 3339 3440 3394 dicitur
3465 3340 3651 3394 Verna
3685 3340 3741 3396 in

2148 3444 2283 3499 pago
2334 3428 2685 3485 Vertudensc.
2742 3428 2837 3484 Vel
2882 3430 2925 3483 si
2976 3428 3117 3484 forte
3166 3430 3420 3500 deinceps
3466 3430 3536 3485 de
3575 3432 3741 3486 rebus

2148 3521 2415 3591 praedicta:
2447 3532 2648 3577 sanctae
2678 3522 2926 3576 ecclesia:
2971 3523 3304 3591 temporibus
3331 3522 3534 3577 nostris
3558 3523 3741 3578 adhuc

2147 3615 2612 3685 supcraddemlnm
2666 3616 3037 3681 decrevimus,
3101 3615 3419 3682 statuimus,
3483 3631 3584 3687 per
3637 3617 3741 3673 hoc

2148 3715 2349 3761 nostrae
2373 3707 2712 3761 auctoritatis
2761 3716 3108 3778 praeceptum,
3143 3718 3202 3762 ut
3254 3723 3362 3762 non
3410 3715 3625 3762 tantum
3672 3708 3740 3762 de

2149 3798 2268 3856 istis
2298 3800 2577 3864 restitutis,
2621 3800 2716 3855 sed
2745 3800 2910 3854 etiam
2960 3799 3330 3868 restituendis,
3360 3800 3626 3872 quidquid
3673 3801 3741 3856 do

2149 3893 2281 3964 ipsis
2308 3892 2390 3947 vel
2420 3892 2471 3946 in
2513 3893 2644 3964 ipsis
2684 3901 2923 3950 rectores
2965 3901 3018 3947 et
3048 3892 3278 3946 ministri
3309 3899 3740 3963 praememoratzn

2147 3985 2392 4040 ecclesia:
2438 3985 2718 4057 elegerint,
2753 3984 2826 4039 ita
2868 3984 3098 4038 debeant
3139 3983 3525 4053 perpetualitcr
3567 3984 3741 4057 possi-

2148 4077 2297 4141 dere,
2328 4085 2491 4146 atque
2526 4077 2799 4141 ordinare,
2830 4075 2911 4129 vel
2931 4075 3093 4130 etiam
3119 4074 3318 4142 facere,
3359 4083 3743 4149 prontcunque

2149 4168 2248 4223 sibi
2288 4167 2605 4239 propensius
2648 4167 2936 4231 voluerint,
2971 4174 3047 4220 ιιι·
3081 4157 3286 4237 absque
3332 4167 3493 4221 ullius
3535 4166 3741 4237 iujusta

2150 4259 2572 4313 contradictione
2615 4258 2865 4314 ordinent
2910 4269 3071 4327 atque
3122 4258 3428 4328 disponant,
3454 4268 3511 4314 et
3535 4256 3744 4315 faciant

2151 4349 2410 4418 quidquid
2467 4348 2684 4403 utilitati
2733 4349 3003 4419 prmdieta:
3058 4347 3298 4403 ecclesia:
3342 4363 3647 4421 congruere
3687 4356 3745 4403 ct

2153 4440 2441 4496 convenire
2467 4442 2860 4513 prospexerint.
2892 4440 2957 4493 Et
2982 4448 3039 4493 ut
3065 4438 3180 4493 iure
3209 4449 3407 4494 nostra:
3439 4441 3744 4496 auctOrita—

2157 4533 2224 4587 tis
2254 4531 2590 4588 conﬁrmatio
2644 4531 3001 4604 praesentibus
3050 4532 3354 4600 futurisque
3404 4522 3742 4600 temporibus

2153 4622 2450 4679 firmiorem
2505 4626 2558 4679 in
2616 4625 2869 4679 omnibus
2919 4638 3130 4694 semper
3182 4623 3426 4678 obtineat
3472 4623 3738 4693 vigorem,

2153 4717 2403 4771 manibus
2431 4717 2662 4787 propriis
2690 4714 3233 4781 subter-ﬁrmavimus,
3266 4724 3319 4770 et
3344 4715 3533 4770 annuli
3567 4715 3742 4771 nostri

2153 4805 2508 4876 impressione
2533 4806 2731 4876 signari
2752 4803 3035 4873 jnssimus.
3062 4824 3081 4857 ι

2224 4897 2471 4951 Obtinuit
2497 4898 2658 4951 etiam
2691 4897 2830 4952 idem
2868 4895 3063 4967 praesul
3088 4896 3156 4951 ab
3176 4896 3366 4951 eodem
3406 4895 3743 4966 imperatore

2158 4986 2429 5044 Ludovico
2492 4988 2744 5044 Rernensi
2811 4988 3093 5054 ecclesia},
3153 4989 3452 5043 secundum
3514 4992 3740 5060 antiqua

2157 5079 2484 5151 exemplaria
2539 5082 2838 5151 priscorum
2897 5096 3083 5152 regum
3138 5080 3496 5137 immunitatis
3530 5096 3738 5150 prince-

2154 5182 2326 5224 trtttzn.
2358 5173 2512 5224 Aliud
2535 5189 2747 5224 attouue
2772 5183 3095 5224 nrmcentum
3113 5170 3180 5224 de
3206 5181 3369 5224 nante
3398 5173 3741 5224 Bansiouen-
