3974 5392
185 314 286 368 153

756 315 1100 377 ηιδτοιιιάξ
1142 318 1493 377 εοειεδω
1533 318 1768 376 REMEN

1912 319 2091 375 LIBRI
2128 317 2482 388 QUATUOR.
2525 349 2596 363 —
2633 319 2761 375 LIB.
2802 318 2864 375 ll.

3337 318 3441 372 ιδι

185 424 484 492 separatim
508 432 695 495 postea
720 429 1315 498 prteceptumLotharii
1349 429 1440 484 tllii
1470 428 1587 499 ejus
1612 442 1764 499 repc-
1792 438 1838 491 Α
1868 430 2086 500 quando
2116 430 2348 484 fitiorum
2379 444 2600 483 suorum
2625 427 2969 484 contumeliis
2989 427 3248 497 agebatur
3270 428 3441 498 impe-

184 514 325 568 ritisr
378 514 680 584 accepisse.
735 514 836 571 Hic
897 516 1092 587 praesul
1167 517 1283 572 Ebo
1349 532 1470 572 cum
1543 516 1767 571 consitio

183 605 446 660 Ludovici
496 607 857 677 imperatoris,
903 617 957 662 ct
987 608 1306 663 auctoritate
1349 606 1622 661 Paschalis
1660 606 1767 662 Ro-

184 697 328 751 mani
366 697 643 767 pontiticis
668 698 988 768 praedicandi
1015 700 1184 768 gratia
1214 698 1281 752 ad
1313 698 1573 752 terminos
1599 712 1767 767 usque

185 788 461 842 Danorum
501 790 753 854 accessit,
801 804 867 845 ac
915 789 1110 844 multos
1138 805 1203 844 ex
1253 790 1335 845 eis
1392 790 1459 843 ad
1491 789 1767 844 fidemve-

182 881 398 935 nientes
421 880 734 949 baptizavit.

251 969 391 1026 Orta
446 971 682 1040 denique
729 970 1005 1026 simultate
1056 971 1200 1026 inter
1240 977 1448 1042 patrem
1493 979 1547 1025 et
1596 968 1765 1024 filium

182 1060 543 1125 Lnduvicum,
604 1060 814 1115 scilicet
861 1061 1282 1131 imperatorem,
1331 1071 1385 1115 et
1451 1059 1763 1115 Lotharium

183 1154 432 1223 partibus
463 1152 555 1207 filii
587 1152 740 1218 favit,
780 1160 834 1208 et
878 1169 998 1207 cum
1039 1153 1251 1208 caeteris
1298 1153 1566 1222 episcopis
1592 1153 1765 1206 corri-

176 1244 297 1312 puit
312 1243 1059 1313 imperatorem‘Ludovicum
1090 1259 1189 1312 pro
1209 1243 1528 1312 quibusdam
1550 1242 1767 1307 erratis,

183 1350 304 1404 qua:
326 1335 374 1387 ei
418 1333 835 1405 objiciebantur,
880 1333 1095 1403 quando
1120 1332 1211 1386 ﬁlii
1240 1333 1323 1387 sui
1351 1330 1770 1401 conitpreltcttde-

184 1434 311 1480 runt
334 1440 484 1488 cum,
538 1433 592 1479 et
639 1424 716 1479 Lo
744 1424 926 1479 barius
961 1424 1183 1479 adduxit
1229 1439 1410 1479 secum
1448 1432 1654 1492 patrem
1700 1420 1767 1474 ad

183 1514 576 1584 Compendium
600 1512 954 1584 (Compiégne)
992 1514 1273 1588 palatiqui,
1307 1512 1393 1567 ubi
1421 1528 1543 1566 eum
1576 1510 1765 1563 alllixit

168 1621 306 1658 cum
336 1606 606 1675 episcopis
635 1615 687 1660 et
715 1606 927 1661 cmteris
958 1606 1227 1660 nonnullis
1264 1606 1616 1675 optimatibus
1640 1603 1763 1675 [ηις.

186 1697 226 1761 i,
268 1694 640 1767 primatibus],
702 1696 793 1767 qui
832 1697 1111 1766 jusserunt
1166 1706 1223 1750 ut
1262 1697 1313 1750 in
1374 1697 1763 1750 monasterium

1871 530 2018 575 rator
2045 519 2366 575 Ludovicus.
2390 519 2490 583 En,
2515 518 2706 589 inquit,
2730 519 2856 575 huic
2877 519 3204 589 (astringcns
3226 532 3447 573 manum

1869 612 2041 666 sancti
2098 611 2350 682 Remigii)
2400 611 2695 665 auctoritas
2726 620 2833 675 est,
2884 626 2915 666 a
2969 609 3187 666 Christo
3232 612 3449 675 tradita,

1868 703 2199 758 Francorum
2244 713 2660 773 perseveranter
2715 703 2942 772 imperii.
2996 703 3256 771 Equidem
3311 704 3453 758 sicut

1868 795 2012 849 banc
2058 773 2272 864 gentem
2319 809 2416 848 sua
2459 794 2702 848 doctrina
2752 793 2994 864 percepit
3038 794 3107 847 ab
3138 791 3453 846 infidelitate

1869 888 2096 957 gratiam
2115 886 2479 952 convertendi,
2502 887 2579 941 sic
2603 887 2768 940 etiam
2790 887 2988 941 donum
3003 898 3213 953 semper
3233 885 3455 939 inviola.

1870 978 1974 1031 bile
1998 978 2233 1047 possidet
2262 978 2343 1031 eis
2373 991 2551 1046 regem
2595 978 2680 1031 vel
2709 976 3091 1046 imperatorem
3121 974 3452 1029 constituen-

1868 1065 1944 1120 di.
2002 1066 2130 1131 Qnae
2179 1065 2487 1121 beatissima
2537 1064 2633 1120 Dei
2678 1063 2956 1121 Genitrice
3003 1064 3235 1128 dicente,
3283 1062 3453 1118 frater

1869 1166 2313 1228 przentemoratus
2339 1155 2614 1226 evigilavit
2638 1165 2884 1225 repente.

2472 1244 2699 1300 CAPUT
2739 1244 2859 1300 XX.

2308 1333 2386 1388 De
2427 1332 2625 1388 Ebonis
2664 1334 3009 1404 depositione.

1941 1426 2125 1496 Itaque
2163 1435 2446 1495 postquam
2479 1424 2784 1480 Ludovicus
2819 1426 2887 1478 ab
2915 1424 3192 1493 :equivoco
3220 1422 3329 1479 filio
3348 1436 3448 1478 suo

1870 1518 2151 1573 restitutus
2185 1527 2263 1571 est
2314 1517 2365 1571 in
2420 1533 2642 1586 regnum
2689 1525 2744 1571 et
2786 1518 3045 1577 honorem
3090 1531 3289 1578 suum,
3340 1517 3456 1571 Ebo

1870 1616 2089 1678 propter
2115 1605 2485 1673 hujuscemodi
2513 1605 2711 1660 facttnn
2740 1604 3015 1675 depositus
3044 1612 3128 1658 est
3155 1604 3223 1659 ab
3245 1604 3456 1673 cpisro-

1872 1709 2022 1770 patu,
2055 1714 2152 1768 pro
2211 1696 2523 1752 infidelitate
2555 1697 2914 1766 imperatoris.
2956 1694 3060 1748 Pro
3089 1678 3195 1763 (ﬂia
3246 1711 3302 1749 re
3343 1695 3457 1764 lpso

184 1790 309 1853 iret,
342 1798 401 1843 et
427 1797 573 1843 esset
600 1789 671 1842 ibi
715 1789 925 1844 cunctis
973 1790 1163 1844 diebus
1188 1790 1311 1843 vitm
1336 1804 1467 1843 suae.
1498 1787 1650 1855 Quod
1680 1788 1766 1842 ille
1796 1778 1841 1837 Β
1863 1793 1974 1862 jam
2023 1790 2172 1846 Jesse
2220 1790 2665 1844 Ambianensium
2721 1788 3003 1859 praesulem
3054 1788 3253 1841 dudum
3301 1788 3459 1857 drpo-

186 1896 441 1945 renuens,
482 1897 591 1935 non
622 1882 902 1935 consensit
936 1880 1199 1935 voluntati
1242 1895 1449 1935 eorum.
1480 1879 1628 1933 Tunc
1654 1896 1767 1934 om-

184 1987 279 2025 nes
306 1970 546 2039 episcopi
569 1970 660 2039 qui
689 1970 934 2034 aderant,
952 1970 1160 2024 molesti
1182 1971 1230 2023 ei
1265 1968 1429 2024 fuisse
1451 1978 1765 2032 narrantur,

185 2069 238 2114 et
259 2061 695 2131 improperantes
718 2060 792 2113 illi
822 2069 1042 2130 peccata
1075 2076 1193 2125 sua,
1219 2060 1557 2114 abstulerunt
1585 2057 1632 2112 ei
1655 2056 1769 2128 gla-

181 2148 329 2202 dium
356 2165 386 2203 a
421 2148 626 2203 femore
654 2164 773 2215 suo,
806 2148 1087 2204 iuduentes
1122 2166 1242 2205 eum
1271 2150 1468 2205 cilicio.

252 2241 388 2295 Dum
419 2242 746 2319 frequenter
771 2243 933 2312 igitur
973 2242 1084 2297 Ebo
1108 2242 1303 2313 praesul
1333 2243 1385 2296 in
1414 2241 1611 2312 palatio
1643 2250 1770 2297 tunc

185 2316 510 2396 moraretur,
545 2316 846 2402 hujusniodi
898 2333 964 2388 de
1007 2348 1072 2386 eo
1120 2334 1172 2388 in
1218 2334 1546 2389 monasterio
1596 2332 1766 2387 sancti

181 2420 415 2494 Remigii
448 2424 589 2477 visio
618 2425 851 2477 revelata
897 2432 997 2478 est.
1043 2424 1173 2478 Erat
1209 2426 1281 2479 ἱιιὶ
1325 2426 1623 2479 monachus
1648 2422 1770 2495 qui-

185 2515 329 2579 dum,
373 2516 594 2571 nomine
638 2515 940 2581 Raduinus,
977 2532 1172 2586 genere
1224 2517 1625 2587 Longnbardus,
1677 2517 1768 2589 qui

187 2610 349 2665 abbas
411 2612 683 2681 quondam
742 2612 1027 2666 exstiterat
1097 2612 1410 2666 monasterii
1488 2611 1631 2680 quod
1714 2612 1767 2665 in

186 2698 365 2756 monte
394 2700 657 2757 Bardonis
689 2703 741 2756 in
773 2702 920 2771 Italia
967 2702 1262 2757 beatissimi
1297 2701 1525 2771 Remigii
1568 2700 1768 2755 celebri

188 2792 345 2862 pollet
410 2793 696 2847 memoria.
755 2792 1086 2847 Moderamni
1143 2792 1477 2847 Redonensis
1533 2791 1768 2861 episcopi

188 2884 363 2938 studio
405 2884 670 2939 dedicata.
703 2881 758 2936 In
808 2898 915 2952 quo
946 2885 1294 2949 monasterio,
1343 2883 1469 2937 dum
1517 2883 1771 2954 pra-fanus

192 2974 471 3031 Radniuus
527 2975 859 3030 monachica:
915 2976 1263 3046 professionis
1313 2986 1525 3047 gereret
1572 2975 1768 3042 oflicia,

193 3066 384 3120 ductus
436 3080 622 3118 amore
677 3065 992 3119 meritorum
1044 3067 1184 3121 beati
1231 3068 1482 3138 Remigii,
1536 3068 1768 3136 sepulcri

1871 1882 2043 1936 suisse
2082 1881 2337 1944 traditur,
2369 1881 2465 1935 sed
2519 1894 2662 1934 nunc
2700 1894 2827 1934 eunt
2878 1891 3159 1934 revocasse
3204 1876 3377 1931 fertur
3403 1878 3454 1931 in

1869 1972 2099 2043 gradum
2130 1972 2390 2042 priorem.
3328 1976 3333 1981 '

1945 2064 2021 2119 De
2047 2064 2245 2118 Ebonis
2281 2073 2461 2118 autem
2492 2063 2852 2133 depositione,
2881 2062 3186 2131 requirente
3222 2072 3460 2131 postmo-

1870 2156 1995 2210 dum
2018 2170 2153 2225 papa
2183 2153 2404 2209 Nicolao
2449 2154 2517 2208 ab
2559 2156 2825 2223 episcopis
2865 2155 3069 2218 Gallitta,
3113 2157 3460 2223 maximeque

1868 2242 2096 2314 Belgica:
2151 2245 2485 2313 provinciae,
2547 2245 2661 2298 haec
2706 2244 2846 2299 inter
2899 2246 3004 2299 alia
3063 2245 3116 2299 in
3188 2244 3461 2314 responsis

1872 2328 2098 2406 accepit.
2132 2338 2282 2404 Quod
2316 2338 2428 2391 Ebo
2476 2336 2770 2391 Remorum
2825 2339 3111 2408 episcopus
3152 2348 3375 2406 accepta
3430 2352 3459 2390 a

1872 2428 2132 2484 Lotliario
2168 2444 2264 2497 pro
2315 2428 2487 2497 patris
2534 2429 2838 2496 proditione
2884 2428 3097 2482 abbatia
3143 2427 3314 2485 sancti
3365 2425 3464 2481 Ve-

1876 2519 2041 2584 dasti,
2072 2517 2328 2572 falsarum
2368 2517 2732 2585 oltjectiontnn
2773 2518 3019 2571 incentor
3071 2515 3359 2579 exstiterit,
3408 2523 3464 2568 ct

1875 2610 2070 2665 daliter
2092 2612 2434 2665 criminatum
2463 2611 2712 2664 eumdem
2752 2610 3132 2678 imperatorem
3180 2608 3317 2661 idem
3354 2606 3466 2662 Ebo

1875 2722 1904 2760 a
1936 2705 2046 2759 suis
2067 2704 2421 2774 complicibus
2458 2720 2487 2756 a
2531 2704 2808 2758 liminibus
2854 2702 3097 2757 ecclesia:
3141 2702 3462 2772 projectum,

1876 2812 1938 2851 ac
1970 2796 2196 2866 publica:
2227 2795 2558 2863 ptenitentia:
2590 2796 2985 2864 nmucipatnm,
3035 2793 3292 2849 custodiri
3323 2793 3463 2848 feci-.-

1875 2890 1947 2944 rit
1988 2886 2155 2960 (atauo
2196 2887 2344 2958 854),
2378 2901 2550 2956 usque
2601 2889 2725 2941 dmn
2781 2887 2832 2939 in
2881 2902 3026 2939 anno
3076 2885 3467 2939 incarnationis

1876 2981 2171 3035 liominicm
2207 2980 2656 3049 octingentesimo
2703 2978 2980 3049 ttjcesimo
3015 2986 3228 3045 quarto,
3256 2975 3463 3030 Lotlta-

1879 3073 1991 3126 rins
2016 3070 2235 3125 territus
2264 3078 2531 3122 conventu
2561 3043 2787 3122 fratri“)
2836 3082 3078 3127 suorum,
3108 3080 3171 3119 ac
3208 3064 3469 3134 ρΙιιι’.ιιιο-

192 3154 426 3223 ejusdem
459 3155 643 3209 limina
696 3156 871 3225 petiit.
918 3156 1019 3223 Qui
1062 3174 1181 3211 cunt
1226 3157 1488 3214 fratribus
1527 3157 1767 3227 ejusdem
1800 3165 1842 3225 C
1878 3179 1994 3217 runt
2022 3160 2255 3216 lidelium
2281 3160 2450 3229 patris
2497 3159 2857 3226 imperatoris,
2890 3157 3013 3226 fuga
3049 3155 3228 3224 lapsus
3255 3162 3465 3224 patrem

194 3240 287 3292 iOt'l
327 3242 498 3293 vitam
529 3242 731 3295 ducens
782 3240 1108 3311 religiosam,
1157 3243 1317 3311 digne
1357 3259 1477 3297 sese
1514 3248 1578 3297 ad
1607 3245 1772 3299 carie-

198 3344 326 3393 stmgt
374 3333 657 3408 satagebat
706 3349 1013 3404 pra‘parare
1056 3335 1324 3388 militiam.
1376 3336 1490 3402 Qua
1516 3337 1617 3389 lam
1647 3352 1775 3391 vero

198 3432 296 3493 die,
341 3447 511 3486 sacra:
554 3434 762 3487 scilicet
816 3429 1200 3503 assumptionis
1239 3439 1440 3489 sancta:
1494 3430 1583 3481 llei
1614 3430 1776 3483 Geni-

204 3525 367 3589 tricis,
401 3534 521 3594 post
547 3535 797 3579 exactum
827 3526 1102 3579 matutina:
1127 3525 1489 3579 solemnitatis
1519 3526 1772 3590 otfirium,

204 3617 415 3686 reliquis
464 3616 724 3672 fratribus
768 3618 1003 3686 quietem
1063 3618 1388 3687 petentibus,
1450 3619 1537 3672 ille
1586 3619 1775 3687 ,prccis

205 3707 364 3775 gratia
390 3707 538 3761 solus
570 3707 833 3762 remansit
865 3709 917 3761 in
950 3709 1137 3771 choro,
1185 3708 1503 3762 custodibus
1530 3709 1775 3763 ccclesize

207 3798 616 3864 quiescentibus.
639 3799 710 3853 At
736 3799 825 3852 ubi
858 3800 1185 3869 psalmorum
1216 3800 1620 3855 continuatione
1652 3802 1776 3855 fati-

208 3898 371 3954 gatus,
411 3888 643 3942 irruenti
695 3888 863 3957 ccrpit
909 3890 1152 3957 soporari
1202 3905 1412 3951 somno,
1452 3890 1581 3943 vidit
1629 3906 1659 3943 a
1693 3890 1775 3945 lo-

210 3988 270 4027 eo
296 3976 523 4044 sepulcri
554 3976 726 4031 sancti
774 3978 1042 4046 pontificis
1069 3977 1167 4050 ἱςε.
1197 3976 1452 4050 Remigii]
1487 3979 1778 4048 procedere

209 4063 562 4121 beatissimam
592 4066 684 4121 Dei
713 4066 1041 4123 Gcnitricem
1074 4071 1238 4124 nimio
1261 4070 1461 4123 lumine
1489 4086 1782 4126 coruscan-

215 4165 330 4222 tetn,
359 4157 511 4228 cujus
550 4159 829 4214 hmrebant
880 4160 1141 4216 lateribus
1165 4161 1494 4232 evangelista
1521 4159 1778 4227 Joannes,

212 4250 377 4320 etipsc
397 4266 552 4307 sacer
582 4252 887 4323 Remigius;
914 4254 1097 4323 sicque
1119 4269 1176 4308 se
1197 4254 1294 4308 visi
1322 4261 1447 4307 sunt
1470 4253 1783 4323 compositis

218 4342 354 4398 adire
389 4345 666 4414 gradibus.
706 4343 1054 4415 Superposita
1095 4361 1224 4400 vero
1272 4362 1432 4400 manu
1477 4346 1639 4414 Virgo
1668 4345 1784 4417 glo-

218 4431 349 4487 riosa
392 4435 585 4491 leniter
617 4434 748 4504 ejus
801 4437 1007 4506 capiti:
1040 4437 1178 4505 Quid
1238 4437 1346 4502 hic,
1398 4437 1591 4506 inquit,
1640 4436 1778 4506 agis,

1877 3270 2032 3308 suum
2099 3251 2275 3306 adhuc
2330 3250 2400 3303 ab
2456 3250 2696 3319 ingressu
2762 3248 3007 3302 ecclesia:
3068 3256 3466 3315 seque-stratum

1878 3343 2100 3398 dimisit.
2125 3342 2259 3396 Cum
2289 3356 2395 3411 quo
2434 3340 2573 3393 inter
2602 3340 2736 3392 alios
2758 3338 2921 3392 etiam
2952 3337 3170 3407 quidam
3206 3335 3466 3405 episcopi,

1878 3434 2115 3489 fautores
2138 3433 2302 3503 ipsius
2334 3433 2384 3485 in
2412 3431 2740 3486 ailvet'sitate
2770 3429 2940 3499 patris
2966 3429 3072 3492 sui,
3102 3426 3304 3482 relictis
3324 3442 3459 3480 Cott-

1877 3542 1958 3586 tra
2015 3540 2200 3584 sacras
2240 3525 2451 3598 reg-ilus
2497 3525 2715 3579 sedibus
2758 3524 2871 3575 suis
2899 3531 3276 3589 perrexerunt,
3310 3518 3464 3574 .Iesse

1880 3623 2130 3677 videlicet
2158 3622 2562 3683 Ambianensis,
2593 3631 2647 3674 et
2676 3615 3013 3673 llet'cboltlus
3056 3614 3469 3668 Antisiodorrn-

1879 3714 1977 3776 sis,
2008 3712 2328 3783 Agobardus
2371 3709 2764 3779 Lugdunensis.
2798 3719 2851 3761 et
2875 3704 3300 3763 liartltolouzmus
3328 3701 3467 3763 Nar-

1877 3805 2132 3860 bonensis
2158 3803 2463 3872 cpiscopus,
2494 3812 2545 3854 et
2575 3800 2897 3855 abscede-te
2931 3800 3041 3861 illo,
3065 3801 3153 3868 qui
3181 3801 3470 3855 adfuerunt

1879 3895 2112 3964 episcopi
2164 3894 2544 3958 imperatorem
2598 3892 2649 3943 in
2698 3892 2925 3945 ecclesia
3000 3891 3173 3944 sancti
3228 3889 3465 3958 Dionysii

1879 3983 2385 4048 reconciliaverunt,
2421 3990 2477 4035 et
2501 3979 2883 4035 ecclesiasticae
2911 3979 3276 4034 couunnuioni
3310 3980 3465 4035 resti-

1881 4084 2119 4130 tuerunt.
2147 4075 2298 4142 Quod
2328 4074 2440 4129 Eho
2467 4074 2711 4138 audiens,
2751 4072 3068 4141 quibusdam
3111 4070 3469 4126 familiaribus

1882 4166 1996 4222 suis
2034 4164 2421 4235 plenitudinem
2471 4177 2691 4217 suorum
2740 4162 3005 4230 delegavit
3065 4156 3365 4224 hominum,
3413 4169 3469 4215 et

1883 4266 2089 4311 certum
2116 4255 2195 4309 eis
2223 4254 2479 4324 placitum
2512 4253 2681 4316 dedit,
2704 4253 2793 4307 tibi
2839 4260 2892 4307 et
2927 4254 3143 4321 quando
3174 4252 3367 4305 itcrtun
3402 4251 3471 4307 ad

1886 4363 2009 4404 eum
2048 4347 2315 4401 venirent.
2358 4344 2627 4413 Adjicitur
2671 4344 2833 4400 etiam
2892 4344 3033 4413 quod
3076 4344 3190 4398 Eho
3218 4343 3469 4413 plurima,

1886 4453 2007 4507 qua:
2058 4436 2123 4490 de
2171 4434 2520 4489 facultatibus
2581 4434 2964 4490 ecclesiasticis
3018 4434 3165 4488 ferre
3224 4444 3353 4488 tunc
3415 4434 3470 4488 in

172 4546 185 4555 ·
218 4519 373 4580 frater
397 4527 677 4583 Radnine?
707 4544 815 4598 quo
848 4545 968 4583 mox
1012 4530 1173 4599 pedes
1203 4529 1346 4584 illius
1384 4529 1614 4584 osculari
1655 4545 1782 4599 pro-
1810 4510 1860 4567 D
1889 4537 2115 4600 argento
2146 4536 2201 4583 et
2247 4542 2381 4582 auro
2435 4528 2625 4596 potuit,
2656 4542 2839 4582 secum
2870 4540 3170 4590 assumens,
3204 4541 3324 4579 cum
3353 4525 3472 4595 qui-

216 4617 504 4685 cnmbente,
549 4618 746 4688 adjecit
777 4637 790 4671 :
836 4618 935 4674 l‘bi
988 4620 1146 4674 modo
1181 4619 1326 4691 degit
1360 4619 1472 4673 Ebo
1505 4619 1783 4673 lientensis

220 4711 679 4782 archiepiscopus?
728 4710 847 4777 Quo
891 4711 1246 4781 respondente
1290 4730 1306 4765 :
1349 4709 1581 4779 palatina
1627 4708 1781 4779 jussu

224 4800 350 4869 regis
368 4801 679 4872 exsequitur
723 4801 959 4869 negotia.
992 4800 1058 4854 Et
1084 4815 1203 4865 cur,
1229 4800 1422 4869 inquit,
1453 4810 1558 4853 tam
1599 4798 1784 4855 sedqu

226 4890 389 4957 palatii
420 4893 538 4948 terit
559 4892 789 4947 limina?
817 4906 1036 4960 prorsus
1063 4892 1188 4946 hinc
1212 4906 1551 4960 nequaquam
1582 4890 1787 4960 majore

227 4976 462 5036 dilabitur
508 4982 819 5039 sanctitatis
863 4978 1121 5035 efﬁcacia.
1159 4981 1352 5037 Veniet
1392 4980 1557 5045 enim,
1604 4982 1784 5037 veniet

228 5068 482 5128 celerrime
532 5083 768 5146 tempus,
830 5073 1045 5140 quando
1109 5087 1212 5126 non
1274 5071 1677 5142 prosperabitur
1728 5072 1782 5126 in

230 5160 418 5219 talibus.
457 5161 618 5233 Quem
671 5162 811 5218 nihil
851 5162 916 5215 ad
945 5162 1058 5217 lucc
1101 5164 1386 5219 audentem
1434 5165 1784 5234 respondere,

234 5249 315 5303 tali
341 5268 651 5329 prosequens
682 5250 893 5307 affatur
925 5250 1247 5309 allocutione
1275 5273 1286 5308 :
1320 5253 1451 5319 Quae
1481 5264 1784 5309 vestrorum

1889 4620 2114 4673 busdam
2167 4616 2513 4680 Nortnannis,
2578 4617 2671 4686 qui
2722 4617 2827 4670 iter
2880 4625 2937 4671 et
2972 4626 3158 4686 portus
3203 4617 3370 4670 maris
3408 4628 3474 4671 ac

1888 4706 2166 4762 flaminum
2204 4722 2354 4761 mare
2410 4704 2742 4760 influentium
2788 4715 2945 4759 netos
2998 4705 3293 4768 habebant,
3351 4717 3474 4761 cum

1888 4798 2076 4870 paucis
2095 4810 2308 4867 quoque
2345 4794 2465 4849 aliis
2490 4795 2801 4852 domesticis
2826 4794 2958 4856 suis,
3006 4793 3150 4849 nullo
3180 4795 3473 4863 itnpetente

1890 4890 1971 4945 vel
1996 4898 2372 4961 persequente,
2404 4894 2566 4941 noctu
2592 4887 2777 4943 Remis
2818 4885 3045 4957 aufugit,
3074 4894 3128 4941 et
3170 4901 3275 4940 non
3299 4886 3476 4941 solum

1887 4985 2199 5053 parochiam
2238 4996 2412 5044 suam,
2448 4993 2633 5035 rerum
2672 4988 2725 5035 et
2755 4978 3024 5051 Belgicam
3065 4977 3338 5048 regionem
3387 4974 3482 5028 de-

1888 5076 2080 5140 seruit,
2128 5081 2183 5128 et
2232 5072 2336 5129 iter
2387 5071 2455 5125 ad
2507 5067 2874 5137 Normannos,
2919 5074 3117 5142 quibus
3163 5087 3193 5124 a
3238 5064 3481 5124 l’ascliali

1890 5182 2028 5237 1³⁵³9³
2084 5163 2360 5237 [PascftaL
2413 5160 2494 5233 1],
2546 5180 2758 5222 necnon
2789 5163 2857 5217 ab
2908 5162 3150 5238 Eugenio
3191 5159 3352 5232 [Eug.
3392 5152 3481 5224 Il]

1894 5271 2209 5315 successore
2256 5255 2443 5329 ipsius,
2477 5254 2625 5314 sicut
2667 5254 2910 5328 epistolis
2933 5251 3243 5310 eorntndetn
3279 5259 3483 5317 praesu-
