3974 5392
472 277 577 341 15⁵5

1528 267 1922 327 ηοιιοΑιιῡι
1961 260 2277 320 CANONICI
2312 254 2658 313 REMENSIS

3626 255 3744 309 133

477 395 882 456 Ercbeuradum
924 391 1043 466 [ui.,
1068 384 1300 459 Arltenr]
1336 382 1669 440 Parisiorum
1717 378 2049 452 episcopitm,
2081 381 2128 441 Α
2154 371 2434 430 confessus
2462 379 2556 427 aut
2582 368 2862 426 convictus
2893 366 3050 430 foret,
3076 362 3317 421 libellum
3367 377 3479 418 sua:
3528 354 3771 431 deposii

475 488 726 549 revocari
750 486 896 551 fecit,
941 493 996 539 et
1024 484 1079 538 in
1105 479 1435 538 monasterio
1465 477 1639 533 sancti
1667 473 1955 537 Bouifacii,
1985 472 2054 537 ei,

473 592 528 639 ct
561 579 773 636 clericis
801 593 867 632 ac
917 574 1071 633 laicis
1112 572 1204 643 qui
1243 586 1366 626 cum
1414 583 1479 624 eo
1525 578 1706 634 erant,
1754 564 2061 623 necessaria

473 672 801 737 ministrari,
846 680 900 726 et
925 666 1189 742 synodum
1225 671 1543 731 exspectare
1571 658 1846 730 praecepit.
1876 656 1979 712 Sed
2007 664 2063 711 et

472 765 866 823 flildemannns
932 756 1274 814 Bclvacensis
1327 752 1612 823 cpiscopus
1676 747 2060 813 insimulatus,

474 856 625 926 quod
684 854 823 910 sicut
879 848 1089 922 prazfali
1154 845 1409 917 episcopi,
1478 841 1661 913 fugam
1722 840 1789 895 ad
1859 838 2062 894 Lotba-

474 949 626 1005 [rium
654 945 955 1008 moliretur,
984 942 1038 997 in
1068 938 1401 995 monasterio
1428 935 1600 991 sancti
1640 932 1852 989 Vedasti
1877 932 2064 987 delen-

478 1051 592 1107 ωε,
619 1039 878 1112 synodum
907 1034 1261 1105 exspectavit.
1292 1030 1373 1085 Ad
1411 1044 1574 1098 quam
1611 1042 1753 1081 anno
1800 1025 2061 1081 lncarna-

484 1132 652 1190 tionis
685 1129 978 1186 Dominiete
1007 1127 1112 1182 855
1138 1124 1437 1186 venientes,
1469 1135 1659 1176 omnes
1683 1118 1920 1188 episcopi
1969 1116 2062 1188 qui

485 1231 848 1285 convenean
873 1220 1184 1292 singillatim
1210 1216 1420 1272 libellos
1454 1214 1520 1270 de
1571 1213 1912 1269 restitutione
1961 1210 2065 1264 im-

482 1316 758 1389 peratoris
791 1311 1067 1369 communi
1101 1308 1331 1365 consilio
1377 1315 1540 1374 atque
1593 1317 1859 1359 consensu
1882 1301 2065 1356 edide-

486 1418 640 1474 runt,
668 1416 726 1464 et
757 1404 995 1478 propriis
1022 1401 1273 1456 manibus
1296 1395 1753 1465 subscripserunt.
1783 1393 1918 1447 Cum
1946 1391 2067 1461 qui-

487 1502 592 1558 bus
621 1508 675 1555 et
698 1499 811 1552 Ebo
846 1496 930 1567 (ut
954 1507 1141 1550 revera
1178 1491 1232 1545 in
1262 1497 1406 1546 statu
1449 1503 1547 1543 suo
1587 1485 1764 1540 adhuc
1818 1481 2064 1553 manens)

487 1591 727 1647 libellum
748 1602 910 1642 manu
941 1600 1036 1641 sua
1088 1597 1212 1639 cum
1265 1580 1628 1635 additamento
1676 1570 2065 1641 archiepiscopi

486 1682 749 1752 scriptum
773 1654 959 1734 eodidit.
985 1676 1040 1730 lu
1071 1689 1177 1744 quo
1199 1671 1378 1727 libello
1397 1668 1671 1739 professus
1690 1676 1792 1729 est,
1807 1661 2065 1733 quidquid

2163 465 2326 521 tionis
2352 462 2594 528 dictavit,
2624 472 2679 517 et
2722 459 2886 515 scribi
2917 472 3098 512 coram
3129 471 3187 511 se
3234 453 3383 520 fecit,
3417 462 3472 508 et
3524 452 3747 523 propria

2160 571 2325 611 mantt
2351 553 2693 623 subscripsit,
2717 550 3012 605 secundum
3040 546 3384 602 traditionem
3410 541 3748 599 ecclesiasti-

2160 662 2304 710 cam,
2337 645 2696 714 eumdemque
2743 641 2981 696 libellmn
3031 637 3265 708 propriae
3313 650 3377 691 ac
3417 636 3556 691 viva:
3600 633 3753 687 vocis

2158 736 2500 792 confessione
2531 742 2847 790 attestatum
2895 731 2949 786 in
2994 728 3387 784 abdicationem
3435 726 3543 790 sui,
3600 722 3753 779 nullo

2161 827 2229 883 ab
2255 841 2320 881 eo
2364 831 2641 895 quaerente
2665 823 2750 878 vel
2773 822 3042 893 exigente,
3077 817 3284 888 synodo
3314 817 3459 870 ultro
3478 813 3751 886 porrexit.

2159 917 2227 975 Et
2284 916 2425 971 sicut
2479 913 2650 970 videri
2711 921 2840 967 tunc
2921 910 2989 964 ab
3036 908 3123 963 bis
3192 905 3287 977 qui
3332 902 3753 967 interfuerunt,

2159 1008 2369 1080 potuit,
2425 1004 2730 1061 sacerdotio
2764 1018 2823 1057 se
2865 1008 3058 1070 sponte
3125 995 3435 1060 submovit,
3499 1006 3755 1065 quaerens

2161 1099 2457 1155 remedium
2529 1094 2871 1167 paenitendi,
2937 1092 3077 1147 sicut
3146 1090 3201 1145 in
3262 1088 3455 1144 eodem
3530 1084 3755 1156 profes-

2163 1190 2332 1246 sionis
2365 1204 2428 1245 ac
2455 1184 2873 1257 subscriptionis
2927 1196 3037 1239 suae
3085 1178 3269 1236 libello
3299 1178 3612 1235 continetur
3646 1176 3758 1230 hoc

2160 1280 2346 1334 modo.

2236 1411 2256 1444 ί
2300 1391 2408 1462 Ego
2442 1390 2557 1445 Ebo
2588 1386 2836 1455 indignus
2866 1385 3173 1455 cpiscopus,
3209 1394 3607 1452 recognoscens
3636 1376 3759 1433 fra-

2165 1481 2424 1554 gilitatem
2459 1495 2655 1545 meam,
2693 1486 2748 1533 et
2792 1477 3030 1547 pondera
3091 1476 3435 1544 peccatorum
3486 1486 3759 1534 meorum,

2170 1580 2337 1627 testes
2368 1570 2711 1626 confcssores
2756 1582 2926 1633 meos,
2984 1563 3223 1618 Aiulfum
3275 1561 3529 1617 videlicet
3576 1561 3764 1615 arcbi-

2163 1665 2498 1734 episcopum,
2534 1671 2588 1716 et
2624 1660 2964 1715 Badaradnm
2999 1658 3309 1727 cpiscopnm
3339 1696 3355 1721 ,
3422 1669 3637 1711 necmm
3682 1639 3764 1708 ὀι

488 1776 547 1830 in
578 1748 746 1843 ipsius
780 1768 1126 1841 imperatoris
1152 1762 1578 1821 debonoratione
1603 1768 1812 1827 gestum
1867 1755 2064 1820 fuerat,
2098 1772 2140 1831 κ
2169 1756 2471 1811 Modoinum
2493 1753 2827 1824 episcopum,
2859 1750 3113 1807 constitui
3146 1750 3273 1803 mibi
3299 1749 3512 1818 jndices
3537 1748 3770 1803 delicto-

492 1864 691 1931 injuste
720 1864 920 1917 factum
950 1859 1134 1915 fuisse.
1157 1857 1289 1911 Item
1315 1863 1434 1923 post
1461 1866 1625 1922 pauca
1654 1867 1666 1903 :
1691 1856 1744 1903 et
1771 1855 1891 1917 post
1918 1846 2072 1901 datos

492 1955 721 2019 libellos,
771 1951 1052 2008 venientes
1100 1944 1339 2017 episcopi
1389 1957 1512 1997 cmn
1572 1941 1943 2010 imperatore,
2014 1942 2071 1990 et

493 2042 908 2117 quamplurimis
937 2041 1054 2111 ejus
1103 2038 1382 2100 tidelibus,
1413 2049 1477 2088 ac
1518 2033 1664 2103 regni
1721 2028 2071 2101 primoribus,

494 2136 551 2191 in
583 2136 768 2189 urbem
822 2130 1164 2192 Metensium,
1223 2127 1275 2182 in
1330 2125 1552 2181 basilica
1595 2121 1738 2176 beati
1790 2118 2071 2189 Stephani,

497 2230 710 2301 publice
734 2242 765 2282 a
793 2229 1037 2296 Drogone
1067 2223 1320 2292 episcopo
1344 2218 1538 2275 reiecta
1569 2225 1712 2279 sunt,
1747 2230 1867 2287 qua:
1889 2217 1955 2270 de
1986 2230 2074 2269 rc-

492 2320 779 2378 stitutione
811 2317 1150 2387 imperatoris
1178 2313 1420 2370 omnium
1451 2310 1813 2365 unanimitate
1856 2308 2074 2362 inventa

503 2416 676 2470 fuere.
717 2414 847 2468 Post
897 2411 1034 2465 banc
1086 2406 1572 2465 annuntiatiouem,
1621 2402 1735 2458 Ebo
1784 2401 2075 2455 Remorum

492 2506 801 2577 cpiscopus,
822 2501 912 2570 qui
936 2499 1176 2568 ejusdem
1202 2496 1451 2553 factionis
1472 2495 1613 2548 velut
1635 2492 1860 2564 signifer
1881 2490 2074 2555 fuerat,

496 2597 869 2654 conscendens
916 2593 1164 2648 emndem
1235 2591 1411 2644 locum
1459 2588 1549 2641 ubi
1614 2585 1789 2656 Drogo
1832 2591 2074 2645 steterat,

498 2701 683 2742 coram
739 2684 987 2738 omnibus
1032 2680 1304 2752 professus
1342 2687 1425 2735 est
1468 2678 1714 2733 eumdem
1775 2677 2077 2746 Angustum

500 2775 698 2845 injuste
730 2774 1054 2844 depositum,
1094 2780 1149 2826 et
1176 2771 1355 2827 omnia
1383 2784 1502 2839 qua:
1526 2769 1785 2821 adversus
1833 2781 1956 2819 cum
1988 2781 2081 2835 pa-

502 2873 646 2920 trata
678 2865 912 2925 fuerant,
956 2862 1159 2930 inique,
1190 2868 1244 2913 et
1295 2867 1487 2914 contra
1525 2858 1693 2911 totius
1742 2857 2081 2911 auctoritatis

506 2956 779 3011 tramitem
830 2953 998 3008 fuisse
1045 2951 1376 3017 machinata,
1420 2949 1616 3004 merito
1659 2946 1909 3017 justeque
1956 2962 2083 3016 pro-

502 3049 624 3120 prio
644 3047 853 3116 imperii
884 3045 1017 3103 solio
1047 3013 1417 3098 reformatum.
1452 3042 1517 3095 Et
1562 3041 1642 3095 sic
1660 3013 1917 3094 omnibus
1959 3013 2084 3092 latt-

2173 1864 2292 1902 rnm
2330 1861 2595 1909 meorum,
2635 1856 2688 1899 et
2731 1857 2920 1912 puram
2969 1841 3101 1910 ipsis
3153 1838 3557 1895 confessionem
3607 1838 3760 1901 dedi,

2172 1952 2422 2009 qurcrens
2467 1932 2771 1991 remedium
2800 1931 3135 2004 pmnitendi,
3184 1940 3238 1985 et
3292 1930 3521 1986 salutem
3569 1928 3770 1982 animo:

2176 2043 2330 2092 mezc,
2365 2036 2422 2081 ιιι
2458 2026 2767 2081 recedercm
2796 2023 2865 2077 ab
2892 2020 3069 2078 ofﬁcio
3108 2029 3164 2074 ct
3194 2020 3496 2075 ministerio
3541 2016 3769 2088 pontifi-

2174 2120 2295 2183 Cali,
2326 2134 2434 2187 quo
2464 2134 2548 2172 me
2578 2130 2904 2186 recognosco
2929 2128 3046 2168 esse
3088 2111 3390 2181 indignum.
3411 2186 3416 2187 γ
3441 2119 3494 2165 ct
3521 2110 3699 2163 aliena
3713 2126 3765 2163 ιιι

2176 2224 2262 2265 me
2292 2209 2516 2263 reddens
2549 2222 2644 2278 pro
2677 2206 2915 2261 reatibus
2963 2203 3121 2265 meis,
3155 2203 3209 2256 in
3251 2186 3448 2270 quibus
3498 2215 3763 2269 peccasse

2177 2311 2387 2356 secreto
2436 2299 2565 2370 ipsis
2615 2297 2897 2352 confessus
2924 2310 3064 2350 sum.
3097 2293 3174 2347 Eo
3216 2290 3427 2346 scilicet
3476 2291 3662 2354 modo,
3711 2298 3772 2341 ut

2176 2394 2278 2464 ipsi
2308 2393 2414 2448 sint
2468 2402 2631 2445 testes
2681 2390 2770 2442 alii
2801 2387 2927 2460 [ms.
2971 2384 3099 2457 alio]
3138 2382 3468 2439 succedendi
3532 2389 3589 2433 ct
3643 2396 3773 2435 con-

2178 2481 2433 2538 secrandi
2484 2480 2535 2534 in
2591 2479 2709 2532 loco
2764 2492 2906 2543 meo,
2963 2475 3054 2545 qui
3109 2474 3268 2543 digne
3298 2485 3533 2542 praeesse
3563 2478 3619 2523 et
3648 2484 3775 2539 pro-

2179 2575 2334 2630 desse
2390 2568 2860 2641 possitecclesim,
2911 2566 2998 2621 cui
3048 2567 3309 2619 hactenus
3359 2562 3608 2631 indignus
3635 2574 3776 2631 prte-

2181 2664 2277 2719 fui.
2329 2664 2396 2717 Et
2429 2703 2442 2726 ,
2491 2670 2547 2715 ut
2579 2660 2704 2715 inde
2746 2658 2889 2712 ultra
2936 2656 3135 2711 nullam
3190 2653 3564 2724 repetitionem
3595 2692 3610 2717 ,
3682 2658 3777 2705 aut

2180 2753 2667 2825 interpellationem
2688 2750 3015 2805 auctoritate
3042 2747 3301 2802 canonica
3329 2743 3509 2798 facere
3534 2742 3774 2806 valeam,

2182 2862 2342 2901 manu
2372 2844 2587 2916 prepria
2625 2857 2743 2897 mea
2781 2840 3128 2896 subscribens
3161 2837 3278 2890 firm
3316 2836 3394 2892 vi.
3445 2835 3557 2890 Ebo
3605 2848 3778 2904 quon-

2182 2938 2306 2995 dam
2336 2937 2616 3007 episcolms
2640 2932 2956 3001 subscripsi.
2995 2932 3036 3000 ej-
3072 2948 3092 2982 ι

2254 3050 2323 3104 Ει
2361 3058 2420 3102 nt
2465 3047 2644 3101 omnia
2694 3045 2985 3100 secundum
3032 3042 3178 3114 leges
3222 3040 3419 3112 quibus
3464 3039 3779 3096 moderatur

503 3142 602 3195 des
626 3140 737 3195 000
762 3137 1103 3199 οθηθιιῑίὺιιδν
1131 3146 1184 3190 οι
1218 3150 1337 3204 llum
1364 3142 1490 3188 “me
1517 3133 1712 3186 ίεὲίκεοῐη
1753 3130 1968 3185 fueram
2019 3145 2081 3183 ³-
2109 3124 2154 3185 C
2186 3141 2448 3204 Ecclesia,
2482 3139 2533 3193 in
2573 3136 2777 3208 synodo
2805 3135 3049 3205 legaliter
3081 3132 3418 3202 adimplcret,
3457 3130 3619 3185 simul
3646 3146 3772 3186 cum

504 3229 679 3301 gelida
746 3227 1015 3296 peractis,
1067 3225 1135 3278 ad
1200 3223 1507 3278 Tbeodonis
1548 3222 1686 3275 villa:
1741 3218 2081 3289 (Tltionville)

505 3318 763 3389 palatium
791 3316 1021 3386 regressi
1048 3322 1188 3379 sunt,
1224 3313 1403 3382 ibique
1433 3311 1819 3366 llildemannus
1847 3310 1898 3363 in
1931 3323 2090 3381 syno-

510 3409 580 3465 do
615 3422 853 3479 prmscns
874 3423 932 3462 se
961 3423 989 3459 a
1020 3404 1291 3461 calunmia
1328 3403 1430 3457 sibi
1484 3403 1714 3471 impacta
1769 3399 2091 3471 regulariter

511 3513 737 3564 exuens,
769 3498 1031 3553 satisfecit
1055 3497 1279 3566 synodo,
1338 3505 1391 3550 ct
1435 3509 1533 3565 per
1567 3510 1687 3552 eam
1744 3492 2086 3562 imperatori.

511 3592 627 3649 Ebo
658 3606 785 3645 vero
810 3593 861 3645 in
891 3591 1077 3644 eadem
1112 3588 1318 3659 synodo
1365 3601 1604 3656 bratscns
1645 3587 1713 3639 ab
1762 3585 2091 3655 imperatore

512 3693 783 3753 pneseute
826 3690 1110 3736 accusatus
1167 3687 1287 3742 est,
1344 3679 1487 3747 quod
1534 3692 1658 3732 eum
1731 3676 1868 3731 falso
1916 3676 2095 3730 fuerat

513 3774 852 3837 criminatus,
883 3781 938 3827 et
964 3772 1168 3826 eisdem
1220 3770 1372 3825 falsis
1424 3769 1746 3824 criminibus
1797 3768 2092 3838 appetitum

516 3883 548 3923 ιι
603 3880 771 3936 regno
826 3864 1133 3933 dejecerat,
1188 3862 1461 3931 armisque
1510 3860 1578 3914 ab
1624 3875 1688 3915 eo
1730 3859 1946 3921 ablatis,
1997 3870 2097 3912 nec

516 3957 846 4020 confessum,
874 3970 973 4008 nec
997 3954 1321 4014 convictum,
1355 3963 1542 4007 contra
1589 3952 1800 4022 regulas
1843 3948 2097 4005 ecclesia-

517 4052 682 4107 sticas
712 4049 780 4102 ab
813 4047 1052 4101 ecclesia:
1091 4047 1236 4099 aditu
1267 4061 1331 4099 ac
1369 4045 1798 4099 Christianorum
1839 4042 2097 4095 societate

519 4140 916 4200 eliminaverat,
948 4136 1091 4188 sicut
1145 4143 1201 4188 et
1252 4135 1393 4187 itlem
1453 4133 1655 4202 scripto
1702 4132 2099 4199 SllliSCl‘illliOllc

521 4244 619 4285 sua
651 4229 927 4289 roborato,
974 4234 1029 4278 et
1076 4224 1254 4278 verbis
1301 4238 1480 4275 coram
1528 4222 1780 4275 omnibus
1826 4219 2099 4290 professus

525 4317 924 4375 fuerat.Etcum
939 4324 1118 4368 essent
1134 4313 1411 4366 aliaetiam
1427 4310 1755 4373 crimina,de
1771 4310 1964 4378 quibus
1981 4324 2013 4377 p
2036 4316 2100 4361 ist

522 4410 663 4464 hanc
707 4406 1127 4471 accusationem,
1172 4402 1503 4457 accusandus
1527 4411 1662 4465 erat,
1694 4409 1746 4455 et
1797 4400 1862 4453 de
1906 4399 2101 4467 quibus

524 4502 667 4573 apud
697 4503 1077 4569 imperatorem
1110 4497 1222 4567 jam
1264 4504 1422 4549 antea
1472 4492 1649 4546 fuerat
1698 4499 2000 4555 accusatus,

521 4611 631 4653 non
661 4592 917 4649 canonice
935 4600 1209 4661 purgatus,
1238 4588 1378 4641 sicut
1398 4595 1449 4639 et
1479 4584 1703 4654 epistola
1725 4584 2102 4653 episcoporum

524 4687 592 4741 ad
623 4685 871 4753 Sergium
903 4696 1097 4752 papam
1149 4681 1508 4742 dcmoasuat,
1553 4684 1605 4730 et
1642 4691 1738 4745 pro
1779 4675 2106 4743 quibusdam

527 4793 716 4831 eorum
775 4776 1142 4840 exstiterata
1201 4770 1426 4825 consilio
1484 4769 1828 4838 imperatoris
1880 4770 2106 4838 ejectns,

528 4883 649 4937 qua:
678 4865 946 4936 patefacta
993 4864 1223 4918 veritate
1276 4876 1476 4931 negare
1530 4876 1635 4915 non
1694 4860 1923 4923 valebat,
1959 4862 2113 4927 petiit

532 4971 832 5019 secessum,
880 4955 1080 5008 ntsine
1115 4953 1399 5022 praesentia
1438 4952 1778 5021 imperatoris
1822 4952 2008 5006 liceret
2054 4952 2106 5007 ei

2050 4461 2180 4544 (ξιο

2187 3235 2287 3297 eis,
2313 3246 2449 3302 quos
2476 3229 2770 3284 secundum
2803 3227 2999 3281 Africa:
3036 3224 3329 3295 provincite
3366 3236 3607 3276 canones
3636 3220 3778 3292 (can.

2189 3324 2279 3390 625)
2310 3324 2512 3391 legerat
2547 3318 2647 3373 sibi
2673 3317 2910 3388 judices,
2936 3316 3151 3370 dicente
3180 3311 3438 3382 Apustoln
3469 3329 3481 3365 :
3517 3311 3782 3365 Adversus

2189 3413 2546 3486 presbyterum
2573 3410 2959 3463 accusatione»:
2989 3404 3096 3458 noli
3122 3403 3369 3472 recipere,
3396 3402 3496 3455 nisi
3525 3403 3620 3454 sub
3647 3403 3782 3453 duo-

2193 3505 2285 3559 bus
2311 3503 2385 3557 vel
2415 3500 2577 3555 tribus
2606 3498 2816 3552 testibus
2845 3495 2898 3568 (Ι
2930 3495 3064 3549 Tim.
3103 3510 3159 3560 v,
3191 3494 3300 3564 19),
3342 3503 3401 3547 ut
3438 3493 3492 3546 in
3521 3507 3619 3546 ore
3649 3491 3783 3545 duo-

2193 3610 2311 3649 rum
2347 3591 2429 3645 vel
2482 3591 2641 3644 trium
2672 3588 2887 3642 testium
2919 3593 3197 3640 constaret
3228 3585 3388 3638 etiam
3416 3597 3529 3637 sua:
3557 3596 3784 3636 accusa-

2196 3684 2374 3746 tionis,
2406 3691 2460 3736 ct
2487 3689 2545 3734 ut
2570 3680 2708 3734 alius
2731 3694 2788 3733 se
2813 3676 3115 3733 sacerdotio
3147 3675 3402 3730 defuncto
3433 3674 3482 3727 ei
3515 3672 3777 3727 succede-

2197 3783 2298 3841 ret,
2325 3770 2719 3828 testificationis
2749 3768 2969 3823 verbum
3000 3766 3216 3838 (Matth.
3248 3780 3401 3826 xvut,
3443 3762 3556 3834 16),
3590 3761 3783 3816 ascivit

2195 3877 2250 3921 et
2274 3866 2409 3920 alios
2447 3873 2557 3919 tres
2582 3867 2886 3932 episcopos,
2911 3860 3158 3914 veritatis
3189 3860 3255 3914 de
3285 3874 3378 3911 sua
3410 3856 3781 3919 accusatione,

2197 3967 2254 4011 et
2287 3954 2664 4010 testilieatione
2710 3952 2959 4007 conscios
3006 3950 3059 4003 in
3104 3948 3471 4004 testimonium
3517 3962 3630 4000 sum
3669 3960 3790 4016 pro-

2200 4046 2468 4110 fessionis,
2500 4044 2889 4097 Theodericum
2920 4040 3125 4095 scilicet
3153 4039 3778 4109 cpiscopum,et.\cbar-

2200 4138 2327 4191 dum
2374 4136 2685 4204 episcopum
2735 4134 3032 4187 dimceseos
3081 4147 3214 4194 snze,
3265 4139 3319 4183 et
3356 4129 3663 4183 Notbonem
3706 4143 3789 4181 ar-

2201 4227 2624 4294 chiepiscopum.
2654 4223 2718 4275 Et
2748 4222 2825 4276 sic
2854 4223 2968 4291 ipse
2997 4221 3294 4292 professus,
3322 4220 3375 4274 et
3403 4235 3499 4274 sex
3523 4220 3793 4289 episcopis

2203 4329 2314 4369 sua:
2347 4311 2668 4383 professioni
2703 4312 3103 4374 attestantibns,
3145 4317 3201 4362 nt
3230 4309 3599 4377 praediximus,
3642 4306 3794 4360 libel-

2203 4404 2315 4457 lntn
2345 4404 2549 4474 synodo
2576 4401 2837 4471 porrexit,
2864 4401 3149 4469 cunctique
3178 4398 3438 4468 episcopi,
3464 4398 3554 4467 qui
3585 4397 3791 4468 synodo

2210 4495 2607 4558 interfuerunt,
2654 4493 2947 4562 singilatim
2996 4510 3058 4547 ac
3106 4492 3304 4546 \iritim
3350 4492 3604 4544 dixerunt
3653 4490 3727 4544 illi
3776 4470 3826 4541 z'

2169 4585 2517 4640 'Sccundum
2579 4594 2722 4636 tttam
2784 4582 3171 4652 professionem
3228 4589 3283 4634 et
3342 4580 3792 4650 subseriptioncm

2212 4693 2366 4735 cessa
2394 4693 2423 4730 a
2450 4677 2769 4731 ministerio.
2796 4674 2855 4727 Et
2886 4690 3067 4727 coram
3096 4673 3345 4727 omnibus
3377 4672 3514 4726 hanc
3547 4672 3792 4725 notitiam

2216 4787 2338 4826 cum
2379 4769 2695 4838 prtesm‘ipto
2739 4767 2917 4821 libello
2963 4766 3290 4835 temporibus
3338 4764 3535 4820 futuris
3575 4779 3794 4819 conser-

2219 4863 2471 4924 vandam,
2494 4860 2657 4915 Jonas
2678 4861 2958 4930 episcopus
2988 4859 3149 4915 lielim
3180 4859 3386 4914 notario
3418 4861 3528 4930 (qui
3558 4859 3794 4915 libellum

2215 4953 2415 5008 Ebonis
2444 4952 2766 5020 scripserat,
2795 4949 2881 5004 cui
2916 4951 3055 5004 idem
3085 4949 3196 5003 Ebo
3223 4950 3574 5019 subscripsit,
3605 4965 3796 5004 secun-
