3974 5392
179 261 273 315 ('57

745 257 1089 314 lllSTORl/E
1130 257 1483 315 ECCLESIE
1523 254 1866 311 BEMENSlS
1905 254 2084 310 LIBRI
2123 254 2477 322 QUATUOB.
2517 290 2532 299 -

2617 257 2742 312 LIB.
2786 259 2868 314 111.
3357 265 3454 320 158

167 376 332 430 ﬂiam
361 375 424 428 2|
465 376 671 444 imperii
709 375 924 444 gloriosi
965 375 1196 430 C:esaris
1235 373 1511 428 Ludovici.
1559 392 1576 424 ι
1622 373 1753 426 Item
1786 378 1830 436 Α
1858 370 2253 441 eliiepisCOpus,
2277 371 2628 427 Amaluviuus
2657 375 3118 446 archiepiscopus,
3144 377 3328 432 Audax
3362 395 3453 436 ar-

165 477 289 538 post
327 468 645 537 aliquanta:
677 466 940 520 Libellum
982 466 1082 519 sibi
1127 467 1194 518 ab
1232 465 1413 518 Ehone
1451 471 1758 534 porrectum

167 570 291 629 post
326 561 729 615 damnationem
756 558 871 626 ejus
901 557 1137 629 synodus
1167 556 1390 610 Fnleoni
1420 556 1760 626 presbytero,

165 651 259 718 qui
281 651 464 704 eidem
494 649 666 704 Eboni
713 650 765 703 in
809 648 1064 718 episcopii
1103 645 1386 701 Bernensis
1422 645 1763 714 susceptione

168 750 533 804 successerat,
565 755 686 795 cum
729 739 972 811 synodali
1021 739 1209 793 notitia
1243 737 1413 800 dedit,
1457 737 1658 806 quique
1707 737 1760 790 in

165 832 459 893 Remensis
489 831 745 887 Ecclesiae
771 832 975 886 scrinio
1004 837 1375 891 conservatur,
1408 827 1561 897 cujus
1585 841 1764 880 exem-

167 926 286 994 plar
313 932 522 980 sancta:
563 924 836 980 memoria:
881 939 1030 993 papa:
1074 923 1240 978 Leoni
1272 922 1537 977 directum
1573 918 1764 974 didici-

167 1032 313 1079 mus,
344 1026 456 1071 etc.

237 1107 407 1178 lgitur
438 1109 555 1162 Eho
583 1117 704 1178 post
733 1110 873 1162 hanc
905 1107 1295 1177 depositionem
1327 1120 1480 1160 suam
1511 1103 1564 1157 in
1593 1102 1766 1157 Cisal-

166 1201 311 1268 pinis
343 1199 520 1253 fertur
553 1199 862 1268 regionibus
887 1207 1237 1254 conversatus
1265 1211 1435 1265 usque
1462 1195 1528 1248 ad
1557 1195 1763 1249 obitum

166 1291 429 1345 Ludovici
479 1291 841 1359 imperatoris,
887 1290 978 1360 qui
1020 1290 1247 1358 contigit
1287 1303 1428 1341 anno
1471 1285 1767 1339 Dominiczn

167 1383 565 1437 incarnationis
593 1383 719 1438 840.
757 1383 874 1448 Quo
917 1383 1246 1452 imperatore
1273 1379 1530 1434 defuncto
1566 1377 1767 1431 Lotha-

168 1475 281 1527 rins
310 1475 379 1526 ab
417 1473 570 1528 Italia
607 1474 658 1528 in
692 1473 976 1527 Franciam
1009 1472 1178 1534 venit,
1219 1471 1305 1526 cui
1345 1470 1458 1524 Ebo
1500 1471 1566 1524 ad
1598 1468 1764 1523 Wor-

168 1565 401 1618 niaciam
453 1564 730 1618 civitatem
779 1564 1036 1628 occurrit,
1089 1563 1246 1631 eique
1297 1560 1590 1615 Lotharius
1643 1561 1769 1628 post

168 1656 370 1723 aliquot
425 1656 542 1709 dies
594 1655 811 1717 sedem,
868 1664 923 1709 et
969 1653 1248 1708 dioecesim
1295 1652 1622 1706 Rcmenscm
1669 1667 1768 1721 per

1863 461 2254 530 cbiepiscopus,
2277 460 2474 531 .loseph
2499 462 2803 530 episcopus,
2834 464 3117 522 Adalulfus
3145 468 3455 538 cpiscopus,

1863 551 2031 604 David
2049 553 2348 622 episcopus,
2369 553 2644 624 Rodingus
2666 555 2970 627 episcOpus,
2987 558 3325 616 Gisclbertus
3344 563 3428 632 cpi
3443 593 3455 600 -

1863 661 2078 716 scopus,
2105 647 2408 703 Flotharins
2437 665 2547 718 ep.,
2571 650 2881 704 Badaradns
2905 652 3207 723 episcopus,
3235 654 3457 724 llagano

1862 739 2165 808 episcopus.
2192 738 2510 808 Hartgarius
2537 741 2728 810 episc.,
2763 741 2880 796 Ado
2903 744 3210 812 episcopus,
3236 746 3456 800 Samuel

1863 831 2165 900 episcopus,
2213 831 2542 888 Rambertus
2584 834 2893 904 episcopus,
2926 835 3206 891 llaimiuus
3245 840 3454 906 cpiscov

1863 938 1984 992 pus,
2011 923 2272 977 Ratoldus
2294 925 2577 995 presbyter
2595 934 2819 979 vocatus
2836 925 3140 994 cpiscopus,
3159 927 3457 984 Amalriens

1865 1022 2090 1067 vocatus
2104 1015 2413 1082 episcopus,
2425 1030 2549 1067 cum
2563 1015 2773 1069 acturis
2787 1015 3028 1084 pluribus
3045 1017 3378 1087 presbyteris
3393 1034 3456 1071 ac

1865 1105 2180 1159 diaconibus
2222 1105 2434 1174 publice
2459 1106 2859 1161 assistentibus.
2901 1109 3089 1163 Actum
3123 1110 3175 1162 in
3206 1110 3460 1177 Engilen-

1866 1196 2008 1251 lieim
2032 1197 2232 1265 palatio
2257 1199 2489 1266 publico,
2525 1199 2576 1252 in
2607 1215 2790 1254 mense
2820 1199 2995 1259 iunio.
3029 1219 3121 1257 vm
3164 1202 3282 1257 Kal.
3305 1203 3455 1268 Julii,

1868 1297 2129 1357 regnante
2159 1300 2211 1343 et
2236 1289 2533 1359 imperante
2557 1291 2756 1346 domno
2781 1292 3036 1348 Lothario
3053 1295 3286 1356 Caesare,
3315 1312 3457 1348 anno

1867 1378 2192 1432 reversionis
2219 1377 2334 1445 ejus
2377 1381 2427 1443 l,
2459 1395 2740 1436 successor
2780 1382 2952 1438 factus
2977 1386 3148 1453 patris
3192 1387 3241 1440 in
3276 1387 3448 1441 Frau-

1867 1467 1972 1531 cia,
2037 1468 2330 1524 indictione
2379 1470 2431 1523 5.
2481 1488 2502 1524 ι
2539 1471 2636 1526 Cui
2683 1475 3008 1530 restitutioni
3044 1477 3286 1546 prmiata,
3339 1495 3458 1547 quas

1870 1556 2176 1613 Suessiouis
2205 1559 2386 1614 habita
2425 1571 2529 1626 est,
2551 1565 2878 1619 contradixit
2905 1568 3162 1637 synodus,
3203 1585 3453 1624 asserens

1868 1649 2008 1717 quod
2041 1649 2327 1703 damnatus
2357 1666 2386 1703 a
2418 1667 2476 1706 se
2505 1661 2666 1722 atque
2713 1669 2741 1706 a
2783 1655 2852 1710 54
2882 1656 3173 1726 episcopis,
3205 1674 3234 1712 a
3261 1659 3454 1714 niinori

168 1747 406 1799 edictum
439 1747 718 1815 imperiale
751 1747 1006 1800 restituit.
1031 1745 1197 1814 Cujus
1217 1745 1378 1799 edicti
1411 1745 1512 1798 hoc
1535 1744 1765 1798 habctur
1795 1754 1840 1812 Β
1870 1756 2095 1794 numero
2129 1741 2336 1794 restitui
2384 1758 2487 1796 non
2518 1744 2819 1812 prmvalnit.
2861 1745 3011 1812 Quod
3042 1748 3274 1802 edictum
3318 1751 3457 1819 regis

169 1835 450 1904 exemplar
482 1854 495 1888 :
567 1885 572 1888 .

242 1947 260 1976 ‹
292 1927 346 1981 In
373 1943 593 1981 nomine
615 1927 826 1981 Domini
854 1926 1021 1980 nostri
1046 1925 1170 1981 Jcsu
1188 1925 1412 2004 Christi,
1440 1923 1530 1978 Dei
1553 1923 1762 1985 aeterni,

170 2016 455 2070 Lotharius
507 2017 688 2069 divina
738 2017 1023 2070 ordinante
1078 2016 1414 2084 providentia
1467 2015 1765 2082 imperator

169 2110 460 2176 Augustus.
493 2108 633 2174 Quia
667 2107 938 2163 confessio
974 2108 1293 2162 delictorum
1337 2123 1440 2162 non
1486 2107 1665 2160 minus
1710 2105 1763 2158 in

170 2199 414 2252 adversis
458 2199 767 2252 necessaria
803 2208 906 2261 est,
952 2214 1113 2266 quam
1144 2199 1199 2252 in
1231 2197 1529 2267 prosperis.
1571 2204 1625 2250 et
1671 2211 1766 2250 cor

169 2291 459 2342 contritum
486 2298 541 2344 et
575 2290 917 2344 lmmilialnm
952 2291 1094 2344 Dens
1125 2306 1228 2345 non
1254 2290 1482 2359 despicit
1507 2287 1679 2359 (Ρεάι.
1710 2307 1765 2353 1.,

170 2381 276 2449 l9),
307 2382 570 2451 gaudium
617 2382 781 2436 etiam
813 2397 934 2437 esse
972 2383 1285 2453 angelorum
1331 2382 1386 2435 in
1429 2381 1566 2436 cmlo
1605 2397 1768 2450 super

168 2488 270 2525 uno
302 2480 596 2540 peccatore
634 2473 1010 2541 paenitentiam
1049 2481 1241 2543 agente
1270 2471 1425 2544 (an.
1462 2487 1548 2533 xv,
1577 2472 1630 2541 7)
1662 2487 1762 2525 non

169 2563 512 2628 dubitamus,
545 2579 646 2618 nos
687 2564 945 2619 mortales
986 2564 1038 2618 in
1085 2565 1249 2619 terris
1286 2579 1382 2619 eos
1425 2579 1763 2634 nequaquam

170 2653 522 2721 despicimus,
555 2671 655 2724 pro
684 2657 881 2725 quibus
912 2657 1146 2725 gaudere
1176 2655 1398 2726 angelos
1436 2657 1488 2710 in
1517 2657 1658 2711 cmlo
1684 2657 1766 2709 di-

175 2745 290 2797 vino
325 2745 646 2800 testimonio
690 2762 794 2800 non
840 2747 1169 2816 ignoramus.
1212 2748 1546 2804 Aceusantes
1577 2755 1633 2802 et
1680 2762 1766 2802 re-

173 2837 571 2902 prehendentes
622 2837 676 2891 in
725 2839 1040 2893 excessibus
1082 2838 1400 2908 semetipsos
1441 2838 1621 2891 divina
1666 2853 1765 2891 nos

172 2926 477 2998 benignitas
499 2944 604 2983 non
633 2930 1018 2994 condemnare,
1044 2930 1137 2985 sed
1169 2945 1420 2984 recreare
1444 2929 1649 2993 docuit,
1672 2929 1763 2997 qui

172 3021 512 3074 meretricem
552 3036 658 3075 non
705 3021 876 3074 solum
910 3037 939 3074 a
983 3020 1140 3092 legali
1185 3021 1533 3074 damnatione
1563 3022 1764 3090 eripuit

1866 1833 1980 1887 Ebo
2008 1848 2192 1887 secum
2225 1834 2435 1897 detulit,
2473 1846 2527 1890 et
2555 1837 2694 1906 apud
2724 1839 3006 1907 episcopos
3039 1849 3094 1894 et
3123 1841 3301 1910 plures
3328 1843 3456 1897 illud

1867 1923 2091 1976 diversm
2121 1923 2470 1991 professionis
2497 1934 2552 1980 et
2576 1927 2803 1990 ordinis,
2843 1928 3156 2000 diinnlgavit
3181 1930 3244 2002 {5,
3277 1932 3455 1985 divul-

1866 2012 2054 2085 gavit],
2087 2023 2143 2067 et
2183 2015 2237 2067 in
2280 2014 2508 2069 ecclesia
2535 2015 2786 2071 Remensi
2819 2017 3031 2087 publice
3061 2022 3274 2076 recitari
3311 2023 3452 2076 fecit.

1865 2106 1933 2160 Et
1962 2106 2034 2160 ita
2072 2122 2137 2161 eo
2163 2115 2406 2177 tempore
2445 2123 2553 2177 quo
2584 2108 2874 2164 Lotharius
2914 2112 3166 2166 Karoluin
3209 2130 3236 2166 a
3289 2131 3457 2182 regno

1865 2197 2089 2265 expulit,
2122 2207 2170 2252 et
2207 2198 2345 2252 ultra
2382 2198 2691 2270 Sequanam
2725 2201 2948 2270 fugavit,
2992 2203 3104 2259 Ebo
3138 2206 3320 2260 sedem
3355 2207 3458 2261 lle-

1867 2303 2132 2352 mensem,
2168 2298 2287 2358 post
2316 2305 2406 2343 sex
2439 2305 2609 2344 annos
2637 2306 2750 2346 sua:
2777 2292 3129 2361 depositionis
3154 2296 3380 2364 recepit,
3403 2306 3458 2352 et

1868 2377 2178 2446 episcopale
2226 2379 2586 2434 ministerium
2628 2395 2786 2451 agere
2828 2383 3028 2452 coepit:
3071 2383 3255 2453 sicque
3304 2386 3451 2439 ordi—

1866 2469 2114 2522 nationes
2166 2467 2315 2540 [ms..
2372 2469 2791 2542 ordinationem]
2853 2472 3136 2528 celebrans
3191 2476 3452 2544 quosdam

1865 2559 2093 2614 clericos
2117 2560 2406 2622 ordinavit,
2437 2568 2491 2615 et
2529 2576 2626 2629 per
2656 2569 2825 2616 totum
2863 2563 3082 2618 circiter
3119 2580 3318 2620 annum
3352 2567 3455 2621 hoc

1864 2651 2194 2720 episcopium
2223 2652 2411 2714 tenuit,
2453 2653 2627 2707 donec
2662 2652 2888 2708 Karolus
2930 2657 3220 2724 resumptis
3249 2656 3456 2711 viribus

1865 2741 1917 2793 in
1947 2740 2213 2810 Belgicam
2241 2755 2493 2796 reversus
2521 2751 2624 2795 est.
2659 2743 2807 2808 Quod
2847 2743 3069 2798 .udiens
3098 2746 3232 2807 Eho,
3264 2748 3454 2803 relicta

1864 2830 1990 2884 sede
2022 2829 2297 2898 Bemensi,
2315 2831 2380 2883 ad
2406 2830 2716 2884 Lotharinm
2744 2832 3017 2902 profectus
3046 2844 3148 2899 est,
3171 2845 3226 2890 et
3252 2836 3304 2889 in
3336 2837 3454 2905 ejus

1863 2920 2218 2975 familiaribus
2249 2921 2448 2973 mansit
2491 2922 2763 2987 obsequiis
2783 2963 2796 2982 .
2832 2924 3001 2976 donec
3028 2940 3131 2978 una
3162 2941 3283 2980 cum
3317 2927 3453 2981 Dro-

1864 3029 2001 3084 gone
2030 3012 2346 3067 Metensium
2374 3012 2602 3081 prmsule
2625 3013 2850 3068 Romam
2883 3015 3057 3084 petiit,
3090 3017 3179 3070 tibi
3203 3033 3233 3071 a
3261 3017 3452 3088 Sergio

173 3111 348 3172 (Joan.
404 3126 531 3174 VIII,
561 3111 673 3178 Η),
715 3126 902 3165 verum
933 3112 1096 3165 etiam
1127 3110 1472 3180 publicanum
1509 3111 1760 3165 hnmilia-
1789 3102 1833 3163 C
1865 3102 2035 3173 (Serg.
2070 3102 2155 3174 11)
2187 3117 2322 3172 papa
2371 3102 2734 3169 reconciliari,
2777 3119 2840 3159 ac
2897 3105 3113 3176 pallium
3154 3107 3253 3162 sibi
3288 3109 3450 3164 tribui

174 3210 277 3255 tum
319 3211 377 3256 et
419 3211 770 3257 accusantem
809 3217 865 3257 se
900 3218 1007 3257 non
1035 3203 1434 3263 condemnavit,
1462 3203 1556 3256 sed
1588 3201 1758 3270 magis

171 3290 514 3356 justificando
543 3291 801 3346 exaltavit
827 3291 978 3363 (Luc.
1005 3307 1160 3356 xvtn,
1187 3292 1295 3358 14).
1328 3292 1426 3358 Qui
1461 3307 1566 3345 non
1599 3292 1756 3352 dixit,

178 3385 342 3436 omnis
371 3382 464 3449 qui
494 3397 553 3436 se
575 3382 830 3434 humiliat
864 3382 1337 3445 condemnabitur,
1368 3381 1462 3435 sed
1490 3380 1755 3434 exaltabi-

179 3480 259 3523 tur
283 3471 482 3541 (ibid.).
526 3469 853 3523 Potestatem
880 3485 1030 3540 ergo,
1056 3485 1218 3538 quam
1255 3484 1352 3537 pro
1381 3485 1543 3523 causa
1571 3477 1754 3523 nostra

180 3574 352 3632 raptus
399 3561 704 3632 perdidisti,
750 3562 1121 3630 repetentibus
1162 3560 1418 3616 Ecclesiae
1459 3569 1562 3615 tuae
1609 3559 1756 3625 ﬁliis,

181 3654 525 3721 pnesentihus
571 3667 791 3720 quoque
842 3651 1180 3715 astantibus,
1231 3665 1293 3704 ac
1342 3650 1757 3704 decernentibus

181 3745 505 3811 pr:esulibus,
539 3743 722 3797 sedem
751 3757 816 3796 ac
843 3742 1119 3796 dioecesim
1149 3741 1433 3795 Remensis
1461 3740 1610 3794 urbis
1637 3740 1754 3802 tibi,

183 3839 303 3902 Eho,
331 3841 688 3901 restituimus,
729 3846 790 3892 ut
828 3837 1060 3906 pristino
1090 3844 1290 3890 sancta:
1330 3834 1595 3902 largitatis
1625 3848 1748 3902 apo-

183 3929 368 3984 stolica:
387 3929 550 3999 pallio
567 3929 790 3982 indutus
805 3926 1147 3982 concordiam
1165 3934 1326 3992 atque
1341 3923 1570 3992 gratiam
1584 3922 1751 3977 divini

183 4016 326 4071 ofﬁcii
349 4020 649 4082 nobiscum,
672 4016 861 4071 humili
887 4014 1255 4070 satisfactione
1275 4013 1507 4082 expleta,
1526 4011 1750 4066 solemni

187 4118 349 4161 nostra
379 4126 406 4163 a
449 4109 700 4181 largitate
745 4108 1075 4175 recipiendo,
1110 4121 1387 4161 exerceas.
1429 4106 1607 4174 Drogo
1641 4103 1754 4171 epi-

188 4208 358 4268 scopus
397 4201 638 4264 assensi,
674 4197 934 4269 Olgarius
977 4196 1435 4266 archiepiscopus,
1469 4193 1620 4247 Hecti
1668 4207 1756 4244 ar-

1863 3195 2175 3262 postulavit.
2223 3195 2318 3249 Cui
2372 3194 2512 3249 idem
2552 3211 2734 3265 papa,
2797 3197 3175 3253 communione
3243 3209 3447 3255 tantum

1862 3299 2139 3350 concessa,
2163 3287 2291 3341 dare
2321 3274 2537 3356 pallium
2564 3289 2764 3345 renuit.

1931 3462 2000 3517 At
2041 3463 2150 3518 Eho
2185 3463 2355 3516 Roma
2398 3479 2667 3528 reversus,
2699 3468 2972 3523 abbatiam
3017 3471 3188 3526 sancti
3235 3471 3450 3528 Colum-

1863 3553 1989 3607 bani
2042 3554 2093 3607 in
2116 3553 2266 3606 Italia
2313 3553 2454 3608 dono
2499 3555 2846 3626 imperatoris
2893 3559 3131 3616 Lotharii
3182 3566 3446 3630 possedit,

1863 3643 2038 3698 donec
2069 3643 2392 3707 legationem
2421 3645 2473 3697 in
2501 3645 2765 3700 Graeciam
2796 3649 2864 3702 ab
2892 3651 3079 3703 eodem
3128 3652 3448 3719 imperatore

1864 3731 1964 3786 sibi
1995 3731 2339 3785 commissam
2369 3732 2593 3801 exsequi
2622 3734 2963 3790 detrectavit.
2993 3737 3254 3802 Quocirca
3288 3740 3450 3794 rebus

1861 3822 1962 3877 sibi
2009 3823 2075 3876 ab
2121 3822 2446 3890 imperatore
2498 3837 2617 3891 quae
2669 3825 2806 3879 datae
2852 3825 3064 3880 fuerant
3109 3828 3321 3892 ablatis,
3377 3831 3445 3885 ad

1859 3913 2188 3968 Ludovicum
2218 3927 2398 3982 regem
2437 3913 2741 3969 Germaniae
2783 3915 3122 3986 demigravit.
3163 3919 3206 3972 A
3252 3935 3358 3988 quo
3391 3921 3443 3974 in

1859 4005 2078 4075 regione
2129 4001 2378 4059 Saxoniae
2430 4005 2696 4072 quoddam
2744 4007 3072 4078 episcopium
3127 4012 3445 4080 promeruit,

1859 4098 1948 4150 ubi
1998 4104 2053 4150 et
2089 4095 2324 4166 episcopi
2375 4096 2629 4167 deinceps
2688 4100 3004 4168 perfunctus
3055 4111 3140 4155 est
3205 4093 3446 4156 ministe-

1863 4202 1964 4240 1⁵10.

1322 4538 1678 4627 LIBER
1745 4537 2302 4630 TERTIUS.

669 4857 911 4916 CAPUT
950 4857 1239 4912 PRIMUM.

383 4947 452 5002 De
470 4949 714 5006 electione
745 4949 832 5004 vel
873 4947 1206 5002 ordinatione
1235 4947 1534 5005 Hincmari.
1610 4954 1613 4955 ⁷

261 5033 390 5090 Auno
417 5040 636 5110 denique
667 5037 974 5096 Dominicze
1004 5037 1389 5094 incarnationis
1419 5043 1547 5108 845,
1576 5043 1769 5102 Raro--

197 5119 273 5173 lus
308 5124 512 5201 (Calvus)
555 5133 824 5204 synodum
873 5127 1243 5198 episcoporum
1290 5132 1438 5199 regni
1484 5136 1565 5190 sui
1612 5137 1751 5207 apud

200 5212 496 5286 liellnvagum
534 5225 811 5279 civitatem
846 5220 1129 5274 Bernensis
1159 5220 1449 5289 provinciae
1483 5241 1749 5284 convoca-

198 5299 286 5353 vit.
312 5304 394 5360 Ubi
421 5310 546 5365 inter
568 5323 766 5368 caetera
800 5306 1064 5363 Ecclesiae
1106 5311 1363 5380 regnique
1409 5318 1646 5385 negotia,
1683 5318 1751 5371 de

1775 4865 1828 4924 ι)
1856 4859 1937 4912 vel
1983 4859 2291 4922 audierant,
2339 4859 2734 4928 depositioncm
2789 4872 3078 4920 narrantes
3120 4861 3361 4931 Ebonis,
3403 4879 3459 4923 ct

1857 4947 2243 5003 auctoritatem.
2289 4960 2602 5012 sanctorum
2661 4954 2880 5008 Patrum
2922 4969 3089 5027 super
3145 4951 3455 5019 huiusmodi

1857 5040 2090 5107 negotiis
2118 5040 2183 5093 ad
2209 5041 2534 5100 memoriam
2564 5054 2906 5108 revocantes,
2956 5050 3188 5117 cogente
3224 5044 3461 5099 necessi-

1860 5136 1970 5180 tate
1997 5137 2160 5198 atquc
2191 5130 2451 5184 suadente
2481 5135 2829 5195 auctoritate,
2863 5129 3138 5188 communi
3168 5127 3461 5184 decrevere

1855 5232 2142 5281 consensu,
2175 5233 2303 5290 quo’
2324 5221 2546 5281 tandem
2591 5232 2712 5297 post
2743 5221 3062 5275 decennium
3109 5217 3463 5281 depositionis

1855 5307 2054 5362 Ebonis
2104 5310 2156 5363 in
2197 5311 2424 5365 ecclesia
2479 5320 2675 5372 eadem
2748 5309 3093 5364 ordinaretur
3151 5303 3459 5376 cpiscopus.
