3974 5392
520 320 623 377 139

1596 327 1984 387 FLODOARDI
2022 326 2341 386 CANONICI
2378 323 2722 387 REMENSIS

3705 330 3809 389 ιιο

513 442 568 489 et
589 421 825 488 frairum
878 432 1185 493 monasterii
1226 435 1402 493 sancti
1444 434 1710 509 Dionysii.
1742 440 1793 493 in
1818 454 1922 509 quo
1952 438 2112 509 dege-
2143 441 2187 499 Λ
2219 436 2436 492 faceret.
2482 437 2600 508 Ipse
2638 453 2851 509 quoque
2904 432 3211 497 Guntboldo
3257 440 3454 498 litteris
3501 440 3811 499 mandavit’

510 528 631 595 bat,
661 526 880 582 favente
915 544 1129 604 quoque
1152 531 1353 589 Karolo
1378 548 1522 604 rege,
1559 533 1882 589 llincmarus
1910 534 2113 589 electus

512 628 617 675 est.
664 617 879 697 Sicque
920 626 1141 679 decreto
1166 633 1387 693 peracto
1408 624 1828 695 eligentiumqne
1865 625 2113 680 manibus

511 711 803 782 roborato,
847 715 1108 771 Ecclesize
1153 715 1437 771 Remensis
1478 716 1760 771 ordinatur
1806 716 2109 787 episcopus.

458 828 463 831 λ
513 803 570 861 1s
612 807 880 877 siquidem
929 806 1273 867 Hincmarus,
1319 820 1348 859 a
1404 805 1635 876 pueritia
1682 804 1736 859 in
1783 804 2112 860 monasterio

456 914 460 919 ‘
517 898 692 952 sancti
746 897 1019 969 Dionysii,
1066 898 1165 953 sub
1206 896 1459 950 Hilduino
1507 896 1700 951 abbate
1745 897 2110 952 monasteriali

519 988 782 1056 religione
811 992 1074 1043 nutritus'
1107 996 1163 1042 et
1187 988 1382 1043 studiis
1410 987 1712 1042 litterarum
1738 989 1990 1054 imbutus,
2024 989 2106 1042 in-

518 1078 697 1148 deque
727 1093 825 1148 pro
852 1078 933 1132 sui
980 1086 1089 1132 tam
1120 1077 1337 1148 generis
1379 1093 1540 1147 quam
1584 1093 1773 1133 sensus
1808 1078 2107 1144 nobilitate,

519 1169 577 1224 in
606 1169 863 1239 palatium
897 1167 1150 1223 Ludovici
1185 1167 1529 1238 imperatoris
1559 1167 1838 1232 deductus,
1874 1176 1928 1223 et
1957 1167 2111 1223 fami-

521 1258 711 1313 liarem
738 1258 1186 1329 ipsins.notitiam
1228 1259 1453 1328 adeptus
1484 1258 1690 1324 fuerat;
1724 1259 1924 1328 ibique,
1952 1265 2110 1327 prout

518 1350 717 1420 potuit,
746 1365 868 1404 cum
906 1350 1230 1419 imperatore
1270 1358 1326 1404 et
1365 1350 1590 1420 prmfato
1625 1350 1821 1405 abbate
1864 1351 1963 1405 sub
1998 1351 2111 1420 epi-

519 1455 806 1511 scoporum
844 1440 1170 1495 auctoritate
1218 1439 1502 1505 laboravit,
1533 1449 1591 1493 ιιι
1614 1442 1747 1494 ordo
1777 1440 2109 1494 monasticus

520 1531 575 1583 in
621 1530 878 1601 prtedieto
942 1529 1311 1595 monasterio,
1376 1531 1731 1599 quorumdam
1791 1530 2107 1601 voluptuosa

518 1623 757 1678 factione
800 1622 890 1676 ditt
938 1623 1209 1691 delapsus,
1259 1626 1677 1677 restauraretur.
1728 1622 1795 1676 Et
1841 1634 1899 1676 ut
1946 1620 2109 1692 opere

519 1728 735 1784 quoque
775 1714 1093 1783 adimpleret
1139 1714 1282 1784 quod
1324 1730 1575 1768 sermone
1622 1714 1904 1777 suadebat,
1942 1715 2105 1769 etiam

2217 538 2276 585 ut
2299 546 2419 585 cum
2448 538 2568 600 post
2594 531 2734 585 diem
2763 540 2962 587 sanctae
2992 532 3203 588 Domini
3236 533 3661 589 resurrectionis
3682 535 3813 589 mis-

2215 639 2304 679 sos
2337 640 2463 680 suos
2486 625 2538 680 in
2570 627 2851 681 servitium
2881 628 3220 698 imperatoris
3244 629 3507 692 mitteret,
3537 627 3659 697 ipse
3684 640 3811 683 eum

2214 716 2479 787 episcOpis
2495 716 2808 787 praedictum
2833 718 3030 784 locum,
3048 720 3186 774 hanc
3208 710 3425 774 causam
3451 718 3810 784 dimniturus,

2213 807 2408 862 adiret.
2448 807 2553 863 Sed
2604 816 2659 863 et
2700 809 2798 878 ipsi
2847 807 3139 865 Hincmaro
3185 809 3396 865 litteras
3447 810 3600 865 misit
3645 819 3707 864 ut
3741 812 3813 865 ad

2213 895 2352 951 idem
2378 899 2584 953 veniret
2614 899 2921 955 concilium.
2953 900 3167 971 Legatis
3196 901 3381 971 itaque
3423 900 3602 971 Sergii
3652 915 3808 971 papae

2205 987 2360 1057 juxta
2391 990 2697 1045 condictum
2744 1006 2849 1045 non
2894 992 3253 1055 venientibus,
3304 990 3672 1054 Gtmtboldus,
3706 1007 3810 1045 an-

2212 1090 2412 1136 nuente
2454 1079 2520 1153 [i,
2571 1080 2871 1153 annitente]
2918 1098 3042 1153 rege
3085 1081 3281 1137 Karolo
3307 1123 3321 1145 ,
3364 1097 3489 1137 cum
3537 1081 3813 1153 episcopis

2213 1171 2475 1241 synodum
2519 1171 2799 1235 conduxit,
2827 1173 2893 1227 ad
2932 1187 3092 1241 quam
3121 1173 3360 1227 Ebonem
3392 1187 3489 1242 per
3519 1171 3737 1227 litteras
3756 1181 3814 1226 et

2212 1260 2415 1330 legatos
2460 1277 2527 1317 ex
2578 1265 2899 1318 auctoritate
2957 1266 3197 1334 praedicti
3250 1280 3403 1334 papa:
3458 1265 3810 1319 convocavit.

2211 1352 2327 1419 Quo
2352 1361 2530 1408 tamen
2561 1352 2675 1408 Ebo
2703 1369 2877 1422 neque
2917 1355 3153 1419 venisse,
3184 1370 3359 1423 neque
3400 1352 3669 1407 vicariam
3713 1369 3815 1424 pro

2211 1458 2267 1497 se
2293 1459 2595 1513 personam,
2624 1445 2706 1499 vel
2736 1444 2941 1499 litteras
2970 1445 3259 1500 canonicas
3306 1445 3519 1499 misisse
3548 1444 3815 1498 traditur-

2210 1531 2552 1587 Guntboldus
2582 1542 2760 1587 tamen
2806 1546 2858 1588 et
2897 1534 3077 1587 caeteri
3108 1534 3367 1603 episcopi,
3405 1534 3495 1603 qui
3523 1534 3669 1604 apud
3714 1533 3820 1587 Pa-

2208 1624 2368 1678 risios
2415 1633 2541 1678 tune
2590 1629 3105 1694 convenerant.(an.
3149 1623 3297 1696 847),
3339 1625 3557 1679 Wenilo
3601 1623 3820 1679 scilicet

2210 1713 2468 1769 Ecclesia:
2520 1715 2802 1769 Senonicae
2841 1714 3289 1786 metropolitanus
3318 1730 3442 1768 cum
3481 1712 3819 1769 diazccsanis

519 1805 639 1873 ipse
682 1804 946 1875 religiosae
986 1806 1388 1860 conversationi
1428 1821 1550 1860 cum
1587 1806 1707 1860 aliis
1756 1820 1813 1861 se
1847 1806 2103 1870 subdidit,
2141 1796 2181 1855 Β
2210 1804 2715 1879 suis,‘Lantrannus
2755 1804 2876 1876 [al.,
2910 1803 3275 1876 Lanfrannusj
3319 1802 3659 1858 Turonensis
3687 1817 3817 1857 cum

519 1892 794 1966 castigans
827 1911 1027 1967 corpus
1055 1912 1234 1962 suum,
1265 1906 1319 1951 et
1346 1896 1573 1967 spiritali
1616 1896 1905 1966 subjiciens
1942 1898 2107 1952 servi.

520 1989 641 2042 tuti.
692 1987 957 2042 Processu
999 2001 1129 2041 vero
1171 1988 1448 2058 temporis,
1498 2002 1618 2041 cum
1666 1995 2109 2057 praememoratus

522 2081 806 2137 Hilduinus
820 2082 987 2137 abbas
1002 2080 1341 2151 imperatoris
1352 2080 1606 2136 Ludovici
1624 2080 2107 2150 arebicapellanus,

519 2170 780 2227 offensam
808 2171 977 2241 ipsius
1006 2170 1232 2241 Augusti
1264 2174 1400 2225 adeo
1431 2186 1550 2225 cum
1581 2171 1702 2225 aliis
1734 2170 1883 2239 regni
1907 2170 2110 2239 primo-

520 2261 673 2315 ribus
721 2260 1056 2326 incurrisset,
1085 2268 1143 2313 ιιι
1184 2259 1379 2313 ablatis
1424 2258 1525 2313 sibi
1560 2258 1820 2324 abbatiis,
1854 2259 1905 2312 itt
1947 2257 2111 2312 Saxo-

520 2352 667 2407 niam
691 2350 854 2405 fuerit
881 2350 1073 2406 exsilio
1102 2350 1394 2420 relegatus,
1425 2350 1525 2404 iste
1556 2364 1652 2418 per
1691 2350 1962 2404 licentiam
1986 2364 2108 2419 pro-

517 2442 619 2511 prii
646 2441 881 2512 episcopi
926 2456 1048 2496 eum
1094 2439 1469 2495 benedictione
1512 2438 1738 2493 fratrum
1769 2440 1915 2493 illum
1957 2454 2111 2493 secn-

517 2544 604 2589 tus
631 2541 717 2588 est
749 2533 803 2587 in
830 2531 1102 2587 exsilium.
1145 2529 1243 2585 Cui
1282 2543 1382 2599 pro
1427 2527 1808 2583 familiaritatis
1858 2529 2108 2598 propiore

518 2624 636 2689 τοι,
668 2622 876 2695 priore]
914 2622 1126 2682 notitia,
1165 2630 1370 2674 tantam
1412 2618 1671 2673 Dominus
1697 2620 1835 2689 apud
1876 2619 2108 2689 impera-

558 2729 714 2778 trem,
753 2726 1118 2782 proceresque
1141 2709 1370 2766 contulit
1393 2710 1641 2779 gratiam,
1686 2718 1743 2763 ut
1768 2711 1983 2763 studere
2012 2723 2109 2779 pro

551 2807 913 2862 qouutritore
959 2804 1215 2874 quiverit,
1264 2803 1435 2858 donec
1483 2803 1553 2857 ab
1597 2802 1788 2856 exsilio
1826 2810 2109 2857 revocatus

518 2902 746 2955 duarum
818 2898 982 2954 fuerit
1042 2896 1383 2953 abbatiarum
1449 2894 1750 2966 prmlationi
1807 2895 2106 2949 restitutus.

517 2992 722 3048 Deinde
748 2990 966 3062 quando
997 2987 1290 3057 Gregorius
1318 2985 1495 3056 (Greg.
1525 2984 1631 3057 IV)
1664 3001 1799 3056 papa
1842 2986 1894 3039 in
1922 2985 2110 3041 Gallia:

517 3082 667 3138 venit
708 3081 991 3152 regiones,
1038 3087 1091 3134 et
1143 3093 1369 3147 regnum
1420 3077 1754 3133 Francorum
1802 3093 1831 3131 a
1884 3077 2108 3147 praefato

529 3173 714 3229 tefecit
742 3173 1093 3241 imperatore,
1121 3169 1290 3224 voluit
1312 3184 1434 3224 eum
1472 3176 1914 3238 praememoratus
1937 3166 2105 3221 abbas

535 3281 650 3322 'uus
678 3267 733 3321 in
762 3264 1080 3334 obsequium
1120 3278 1276 3320 suum
1315 3270 1500 3317 contra
1530 3261 1839 3315 ﬁdelitatem
1868 3261 2104 3332 impera-

523 3357 658 3414 toris
683 3358 911 3421 ducere;
940 3355 1082 3425 quod
1109 3368 1449 3423 nequaquam
1475 3352 1650 3422 potuit
1675 3352 1743 3405 ab
1782 3367 1847 3407 eo
1867 3355 2102 3423 exigere.

520 3447 799 3503 Restituto
823 3454 1008 3516 postea
1034 3445 1380 3514 imperatore,
1411 3451 1571 3513 prout
1604 3441 1776 3512 potuit
1807 3441 1983 3496 abbati
2010 3456 2106 3496 suo

518 3541 781 3612 prodesse
808 3538 1034 3593 studuit.
1063 3537 1263 3606 Sicque
1283 3535 1538 3605 deinceps
1565 3534 1617 3589 in
1646 3534 1972 3589 monasterio
1992 3535 2107 3588 sine

519 3632 741 3702 querela
799 3639 984 3686 custos
1040 3642 1315 3685 sacrorum
1373 3627 1697 3698 pignorum,
1764 3626 2108 3695 ecclesiaeque

522 3733 835 3780 sanctorum
867 3730 1166 3793 martyrum
1210 3729 1561 3775 conversatus
1606 3720 1909 3783 exstiterat,
1943 3719 2109 3773 donec

524 3819 691 3888 regiis
717 3817 920 3871 ascitus
941 3813 1214 3882 obsequiis
1252 3812 1491 3882 regimen
1526 3810 1867 3865 monasteriis
1910 3819 2109 3865 sanctae

521 3909 614 3965 Dei
648 3906 928 3979 genitricis
971 3903 1174 3967 Μαι-ξεν,
1219 3913 1273 3958 et
1312 3903 1483 3957 sancti
1540 3901 1793 3957 Germani
1845 3900 2009 3970 regali
2056 3907 2110 3954 et

518 3997 833 4071 episcopali,
866 4004 1028 4066 atque
1056 3994 1265 4049 abbatis
1310 3992 1392 4047 sui
1439 3991 1697 4046 Ludovici
1741 3991 1950 4045 diaconi
1988 3988 2107 4057 jus-

523 4093 675 4147 sioue
704 4089 973 4157 suscepit;
1007 4101 1187 4141 rerum
1216 4099 1431 4154 quoque
1463 4099 1526 4138 ac
1560 4083 1951 4151 mancipiorum
1982 4096 2109 4150 pos-

523 4182 820 4236 sessionem
894 4177 1183 4248 quamdam
1248 4175 1394 4246 regia
1456 4174 1779 4229 liberalitate
1832 4172 2108 4240 percepit,

523 4287 686 4341 quam
743 4277 1098 4325 consecratus
1153 4266 1263 4336 jam
1312 4264 1507 4335 praesul
1556 4262 1883 4319 monasterio
1938 4260 2110 4315 sancti

520 4360 785 4431 Dionysii,
810 4358 899 4413 ubi
927 4358 1142 4414 Christo
1169 4357 1515 4423 militaverat,
1547 4368 1643 4425 per
1682 4352 1987 4408 testamenti
2019 4366 2112 4421 pa-

522 4452 705 4524 ginam
736 4447 978 4504 tradidit.

1157 4534 1387 4592 CAPUT
1421 4533 1483 4588 ll.

629 4629 710 4684 De
736 4628 1066 4700 reparatione
1088 4626 1280 4696 judicii
1306 4640 1401 4695 pro
1438 4623 1635 4677 Ebom‘s
1661 4622 2001 4692 depositione.

592 4719 829 4775 Emenso
868 4718 1100 4789 denique
1121 4730 1265 4770 anno
1288 4721 1411 4784 post
1449 4712 1617 4781 ipsius
1656 4710 1931 4765 llincmari
1962 4710 2111 4764 ordi-

524 4810 839 4875 nationem,
884 4807 1175 4863 Lotharius
1234 4805 1532 4873 imperator
1601 4803 1699 4870 pro
1765 4800 2111 4854 contentione

523 4899 678 4968 regni
705 4913 868 4968 quam
908 4906 1034 4967 erga
1086 4895 1309 4949 fratrem
1354 4908 1508 4947 suum
1553 4889 1809 4945 Karolum
1857 4890 2106 4953 habebat,

525 4986 679 5054 cujus
735 4986 1012 5055 obsequiis
1066 4983 1207 5038 idem
1250 4981 1443 5050 prtesul
1476 4980 1732 5035 ﬁdeliter
1777 4980 2109 5046 adhaerebat,

524 5088 715 5133 contra
746 5091 869 5130 eum
899 5080 1221 5138 commotus,
1251 5071 1506 5142 epistolas
1540 5086 1570 5124 a
1606 5070 1796 5143 Sergio
1824 5069 1998 5143 (Serg.
2021 5071 2110 5142 Il)

524 5185 661 5242 papa
687 5167 869 5238 exegit
910 5180 1009 5237 pro
1038 5166 1337 5235 reparando
1377 5164 1582 5233 judicio
1610 5163 1676 5219 de
1706 5164 1908 5220 Ebonis
1948 5167 2111 5236 depo-

1013 5269 1084 5276 -,..
1109 5270 1240 5278 -_._-
1276 5255 1482 5278 '21---.‘4—
1508 5254 1697 5280 ΤΑ-η’...
1724 5255 1832 5280 ---ε
1867 5255 2085 5282 μ-ξΙΙΑ-.-

2211 1895 2568 1964 snil'raganeis
2616 1896 2768 1960 suis,
2835 1905 2890 1950 et
2936 1896 3241 1966 specialiter
3301 1895 3631 1950 Hincmarus
3684 1908 3817 1949 cum

2210 1987 2460 2041 omnibus
2506 1985 2786 2041 Remensis
2838 1987 3134 2041 dioeceseos
3183 1986 3542 2056 coepiscopis,
3594 1985 3818 2041 litteras

2212 2091 2339 2130 suas
2364 2076 2431 2129 ad
2463 2091 2586 2130 cum
2640 2077 2927 2141 tniserunt,
2960 2086 3014 2132 et
3044 2077 3319 2132 dimcesim
3352 2077 3681 2132 Reuuensent
3723 2077 3815 2131 in—

2214 2166 2554 2232 terdicentes,
2594 2175 2652 2221 ut
2696 2184 2799 2222 non
2848 2167 3072 2223 haberet
3116 2169 3369 2237 deinceps
3396 2167 3617 2224 licentia
3649 2184 3716 2224 ex
3750 2184 3817 2224 ea

2211 2257 2515 2325 quempiam
2560 2257 2873 2324 sollicitare,
2922 2273 3022 2314 nec
3070 2259 3303 2327 scripto,
3338 2274 3438 2313 nec
3477 2259 3667 2323 verbo,
3711 2274 3819 2315 nec

2211 2351 2377 2403 misso
2427 2350 2647 2420 aliquo,
2701 2352 2873 2405 donec
2930 2351 3227 2405 secundum
3283 2349 3588 2419 jussionem
3632 2349 3818 2420 Sergii

2211 2456 2362 2511 papae
2406 2441 2534 2509 ipsis
2558 2451 2894 2504 occurreret,
2938 2452 2991 2495 et
3034 2440 3186 2511 juxta
3217 2441 3478 2496 canonica
3506 2449 3563 2495 et
3593 2450 3818 2509 aposto-

2211 2531 2311 2585 lica
2352 2538 2551 2584 statuta
2599 2530 2928 2585 detinitiouis
2972 2532 3300 2586 sententiam
3352 2532 3421 2585 ab
3458 2529 3591 2602 ipsis
3621 2544 3816 2586 coram

2212 2622 2453 2694 generali
2503 2633 2767 2677 conventu
2817 2624 3139 2694 perciperet.
3199 2622 3304 2679 Sed
3359 2625 3448 2679 ille
3472 2625 3541 2679 ad
3607 2622 3814 2677 nullam

2216 2715 2504 2786 synodum,
2539 2714 2623 2769 vel
2673 2716 2737 2769 ad
2776 2717 2958 2770 sedem
2989 2716 3359 2785 apostolicam,
3393 2732 3581 2771 vocem
3620 2722 3813 2787 postea

2214 2805 2617 2859 reclamationis
2649 2805 2731 2860 vel
2758 2806 3096 2876 repetitionis
3136 2807 3200 2861 de
3240 2808 3366 2861 sede
3403 2806 3687 2872 Remcnsi,
3719 2811 3817 2859 aut

2212 2894 2278 2948 de
2314 2894 2502 2948 ordine
2546 2910 2644 2949 suo
2687 2897 2885 2949 emisit.
2922 2896 3026 2963 Qui
3054 2896 3218 2950 etiam
3250 2898 3691 2967 (postquamres
3717 2913 3814 2969 ge—

2212 2994 2325 3040 stas
2354 2984 2521 3039 Leoni
2547 2983 2729 3057 (Leoni
2759 2984 2866 3057 ιγ)
2912 3002 3060 3057 ριιρτρ
3109 2987 3468 3044 referentibus
3511 2989 3811 3059 episcopis,

2213 3086 2267 3132 et
2305 3076 2571 3145 regalibus
2614 3076 2830 3146 insuper
2867 3078 3128 3146 epistolis,
3182 3078 3454 3132 ordinatio
3496 3078 3811 3143 llincmari,

2133 3152 2176 3211 C
2208 3169 2424 3239 quando
2454 3169 2574 3224 fidei
2604 3184 2819 3238 quoque
2844 3185 2954 3223 suae
2987 3178 3225 3223 tenorem
3254 3169 3479 3223 Romam
3510 3170 3670 3225 misit
3689 3179 3813 3226 rata

2206 3270 2288 3313 est
2323 3275 2444 3314 cum
2489 3260 2772 3331 largitione
2812 3259 2954 3328 pallii
3005 3259 3383 3328 comprobata)
3424 3274 3521 3328 per
3556 3260 3809 3331 quinque

2206 3350 2428 3405 circiter
2467 3364 2734 3404 annorum
2778 3347 3043 3403 curricula
3098 3350 3463 3418 supervixisse
3513 3346 3696 3403 fertur
3753 3349 3808 3403 in

2205 3455 2472 3511 corpore,
2529 3455 2699 3511 usque
2752 3441 2817 3493 ad
2862 3456 3060 3493 annum
3108 3440 3357 3494 videlicet
3407 3439 3812 3495 incarnationis

2208 3529 2501 3585 Doutinicte
2555 3530 3063 3600 octingentesimum
3121 3531 3638 3601 quinquagesimum
3692 3531 3809 3601 pri-

2208 3633 2375 3674 ιῐιιιιιι.

2826 3709 3056 3766 CAPUT
3092 3709 3180 3767 Ill.

2575 3800 2654 3855 De
2682 3801 2875 3855 visione
2904 3802 3136 3870 ejusdem
3165 3801 3434 3857 Bernoldi.

2282 3893 2356 3949 De
2385 3908 2493 3963 quo
2520 3896 2861 3963 postmodum
2893 3892 3015 3947 talis
3042 3901 3261 3948 ostensa
3289 3904 3371 3949 est
3402 3894 3670 3952 revelatio
3697 3897 3812 3953 cui-

2210 3984 2331 4038 dam
2365 3983 2567 4037 bomini
2612 3983 2897 4039 Remensis
2931 3983 3218 4052 paroebim,
3260 4000 3478 4039 nomine
3508 3985 3806 4051 Bernoldo,

2210 4078 2300 4145 qui
2346 4078 2634 4147 depressus
2685 4075 3019 4140 infirmitate,
3067 4091 3201 4145 pene
3245 4093 3415 4146 usque
3457 4078 3525 4134 ad
3570 4090 3810 4134 mortem

2211 4167 2475 4235 pervenit,
2506 4166 2581 4218 ita
2612 4175 2669 4219 ut
2698 4179 2794 4233 per
2822 4174 3057 4234 quatuor
3082 4166 3198 4220 dies
3222 4182 3320 4221 nec
3352 4168 3529 4222 cibum
3564 4185 3670 4223 nec
3706 4185 3808 4240 po-

2216 4267 2325 4311 tum
2352 4271 2568 4326 capere,
2598 4270 2697 4310 nec
2727 4257 2869 4325 loqui
2906 4257 3126 4312 valeret.
3157 4256 3363 4324 Quarto
3389 4274 3517 4314 vero
3544 4260 3635 4315 die
3672 4261 3808 4315 hora

2213 4363 2375 4412 noua,
2407 4347 2552 4401 velut
2588 4347 2854 4401 exanimis
2880 4347 3072 4415 jacuit,
3102 4348 3236 4403 adeo
3276 4358 3338 4403 ut
3376 4365 3480 4403 non
3515 4359 3709 4418 posset
3751 4351 3807 4405 in

2215 4454 2280 4493 eo
2308 4438 2494 4492 sentiri
2527 4438 2752 4493 halitum
2789 4440 3134 4503 remansisse,
3179 4439 3279 4494 nisi
3322 4456 3419 4510 per
3458 4440 3631 4506 vices,
3676 4442 3807 4496 dum

2140 4497 2187 4558 θ
2216 4529 2339 4598 quis
2384 4543 2599 4581 manum
2647 4528 2877 4582 misisset
2910 4528 2976 4580 ad
3006 4544 3066 4582 os
3106 4526 3243 4594 ejus,
3285 4528 3371 4583 vel
3413 4545 3580 4599 super
3613 4540 3811 4599 pectus

2216 4617 2379 4682 illius,
2410 4619 2497 4672 vix
2536 4619 2807 4674 sentiebat
2844 4619 2896 4672 in
2924 4633 2989 4673 eo
3019 4619 3194 4673 adhuc
3222 4620 3472 4689 Spiritum
3512 4635 3655 4675 esse.
3692 4620 3811 4675 Ru-

2212 4708 2313 4763 bor
2360 4710 2433 4763 illi
2482 4721 2660 4764 tamen
2709 4710 2759 4763 in
2802 4708 2938 4763 facie
2985 4724 3212 4778 magnus
3263 4710 3569 4775 videbatur,
3620 4723 3679 4767 et
3728 4714 3810 4768 sic

2206 4797 2379 4867 jacuit
2409 4813 2579 4867 usque
2606 4800 2673 4853 ad
2710 4798 2936 4850 mediam
2970 4807 3201 4852 noctem.
3236 4797 3385 4854 Tunc
3414 4800 3649 4856 viriliter
3676 4818 3810 4872 ceu:

2213 4891 2293 4945 los
2320 4891 2587 4960 aperiens,
2615 4899 2666 4944 et
2706 4887 2898 4943 all‘atus
2939 4904 3159 4943 uxorem
3189 4905 3342 4944 suam
3372 4900 3536 4961 atque
3564 4892 3808 4950 circum-

2213 4992 2441 5048 stantes,
2472 4981 2636 5050 jussit
2668 4989 2725 5034 ut
2753 4981 3073 5050 quantocius
3097 4992 3399 5046 currerent,
3438 4994 3492 5038 et
3520 4987 3812 5057 presbyte-

2212 5076 2333 5127 rum
2372 5088 2529 5127 suum
2570 5070 2829 5125 velociter
2856 5070 2924 5124 ad
2970 5084 3030 5125 se
3070 5071 3254 5125 venire
3287 5083 3561 5142 rogarent.
3611 5074 3809 5130 Accito

2210 5172 2393 5219 autem
2442 5161 2779 5233 presbytero,
2828 5167 3118 5228 antequam
3155 5159 3385 5215 intraret
3427 5161 3520 5217 ille
3557 5162 3803 5230 domum,

2216 5256 2344 5282 ,ιε-ε.
2378 5252 2627 5282 tan-mn.
2656 5260 2711 5282 ιο.
2744 5257 3074 5282 anna-annon.
3106 5250 3292 5282 cn'lnm
3353 5252 3476 5282 ιιι-ἵει
3516 5255 3808 5282 ιιι-Λρϐισνιη-
