3974 5392
469 418 580 483 1ιὸ

1549 398 1943 464 l‘LODOARDl
1980 389 2298 451 amoma
2319 364 2679 444 amissas

3640 373 3754 428 (μ

480 546 732 605 nimime,
765 538 902 593 sicut
942 536 1148 586 rectum
1192 532 1295 588 est,
1338 514 1733 592 pet-solvantur.
1774 514 1927 571 Unde
1953 524 2069 564 ma-
2096 508 2142 567 A
2171 499 2318 556 omni
2371 495 2692 558 εκειειίοιιον
2743 504 2862 561 qua?
2915 497 3155 559 tempore
3209 484 3296 540 θνί
3343 482 3513 540 ηοδίτί
3573 482 3763 539 (Ῑθίηίδί

2172 589 2211 605 ν
2316 586 2349 605 υ
2387 581 2727 605 ,-,__‘-_-.-_2.
2768 597 2828 605 ._-.
2866 581 3049 605 ωηεν..
3092 592 3211 605 --.Α
3258 575 3352 605 Πιιὲ
3398 574 3763 605 Δεικοιισηιι...

481 630 815 707 gniﬁcentiae
838 631 1042 680 nostrae
1086 615 1238 689 petiit
1279 610 1620 683 dignitatem,
1645 616 1708 661 ut
1732 612 1931 660 nostra:
1965 615 2066 655 au-

483 690 756 787 ctoritatis
797 721 1126 790 praeceptum
1150 709 1223 764 ob
1255 705 1347 760 Dei
1380 712 1436 759 et
1475 709 1677 758 sanctae
1704 696 1873 767 ipsius
1902 690 2067 749 Geni-

485 816 666 879 tricis,
694 787 814 867 sive
845 803 1067 879 pretiosi
1112 795 1328 870 patroni
1366 791 1537 848 nostri
1572 787 1802 857 Remigii
1829 796 2069 839 amorem

479 918 528 967 ei
569 905 684 963 ﬁeri
706 903 1037 974 juberemus.
1055 891 1221 961 Cujus
1242 887 1397 943 nobis
1411 881 1735 939 amabilibus
1750 884 1806 932 et
1825 886 2072 929 necessa-

491 1001 589 1056 riis
617 964 973 1067 petitionibus
1006 982 1434 1053 acquiescentes,
1466 982 1521 1028 et
1558 971 1728 1027 libere
1760 964 2075 1037 placideque

488 1057 878 1160 obsequentes,
924 1081 1028 1136 hoc
1060 1083 1260 1131 nostra;
1305 1080 1514 1140 magnae
1555 1057 1896 1119 auctoritatis
1940 1067 2078 1124 prae-

494 1149 714 1255 ceptn-m
761 1177 815 1233 ei
866 1172 981 1229 fieri
1027 1167 1308 1242 iussimus.
1361 1162 1462 1216 Per
1510 1156 1654 1228 quod
1704 1149 2080 1224 praecipientes

497 1236 756 1344 expresse
791 1236 1065 1339 iubemus,
1100 1266 1162 1313 ut
1198 1251 1447 1326 quisquis
1486 1246 1722 1303 ﬁdelium
1766 1240 1860 1298 Dei
1907 1236 2078 1294 omni.

496 1323 760 1436 potentis,
788 1323 1232 1417 nostrorumque,
1256 1356 1324 1397 ex
1352 1337 1554 1395 eisdem
1584 1340 1786 1389 sanctae
1809 1328 1904 1383 Dei
1932 1323 2083 1397 geni-

499 1414 659 1509 tricis
685 1446 888 1508 Mariae,
920 1440 1004 1496 vel
1037 1414 1209 1493 sancti
1240 1425 1569 1487 confessoris
1595 1419 1801 1479 Christi
1831 1414 2082 1484 Remigii,

494 1550 803 1605 Remorum
836 1536 1080 1596 ecclesiae
1113 1532 1297 1595 rebus,
1331 1526 1447 1582 sive
1488 1521 1833 1593 episcopatus
1865 1511 2083 1581 religio-

503 1636 708 1695 sissimi
754 1641 811 1689 et
856 1624 1190 1685 dilectissimi
1240 1619 1396 1675 nobis
1440 1610 1716 1670 Hincmari
1761 1601 2088 1662 venerabilis

440 1742 443 1743 '
502 1722 923 1798 archiepiscopi,
960 1715 1162 1789 aliquid
1198 1712 1400 1769 habere
1443 1703 1797 1778 dignoscitur,
1837 1697 1951 1753 sive
1988 1709 2088 1766 per

514 1796 807 1891 hrgitionis
849 1820 1048 1867 nostrae
1079 1802 1517 1863 concessionem,
1562 1796 1676 1851 sive
1705 1807 1802 1863 per
1834 1800 2088 1858 quorum-

516 1922 719 1979 amque
753 1903 1344 1974 supramemoratorum
1386 1903 1416 1942 a

512 1964 894 2068 rhinationem,
930 2004 1026 2046 seu
1069 1986 1233 2042 etiam
1281 1990 1337 2037 et
1378 1973 1843 2048 deprecationem,
1885 1964 2089 2036 aliquid

495 2055 697 2147 tenore
731 2055 915 2154 aliquo
957 2094 1027 2135 ex
1067 2072 1341 2148 praedictis
1387 2069 1548 2124 rebus
1591 2072 1777 2120 tenere
1807 2058 1891 2122 vel
1919 2055 2091 2129 possi-

506 2182 637 2236 dere
672 2152 931 2237 cernitur,
967 2180 1166 2224 nonam
1199 2171 1255 2219 et
1283 2161 1546 2216 decimam
1580 2155 1634 2208 in
1669 2152 1958 2207 missorum
1994 2160 2093 2200 ιιοο

498 2281 747 2328 strorum
786 2261 1105 2338 pnesentia,
1153 2255 1320 2311 misso
1352 2247 1600 2306 ecclesiae
1641 2251 1846 2300 sanctze
1882 2236 2089 2302 Mariae,

506 2361 597 2417 vel
636 2356 810 2417 sancti
850 2349 1081 2422 Remigii
1117 2348 1435 2406 Remorum,
1464 2340 1579 2395 sive
1614 2331 1894 2391 Hincmari
1930 2342 2094 2384 vene-

520 2450 698 2509 rabilis
738 2420 1132 2514 archiepiscopi
1175 2434 1439 2498 revadiet,
1471 2439 1528 2486 et
1568 2427 1727 2484 annis
1764 2421 1995 2495 singulis
2025 2420 2093 2475 ad

526 2539 755 2596 tamdem
786 2508 1153 2608 praefatam—et
1180 2528 1539 2580 memoratam
1565 2514 1854 2573 ecclesiam
1883 2508 2094 2582 persol-

525 2649 681 2698 uere,
709 2630 914 2699 absque
954 2624 1117 2681 ullius
1153 2614 1462 2676 occasionis
1501 2605 1936 2669 contradictione
1970 2615 2093 2657 cum

499 2743 505 2749 ·
540 2692 668 2778 ctuti
681 2692 964 2790 vigilantia
988 2712 1222 2769 studeat.
1245 2705 1566 2774 Quicunque
1588 2712 1722 2754 vero
1742 2701 1931 2751 contra
1955 2692 2096 2747 hanc

506 2820 716 2869 austra:
741 2783 1095 2863 auctoritatis
1126 2795 1543 2870 praeceptionem
1568 2789 1635 2844 de
1665 2788 1769 2842 hoc
1807 2783 1925 2839 ﬁeri
1960 2794 2097 2849 prae-

498 2900 832 2973 sumpserit,
863 2897 1000 2953 sciat
1038 2891 1333 2947 secundum
1376 2885 1550 2953 dignae
1595 2875 1871 2934 memoria:
1902 2871 2008 2940 avi,
2044 2878 2100 2926 et

516 2996 617 3064 pia:
648 2985 1044 3047 recordationis
1072 2977 1333 3053 genitoris
1359 2972 1532 3030 nostri
1563 2968 1796 3040 capitula
1827 2981 1888 3022 se
1916 2976 2099 3019 emen-

510 3089 792 3148 daturum,
818 3090 880 3136 et
903 3079 1050 3148 ipsas
1077 3071 1295 3129 easdem
1338 3079 1428 3121 res
1453 3064 1657 3131 absque
1684 3055 1911 3126 alicujus
1934 3055 2101 3108 inter-

514 3141 790 3230 cessionis
824 3141 1205 3237 impetratione
1240 3156 1567 3215 amissurum
1595 3149 1711 3222 (lib.
1745 3164 1787 3216 ι,
1815 3158 1932 3216 cap.
1959 3141 2098 3208 465;

525 3268 614 3320 lib.
644 3277 704 3330 ιι,
735 3278 784 3317 c.
820 3259 924 3325 21;
962 3257 1056 3311 lib.
1091 3271 1167 3320 tv,
1196 3270 1246 3308 c.
1277 3250 1390 3318 40).
1420 3248 1485 3303 Et
1513 3255 1574 3301 ut
1596 3246 1710 3300 haec
1737 3249 1937 3297 nostra?
1961 3250 2101 3306 prte-

535 3324 790 3427 teptionis
825 3324 1124 3404 auctoritas
1151 3337 1514 3398 inviolabilem
1552 3333 1797 3391 obtineat
1830 3324 2103 3382 ﬁrmitatis

548 3416 789 3520 'igorem,
811 3449 868 3499 et
893 3441 963 3496 ab
1003 3436 1255 3494 omnibus
1286 3430 1530 3487 ﬁdelibus
1569 3432 1772 3482 sanetae
1797 3420 1894 3476 Dei
1920 3416 2105 3472 Eccle—

554 3508 620 3593 ἱίῖε
640 3545 696 3592 et
718 3508 941 3597 nostris,
966 3526 1324 3602 praesentibus
1350 3520 1560 3579 scilicet
1579 3525 1635 3572 et
1658 3513 1875 3578 futuris,
1902 3508 2105 3572 verius,

515 3627 839 3696 certiusque
862 3621 1135 3684 credatur,
1164 3629 1282 3670 eam
1311 3611 1511 3667 annulo
1535 3612 1720 3662 nostro
1747 3603 1934 3658 subter
1959 3596 2109 3669 sigil-

502 3721 627 3774 λὶΛὶ
667 3685 949 3786 iussimus.
984 3712 1119 3766 Data
1163 3720 1216 3761 tv
1255 3703 1435 3759 Nonas
1479 3692 1834 3767 Septembris,
1868 3704 2010 3745 anno
2054 3685 2104 3748 3,

526 3783 823 3865 indictione
868 3804 957 3868 l0,
990 3805 1246 3872 regnante
1286 3791 1485 3849 Karolo
1523 3783 1918 3861 gloriosissimo
1959 3792 2106 3849 rege.

530 3902 724 3957 Actum
755 3896 814 3952 in
843 3888 1173 3950 menasterio
1204 3883 1377 3941 sancti
1406 3877 1672 3949 Quintiani.
1705 3894 1723 3926 ι

603 3982 963 4045 lmmnnitatis
1005 3979 1171 4035 etiam
1209 3971 1506 4031 secundum
1549 3973 1953 4022 antecessorum
1991 3970 2115 4013 suo—

453 4116 461 4153 ;
536 4096 654 4135 rum
684 4089 873 4147 regum
924 4066 1255 4139 exemplaria
1310 4062 1485 4117 eidem
1543 4064 1745 4113 sanctae
1797 4050 1914 4108 sedi
1961 4062 2114 4103 suam

457 4137 466 4217 XF
537 4137 777 4225 contulit
804 4137 1203 4219 auctoritatem.
1251 4152 1562 4209 Cessionem
1602 4156 1819 4214 quoque
1857 4137 2116 4209 genitoris

534 4262 620 4318 aui
666 4256 928 4314 Ludovici
987 4253 1055 4308 de
1103 4245 1387 4305 exactione
1435 4239 1584 4308 regia
1641 4228 1970 4308 (ευρναγιὶὸ.
2032 4240 2068 4278 ιι
2101 4264 2116 4288 ,

538 4372 585 4408 c.
622 4351 725 4422 l9),
759 4347 846 4404 vel
872 4342 1136 4415 operariis
1172 4353 1237 4393 ac
1272 4345 1429 4390 muro
1458 4326 1695 4386 civitatis
1734 4322 1824 4403 ob.
1846 4326 2120 4373 restaura-

539 4410 741 4502 tionem
780 4440 950 4512 ipsius
984 4440 1187 4492 sanctae
1230 4427 1324 4483 Dei
1364 4420 1608 4479 ecclesia:
1636 4417 1902 4483 delegata,
1935 4410 2116 4480 hujus-

531 4539 684 4595 cmodi
714 4529 1054 4593 conﬁrmavit
1084 4522 1445 4581 auctoritate:

617 4647 638 4679 a
677 4626 733 4683 ιη
758 4620 977 4679 nomine
1004 4623 1204 4673 saneta:
1229 4621 1283 4667 et
1307 4606 1596 4665 individuce
1620 4597 1925 4662 Trinitatis,
1955 4594 2125 4650 Raro-

532 4726 627 4778 ius
657 4717 831 4791 gratia
859 4711 957 4767 Dei
990 4723 1109 4765 rex.
1141 4704 1202 4760 Si
1239 4699 1590 4774 petitionibus
1629 4691 1866 4748 ﬁdelium
1912 4695 2126 4787 nostro

545 4769 625 4778 νυ-
657 4769 811 4791 υ--η
1241 4769 1257 4774 -

545 4827 689 4875 rum,
720 4804 960 4862 maxime
997 4794 1210 4854 Domini
1240 4790 1606 4850 sacerdotum,
1635 4779 1906 4852 praecipue
1936 4778 1989 4832 in
2021 4769 2124 4837 his,

538 4869 1083 4957 luttte'ecelesiasticis
1121 4882 1449 4941 utilitatibus
1479 4882 1708 4948 possunt
1735 4869 1978 4941 praebere
2001 4881 2128 4922 con-

542 4991 775 5046 sultum.
802 4985 1096 5046 benignum
1127 4971 1538 5034 commodamus
1562 4978 1863 5026 assensum,
1892 4959 2047 5015 nobis
2076 4957 2129 5012 id

2172 586 2352 644 Karoli
2387 581 2730 656 imperatoris
2764 597 2829 637 ex
2863 581 3052 637 eadem
3090 592 3216 632 casa
3258 575 3355 631 Dei
3397 574 3764 644 exigebantur

2173 679 2240 735 ad
2267 678 2555 750 palatium,
2590 671 2734 744 quod
2764 680 2987 727 vocatur
3013 665 3362 738 Aquisgrani,
3392 673 3456 718 ut
3484 666 3539 718 in
3583 662 3764 719 (ediﬁ-

2172 770 2386 825 catione
2431 773 2487 822 et
2532 761 2931 820 restauratione
2982 759 3152 830 ipsius
3195 755 3442 812 ecclesia:
3488 754 3624 826 Dei,
3664 769 3770 823 per

2171 858 2352 913 futura
2382 866 2625 925 tempora
2651 867 2823 922 usque
2850 851 2918 905 ad
2945 849 3106 903 ﬁnem
3134 846 3337 912 saeculi,
3367 846 3436 900 ad
3468 845 3771 900 utilitatem

2174 961 2315 1017 Saepe
2339 945 2495 1001 dictae
2518 950 2717 999 sanctae
2742 937 2987 994 ecclesia:
3011 937 3064 991 in
3089 934 3428 1005 eleemosyna
3460 933 3612 988 illius
3640 947 3774 1003 pro-

2179 1038 2422 1101 ﬁcerent,
2455 1042 2512 1089 et
2548 1047 2649 1088 nec
2697 1030 2764 1085 ad
2813 1027 3062 1083 eumdem
3114 1025 3310 1089 locum,
3351 1023 3436 1080 vel
3480 1024 3551 1078 ad
3599 1024 3772 1078 alium

2179 1127 2476 1201 quemlibet
2524 1125 2654 1194 ipsae
2703 1119 3130 1183 redhibitiones,
3193 1115 3281 1171 vel
3336 1115 3599 1186 impensae
3659 1111 3777 1167 ullo

2182 1233 2417 1290 unquam
2448 1226 2691 1285 tempore
2718 1210 3090 1280 exigerentur,
3115 1207 3209 1263 sed
3234 1206 3457 1261 remissa
3486 1203 3781 1275 indulgen-
3807 1208 3815 1217 ‘

2185 1313 2256 1369 tia
2283 1310 2427 1365 illius
2449 1308 2503 1363 in
2526 1305 2714 1361 eodem
2742 1302 2861 1358 loco
2884 1299 3235 1370 proﬁcerent.
3256 1294 3423 1365 Cujus
3447 1295 3590 1349 bene
3619 1304 3779 1365 gesta

2185 1408 2302 1455 rata
2342 1398 2668 1467 iudicantes,
2709 1407 2807 1464 per
2859 1391 2964 1447 hoc
3007 1398 3208 1444 nostrze
3249 1387 3593 1443 auctoritatis
3638 1374 3786 1457 pne-

2187 1501 2401 1563 ceptum
2430 1487 2794 1550 decernimus,
2830 1492 2891 1538 ut
2938 1480 3201 1552 quidquid
3245 1480 3312 1535 de
3348 1478 3663 1542 exactione,
3700 1476 3785 1530 vel

2187 1581 2453 1655 operariis
2516 1577 2786 1649 praedicta:
2846 1571 3251 1629 constitutionis
3311 1584 3472 1637 supra
3537 1570 3788 1637 scriptus

2189 1675 2417 1730 domnus
2448 1682 2504 1727 et
2538 1670 2752 1741 genitor
2800 1676 3005 1729 noster,
3035 1679 3128 1719 seu
3163 1671 3218 1717 et
3251 1661 3318 1718 de
3354 1676 3512 1716 muro
3540 1659 3790 1715 civitatis

2196 1765 2390 1837 ipsius,
2420 1764 2504 1818 vel
2554 1762 2655 1817 viis
2703 1760 2770 1815 ad
2813 1758 3074 1813 utilitates
3118 1753 3338 1811 claustri
3387 1752 3786 1809 canonieornm

1420 1884 1801 1944 ﬁ‘ectationem,
1839 1877 1924 1934 vel
1968 1890 2086 1931 ma-

2201 1853 2610 1927 proﬁcicntibus
2631 1851 2687 1905 in
2715 1863 2814 1905 suo
2843 1854 3109 1920 praecepto
3136 1844 3439 1911 concessit;
3473 1844 3581 1900 hoc
3604 1855 3787 1898 letum

2193 1955 2451 2018 perpetua
2498 1951 2682 1998 nostra
2730 1938 3069 2010 indulgentia
3115 1935 3201 1992 vel
3253 1934 3646 2000 concessione,
3690 1946 3789 1988 seu

2193 2036 2519 2093 auctoritate
2547 2046 2891 2095 concessum,
2932 2027 3017 2084 vcl
3047 2025 3426 2083 conﬁrmatum
3464 2032 3696 2079 maneat
3734 2024 3788 2078 in

2194 2134 2535 2198 perpetuum.
2590 2123 2658 2178 Et
2711 2130 2773 2175 ut
2821 2121 2936 2175 hanc
2976 2128 3176 2174 nostra:
3223 2115 3665 2172 confirmationis
3709 2116 3791 2170 vel

2176 2212 2566 2270 concessionis
2595 2209 2890 2266 auctoritas
2929 2223 3028 2279 per
3073 2206 3254 2261 futura
3302 2215 3545 2276 tempora
3583 2203 3796 2260 certior

2197 2314 2573 2377 cognoscatur,
2607 2312 2663 2359 et
2697 2308 3014 2373 permaneat
3054 2298 3401 2362 ineonvulsa,
3449 2312 3574 2353 eam
3622 2312 3795 2351 manu

2196 2408 2383 2455 nostra
2416 2393 2962 2459 subterﬁrmavimus,
3003 2401 3059 2447 et
3098 2391 3165 2446 de
3203 2389 3403 2446 annulo
3438 2397 3631 2444 nostro
3671 2403 3796 2443 eam

2196 2489 2419 2560 sigillari
2449 2485 2826 2558 prmcepimus.
2857 2482 2992 2538 Data
3020 2497 3072 2536 v1
3102 2479 3374 2535 Kalendas
3402 2478 3623 2544 Junias,
3646 2492 3797 2531 anno

2198 2581 2266 2636 10
2302 2585 2562 2649 regnante
2608 2574 2810 2631 Karolo
2853 2573 3089 2645 glorioso
3136 2585 3301 2640 rege,
3354 2569 3661 2625 indictione
3706 2567 3793 2623 13.

2197 2673 2392 2727 Actum
2433 2667 2729 2725 Vermeria:
2777 2665 2833 2719 in
2878 2663 3081 2735 palatio
3127 2662 3297 2733 regio.
3329 2660 3383 2715 in
3431 2659 3527 2715 Dei
3570 2658 3798 2714 nomine

2198 2761 2453 2817 feliciter.
2490 2758 2684 2813 Amen.
2723 2774 2743 2810 ι

2825 2843 3055 2901 CAPUT
3098 2844 3158 2900 V.

2186 2943 2279 2997 De
2307 2940 2637 3011 reparatione
2686 2936 2958 2993 Rcmenxia
2986 2934 3218 2990 ecclesia!
3248 2933 3313 2987 ab
3351 2933 3473 3004 ipso.
3494 2929 3799 2985 Risu-mare

2869 3015 3103 3078 patrata.

2277 3100 2595 3173 llujusmodi
2631 3099 2795 3171 regite
2837 3094 3190 3168 benignitatis
3235 3092 3454 3148 functus
3495 3090 3804 3149 auctorita—

2134 3213 2180 3274 ς
2216 3196 2357 3251 tibus
2401 3202 2458 3250 et
2501 3193 2554 3248 in
2591 3188 2883 3262 episcopali
2939 3187 3067 3244 sede
3114 3185 3486 3251 confirmatus,
3536 3182 3805 3254 praefatus

2209 3285 2537 3341 llincmarus
2578 3280 3041 3350 archiepiscopus,
3073 3274 3331 3346 templum
3368 3273 3545 3329 beata:
3577 3272 3679 3327 Dei
3715 3286 3807 3343 ge-

2208 3375 2418 3431 nitricis
2465 3372 2679 3437 Mariae,
2723 3370 2867 3441 quod
2896 3383 2926 3423 a
2969 3366 3338 3424 fundamentis
3388 3364 3501 3419 Ebo
3531 3377 3809 3418 renovare

2208 3474 2473 3547 coeperat,
2501 3465 2602 3520 iste
2629 3477 2764 3534 pace
2795 3461 3081 3534 gratiaque
3118 3459 3304 3514 fruens
3350 3456 3516 3527 regia,
3550 3453 3807 3526 praeclari

2209 3558 2607 3616 consummavit
2640 3556 2853 3613 decoris
2901 3549 3222 3609 eminentia.
3271 3549 3499 3617 Insuper
3545 3554 3602 3601 et
3650 3561 3809 3600 aram

2212 3658 2416 3706 sanctae
2440 3646 2534 3702 Dei
2564 3645 2845 3717 genitricis
2871 3656 3006 3697 auro
3029 3639 3266 3704 vestivit,
3292 3652 3357 3692 ac
3385 3633 3660 3707 lapidibus
3684 3647 3811 3704 pre-

2215 3743 2365 3798 tiosis
2388 3740 2621 3796 ornavit.
2652 3737 2748 3794 His
2777 3750 2993 3808 quoque
3016 3734 3264 3790 versibus
3294 3729 3574 3786 titulavit:

2276 3852 2412 3904 Hanc
2432 3863 2564 3901 aram
2596 3850 2789 3900 Domini
2813 3847 3076 3898 Genltricis
3100 3846 3284 3894 honore
3305 3843 3513 3892 dicatam

2275 3900 2443 3966 Cultor
2461 3914 2644 3972 ubique
2669 3924 2789 3972 suus
2814 3909 2963 3970 (suis)
2982 3908 3232 3972 decoravit
3253 3906 3509 3972 episcOpns
3545 3900 3812 3952 Hincmar.

2279 3968 2751 4028 Muneribus-sacris,
2771 3968 2963 4018 tu'nctus
2996 3969 3085 4017 hac
3119 3968 3238 4016 sede
3266 3968 3510 4013 sacerdos.

2279 4035 2387 4085 Jam
2408 4038 2539 4085 bene
2561 4034 2818 4093 completis
2837 4032 3079 4093 centenis
3095 4029 3252 4076 octies
3267 4031 3427 4093 annis,

2280 4097 2612 4155 Quadraginta
2628 4086 2778 4155 simul
2804 4094 2974 4152 quinto
3010 4090 3236 4155 volvente
3258 4087 3350 4136 sub
3384 4086 3515 4147 ipsis.

2277 4149 2392 4228 Cum
2411 4149 2602 4228 juvenis
2624 4149 3050 4228 Kairolus'regeret.
3061 4149 3331 4228 diademata
3356 4150 3522 4228 regni.

2283 4208 2427 4268 Hune
2443 4218 2536 4267 sibi
2572 4224 2815 4278 pastorem
2840 4208 3152 4275 poécentibus
3174 4209 3308 4258 urbis
3328 4208 3551 4256 alumnis.

2222 4321 2289 4376 Et
2309 4321 2376 4375 ad
2406 4319 2697 4389 imaginem
2725 4315 2818 4371 Dei
2845 4312 3136 4370 Genitricis
3166 4311 3219 4365 in
3247 4310 3365 4378 ipso
3391 4307 3571 4363 altari.

2285 4410 2438 4482 εςτευ
2461 4408 2607 4482 ram
2631 4405 3061 4482 tenethﬂei'twr-
3089 4412 3380 4482 τεευιηίιιιθ·
3419 4399 3688 4482 “sum”

2286 4461 2570 4521 Visceribus
2594 4467 2796 4531 protvriis
2815 4472 2975 4514 natum
3007 4465 3073 4513 de
3097 4461 3313 4511 Flumine
3343 4466 3528 4510 sancto.

2152 4563 2202 4623 Ῑ)
2299 4575 2467 4631 Tecta
2490 4571 2673 4642 templi
2696 4567 2959 4640 plumbeis
2985 4565 3263 4637 cooperuit
3288 4561 3506 4628 tabulis,
3527 4563 3823 4633 ipsumque

2228 4665 2486 4736 templum
2534 4662 2696 4733 pictis
2735 4657 3013 4715 decoravit
3055 4656 3311 4719 cameris,
3347 4653 3613 4719 fenestris
3650 4656 3822 4710 etiam

2230 4754 2522 4814 illustravit
2559 4750 2770 4817 vitreis,
2813 4748 3137 4819 pavimentis
3179 4744 3637 4815 quoquestravit
3673 4758 3825 4799 mar-

2232 4849 2453 4908 moreis.
2511 4845 2739 4901 Crucem
2795 4839 3211 4896 eminentiorem
3264 4835 3525 4906 gemmis.
3578 4848 3827 4904 auroque

2233 4937 2533 5010 cooperuit.
2562 4933 2714 4988 Alias
2753 4932 2918 4986 etiam
2963 4941 3156 4984 cruces
3198 4934 3306 4980 tam
3352 4939 3486 4979 auro
3526 4940 3695 4994 quam
3738 4936 3832 4978 ar-

2474 5025 2639 5046 ,..---2a
2694 5020 2927 5046 I‘-I:anm
2967 5018 3224 5046 ηηηῖΛ-Ληι
3262 5028 3383 5046 norm
3418 5022 3614 5046 nnOtIna.
3673 5028 3828 5046 cum-
