3974 5392
185 390 288 447 HS

792 394 1132 451 HISTORle
1171 391 1525 448 ECCLESIIE
1562 388 1909 446 REMENSIS
1948 390 2123 447 LIBRI
2164 391 2519 460 QUATUOR.
2555 429 2612 435 —
2654 398 2776 452 LIB.
2822 399 2901 458 Ill.

3352 407 3380 458 Ι
3389 405 3466 458 ιΰοέ

183 523 323 574 rem,
349 523 474 578 qua:
517 523 549 563 a
584 509 792 565 duobus
819 509 1037 564 clericis
1081 507 1209 562 ferri
1249 506 1403 569 solet,
1438 506 1552 560 fieri
1577 505 1761 574 juSsit,
1797 511 1840 567 Α
1871 523 1992 561 sese
2017 517 2384 576 prosternens,
2417 508 2534 577 ejus
2559 516 2880 567 cordetenus
2928 530 3090 583 super
3120 530 3219 570 nac
3261 518 3449 572 anxie-

182 606 525 668 argentoque
565 599 860 669 iniagi'nato
893 615 957 654 ac
988 598 1246 653 deaurato
1280 595 1524 660 vestivit;
1571 595 1658 649 ubi
1702 596 1768 649 ad

181 689 334 742 urbis
380 689 544 759 hujus
595 692 758 745 totius
801 700 1070 755 tutamen,
1119 689 1410 743 multorum
1457 695 1767 742 sanctorum

183 796 412 852 pignora
448 783 770 838 recondidit.
802 783 1030 853 Insuper
1050 790 1105 838 et
1130 782 1232 835 alia
1263 780 1450 834 altaris
1479 794 1628 842 vasa,
1660 787 1769 832 tam

181 885 346 923 aurea
395 886 560 940 quam
610 880 665 926 et
720 883 974 942 argentea
1032 871 1373 942 praeparavit.
1422 867 1772 938 Evangelium

181 961 366 1015 aureis
396 962 779 1033 argenteisque
816 963 1048 1018 describi
1078 961 1206 1017 fecit
1235 961 1450 1023 litteris,
1484 959 1773 1027 aureisque

183 1049 419 1102 munivit
462 1049 683 1115 tabulis,
713 1059 770 1106 et
811 1053 1041 1122 gemmis
1087 1052 1330 1106 distinxit
1376 1049 1646 1120 pretiosis.
1680 1048 1774 1103 llis

181 1155 401 1209 quoque
429 1143 679 1198 versibus
707 1142 987 1214 insignivit
1013 1161 1026 1197 :

242 1228 425 1295 Sancta
450 1229 547 1281 Dei
566 1232 862 1295 genitrixget
881 1245 1079 1295 semper
1107 1234 1246 1294 virgo
1280 1232 1449 1294 Maria,

307 1291 602 1341 Hiucmarus
626 1293 801 1354 praesul
835 1291 1008 1342 defero
1030 1295 1151 1342 dona
1178 1291 1286 1343 tibi.

245 1350 375 1416 Haec
391 1357 464 1412 pia
489 1367 601 1414 qua
624 1350 796 1415 gessit,
821 1355 986 1403 docuit
1008 1367 1098 1404 nos
1116 1357 1336 1405 (Zhristus
1357 1355 1521 1416 Jesns,

309 1413 478 1462 Editus
501 1413 562 1464 ex
591 1413 753 1476 utero,
787 1413 918 1464 casta
945 1418 1122 1477 puella,
1149 1425 1248 1466 tuo.

255 1495 480 1551 Librum
511 1513 726 1567 quoque
751 1509 1212 1554 sacramentorum
1236 1541 1250 1564 ,
1287 1501 1380 1554 sed
1407 1509 1464 1554 et
1514 1501 1774 1553 lectionu-

191 1587 356 1651 rium,
387 1602 526 1657 quos
548 1589 712 1642 scribi
739 1587 891 1654 fecit,
921 1590 1084 1644 ebore
1119 1600 1452 1660 argentoque
1480 1589 1775 1644 decoravit.

188 1679 532 1734 Candelabra
583 1681 716 1735 texit
757 1690 1002 1752 argento,
1036 1691 1091 1735 et
1131 1681 1385 1751 templum
1421 1681 1590 1735 variis
1618 1697 1779 1734 orua-

189 1772 264 1826 vit
305 1772 671 1843 lampadibus,
703 1783 757 1828 et
787 1774 1005 1828 coronis
1047 1774 1386 1842 diversisque
1431 1780 1538 1826 tam
1587 1771 1782 1841 pallio-

190 1881 306 1920 rum
338 1881 501 1936 quam
527 1866 864 1920 cortinarum
892 1876 1052 1935 atque
1079 1865 1337 1935 tapetium
1366 1863 1581 1934 operuit
1607 1879 1772 1917 orna-
1809 1860 1849 1918 Β

189 1959 407 2011 mentis.
439 1956 640 2011 Sacras
678 1959 841 2012 etiam
882 1966 1067 2012 vestes
1106 1956 1296 2010 altaris
1337 1955 1645 2027 procuravit
1676 1955 1776 2008 mi-

191 2046 394 2099 nistris.
433 2044 687 2100 Pluribus
731 2045 965 2116 denique
1011 2045 1323 2100 convocatis
1362 2044 1652 2114 episcopis,
1685 2043 1780 2098 sed

188 2143 241 2188 et
290 2133 494 2188 Karolo
543 2149 668 2204 rege
719 2134 772 2187 in
818 2135 960 2189 hanc
1013 2134 1292 2188 civitatem
1341 2134 1684 2199 adveniente,
1725 2134 1778 2187 iu

193 2227 240 2280 Ιιο
266 2240 398 2280 nore
435 2225 882 2296 incomparabilis
912 2235 964 2280 et
994 2235 1270 2295 perpetuae
1300 2226 1526 2296 virginis
1554 2225 1779 2294 genitri-

191 2318 268 2370 cis
297 2317 388 2370 Dei
411 2317 614 2380 Mariae,
633 2327 690 2371 ut
713 2327 770 2372 et
792 2317 1012 2385 antiqua
1041 2320 1216 2370 fuerat
1241 2326 1476 2380 sacrata,
1502 2317 1780 2371 basilicam

193 2409 510 2463 soleuiuiter
547 2408 836 2472 dedicavit,
864 2418 916 2461 et
952 2417 1075 2462 cuin
1114 2408 1554 2476 coepisc0porum
1593 2421 1782 2475 coope-

197 2500 406 2553 ratione
434 2499 534 2553 sub
563 2498 955 2568 omnipotentis
997 2498 1338 2552 invocatione
1373 2495 1654 2550 Trinitatis
1699 2496 1782 2548 al-

197 2590 390 2646 miﬁcze
417 2594 780 2646 consecravit.
1031 2598 1035 2602 ‘

811 2678 1040 2736 CAPUT
1084 2677 1168 2733 Vl.

263 2770 342 2824 De
370 2769 645 2824 miraculis
672 2771 727 2824 in
757 2771 938 2824 cadem
965 2769 1182 2824 ecclesia
1211 2777 1389 2838 postea
1417 2767 1717 2822 decc'ara.‘is.

260 2860 316 2913 lu
341 2859 443 2913 hac
466 2860 633 2928 igitur
647 2858 876 2912 ecclesia
904 2858 1072 2912 multa
1090 2857 1318 2912 diversis
1341 2857 1673 2926 temporibus
1690 2855 1782 2911 Dei

190 2950 389 3004 virtute
426 2950 528 3003 sub
572 2947 860 3003 iueﬂ'abilis
884 2947 1087 3001 Christi
1119 2947 1397 3018 genitricis
1427 2945 1606 3001 Mariae
1652 2954 1782 3002 sunt

195 3043 402 3096 honore
425 3049 641 3110 patrata
667 3037 946 3094 miracula.
966 3037 1207 3104 Quorum
1231 3038 1485 3107 plurima,
1507 3052 1628 3106 qua:
1650 3045 1778 3090 ante

193 3140 434 3184 nostram
454 3138 670 3183 aetatem
693 3135 818 3182 sunt
835 3135 1006 3198 gesta,
1027 3127 1181 3181 nobis
1196 3126 1467 3181 habentur
1483 3125 1778 3195 incognita.

193 3219 298 3274 Nos
337 3230 523 3274 tamen
563 3235 649 3282 ea,
683 3234 803 3287 qua:
833 3233 1017 3274 coram
1067 3218 1226 3288 positi
1254 3218 1508 3281 vidimus,
1534 3217 1618 3272 Vel
1653 3233 1780 3286 per-
1809 3213 1853 3272 C

196 3313 341 3368 souis
370 3328 497 3381 qum
533 3313 781 3366 viderant
812 3310 1172 3366 referentibus
1197 3311 1534 3382 agnovimus,
1569 3309 1784 3364 silentio

199 3405 281 3458 hic
305 3417 527 3474 quoque
557 3402 837 3472 prasterire
882 3402 1239 3471 incongruum
1288 3401 1389 3455 rati
1428 3399 1786 3465 sumus,licet

200 3512 258 3549 ca
284 3495 542 3549 versibus
590 3494 718 3548 olim
763 3492 1129 3547 exaravimus.
1163 3491 1356 3546 Mulier
1378 3493 1620 3561 quaedam
1652 3491 1786 3546 civis

201 3583 353 3652 hujus
380 3585 552 3644 urbis,
585 3585 801 3638 nomine
850 3584 1110 3646 Altruilis,
1141 3583 1350 3637 unicam
1376 3582 1656 3651 parvulam
1688 3596 1787 3635 nu—

206 3679 393 3732 triebat
428 3677 618 3740 filiam,
651 3692 772 3746 qua:
809 3677 984 3731 adhtte
1030 3675 1129 3730 sub
1158 3675 1324 3729 ubere
1373 3675 1561 3728 matris
1590 3675 1784 3744 posita,

210 3769 432 3824 eilicitur
461 3784 635 3823 eatea.
681 3767 786 3822 Pro
818 3784 920 3837 qua
957 3783 1078 3821 cum
1102 3767 1267 3820 variis
1309 3766 1507 3820 frustra
1537 3773 1790 3820 aestuaret

215 3871 380 3916 mater
419 3863 698 3924 remediis,
731 3877 829 3917 nec
873 3861 980 3915 ulla
1011 3869 1194 3930 posset
1233 3859 1409 3928 juvari
1461 3858 1689 3922 medela,
1719 3858 1787 3911 ad

214 3969 475 4008 summum
503 3954 709 4024 cogitat
732 3968 790 4007 se
821 3963 1034 4007 vertere
1075 3950 1376 4014 medicum;
1409 3947 1630 4018 ejusque
1657 3964 1784 4016 pro-

217 4046 430 4101 Latnou
482 4047 663 4118 aptius
710 4045 1157 4116 pcr.quempiam
1214 4051 1525 4098 sanctorum
1567 4056 1789 4110 poscere

218 4152 363 4204 posse
389 4137 846 4201 misericordiam,
875 4152 1037 4206 quam
1065 4149 1161 4204 per
1187 4133 1357 4203 ipsius
1380 4133 1617 4195 unicam,
1640 4129 1791 4199 cujus

217 4231 368 4282 etiam
415 4239 536 4284 erat
568 4230 682 4298 ipsa
715 4227 942 4292 famula,
975 4224 1326 4281 Geuitricem.
1361 4222 1791 4291 Prwparansque

217 4321 566 4374 candelarum
601 4319 940 4382 nmnuscula,
967 4327 1072 4372 tam
1097 4332 1195 4386 pro
1235 4333 1292 4371 se
1331 4331 1492 4384 quam
1524 4331 1620 4383 pro
1659 4313 1786 4378 illia,

219 4419 232 4461 ι
267 4411 465 4480 mplum
492 4411 594 4464 hoc
617 4408 1025 4480 petit,cmlituin
1055 4407 1254 4475 regina:
1272 4407 1610 4460 clementiam
1630 4419 1780 4474 roga-

220 4508 325 4552 tura
357 4517 371 4563 ;
413 4499 806 4569 prmﬂgensque
855 4497 1196 4551 candelabris
1223 4495 1527 4560 luminaria,
1565 4503 1792 4562 lumpao

219 4590 464 4644 vimentis
493 4599 720 4652 astrata,
769 4605 864 4643 cor
907 4589 1130 4659 supplex
1167 4587 1394 4642 eil‘undit
1423 4589 1475 4642 in
1503 4597 1647 4642 vota.
1680 4587 1790 4642 Nec

216 4695 268 4732 se
292 4697 449 4750 posse
487 4696 827 4750 praesumens
858 4679 1124 4743 sufﬁcere,
1160 4679 1441 4734 ministros
1472 4678 1792 4749 suppliciter

219 4771 453 4840 deposcit
487 4772 700 4836 altaris,
736 4771 908 4840 ipsius
955 4771 1266 4840 petitionem
1292 4770 1406 4824 suis
1430 4771 1678 4840 precibus
1703 4768 1794 4822 ad-

185 4896 188 4897 ν
215 4861 414 4928 juvare.
451 4862 516 4916 Et
533 4864 657 4933 quia
687 4863 884 4916 devote
917 4876 980 4915 ac
1009 4861 1238 4915 fideliter
1269 4859 1580 4929 postulavit,
1606 4869 1792 4912 votum

220 4952 454 5008 obtinere
503 4954 828 5024 promeruit,
867 4952 1154 5021 lumenque
1212 4949 1414 5005 sobolis
1463 4948 1791 5019 impetravit.

226 5041 363 5100 Unde
389 5046 592 5117 gratias
627 5057 880 5117 agentem
912 5044 1020 5097 Deo
1069 5044 1343 5112 ipsiusque
1381 5041 1639 5096 Geuitrici
1667 5041 1797 5108 piis-

225 5135 380 5201 simae,
430 5153 550 5192 cum
609 5134 959 5207 adjutoribus
1014 5133 1117 5188 sibi
1168 5147 1340 5187 sacris
1386 5131 1647 5185 ministris
1673 5146 1796 5186 eam

228 5226 448 5282 vidimus
496 5237 707 5297 postea,
755 5227 880 5279 dum
927 5239 1138 5289 sanam,
1166 5224 1422 5289 clareque
1452 5231 1794 5277 contuentem

230 5319 551 5362 Stlnm'nnliie
577 5318 869 5362 mrliilmral
902 5314 1086 5362 ﬁliam-

1877 605 1984 652 tate
2039 613 2133 652 sua
2177 599 2560 670 deprecaretur
2593 601 2958 658 clementiam.
3010 604 3077 660 Et
3124 622 3350 678 surgens
3382 609 3452 663 ab

1873 689 2143 755 oratione,
2167 691 2412 746 osculato
2451 691 2628 758 altari,
2661 708 2821 763 supra
2875 695 3074 751 nudum
3111 698 3278 768 ipsius
3309 714 3451 752 mar-

1876 798 2014 849 mor,
2053 783 2105 836 in
2132 799 2238 852 qua
2264 784 2563 839 vexabatur
2607 786 2902 856 deponeret
2933 791 3230 857 maxillam,
3263 791 3450 861 sicque
3477 841 3482 846 .

1875 873 2174 926 sanandum
2207 888 2265 928 se
2295 873 2592 941 confidens,
2620 875 2835 930 domum
2873 893 3150 946 regressus
3184 881 3451 950 coeperiri

1876 980 1934 1018 se
1959 965 2200 1021 vestibus
2229 965 2430 1022 faceret
2459 975 2619 1037 atque
2648 969 2826 1039 sopori
2856 970 3212 1040 permitteret.
3246 971 3452 1037 Quibus

1879 1062 1967 1117 ille
2020 1078 2118 1133 per
2154 1063 2397 1119 ordinem
2447 1065 2693 1134 patratis,
2745 1081 2992 1120 somnum
3040 1066 3178 1120 iniit.
3217 1063 3454 1134 Tempus

1877 1163 2056 1208 autem
2107 1163 2224 1209 erat
2275 1155 2636 1210 solemnitatis
2685 1157 2880 1211 natalis
2909 1156 3142 1223 Domini,
3172 1167 3226 1212 et
3258 1155 3454 1210 fratres

1879 1252 1999 1313 post
2025 1244 2354 1300 celebratum
2386 1247 2749 1315 vespertinum
2797 1245 3029 1302 oilicium
3062 1247 3114 1301 in
3154 1247 3454 1308 ctenaculo,

1881 1337 1971 1390 uhi
2021 1336 2364 1392 calefaciendi
2413 1353 2575 1392 causa
2618 1346 3012 1393 consueverant
3052 1338 3228 1408 colligi
3255 1339 3453 1392 reside—

1881 1427 2030 1479 bant.
2063 1427 2326 1480 Pracfatus
2370 1444 2497 1481 vero
2553 1429 2722 1484 frater
2771 1430 2914 1483 videt
2944 1430 2997 1483 in
3029 1431 3234 1484 somnis
3265 1430 3370 1484 illic
3399 1445 3456 1484 se.

1882 1534 1990 1588 prae
2029 1518 2285 1588 gradibus
2333 1521 2593 1574 cmuaculi
2627 1521 2882 1585 astitisse,
2914 1530 3077 1590 atque
3115 1521 3327 1575 beatam
3366 1519 3456 1573 Dei

1881 1607 2208 1662 Geuitricem
2256 1607 2308 1661 in
2362 1609 2757 1678 superioribus,
2789 1617 2915 1664 ante
2943 1609 3110 1679 ipsius
3138 1610 3332 1664 ostium
3364 1609 3460 1662 do-

1883 1717 2002 1756 mus
2025 1703 2344 1756 consistere.
2370 1702 2415 1756 A
2445 1701 2684 1756 sinistris
2718 1702 2770 1756 in
2801 1702 2968 1770 gradu
3001 1701 3190 1756 infimo
3217 1701 3314 1757 sub
3337 1717 3460 1769 spe—

1883 1791 1966 1845 cie
1993 1789 2272 1859 cujusdam
2309 1792 2567 1861 chirurgi,
2620 1791 2911 1860 malignum
2955 1791 3237 1860 conspexit
3279 1799 3458 1843 astare.

1881 1882 2148 1952 spiritum.
2179 1883 2295 1937 Non
2333 1883 2591 1938 dubitans
2633 1892 2813 1937 autem
2860 1898 2980 1952 quae
3017 1891 3162 1936 esset
3185 1881 3270 1934 illa
3293 1895 3458 1950 quam

1881 1973 2176 2042 aspiciebat
2203 1974 2438 2042 domina,
2483 1989 2682 2044 pavore
2733 1974 2856 2028 tetri
2901 1973 3072 2028 hostis
3114 1971 3346 2040 abjecto,
3391 1970 3456 2024 ad

1882 2079 2002 2119 eam
2035 2079 2206 2134 usque
2253 2065 2593 2127 conscendit,
2622 2073 2678 2118 et
2700 2073 2826 2118 ante
2857 2063 3024 2133 ipsius
3052 2063 3338 2132 procidens
3371 2075 3461 2130 pe-

1882 2154 1976 2208 des
2017 2154 2256 2224 ejusdem
2308 2163 2589 2224 susceptus
2630 2161 2716 2208 est
2762 2168 2956 2218 manu;
3011 2151 3085 2206 ita
3134 2160 3192 2205 ut
3217 2161 3460 2206 mentum

1884 2244 2027 2298 illius
2072 2253 2281 2310 tenens,
2315 2253 2564 2300 vexatam
2618 2243 2861 2314 piissima
2889 2243 3102 2298 domina
3131 2243 3478 2312 contingeret.

1883 2335 2176 2390 maxillam.
2228 2336 2296 2390 Et
2323 2337 2538 2408 erigens
2569 2351 2696 2390 eum
2729 2335 2924 2390 blande
2949 2334 3222 2390 consolata
3250 2341 3355 2397 est,
3382 2350 3470 2386 as-

1882 2444 2070 2483 serens
2093 2427 2213 2482 ideo
2238 2443 2296 2482 se
2319 2443 2424 2483 non
2450 2428 2726 2482 inventam
2760 2418 2829 2481 ab
2855 2442 2920 2481 eo
2967 2426 3021 2480 in
3051 2425 3300 2490 ecclesia,
3331 2441 3488 2494 quo-r

1883 2519 2028 2572 niam
2061 2518 2256 2572 ibidem
2289 2518 2356 2572 ad
2406 2517 2707 2572 custodiam
2747 2515 2977 2570 fratrum
3008 2495 3196 2570 siaret.
3231 2513 3343 2578 Ille,
3383 2510 3463 2566 iu-

1883 2607 2096 2677 quiens,
2143 2607 2432 2678 malignus,
2468 2623 2627 2677 quem
2671 2605 2824 2660 vides
2863 2606 2950 2662 hic
2975 2619 3140 2676 prope
3171 2611 3464 2665 astantem,

1883 2696 2085 2763 cogitat
2129 2696 2234 2750 huc
2280 2697 2592 2761 ascendere,
2625 2705 2680 2750 et
2706 2695 2818 2749 vult
2853 2703 3069 2749 nostros
3100 2693 3298 2747 fratres
3327 2707 3461 2744 cou-

1886 2791 2121 2844 turbare.
2163 2788 2534 2859 Praccepitque
2581 2805 2703 2843 eum
2736 2788 2932 2849 redire,
2985 2795 3040 2842 et
3099 2787 3166 2842 de
3206 2800 3461 2840 concessa

1886 2883 1986 2938 sibi
2019 2881 2193 2938 salute
2215 2881 2506 2937 conlidere.
2540 2881 2640 2947 Qui
2683 2896 2874 2935 rursus
2903 2879 2969 2933 ad
2999 2876 3115 2947 ejus
3143 2893 3204 2932 se
3225 2888 3463 2947 proster-

1885 2990 2020 3029 nens
2045 2975 2208 3044 pedcs
2230 2983 2446 3028 erectus
2481 2981 2561 3026 cst
2589 2974 2657 3027 ab
2687 2987 2770 3036 ea,
2803 2980 3009 3025 vestem
3035 2979 3241 3024 tantum
3270 2983 3466 3038 purpu-

1886 3079 2055 3128 ream,
2111 3079 2216 3132 qua
2267 3063 2380 3133 ipsa
2435 3071 2554 3116 erat
2604 3062 2809 3123 induta,
2870 3059 3212 3116 deosculans.
3265 3058 3464 3128 Sicque

1887 3169 2009 3207 mox
2061 3153 2351 3217 excitatus,
2374 3152 2488 3206 dari
2515 3152 2614 3205 sibi
2652 3149 3276 3221 praccepitmanducare.
3311 3147 3466 3214 Quod

1887 3253 1944 3298 ut
1971 3243 2210 3311 ejusdem
2238 3243 2518 3299 domestici
2543 3242 2786 3307 audiere,
2812 3241 3054 3297 insanire
3087 3241 3235 3295 illum
3265 3246 3462 3309 putans

1889 3345 1988 3399 tes,
2003 3334 2127 3402 quia
2159 3341 2267 3386 tam
2285 3332 2538 3387 alacriter
2551 3332 2847 3388 sibicibum
2869 3330 2986 3385 dari
3000 3337 3224 3400 peteret,
3256 3327 3466 3382 anxi-ari

1887 3434 2188 3495 coeperunt.
2219 3425 2311 3481 ille
2355 3441 2483 3481 vero
2513 3425 2868 3481 confirmabat
2895 3440 2953 3480 se
2974 3439 3005 3478 a
3034 3425 3190 3478 beata
3215 3422 3309 3478 Dei
3357 3420 3466 3476 Ge-

1889 3515 2080 3572 nitrice
2109 3524 2378 3581 sanatum,
2411 3515 2493 3569 vel
2524 3514 2764 3584 nihilque
2785 3513 3122 3585 aegritudinis
3153 3527 3212 3566 se
3237 3552 3253 3576 ,
3279 3510 3362 3566 vel
3392 3511 3473 3564 iu-

1889 3609 2055 3662 saniaa
2083 3607 2213 3677 pati.
2239 3607 2436 3676 Sicque
2456 3606 2738 3662 celerrime
2765 3605 3008 3661 redditus
3026 3604 3296 3675 sospitati,
3326 3617 3468 3670 saepe

1889 3709 2077 3768 postea
2127 3699 2355 3752 fidenter
2400 3697 2792 3769 astipulabatur
2846 3712 2951 3752 non
2999 3711 3057 3751 se
3095 3695 3321 3750 ulterius
3347 3708 3470 3747 esse

1889 3804 2171 3858 passurum
2207 3788 2352 3853 talia,
2385 3805 2544 3859 quem
2571 3797 2716 3843 tanta
2742 3789 2900 3842 saluti
2946 3788 3273 3842 restituisset
3300 3785 3472 3839 domi-

1891 3900 1979 3939 na.
2012 3885 2162 3952 Quod
2196 3894 2251 3940 et
2299 3899 2488 3939 revera
2528 3883 2602 3937 illi
2633 3881 2848 3943 accidit,
2895 3891 2953 3935 ut
2978 3881 3235 3948 deinceps
3286 3877 3474 3947 hujus-

1892 3976 2036 4030 modi
2084 3975 2456 4046 :egritudinem
2485 3987 2824 4044 nequaquam
2850 3971 3104 4034 senserit,
3139 3971 3265 4022 dum
3293 3966 3465 4037 pluri—

1893 4065 1993 4120 bus
2022 4063 2362 4134 postmodum
2390 4062 2591 4118 vixerit.
2616 4061 2792 4116 annis.

1963 4179 2135 4250 Hujus
2192 4179 2432 4250 llugonis
2482 4177 2714 4233 clericus
2768 4183 2826 4232 et
2868 4176 3149 4236 diaconus,
3198 4172 3472 4228 Ehrardus

1895 4270 2131 4335 nomine,
2155 4269 2321 4324 febris
2375 4267 2583 4322 anhelae
2615 4266 2918 4322 vexabatur
2956 4264 3211 4329 aestibus;
3243 4262 3333 4333 qui
3355 4261 3473 4328 ejus

1891 4359 2227 4432 aegritudinis
2262 4360 2494 4431 agitatus
2551 4358 2863 4428 angoribus,
2894 4358 2948 4412 in
2991 4365 3204 4428 crypta,
3228 4369 3349 4425 qua:
3375 4358 3475 4410 sub

1896 4454 2064 4523 ipsius
2119 4452 2364 4508 ecclesiae
2412 4451 2540 4508 sede
2581 4451 2634 4505 in
2678 4451 2884 4505 honore
2913 4449 3056 4504 beati
3085 4446 3312 4516 Remigii
3339 4461 3472 4502 con-

1821 4558 1869 4617 ι)
1896 4551 2109 4597 secrata
2158 4550 2265 4606 est,
2300 4541 2477 4596 fessus
2521 4539 2814 4601 residebat,
2864 4537 2992 4592 dum
3029 4529 3137 4592 illic
3182 4537 3361 4590 missae
3385 4551 3478 4590 cc-

1898 4636 2239 4691 lebrarentur
2291 4633 2570 4705 mysteria.
2604 4632 2702 4687 Cui
2736 4631 2784 4685 vi
2840 4630 3069 4685 febrium
3128 4628 3352 4697 fatigato
3395 4628 3478 4696 (ut

1897 4727 2120 4782 assolet‘
2152 4724 2604 4794 febricitantibus)
2650 4738 2812 4791 sopor
2863 4721 3042 4774 irruit.
3076 4720 3140 4773 Et
3164 4733 3291 4774 ecce
3333 4719 3482 4774 videt

1899 4818 2111 4872 beatam
2152 4816 2244 4870 Dei
2286 4815 2616 4872 Geuitricem
2645 4813 2746 4869 sibi
2777 4821 3066 4878 astantem,
3120 4809 3480 4880 impositaque

1901 4925 2062 4963 manu
2105 4909 2222 4978 ejus
2263 4907 2426 4977 capiti
2475 4905 2856 4978 pertransisse,
2890 4914 2945 4960 ct
2996 4912 3118 4975 post
3146 4903 3315 4957 altare
3363 4917 3482 4957 sese

1902 5005 2017 5058 visa
2047 5015 2130 5060 est
2176 5002 2448 5058 intulisse.
2486 5001 2609 5057 Mox
2652 4999 2740 5056 ille
2768 4987 3057 5069 patefactis
3087 4996 3257 5052 oculis
3288 4995 3481 5063 surgit,

1905 5094 2179 5165 finitisque
2226 5094 2502 5166 mysteriis
2550 5093 2660 5163 jam
2709 5105 2874 5145 sanus
2898 5105 3059 5146 amen
3090 5086 3401 5156 respondet,
3433 5093 3490 5137 et

1903 5186 2082 5242 alacer
2100 5187 2396 5243 olIiciorum
2426 5185 2658 5242 inseruit
2687 5181 3007 5251 expletioni.
3043 5180 3206 5247 Cujus
3236 5187 3400 5244 caput
3421 5176 3492 5229 ad

1905 5288 2107 5334 tactum
2153 5278 2414 5335 mirabilis
2454 5277 2688 5333 domina:
2745 5274 2815 5326 ita
2856 5281 2941 5326 est
2991 5273 3319 5329 delibutum,
3359 5282 3422 5319 ac
3444 5265 3492 5319 si
