3974 5392
454 411 582 492 ⁸ιη

1503 388 1894 469 rLoooK’nb‘t
1910 371 2626 468 'EKNONIYFREttENSIs
3654 404 3749 465 ηδ

468 530 711 603 poribus.
738 526 913 584 Unum
943 527 1162 599 quidem
1203 527 1304 585 sub
1345 529 1659 599 episcopatu
1686 530 1870 585 dontni
1903 527 2057 583 lleri~
2082 526 2138 587 A
2162 525 2466 599 Remigium
2496 538 2683 599 postea
2725 527 2826 584 sibi
2850 527 2997 584 videt
3019 526 3294 596 assistere,
3324 532 3479 584 suam
3501 524 3581 581 illi
3613 542 3749 596 pan-

467 622 554 677 vei
605 619 883 692 praesulis,
927 620 1018 690 qui
1064 619 1294 674 aliorum
1340 620 1591 675 manibus
1636 620 1762 676 illuc
1819 618 2047 683 delatus,

466 713 705 785 propriis
733 727 1013 784 regressus
1035 722 1114 767 est
1146 711 1392 782 pedibus.
1437 712 1615 766 Alium
1637 711 1738 766 sub
1760 711 2051 780 praesulatu

467 802 659 866 Seulﬁ,
717 804 934 858 nomine
977 801 1343 873 Maganerum,
1379 802 1473 870 qui
1522 810 1681 871 gente
1735 801 2051 866 Britannus,

465 904 698 965 utroque
743 910 883 966 genu
921 893 1145 948 claudus
1188 903 1242 948 et
1287 893 1538 949 scabellis
1572 895 1867 959 inhaerens,
1909 894 2053 948 inter

465 1003 567 1043 nos
596 988 807 1058 piorum
840 985 1199 1057 eleemosynis
1242 994 1601 1051 sustentatus,
1645 995 1917 1040 transacto
1939 985 2054 1040 fere

458 1080 572 1150 jam
604 1079 991 1134 demorabatur
1011 1093 1171 1131 anno.
1223 1077 1359 1132 Huic
1384 1078 1510 1132 dum
1542 1088 1838 1133 nocturnas
1863 1078 1914 1131 iu
1938 1094 2055 1131 om-

462 1172 615 1226 nium
665 1180 978 1227 sanctorum
1035 1171 1377 1226 solemnitate
1420 1170 2050 1230 celebraremuslaudes,

466 1262 542 1316 ita
572 1262 752 1318 subito
801 1263 853 1317 in
882 1262 1063 1318 medio
1106 1262 1285 1333 p0puli
1338 1262 1545 1333 jacenti
1576 1278 1810 1334 genuum
1840 1261 2052 1317 extensi

471 1359 599 1405 sunt
621 1350 795 1416 nervi,
819 1359 875 1406 ut
907 1350 1017 1407 lora
1041 1366 1276 1421 quoque,
1303 1352 1503 1422 quibus
1553 1367 1711 1406 crura
1741 1367 1862 1407 cum
1900 1351 2052 1406 coxis

464 1449 623 1495 erant
669 1456 901 1507 annexa,
954 1453 1357 1512 rmnperentur,
1413 1451 1569 1513 rupta
1623 1444 1785 1498 etiam
1817 1443 1955 1514 pelle
1984 1457 2052 1498 ex

463 1532 757 1603 p0plitibus
776 1533 825 1589 ei
855 1535 1077 1604 sanguis
1107 1533 1368 1589 deﬂueret
1393 1552 1407 1600 ;
1439 1549 1796 1605 surgeusque,
1831 1542 2055 1603 stupen-

469 1629 525 1677 te
551 1623 765 1693 populo,
796 1625 1075 1695 gressibus
1115 1625 1370 1695 deinceps
1416 1641 1547 1680 usus
1576 1635 1659 1679 est
1684 1624 1917 1694 propriis
1948 1624 2048 1693 (8).

467 1709 709 1767 Tertium
736 1728 866 1768 vero
886 1714 987 1768 sub
1009 1713 1169 1783 hujus
1199 1714 1401 1770 domini
1426 1714 1673 1785 prresulis
1691 1713 1898 1769 Artoldi
1921 1729 2048 1784 pon-

466 1803 699 1870 tiﬁcatu,
756 1820 931 1875 eoque
981 1807 1273 1861 missarum
1304 1821 1461 1862 sacra
1491 1806 1820 1871 celebrante,
1846 1806 1934 1861 die
1957 1821 2050 1861 so-

2155 616 2330 671 dendo
2354 633 2666 687 personam,
2687 625 2744 673 et
2767 602 3103 689 aegritudinis
3131 617 3290 687 hujus
3317 615 3557 673 remedia
3586 614 3749 687 polli-

2154 715 2382 762 centem.
2438 706 2540 774 Qui
2583 724 2707 764 mox
2752 710 2940 763 urbem
2982 710 3304 766 Remensem
3347 710 3571 777 adiens,
3621 712 3751 765 dum

2153 797 2497 866 pet-lustratis
2517 801 2782 856 orationis
2807 803 2979 874 gratia
3008 802 3182 857 beata:
3215 803 3307 858 Dei
3335 798 3661 866 Genitricis,
3685 817 3750 857 ac

2153 893 2327 947 sancti
2357 892 2584 964 Remigii
2619 896 2856 951 basilicis
2879 936 2894 959 ,
2929 896 2983 950 in
3014 893 3135 950 vico
3161 903 3325 949 noctu
3350 894 3752 963 requiesceret,

2155 982 2323 1053 ipsius
2364 983 2505 1038 beati
2540 980 2772 1056 Remigii
2803 985 2950 1039 videt
2982 999 3041 1040 se
3068 984 3358 1039 deductum
3404 980 3456 1037 in
3486 981 3751 1051 templum

2153 1073 2422 1141 quoddam
2476 1074 3004 1142 splendidissin‘tum,
3057 1075 3124 1128 ad
3156 1071 3302 1143 quod
3358 1072 3747 1128 beatissimam

2153 1169 2445 1217 contuetur
2499 1150 2763 1233 virginem
2800 1162 3025 1217 Mariam
3072 1170 3499 1235 properantem.
3553 1169 3753 1216 sancto

2153 1251 2419 1322 Remigio,
2452 1263 2752 1324 sanctoque
2784 1254 3018 1310 Martino
3051 1257 3120 1311 ab
3150 1265 3379 1325 utroque
3417 1253 3595 1309 latere
3646 1265 3749 1308 stt-

2151 1351 2405 1419 pantibus
2431 1366 2573 1406 eam.
2606 1353 2662 1407 ln
2695 1353 2812 1422 ipso
2842 1368 2971 1408 vero
3015 1352 3214 1421 templo
3255 1350 3548 1406 multitudo
3590 1348 3757 1405 Levi-

2155 1439 2245 1494 tici
2273 1440 2480 1496 ordinis
2506 1449 2670 1513 atque
2698 1442 3050 1497 sacerdotalis
3078 1441 3358 1512 dignitatis
3396 1456 3518 1496 eam
3552 1455 3758 1510 exspe-

2155 1530 2360 1597 ctabat,
2386 1541 2441 1586 et
2471 1532 2729 1589 diacones
2770 1533 2939 1589 induti
2983 1532 3314 1600 dalmaticis,
3358 1532 3585 1603 quidam
3620 1547 3752 1586 eum

2154 1621 2368 1689 palmis,
2423 1623 2644 1693 quidam
2703 1625 2822 1681 sine
2885 1626 3018 1696 ipsis
3075 1626 3346 1681 astabant.
3401 1625 3753 1680 Czeterorum

2153 1726 2369 1783 quoque
2417 1722 2730 1768 sanctorum
2776 1713 3042 1785 plurimus
3095 1715 3186 1771 hic
3237 1715 3372 1770 ordo
3437 1713 3755 1769 videbatur.

2156 1800 2301 1855 Idem
2332 1816 2463 1857 vero
2492 1803 2777 1875 presbyter
2804 1804 3004 1859 nullius
3048 1803 3355 1875 specialiter
3381 1802 3757 1872 cognoscebat

465 1893 629 1950 lcmni
676 1894 916 1965 ejusdem
956 1896 1339 1951 sacratissimaa
1370 1897 1624 1967 Virginis,
1685 1911 1791 1966 qua
1831 1895 2051 1951 Gabriel
2081 1890 2126 1949 B
2155 1892 2384 1958 vultum,
2442 1902 2641 1964 praeter
2686 1895 2833 1950 beati
2887 1894 3054 1961 Petri,
3110 1896 3201 1965 qui
3244 1896 3347 1950 sibi
3374 1892 3493 1963 jam
3534 1894 3756 1963 pridem

461 1986 822 2058 archangelus
873 1987 942 2042 ad
987 2001 1107 2041 eam
1159 1988 1357 2043 missus
1396 1988 1466 2042 ab
1506 1988 1693 2053 astris,
1724 1996 1937 2059 partum
1975 1987 2051 2041 illi

460 2079 773 2134 mirabilem
823 2078 1034 2135 saeculis
1082 2080 1369 2134 nuntiavit.
1425 2080 1526 2147 Qui
1557 2080 2052 2150 clamlus,pauper,

459 2179 518 2226 et
564 2171 907 2234 miserabilis,
961 2171 1086 2226 dum
1147 2187 1245 2241 per
1274 2170 1570 2241 pavimenti
1614 2185 1734 2227 sese
1778 2186 2052 2227 marmora

462 2264 746 2327 traheret,
800 2271 1023 2336 repente
1068 2263 1277 2320 solutus
1319 2264 1663 2331 extenditur,
1714 2272 1770 2319 et
1807 2263 2051 2320 tellurem

460 2370 691 2425 corpore
731 2371 983 2423 mensus,
1018 2356 1074 2411 in
1105 2356 1271 2426 pedes
1320 2355 1538 2410 tandem
1575 2355 1842 2426 erigitur,
1879 2356 2051 2410 inces-

461 2460 632 2514 suque
683 2461 820 2501 novo
867 2445 1020 2500 auxit
1065 2445 1267 2501 laetanti
1321 2445 1517 2517 gaudia
1565 2444 1799 2517 p0pulo,
1851 2446 2051 2516 quique

465 2536 643 2591 adhuc
665 2535 810 2591 inter
831 2549 928 2591 nos
955 2536 1155 2605 degens
1184 2536 1323 2606 stipe
1344 2544 1684 2591 sustentatur
1709 2535 1978 2606 prmsulis.

534 2628 769 2694 Quartus
791 2642 1006 2697 quoque
1025 2625 1242 2696 quidam
1269 2626 1533 2697 ruricola,
1555 2624 1801 2681 Gerlaius
1821 2624 1881 2697 li,
1916 2624 2051 2679 Ger-

439 2715 627 2787 ﬁanis]
652 2716 891 2782 nomine,
913 2731 978 2768 ex
1008 2715 1210 2767 familia
1233 2714 1390 2785 hujus
1408 2716 1673 2779 ecclesiae,
1699 2714 1839 2768 hanc
1863 2715 2048 2770 urbem

463 2808 654 2862 adiens
678 2815 951 2871 oraturus,
997 2806 1170 2860 beatae
1200 2804 1290 2857 Dei
1319 2805 1599 2874 genitricis
1632 2804 1813 2859 Mariae
1844 2806 2052 2876 ingres-

459 2914 556 2954 sus
600 2907 684 2954 est
730 2898 1032 2953 basilicam.
1091 2896 1194 2953 Ubi
1226 2897 1353 2951 dum
1392 2907 1515 2953 vota
1540 2898 1839 2969 prolundit,
1867 2898 2048 2954 subito

460 3003 711 3044 marcore
729 2988 973 3059 diriguit,
999 2987 1400 3056 contractisque
1447 2988 1651 3050 nervis,
1680 3002 1818 3057 pene
1840 2988 2051 3044 cunctis

461 3079 781 3150 astringitur
822 3078 1102 3144 membris,
1154 3077 1341 3148 sicque
1370 3086 1700 3143 coarctatus,
1745 3077 1942 3134 ibidem
1989 3093 2050 3133 se

463 3185 901 3240 permansurum,
923 3182 980 3225 ct
998 3171 1124 3224 dum
1152 3169 1359 3224 videret
1386 3169 1738 3234 serviturum,
1770 3169 1814 3223 si
1840 3168 2048 3224 relaxa-

461 3271 633 3329 retur,
664 3262 934 3331 promisit.
969 3260 1208 3315 Tandem
1240 3270 1369 3331 post
1389 3274 1629 3314 mensem
1657 3260 1742 3313 his
1771 3259 2048 3315 absolutus
2076 3240 2121 3301 (ἶ

463 3351 736 3418 vinculis,
786 3349 1173 3406 ecclesiasticis
1222 3350 1491 3405 addicitur
1537 3350 1796 3405 servitiis.
1850 3351 2048 3421 Sicque

462 3439 661 3511 partim
719 3440 773 3493 in
800 3439 988 3494 eadem
1012 3437 1263 3504 ecclesia,
1296 3439 1494 3508 partim
1532 3438 1586 3493 in
1618 3439 1840 3494 basilica
1871 3440 2049 3495 sancti

461 3526 708 3599 Dionysii
753 3536 906 3583 extra
956 3543 1171 3581 murum
1217 3528 1451 3584 civitatis
1487 3542 1587 3597 per
1618 3529 2046 3599 quinquennium

461 3617 750 3674 incolumis
796 3618 1106 3673 dcservivit.
1138 3618 1267 3673 Post
1307 3620 1450 3688 quod
1487 3621 1746 3689 temporis
1792 3620 2046 3689 spatium,

463 3710 518 3765 in
545 3711 732 3765 eadem
758 3709 1122 3775 solemnitate,
1152 3709 1454 3780 Hypapanti
1484 3711 1692 3766 scilicet
1725 3711 2046 3778 Salvatoris,

461 3801 605 3854 hanc
651 3799 927 3871 ingressus
972 3800 1280 3865 ecclesiam,
1315 3801 1441 3855 dum
1480 3801 1733 3871 precibus
1762 3803 2048 3869 incumbit,

461 3891 539 3944 ita
562 3890 857 3963 rigentibus
881 3891 1140 3946 membris
1167 3892 1314 3947 visus
1342 3900 1425 3947 est
1455 3892 1748 3948 adhaesisse
1769 3893 2049 3963 pavimen—

460 3981 551 4047 tis,
604 3991 795 4039 utnec
825 3998 910 4049 os,
956 3998 1058 4040 nec
1099 3983 1315 4054 aliquod
1356 3985 1655 4039 membrum
1687 3986 1754 4039 ab
1794 3985 1880 4041 his
1914 3985 2052 4041 rele-

460 4090 595 4130 vare
616 4075 836 4131 valeret.
867 4075 1095 4130 Erectus
1133 4083 1315 4130 autem
1345 4092 1372 4129 a
1403 4076 1905 4141 circumstantibus,
1937 4086 2045 4147 tam

460 4167 713 4223 cruribus
755 4181 916 4236 quam
938 4167 1200 4222 ambabus
1221 4159 1562 4223 contrahitur
1582 4168 1851 4222 manibus.
1877 4167 2049 4234 Quin-

462 4271 520 4317 ta
553 4262 759 4317 decima
803 4261 998 4317 deinde
1020 4262 1106 4317 die
1150 4262 1343 4316 iterum
1380 4261 1687 4326 absolutus,
1741 4276 1842 4314 nec
1882 4261 2050 4317 multo

461 4364 586 4428 post
608 4353 859 4410 humanis
884 4362 1169 4423 exemptus
1190 4361 1273 4408 est
1299 4353 1480 4407 rebus.
1508 4351 1613 4407 Sed
1638 4351 1761 4420 quis
1787 4364 2050 4405 enarrare

460 4443 788 4517 praevaleat,
839 4452 970 4514 quot
1017 4444 1107 4499 hic
1147 4442 1468 4514 languentes
1516 4455 1655 4511 pene
1689 4439 1930 4509 quotidie
1962 4439 2048 4509 pia

463 4540 611 4594 dono
631 4520 820 4593 salutis
854 4534 1123 4591 sumunt?
1153 4543 1284 4604 quot
1316 4532 1688 4587 febricitantes
1712 4571 1726 4595 ,
1778 4539 1911 4601 quot
1942 4530 2047 4583 sal-

2154 1984 2331 2040 fuerat
2357 1985 2652 2041 revelatus.
2701 1986 2774 2041 At
2821 1997 3111 2058 postquam
3149 1987 3311 2042 beata
3350 1986 3448 2042 Dei
3492 1985 3757 2043 Genitrix

2153 2076 2220 2129 ad
2245 2076 2562 2145 prmdictum
2595 2077 2849 2146 templum
2881 2078 3144 2148 pervenit,
3175 2078 3265 2133 ubi
3293 2075 3412 2145 ejus
3439 2076 3747 2133 adventura

2153 2165 2241 2219 hic
2271 2164 2441 2220 frater
2484 2181 2545 2220 se
2589 2166 2892 2237 prrestolari
2935 2167 3173 2233 videbat,
3227 2167 3511 2237 requirere
3553 2166 3757 2237 erepit,

2154 2255 2277 2326 quis
2306 2254 2393 2309 ille
2423 2264 2588 2320 esset,
2616 2264 2711 2309 aut
2753 2255 2883 2325 quid
2920 2254 3227 2326 quaereret?
3269 2255 3368 2311 Cui
3412 2254 3609 2311 beatus
3643 2253 3755 2310 Re-

2153 2347 2352 2417 migius
2386 2366 2399 2401 :
2432 2346 2711 2414 Famulus,
2744 2349 2940 2419 inquit,
2989 2364 3142 2403 uicus
3167 2358 3274 2414 est,
3306 2350 3529 2403 domina
3550 2388 3567 2415 ,
3598 2364 3756 2419 qua:-

2153 2453 2279 2493 rens
2304 2453 2334 2492 a
2363 2447 2453 2492 tua
2479 2439 2679 2508 pietate
2707 2438 2897 2495 salutis
2928 2440 3185 2494 remedia.
3219 2438 3360 2506 Quid
3391 2448 3581 2494 autem
3627 2440 3752 2509 ipsa

2153 2530 2516 2600 responderit,
2549 2534 2670 2595 iste,
2700 2541 2758 2585 ut
2790 2530 2998 2597 retulit,
3046 2532 3233 2586 audire
3262 2546 3368 2585 non
3400 2533 3603 2601 potuit.
3648 2529 3755 2586 Ve-

2152 2620 2261 2675 lum
2295 2637 2424 2676 vero
2447 2623 2725 2693 quoddam
2741 2637 3034 2693 appensum
3058 2611 3259 2678 ibidem
3284 2623 3607 2690 videbatur;
3630 2633 3759 2694 post

2152 2713 2293 2783 quod
2322 2713 2410 2767 ubi
2443 2714 2559 2784 ipsa
2589 2714 2833 2781 intravit,
2861 2714 3194 2785 splendidius
3244 2715 3384 2771 hanc
3413 2715 3529 2770 sole
3551 2716 3743 2772 lumen

2152 2805 2221 2859 ab
2253 2805 2425 2860 oculis
2454 2804 2570 2874 ejus
2601 2807 2860 2877 suscepit,
2894 2808 2968 2861 ita
3005 2815 3063 2861 ut
3095 2807 3148 2862 in
3185 2807 3260 2873 id,
3302 2823 3413 2877 pra:
3441 2807 3755 2877 splendoris

2153 2897 2544 2967 magnitudine,
2580 2898 2862 2953 intendere
2907 2899 3129 2955 minime
3155 2901 3413 2968 potuerit.
3465 2898 3604 2955 Post
3650 2900 3753 2954 ali-

2151 2995 2282 3057 quat
2300 2988 2542 3058 denique
2563 2989 2681 3045 dies
2703 2990 2950 3061 apparuit
2974 2990 3048 3044 illi
3080 2992 3271 3047 beatus
3296 2991 3586 3057 Martinus,
3617 2992 3755 3047 tuis-

2150 3092 2378 3147 sumque
2406 3093 2465 3133 se
2493 3094 2523 3132 a
2554 3088 2743 3134 sancto
2790 3080 3036 3151 Remigio
3086 3081 3153 3135 ad
3205 3082 3457 3136 eumdem
3512 3092 3756 3138 testatus

2150 3182 2257 3239 est,
2288 3189 2542 3229 asserens
2564 3176 2727 3229 etiam
2772 3175 2850 3229 illi
2882 3175 3136 3231 donatam
3178 3178 3369 3245 vitam,
3398 3193 3754 3235 concessam-

2152 3279 2258 3334 que
2281 3264 2626 3319 medicinam.
2658 3264 2879 3319 Restitit
2912 3273 3091 3320 tamen
3122 3274 3310 3335 postea
3341 3267 3471 3322 huic
3492 3268 3752 3339 dubietas

2152 3355 2330 3424 aliqua
2354 3355 2421 3410 de
2446 3355 2616 3410 beatae
2647 3354 2741 3410 Dei
2772 3355 3069 3410 Genitricis
3084 3370 3336 3425 persona,
3360 3357 3624 3427 quoniam
3650 3373 3751 3413 no-

2153 3460 2275 3499 men
2292 3444 2460 3514 ipsius
2477 3446 2528 3498 in
2546 3445 2755 3500 visione
2771 3445 3067 3500 revelatum
3085 3461 3190 3500 non
3204 3445 3473 3501 audierat.
3492 3445 3605 3502 Sed
3624 3462 3751 3517 pre-

2152 3533 2377 3588 cabatur
2388 3534 2623 3597 assidue,
2643 3544 2700 3586 ut
2715 3533 2973 3588 Dominus
2986 3533 3085 3587 sibi
3104 3542 3342 3599 monstra
3352 3548 3408 3588 re
3424 3533 3753 3603 dignaretur

2152 3633 2335 3677 utrum
2366 3623 2480 3692 ipsa
2516 3622 2723 3687 fuisset,
2754 3639 2917 3692 quam
2951 3623 3176 3689 viderat,
3202 3623 3296 3677 Dei
3325 3623 3562 3691 genitrix
3586 3624 3750 3694 virgo

2152 3714 2341 3769 Maria.
2372 3716 2609 3787 Contigit
2649 3725 2829 3769 autem
2860 3716 2938 3770 illi
2981 3725 3103 3785 post
3130 3731 3224 3771 sex
3255 3715 3367 3771 fere
3407 3731 3650 3782 menses,
3689 3725 3753 3772 ut

2152 3809 2367 3871 subito,
2416 3808 2544 3862 dum
2594 3819 2752 3863 noctu
2803 3810 3144 3878 quiesceret,
3191 3808 3341 3879 gravi
3397 3816 3752 3878 premeretur

2151 3899 2492 3969 aegritudine,
2520 3900 2656 3953 adeo
2699 3910 2757 3953 ut
2786 3900 3099 3967 desperaret
3124 3897 3352 3952 ulterius
3372 3913 3432 3952 se
3470 3912 3635 3966 posse
3664 3898 3751 3951 vi-

2154 4006 2300 4047 vere.
2325 3991 2391 4045 Et
2418 3992 2545 4045 dum
2577 3990 2732 4044 valde
2781 3989 3114 4055 anxiaretur,
3166 3988 3420 4057 appensis
3470 4002 3641 4056 supra
3686 4001 3750 4043 se

2150 4082 2322 4138 beata:
2354 4082 2538 4136 Maria}
2564 4082 2899 4152 pignoribus,
2929 4079 3236 4149 lmjusmodi
3266 4079 3434 4149 cuspit
3458 4077 3753 4134 effundere

2151 4188 2339 4241 preces
2370 4187 2384 4226 :
2432 4173 2476 4227 Ο
2507 4174 2660 4227 beata
2691 4172 2782 4225 Dei
2813 4170 3091 4236 Gcnitrix,
3119 4169 3276 4238 cujus
3307 4169 3395 4224 hic
3433 4169 3753 4238 dependent

2151 4264 2398 4333 pignora,
2434 4262 2479 4316 si
2534 4276 2744 4320 revera.
2783 4271 2843 4316 ut
2891 4261 3186 4326 credimus,
3239 4260 3305 4315 de
3359 4269 3411 4315 te
3463 4260 3626 4313 nobis
3667 4260 3755 4315 lue

2153 4367 2567 4423 superappeusa.‘
2605 4353 2875 4408 habentur
2911 4351 3173 4423 reliquiae,
3211 4359 3267 4406 et
3313 4351 3359 4407 si
3410 4366 3542 4406 vere
3588 4351 3657 4405 de
3702 4358 3755 4405 te

2151 4445 2290 4500 visio
2337 4454 2423 4500 est.
2481 4460 2644 4513 quant
2677 4459 2847 4514 nuper
2879 4444 3017 4509 vidi;
3067 4444 3112 4498 si
3152 4452 3206 4496 tu
3253 4458 3314 4497 es
3361 4440 3452 4495 illa
3502 4441 3754 4506 domina,

2154 4551 2315 4604 quam
2354 4536 2420 4589 ad
2453 4533 2581 4588 illud
2608 4534 2855 4589 mirabile
2893 4534 3153 4603 templum
3184 4541 3410 4587 sanctus
3451 4531 3752 4597 Martinus,

436 4638 659 4684 'vantur
684 4627 1076 4699 energumeui'?
1096 4626 1218 4697 quis
1240 4625 1322 4680 vel
1349 4625 1566 4679 edicere
1593 4631 1773 4692 pestes
1802 4622 1892 4676 hic
1917 4621 2050 4675 libe-
2083 4610 2128 4669 Ι)
2155 4635 2211 4681 et
2258 4625 2431 4680 almus
2477 4625 2756 4696 Remigius
2793 4624 3196 4679 comitabantur
3243 4630 3487 4686 euntem,
3546 4622 3645 4675 ubi
3701 4630 3756 4677 te

460 4720 597 4774 ratis
626 4720 936 4774 hominibus
968 4717 1230 4789 elfugatas
1261 4716 1284 4770 ?
1313 4715 1419 4770 Sed
1450 4713 1515 4767 de
1560 4712 2050 4803 innumerabilibus
2087 4742 2090 4747 η

461 4811 656 4867 saltem
676 4826 849 4882 pauca
880 4820 1336 4865 commemorasse
1362 4802 1612 4859 sulliciat.

1075 4897 1305 4953 CAPUT
1342 4895 1451 4950 VII.

647 4991 725 5040 De
751 4992 945 5040 visione
971 4990 1250 5040 cuiusdam
1279 4986 1541 5040 Gerltardi
1567 4986 1870 5040 nresbuten'.

2155 4718 2493 4775 clarissimus
2516 4726 2827 4772 sanctorum
2866 4725 3039 4771 cretus
3070 4724 3417 4784 exspectans,
3442 4713 3755 4783 aspiciente

2158 4826 2266 4874 me,
2294 4809 2541 4863 laetanter
2565 4807 2804 4877 excepit,
2835 4806 2917 4862 fer
2941 4821 3098 4875 opem
3129 4804 3265 4859 mihi
3289 4804 3515 4874 indigno
3544 4803 3755 4861 famulo

2159 4915 2271 4966 tuo,
2304 4910 2360 4955 et
2396 4909 2503 4955 tam
2531 4900 2619 4956 diu
2659 4899 2890 4970 impetra
2918 4898 3047 4953 mihi
3080 4898 3247 4951 vitam
3276 4905 3441 4966 atque
3463 4897 3755 4964 virtutem,

2158 5003 2217 5040 ut
2256 4993 2432 5040 missm
2486 4990 2744 5040 mvsteria
2794 4988 3022 5040 Domino
3068 4987 3366 5040 celebretn.
3421 4994 3479 5040 et
3517 5001 3755 5040 munera
