3974 5392
162 199 263 263 ιι)

770 199 1114 261 HISTORUE
1154 199 1504 261 ECCLESUE
1543 201 1885 260 REHENSIS
1924 201 2103 258 LIBRI
2139 201 2496 271 QUATUOR.
2536 235 2606 244 —
2640 204 2767 259 LIB.
2806 205 2893 259 Ill.

3325 209 3438 265 150

157 320 340 373 fuerat
365 315 502 380 visa,
537 328 657 371 .uce
685 328 982 371 coruscans
1009 313 1338 370 clarissima.
1377 313 1450 370 At
1475 314 1565 369 ille
1593 324 1746 369 tanto
1775 315 1824 378 Α
1852 314 1943 385 qui
1980 314 2059 369 sic
2098 314 2201 369 sibi
2227 313 2427 369 lectum
2456 313 2667 369 solebat
2701 323 2965 381 sternere,
2994 330 3153 386 quem
3183 318 3430 373 novimus

160 407 517 465 tremefactus
555 406 867 478 splendore,
895 406 1138 477 nihilque
1167 406 1269 460 fari
1310 420 1495 469 ausus,
1522 403 1746 460 lumini—

159 499 331 556 busin
360 509 565 554 terram
583 498 832 553 demissis
854 497 1141 552 videbatur
1165 496 1497 567 stupefactus
1521 496 1745 550 haerere.

162 592 331 659 Quem
380 593 571 647 beatus
597 589 930 661 compellans
958 589 1235 659 Remigius
1283 605 1296 641 :
1343 586 1504 654 Quid,
1553 586 1747 656 inquit,

164 699 260 737 nos
288 683 401 737 huc
425 681 743 737 advocasti?
788 678 978 735 Nonne
1014 680 1168 734 vides
1200 679 1474 733 dominam
1507 684 1749 732 nostram

164 773 254 828 Dei
283 771 626 827 Genitricem
659 781 713 825 te
752 771 1064 826 confortare
1098 769 1379 839 paratam?
1426 770 1558 838 quid
1591 768 1749 823 dubi-

169 875 284 920 tans
330 852 520 919 tardas
565 863 826 919 accedere
872 862 939 917 ad
987 861 1169 916 illam?
1215 860 1310 915 His
1352 859 1509 915 dictis
1550 866 1754 913 tremor

168 959 433 1023 abscedit,
464 958 728 1013 allevatur
754 956 990 1020 animus,
1020 955 1345 1025 eievansque
1382 952 1570 1008 oculos
1606 953 1753 1006 vires

168 1048 393 1117 recepit,
432 1055 488 1101 et
533 1054 660 1101 ante
700 1045 865 1115 pedes
919 1043 1247 1098 beatissima:
1291 1042 1533 1097 Domina:
1583 1039 1756 1094 frater

168 1140 251 1195 ille
293 1138 574 1193 corruisse
598 1153 657 1193 se
691 1136 845 1192 vidit.
875 1136 1044 1203 Quem
1091 1151 1252 1189 manu
1284 1135 1397 1205 ipsa
1444 1134 1624 1188 levare
1669 1132 1754 1186 di-

166 1238 351 1301 gnata,
391 1228 558 1282 fronti
599 1228 810 1299 signum
842 1227 1021 1281 crucis
1051 1226 1299 1294 imponit,
1333 1233 1386 1280 et
1410 1223 1538 1279 talia
1564 1237 1754 1293 prose-

166 1322 348 1390 quitur
407 1337 421 1374 :
483 1318 562 1374 Ne
619 1319 832 1382 timeas,
883 1333 1060 1388 neque
1110 1317 1649 1389 despereszcontide
1701 1316 1755 1370 in

167 1410 394 1464 Domino
438 1410 564 1481 quia
617 1409 883 1479 percipies
920 1409 1120 1463 donum
1162 1409 1230 1463 ab
1278 1409 1393 1478 ipso
1426 1406 1640 1470 salutis,
1677 1406 1757 1460 si-

168 1513 442 1568 gnumque
475 1496 692 1567 pulsare
714 1496 848 1565 jube
894 1506 955 1552 ut
998 1511 1158 1552 sacra
1191 1496 1448 1567 mysteria
1484 1495 1752 1577 celebres,

169 1597 220 1643 et
261 1588 473 1659 gratias
502 1587 612 1643 Deo
651 1586 876 1653 releras,
913 1602 1036 1642 eum
1068 1587 1379 1641 collaudatis
1412 1587 1504 1657 qui
1551 1595 1603 1640 te
1636 1593 1757 1655 post

1850 404 1977 459 olim
2007 404 2262 459 aerumnis
2290 404 2539 458 aﬂ'ectum
2565 403 2619 457 in
2648 405 2992 475 pauper'rimo
3016 408 3230 476 quoque
3251 417 3425 461 Stratu

1850 493 2070 549 obiisse.
2112 492 2190 549 Ita
2219 493 2512 549 deterritus
2561 492 2735 562 surgit
2779 494 3162 563 propriamque
3214 494 3431 564 culpam

1852 582 2151 650 confessus,
2220 584 2458 640 scamnis
2514 583 2712 652 tapetia
2774 583 2972 650 reddit,
3032 592 3086 639 et
3145 584 3434 639 Dominum

1854 694 2017 748 super
2047 678 2151 733 hac
2178 678 2524 747 correptione
2559 690 2656 731 sua
2701 673 2927 745 ejusque
2961 675 3235 731 collaudat
3271 675 3445 732 Geni-.

1854 770 2064 824 tricem.
2101 768 2253 824 lianc
2292 776 2473 823 autem
2521 765 2796 821 dominam
2832 782 2951 835 qua)
3006 782 3064 822 se
3114 768 3436 823 visitaverat

1854 877 1962 917 non
1991 862 2239 932 agnovit;
2281 876 2309 914 a
2340 861 2497 915 beata
2540 859 2708 915 Maria
2742 869 2921 914 tamen
2962 859 3129 915 fuisse
3160 861 3433 915 credimus

1856 953 2095 1007 missam.
2140 950 2398 1007 Novimns
2454 951 2617 1006 etiam
2671 951 2935 1022 quosdam
2983 952 3225 1017 devotos,
3274 960 3436 1022 atque.

1855 1044 2148 1117 promissos
2222 1059 2252 1097 a
2330 1045 2646 1115 parentibus
2718 1045 2773 1099 in
2845 1044 2949 1100 hac
3020 1043 3248 1100 ecclesia
3320 1044 3438 1100 fore

1855 1133 2091 1200 Christo,
2140 1133 2363 1204 ejusque
2417 1133 2681 1190 Genitrici
2743 1135 3061 1191 servituros.
3096 1160 3099 1163 π
3136 1134 3290 1203 Quod
3341 1150 3441 1191 vo-

1858 1233 1969 1281 tum
2005 1225 2130 1280 dum
2186 1224 2384 1280 vellent
2436 1235 2627 1295 postea
2676 1234 2889 1280 mutare
2941 1232 3217 1294 parentes,
3268 1224 3451 1295 prolis

1855 1325 1983 1371 sunt
2031 1316 2207 1371 coacti
2257 1315 2514 1387 languore
2569 1331 2724 1373 suam
2775 1316 3195 1389 promissionem
3263 1316 3433 1372 adim-

1855 1406 2024 1477 plere.

1928 1496 2137 1551 Dudum
2168 1510 2289 1551 cum
2325 1496 2575 1568 agricola:
2598 1496 2718 1553 urbi
2747 1497 2906 1551 vicini
2933 1506 3055 1568 post
3082 1498 3310 1564 Pascha,
3343 1514 3432 1554 εο·

1855 1586 1952 1640 lito
1975 1586 2041 1639 de
2065 1600 2235 1651 more,
2269 1587 2409 1641 hanc
2438 1587 2701 1657 petissent
2726 1588 2913 1643 urbem
2946 1587 3106 1657 hujus
3133 1588 3431 1643 admirabi-

171 1677 399 1732 verbera
448 1687 622 1732 sanat.
654 1677 757 1733 llic
795 1677 979 1742 dictis,
1018 1676 1086 1731 ab
1124 1678 1241 1747 ejus
1272 1677 1493 1733 recessit
1529 1676 1753 1740 visibus,
1791 1682 1832 1741 Β
1862 1675 1926 1729 lis
1976 1675 2208 1730 dominae
2259 1676 2585 1747 requirendo
2635 1675 2889 1749 snffragia
2925 1693 3132 1748 suaque
3181 1689 3306 1733 vota
3352 1677 3449 1733 fe-‘

170 1770 278 1823 suis
307 1770 511 1840 stipata
539 1769 847 1824 comitibus.
878 1768 1078 1836 Sicque
1114 1784 1235 1823 mox
1272 1769 1440 1824 frater
1468 1770 1610 1824 idem
1638 1767 1750 1823 Cul-

170 1858 268 1912 iata
295 1857 401 1913 sibi
433 1859 612 1914 salute
648 1860 802 1914 Iustus
828 1859 1095 1929 exsurgit,
1124 1868 1180 1913 et
1217 1860 1283 1913 ad
1315 1859 1578 1930 explenda
1601 1857 1756 1926 jussu

171 1949 454 2014 festinans,
503 1950 579 2003 ita
628 1964 793 2005 sanus
832 1959 886 2004 ct
916 1950 1095 2003 alacer
1131 1947 1354 2005 effectus
1382 1960 1486 2015 est,
1522 1958 1580 2004 ut
1621 1966 1759 2004 nun-

171 2055 326 2109 quam
349 2041 591 2095 alacrior
615 2055 739 2095 esse
769 2040 1026 2109 potuerit.
1070 2037 1198 2094 Haec
1228 2048 1285 2093 ut
1310 2040 1498 2094 eodem
1529 2041 1756 2110 presby-

175 2141 283 2187 tero
321 2142 588 2187 narrante
620 2132 928 2199 didicimus,
963 2131 1037 2187 ita
1081 2132 1390 2187 describere
1419 2146 1633 2202 quoque
1679 2129 1762 2186 di-

175 2237 331 2292 gnum
367 2223 475 2277 rati
506 2237 716 2279 sumus.

765 2332 1000 2389 CAPUT
1035 2333 1168 2390 VIII.

525 2422 605 2478 De
626 2423 749 2477 aliis
772 2424 1086 2491 quibusdam
1118 2423 1412 2478 miraculis.

238 2513 364 2570 Haec
413 2514 617 2587 inclyta
646 2516 769 2571 coeli
800 2517 1011 2587 regina,
1045 2527 1104 2571 ut
1148 2518 1439 2572 subvenire
1474 2529 1613 2572 soret
1661 2519 1761 2573 lut-

175 2608 281 2662 utili
329 2623 391 2662 se
436 2609 603 2663 corde
646 2610 975 2678 petentibus,
1024 2610 1104 2665 sic
1144 2611 1195 2664 in
1228 2619 1648 2681 prarsumptorcs
1682 2609 1762 2665 vel

175 2708 571 2769 contemptores
615 2700 839 2754 ultionis
897 2716 1286 2772 nonnunquam
1329 2718 1520 2772 paruas
1562 2703 1757 2758 exerit.

175 2788 319 2855 Quod
352 2790 439 2859 pie
470 2805 685 2859 quoque
716 2790 832 2844 ﬁeri
864 2791 1157 2857 credimus,
1198 2802 1257 2846 ut
1288 2793 1376 2847 hic
1416 2793 1468 2847 in
1506 2794 1759 2865 praesenti

176 2880 613 2950 delinquentibus
639 2880 799 2952 digna
827 2880 1146 2952 ingerantur
1186 2885 1435 2949 verbera,
1485 2901 1552 2941 ne
1581 2886 1635 2940 in
1679 2884 1761 2939 fn-

179 2977 292 3023 Iuro
317 2970 569 3039 graviora
596 2985 691 3026 eos
719 2972 1033 3025 excrucient
1064 2981 1348 3027 tormenta.
1380 2974 1532 3040 Quod
1573 2983 1757 3028 autem

176 3058 331 3113 modo
376 3059 627 3115 dicturus
673 3076 793 3115 sum
837 3077 940 3116 non
991 3062 1103 3132 ipse
1154 3063 1284 3129 vidi,
1324 3065 1417 3119 sed
1467 3063 1756 3119 nmltorum
1786 3034 1833 3096 Ο

178 3145 343 3202 relatu
379 3146 607 3203 Patrum
667 3152 878 3205 narrari
929 3152 1240 3222 frequenter
1280 3155 1480 3209 audivi.
1531 3155 1761 3222 Quidam

181 3248 239 3289 ex
259 3235 473 3292 clericis
499 3248 701 3294 nostra:
721 3243 1177 3313 congregationis,
1198 3244 1506 3299 Bernardus
1522 3247 1758 3312 nomine,

185 3334 360 3381 custos
394 3327 556 3397 hujus
584 3339 704 3383 erat
729 3331 1007 3397 ecclesiae;
1040 3333 1129 3401 qui
1156 3334 1356 3403 petitus
1384 3348 1413 3387 a
1437 3333 1760 3404 quibusdam

188 3414 383 3470 levibus
419 3418 673 3486 personis
719 3423 803 3489 (nt.
852 3419 966 3490 ipse
1012 3429 1134 3490 post
1176 3422 1378 3492 scripto
1413 3424 1760 3494 monstravit)

191 3517 445 3574 quatenus
472 3510 603 3580 ipsis
624 3511 873 3581 quaedam
903 3524 1217 3568 sanctorum
1248 3514 1483 3569 dedisset
1512 3515 1757 3585 pignora,

190 3598 303 3651 dttm
330 3600 563 3669 quadam
592 3603 678 3656 die
708 3618 834 3657 cum
865 3604 1097 3674 quodam
1127 3620 1297 3675 puero
1326 3607 1414 3661 hic
1444 3608 1590 3662 solus
1614 3619 1762 3664 esset

189 3688 236 3742 in
271 3691 484 3760 templo,
514 3703 766 3764 correpta
805 3696 1038 3764 quadam
1078 3698 1278 3768 pixidc,
1317 3699 1371 3752 in
1401 3715 1505 3771 qua
1540 3711 1761 3756 sancto-

191 3795 295 3834 rum
310 3784 732 3840 continebantur
754 3786 1017 3857 reliqnim,
1041 3804 1175 3843 ausu
1202 3792 1494 3845 temerario
1509 3807 1762 3861 prmsnm-

190 3870 285 3939 psit
310 3875 546 3942 aperire.
576 3875 692 3942 Quo
719 3875 866 3931 facto
898 3878 1065 3932 nimio
1108 3894 1309 3948 pavore
1338 3884 1663 3947 concutitur,
1706 3893 1762 3949 et

192 3965 369 4020 nebula
398 3967 552 4023 locus
584 3977 729 4023 totus
764 3984 957 4039 magna
1008 3969 1264 4041 repletur,
1298 3972 1500 4042 talique
1531 3973 1763 4028 vallatur

193 4049 424 4121 horrore,
470 4067 530 4110 ut
562 4073 665 4111 non
700 4068 923 4129 putaret
951 4075 1010 4114 se
1042 4061 1273 4131 amplius
1316 4063 1518 4117 vivere.
1563 4060 1763 4134 Sicque

194 4144 382 4211 perdita
444 4161 612 4211 voce,
670 4159 781 4201 tam
843 4148 955 4217 ipse
1013 4165 1175 4218 quant
1229 4167 1363 4221 puer
1432 4154 1523 4223 qui
1574 4168 1759 4208 secum

194 4244 313 4301 erat,
346 4239 485 4291 ultra
533 4237 678 4308 loqui
734 4253 837 4294 nec
876 4253 938 4293 ea
970 4254 1091 4309 qua:
1136 4240 1381 4296 viderant
1428 4242 1529 4297 fari
1571 4255 1764 4313 potuc-

193 4337 320 4381 I‘IIIIL

253 4419 471 4487 Quidam
523 4416 741 4495 quoque
800 4416 983 4480 custos
1031 4424 1190 4494 hujus
1227 4425 1489 4491 ecclesizc,
1540 4437 1599 4483 ttt
1646 4429 1759 4500 ipse

194 4512 330 4567 nobis
371 4515 635 4581 narravit,
685 4518 817 4571 dum
869 4518 955 4571 die
1011 4517 1191 4588 aliqua
1244 4528 1364 4588 post
1414 4520 1760 4576 matutinales

191 4597 357 4658 laudes
389 4605 442 4658 in
473 4606 705 4661 ecclesia
739 4608 1085 4676 requiescere
1114 4608 1296 4673 vellet,
1324 4609 1593 4679 arripiens
1619 4619 1757 4665 tem-

191 4689 252 4757 pli
283 4695 493 4764 tapetia,
528 4695 728 4751 lectum
775 4697 879 4751 sibi
918 4714 983 4752 ex
1030 4699 1115 4752 his
1155 4699 1370 4763 stravit,
1412 4699 1596 4769 ibique
1640 4715 1761 4756 sese

190 4794 363 4837 somno
402 4785 569 4840 dedit.
602 4786 669 4841 Et
705 4801 837 4841 ecce
873 4796 1120 4857 matrona
1149 4791 1394 4858 quaedam
1427 4777 1527 4844 sub
1572 4791 1760 4846 habitu

190 4875 327 4929 senili
357 4878 530 4934 eidem
576 4880 854 4951 apparuit,
885 4896 1002 4950 qutc
1044 4881 1241 4936 herbas
1277 4880 1543 4951 quasdam
1574 4898 1760 4938 secum

191 4960 454 5021 videbatur
489 4968 721 5024 deferre.
756 4968 885 5023 Haec
927 4972 1106 5040 primo
1149 4971 1369 5041 quidem
1398 4971 1606 5029 blandis
1635 4987 1760 5027 eum

193 5056 339 5123 etepit
359 5055 509 5112 atl'ari
532 5061 901 5115 sermonibus.
933 5061 1035 5117 Ubi
1064 5078 1191 5117 vero
1220 5078 1380 5117 sacra
1411 5065 1513 5119 sub
1535 5079 1598 5119 eo
1621 5078 1757 5119 con-

196 5146 461 5216 templatur
491 5152 708 5221 tapetia,
746 5151 929 5205 taliter
967 5153 1103 5219 infit,
1135 5169 1258 5209 eum
1308 5162 1515 5209 mutato
1545 5167 1760 5224 quoque

193 5235 324 5290 vultu
371 5249 596 5310 terrens,
641 5258 922 5315 aggressa.
966 5245 1032 5299 Et
1063 5255 1116 5299 tu
1144 5245 1376 5301 domina:
1420 5257 1622 5301 sanctae
1662 5245 1758 5298 Dei

194 5321 459 5386 Geuitricis
480 5350 640 5390 ausus
667 5351 729 5390 es
755 5334 959 5389 violare
1000 5352 1063 5392 ac
1085 5340 1312 5392 nedibus
1344 5353 1498 5392 sacra
1526 5334 1760 5392 sunerbe

1786 4375 1838 4434 D

1860 1768 2048 1833 rendo,
2084 1768 2334 1837 quaedam
2381 1767 2520 1822 villa:
2568 1779 2825 1824 consueta
2866 1785 3111 1840 quaerere
3154 1770 3439 1840 neglexcre

1859 1857 2131 1927 praesidia.
2163 1856 2403 1923 Quarum
2441 1871 2645 1912 messes
2675 1871 2798 1911 cum
2831 1855 2943 1926 jam
2978 1867 3186 1928 tempus
3209 1858 3443 1914 instaret

1860 1949 2116 2014 metendi,
2153 1957 2302 2003 tanta
2357 1950 2695 2019 tempestatis
2746 1957 2873 2003 sunt
2917 1950 3118 2003 attrita:
3154 1948 3451 2020 grandine,

1859 2050 1919 2094 ut
1952 2054 2090 2111 pene
2118 2040 2301 2094 omnia
2328 2055 2516 2095 eorum
2547 2040 2811 2111 perierint
2838 2049 2982 2106 sata;
3013 2041 3186 2096 vinea:
3207 2056 3441 2111 quoque,

1860 2132 2070 2187 adustis
2097 2131 2394 2201 fractisque
2435 2131 2725 2202 pampinis,
2757 2147 2984 2185 uvarum
3014 2133 3297 2187 amiserint
3327 2131 3444 2186 fru-

1859 2233 2028 2279 ctum.
2064 2223 2265 2278 Eorum
2294 2238 2426 2277 vero
2464 2223 2599 2277 fines
2625 2224 2718 2293 qui
2759 2238 2819 2278 se
2848 2221 3006 2291 ltnjns
3054 2223 3312 2293 piissime
3348 2224 3445 2277 do-

1861 2314 2162 2368 minatricis
2191 2313 2434 2367 muniere
2463 2312 2741 2377 subsidiis,
2776 2327 2949 2383 neque
2981 2320 3204 2383 tangere
3236 2312 3435 2367 nedum

1861 2406 2065 2460 intrare
2093 2406 2299 2473 grando
2318 2404 2682 2475 praesumpsit.
2712 2402 2914 2472 Sicque
2942 2403 3195 2473 deinceps
3229 2412 3338 2457 tam
3364 2403 3442 2467 III,

1861 2508 2022 2565 qnam
2044 2493 2228 2548 caeteri
2250 2495 2452 2563 quique
2475 2493 2737 2563 contigui,
2753 2493 3055 2563 promptius
3081 2492 3445 2563 lihentinsqnc

1862 2583 2143 2637 annuatim
2181 2580 2423 2650 ejusdem
2456 2582 2687 2637 dominae
2737 2590 2967 2644 nostr-.13,
3007 2582 3180 2636 sancti
3223 2597 3439 2653 quoque

1861 2672 2113 2743 Remigii,
2169 2681 2603 2742 caeterorumqne
2659 2680 2971 2727 sanctorum
3017 2672 3159 2726 banc
3203 2671 3444 2727 Remen-

1861 2778 1973 2819 sem
2001 2762 2260 2818 adeuntes
2288 2763 2499 2823 urbem.
2537 2770 2939 2819 consueverunt
2975 2772 3232 2833 expetere
3262 2773 3456 2835 patres

1862 2854 2021 2909 cinia.

2464 2967 2693 3025 CAPUT
2740 2968 2827 3023 IX.

1933 3078 2009 3133 De
2043 3079 2271 3134 secunda
2303 3079 2437 3134 beati
2468 3078 2690 3151 Remigii
2730 3081 2962 3152 corporis
3003 3081 3369 3137 translatione.

1932 3169 2197 3226 Prmfatus
2251 3171 2484 3241 denique
2542 3171 2739 3243 pracsul
2796 3171 3121 3230 Hincmarus
3195 3183 3453 3246 cryptam

1862 3262 2106 3332 praeclari
2135 3263 2315 3332 operis
2353 3264 2420 3318 ad
2458 3262 2621 3333 pedes
2665 3262 2723 3317 S.
2763 3262 2997 3337 Remigii
3036 3266 3361 3331 construxit,
3390 3275 3451 3321 et

1864 3368 2058 3424 corpus
2082 3355 2323 3424 ejusdem
2366 3353 2667 3410 beatissimi
2711 3357 2927 3426 patroni
2976 3357 3045 3412 de
3091 3357 3211 3413 loco
3242 3366 3448 3430 cryptzn

1863 3436 2083 3515 prioris,
2105 3462 2213 3502 una
2234 3462 2356 3502 cum
2385 3447 2637 3517 sepulcro
2669 3448 2836 3518 ipsius
2865 3450 2916 3502 in
2954 3449 3166 3515 eadem,
3205 3449 3449 3506 collectis

1863 3536 2148 3595 Remensis
2205 3539 2506 3595 dioeceseos
2556 3539 2842 3610 episcopis,
2900 3550 2960 3595 ut
3020 3539 3135 3607 jam
3195 3542 3448 3611 superius

1863 3628 2065 3684 dictum
2112 3638 2195 3683 est
2238 3628 2351 3699 (lib.
2400 3645 2439 3696 ι,
2481 3646 2598 3700 cap.
2653 3631 2768 3699 2i),
2813 3631 3088 3686 transtulit
3141 3649 3157 3685 ε
3210 3640 3264 3686 et
3321 3640 3451 3689 ante

1864 3718 2033 3786 ipsius
2063 3716 2368 3787 sepulcrum
2408 3730 2545 3787 opus
2588 3718 2865 3788 egregium
2912 3732 3047 3772 auro
3078 3718 3266 3784 edidit,
3298 3733 3448 3789 gern-

1863 3808 2074 3877 tnisque
2113 3807 2380 3875 distinxit,
2422 3807 2719 3863 fenestram
2764 3809 2918 3874 inibi,
2952 3809 3093 3864 unde
3136 3810 3313 3865 sancti
3361 3824 3448 3867 se~

1865 3897 2106 3967 pulcrum
2140 3897 2431 3964 videretur,
2463 3897 2614 3966 fecit,
2646 3909 2702 3956 et
2735 3901 2885 3956 circa
2917 3900 3089 3970 ipsam
3119 3899 3454 3956 fenestellam

1866 3991 1964 4045 bos
1991 3989 2283 4046 versiculos
2311 3990 2505 4046 indidit
2549 4009 2561 4045 :

1925 4121 2031 4186 Hoc
2056 4122 2395 4183 tibI,Bemtgi,
2419 4121 2674 4186 fabricavit
2696 4134 2873 4182 magne
2896 4123 3176 4186 sepulcrum

1987 4183 2273 4237 Hincmarus
2293 4185 2464 4241 pracsul
2486 4187 2661 4234 ductus
2681 4198 2843 4235 amore
2869 4183 2968 4235 tuo.

1929 4242 1993 4294 Ut
1992 4249 2239 4311 _t-eqnjem
2267 4246 2496 4311 Dominus
2518 4249 2699 4311 tribuat
2722 4248 2857 4311 Inibi,
2883 4255 3070 4309 sancte,
3098 4255 3299 4311 precatu

1991 4306 2053 4356 Et
2075 4284 2238 4368 dignis
2258 4284 3039 4370 samum""assumens;

1943 4428 2287 4498 Evangelium
2312 4427 2491 4482 aureis
2512 4428 2707 4484 litteris
2728 4427 3027 4500 insignivit,
3070 4445 3132 4483 ac
3155 4424 3451 4499 parietibus

1872 4521 2085 4587 aureis,
2147 4534 2594 4590 gemmarumque
2647 4518 2824 4573 nitore
2877 4519 3145 4574 distinctis
3202 4518 3453 4581 munivit,

1855 4600 2118 4665 'versibus
2145 4608 2307 4663 etiam
2334 4624 2468 4662 auro
2513 4608 2682 4662 inlitis
2721 4607 3092 4677 pt'tetitulavit.
3132 4606 3236 4662 Sed
3266 4618 3457 4662 etcru-

1870 4714 1988 4754 cem
2018 4696 2275 4766 majorem
2308 4698 2587 4766 cooperuit
2612 4713 2767 4762 auro,
2796 4701 3132 4769 gemmisque
3160 4696 3454 4751 decoravit.

1870 4789 2089 4847 Librum
2113 4801 2326 4857 quoque
2349 4799 2820 4844 sacramentorum
2842 4790 2944 4845 sub
2971 4789 3224 4846 eburneis
3244 4787 3458 4848 tabulis.

1868 4892 2094 4949 argento
2140 4877 2499 4948 prmsignitis;
2548 4883 2642 4936 sed
2671 4888 2726 4935 et
2758 4879 3131 4937 lectionarinm
3173 4879 3239 4933 ad
3269 4879 3462 4932 missas

1868 4967 2085 5033 librum,
2131 4967 2249 5036 pari
2296 4968 2494 5024 decore
2546 4979 2914 5038 venustatum,
2964 4973 3161 5028 ibidem
3214 4963 3460 5027 contulit,

1868 5057 2112 5128 aliosque
2154 5057 2323 5113 libros
2360 5066 2416 5113 et
2441 5069 2767 5117 ornamenta
2806 5063 3064 5118 nonnulla
3091 5058 3265 5116 eidem
3294 5064 3459 5107 vene-

1869 5151 2023 5205 rabili
2054 5150 2170 5203 loco
2191 5148 2482 5218 delegavit.

1940 5242 2016 5297 De
2050 5256 2277 5310 corpore
2308 5248 2490 5295 autem
2522 5244 2688 5314 ipsius
2715 5240 3019 5296 beatissimi
3064 5233 3299 5302 Remigii
3351 5244 3463 5286 non

1869 5341 1953 5387 est
1982 5347 2147 5386 ausus
2175 5330 2376 5392 aliquid
2404 5344 2640 5392 sumere,
2685 5331 2822 5386 sicut
2854 5330 2969 5392 ipse
2993 5339 3210 5392 quoque
3239 5329 3465 5378 testatur
