3974 5392
539 340 659 393 ιδις

1605 302 1996 415 ηοωὸΑβ-οι
2036 348 2356 405 CANONICI
2386 351 2739 411 REMENSIS

3005 292 3064 301 *⁵⁸
3076 296 3135 309 ’ω-
3169 305 3176 311 .
3192 298 3379 315 η⁴ν.θ”“-λ

3676 366 3786 457 ⁸159.

535 467 621 550 ξε,
670 467 864 523 corpus
916 453 1056 523 ejus,
1082 455 1224 524 quod
1270 456 1533 550 Dominus
1565 476 1663 532 per
1690 470 1841 518 tanta
1880 472 2122 535 tempora
2148 473 2197 531 Α
2225 470 3061 545 ordinatisabEbonepostsuam
3077 453 3786 550 depositionem,asedeapo-

537 541 806 613 integrum
839 553 1274 611 conservaverat,
1308 547 1668 620 disrumpere.

1161 677 1391 736 CAPUT
1430 681 1496 737 Χ.

539 783 616 838 De
650 785 1133 871 patliiﬂquotidiuni
1164 809 1298 871 usus
1354 812 1395 871 αΔ
1428 794 1675 871 Romanis
1722 803 1859 856 sedis
1897 804 2122 871 prwsulc

603 862 952 925 perceptione,
1003 869 1051 912 et
1100 862 1250 916 rebus
1288 864 1518 919 ecclesiae
1554 868 1649 920 sub
1684 886 1743 923 eo
1779 862 2051 927 concessis.

608 989 710 1045 llic
733 992 965 1062 denique
992 997 1316 1072 venerabilis
1360 1002 1555 1069 prtesul
1609 1002 1973 1073 llincmarus,
2027 1024 2125 1078 pro

538 1094 650 1134 suae
676 1081 986 1138 sanctitatis
1015 1099 1080 1141 ac
1131 1088 1409 1157 sapientiae
1437 1093 1762 1161 reverentia,
1823 1110 1920 1164 per
1955 1097 2125 1152 inter-

540 1173 846 1233 ventionem
868 1173 1114 1233 Lotharii
1147 1179 1493 1253 imperatoris
1516 1184 1736 1252 pallium
1761 1186 1828 1240 ad
1854 1188 2123 1257 quOtidia~

538 1277 669 1316 num
728 1265 969 1335 suscepit
1015 1265 1085 1339 [c.
1138 1268 1178 1333 ἕ,
1223 1268 1455 1341 recepit]
1479 1287 1632 1326 usum
1657 1289 1688 1327 a
1722 1286 1919 1343 quarto
1944 1274 2127 1332 Leone

536 1370 700 1424 papa,
739 1370 771 1409 a
794 1372 903 1426 quo
922 1356 1037 1427 jam
1077 1358 1221 1415 aliud
1245 1369 1571 1432 perceperat
1625 1362 1681 1416 in
1707 1363 2004 1435 designatis
2022 1366 2127 1420 sibi

536 1448 973 1505 solemnitatibus
999 1450 1181 1507 debite
1204 1450 1512 1509 fruendum.
1544 1453 1718 1521 Quem
1746 1456 2124 1526 quotidianum

536 1539 682 1610 pallii
733 1556 888 1595 usum
924 1542 1054 1597 nulli
1091 1559 1329 1613 unquam
1383 1546 1795 1618 archiepiscopo
1823 1562 1881 1603 se
1904 1563 2127 1605 conces-

535 1630 696 1696 sisse,
732 1631 816 1686 vel
846 1633 1099 1704 deinceps
1139 1650 1528 1693 concessurum
1565 1654 1706 1706 esse,
1733 1640 1875 1695 idem
1902 1656 2041 1712 papa
2069 1642 2125 1698 in

542 1721 767 1792 epistola
821 1731 950 1778 tunc
1003 1725 1072 1779 ad
1118 1741 1242 1782 eum
1263 1726 1470 1784 directa
1498 1737 1749 1784 testatur.
1781 1731 2012 1802 Scripsit
2031 1748 2125 1787 au-

2225 560 2413 616 stolica
2428 562 2841 629 confirmandis,
2878 578 2933 621 et
2959 568 3282 637 quibusdam
3310 568 3608 640 privilegiis
3628 569 3787 625 eidem

2226 650 2447 709 llincma
2456 671 2531 716 ru.
2548 657 2770 727 sedique
2785 658 3036 714 Remeusi
3052 660 3429 727 concedendis;
3447 670 3502 716 et
3514 661 3641 732 quia
3658 661 3784 715 illam

2225 744 2488 800 volentem
2504 746 2730 803 Romam
2746 749 3035 819 proficisci,
3054 760 3158 806 tam
3177 753 3482 824 ipse,quam
3499 753 3789 807 fratersuus

2224 836 2453 895 Karolus
2483 855 2577 895 rex
2610 839 2877 909 Francite,
2899 843 3114 913 quando
3165 840 3185 911 [
3199 845 3238 911 ἕ,
3283 860 3402 915 qu.,
3435 844 3489 914 j,
3516 842 3781 915 quoniam}

2223 926 2380 983 valde
2406 930 2743 985 necessarius
2790 931 2871 987 eis
2914 940 3033 987 erat
3078 932 3145 987 ad
3198 932 3485 1003 sopiendas
3514 946 3634 1001 quae
3679 940 3791 986 tunc

2223 1027 2428 1074 exortae
2482 1019 2696 1076 fuerant
2746 1024 3198 1091 perturbationes,
3244 1024 3568 1079 retinerent.
3614 1022 3672 1079 In
3698 1038 3790 1092 qua

2226 1110 2449 1179 epistola
2498 1123 2909 1181 commemorat,
2942 1117 3087 1187 quod
3131 1116 3186 1170 in
3246 1115 3350 1171 hac
3370 1114 3502 1171 sede
3556 1114 3790 1172 Remensi

2230 1201 2375 1257 beati
2423 1203 2564 1259 Sixti
2615 1205 2775 1276 prima
2823 1207 3066 1277 ejusdem
3089 1208 3427 1279 episcopi,et
3445 1207 3792 1279 apostolorum

2227 1293 2496 1364 discipuli,
2555 1297 2987 1365 przedecessores
3042 1300 3213 1370 ipsius
3270 1313 3444 1369 papae,
3505 1298 3795 1368 Stephanus

2230 1383 2435 1455 (Steph.
2467 1385 2519 1455 Ι)
2548 1385 2798 1457 Pippino,
2831 1388 3014 1444 etLeo
3042 1388 3168 1459 (Leo
3209 1387 3331 1453 ΙΙΙ)
3366 1387 3568 1443 Karolo
3596 1402 3793 1459 magno,

2228 1474 2524 1545 apostolica
2556 1477 2888 1532 contulerint
2914 1478 3117 1532 tnunia.
3147 1478 3303 1533 Alius
3333 1493 3550 1548 quoque
3579 1477 3795 1546 Stepha-

2227 1581 2329 1621 nus
2352 1565 2559 1637 (Sleplt.
2602 1566 2662 1638 ν)
2689 1568 3024 1624 Ludovicutn
3049 1569 3351 1641 Augustum
3387 1569 3439 1623 in
3470 1568 3659 1624 eadem
3683 1566 3795 1623 sede

2228 1657 2493 1733 imperiali
2551 1660 2858 1717 diademate
2902 1660 3268 1718 coronaverit.
3311 1663 3394 1718 Ad
3425 1663 3531 1718 hoc
3583 1660 3798 1730 denique

2227 1746 2600 1814 obtinendum,
2653 1750 2796 1818 quod
2846 1766 2944 1821 pro
2991 1751 3252 1820 pra-dicto
3295 1749 3530 1822 praesule
3576 1751 3794 1822 petebat,

540 1820 648 1915 ιειιξ
700 1812 955 1915 praebitas
1009 1816 1352 1915 pontifexad
1381 1819 1632 1915 eumdem
1659 1834 1857 1915 papam
1891 1821 2126 1915 Leonem
2159 1829 2202 1888 Β
2233 1838 2373 1894 idem
2435 1812 2724 1897 Lotharius
2786 1812 3009 1897 parun;
3067 1812 3407 1915 Spoletinum
3475 1812 3794 1914 εμῑέοοιιιηι,

534 1903 734 1972 sexies,
785 1913 847 1960 ut
895 1905 1015 1976 ipse
1061 1908 1116 1963 in
1140 1908 1373 1980 quadam
1414 1911 1484 1965 ad
1513 1912 1763 1967 eumdem
1792 1913 1988 1968 asserit
2008 1914 2125 1983 epi-

534 1994 697 2059 stola,
750 1995 836 2050 vel
892 1997 1112 2066 septies,
1162 2014 1261 2055 sua
1296 2000 1537 2073 dirigens
1558 2002 1627 2056 ad
1654 2018 1776 2058 eum
1808 2004 2033 2074 scripta.
2065 2004 2124 2059 In

536 2087 639 2141 hac
666 2100 797 2142 vero
818 2088 1047 2158 epistola
1068 2090 1138 2164 de
1166 2090 1274 2159 his,
1303 2108 1441 2163 quos
1472 2094 1755 2150 temeritas
1774 2095 2126 2166 chorepisem

535 2179 674 2246 palis
713 2180 991 2247 ordinare,
1033 2180 1119 2237 vel
1173 2183 1316 2252 quod
1348 2182 1609 2254 Spiritum
1654 2196 1903 2241 sanctum
1940 2187 2124 2244 consi-

534 2271 757 2339 gnaudo
803 2272 1015 2327 tradere
1070 2273 1461 2342 praesumebat,
1513 2277 1818 2347 requisivit.
1865 2278 1937 2333 Et
1980 2276 2125 2347 quod

537 2372 750 2417 terrena
796 2374 1037 2433 potestas
1086 2366 1187 2421 hac
1238 2366 1467 2422 materia
1512 2382 1654 2437 saepe
1704 2367 2034 2435 offenderet,
2066 2377 2129 2425 ut

532 2455 785 2515 videlicet
833 2457 1089 2528 episcopo
1139 2459 1382 2529 quolibet
1420 2458 1696 2527 defuncto,
1737 2476 1839 2530 per
1871 2461 2122 2533 cborepi-

537 2561 760 2616 scopum
784 2546 916 2602 solis
938 2548 1287 2617 pontiﬁcibus
1325 2548 1569 2603 debitum
1605 2550 1968 2605 ministerium
1999 2565 2127 2620 per-

534 2645 810 2707 ageretur,
856 2647 912 2692 et
956 2653 1045 2693 res
1082 2653 1146 2693 ac
1178 2637 1468 2695 facultates
1505 2639 1749 2695 ecclesiae
1781 2640 2125 2695 stecularium

540 2726 727 2781 usibus
775 2727 1232 2795 expenderentur,
1282 2729 1426 2784 sicut
1468 2736 1525 2784 et
1580 2729 1637 2783 in
1684 2738 1868 2784 nostra
1893 2730 2126 2784 ecclesia

531 2817 647 2885 jam
673 2818 913 2885 secundo
961 2828 1142 2873 actum
1168 2818 1382 2875 fuisset.
1418 2810 1648 2875 ltem'de
1678 2821 1785 2885 his,
1814 2836 1952 2890 quos
1973 2822 2126 2877 dom-

538 2923 642 2963 nus
680 2908 795 2963 Eho
845 2919 971 2979 post
1019 2908 1409 2978 depositionem
1455 2925 1610 2964 suam
1647 2910 2016 2965 ordinaverat.
2065 2909 2124 2965 la

541 2998 648 3052 alia
698 2992 915 3068 quoque
972 2997 1200 3066 epistola
1244 2997 1435 3053 scribit
1485 2998 1552 3054 de
1578 2999 1809 3068 quodam
1853 2998 2124 3065 Fulcrico,

544 3088 888 3158 imperatoris
937 3087 1184 3143 Lotharii
1218 3088 1470 3154 vassallo,
1503 3089 1570 3144 de
1596 3104 1704 3158 quo
1732 3090 1892 3145 etiam
1913 3089 2123 3159 pridem

2227 1931 2494 1987 mandatis
2514 1932 2789 2004 superlhac
2804 1948 2864 1988 re
2885 1949 2983 2003 per
3001 1942 3175 1990 semet
3199 1937 3550 1999 instructum,
3589 1948 3796 1990 exsecu-

2228 2029 2401 2074 torem
2426 2020 2724 2085 direxerat,
2747 2030 2805 2078 et
2836 2021 3001 2077 alium
3032 2022 3251 2077 Petrum
3291 2023 3579 2077 Aretinum
3608 2009 3799 2092 episcoL

2223 2125 2352 2181 pum
2397 2109 2592 2167 litteris
2629 2111 2822 2167 exinde
2850 2113 3542 2183 commonuerat,aliosque
3557 2112 3797 2182 quosdam

2225 2210 2337 2257 tam
2359 2217 2506 2267 suos,
2525 2218 2687 2273 quam
2711 2204 3147 2275 pramissipapae
3167 2203 3354 2260 fideles
3374 2205 3445 2258 ad
3471 2204 3525 2259 id
3548 2217 3792 2273 peragen-

2226 2294 2355 2349 dum
2387 2294 2776 2355 destinaverat.
2809 2295 2996 2349 Eidem
3047 2294 3306 2349 Lothario
3337 2294 3653 2364 imperatori
3681 2291 3798 2347 scri-

2226 2383 2303 2437 bit
2320 2383 2582 2453 przefatus
2610 2384 2807 2455 praesul
2831 2384 3159 2439 llincmarus
3180 2384 3247 2439 de
3269 2383 3528 2439 Fulcrico
3553 2381 3669 2452 ejus
3692 2396 3798 2436 vas-

2226 2474 2382 2538 sallo,
2412 2489 2577 2544 quem
2610 2474 3198 2541 excommunicaverat,
3256 2473 3497 2544 qualiter
3537 2474 3605 2529 ad
3647 2472 3798 2542 poeni-

2228 2563 2451 2618 tentiam
2476 2563 2662 2618 venire
2687 2562 2912 2629 debeat;
2944 2563 3097 2632 item,
3127 2563 3292 2618 aliam
3322 2562 3614 2633 epistolam
3636 2563 3686 2616 in
3706 2575 3796 2630 qua
3843 2601 3845 2603 .

2225 2655 2576 2711 continentur
2598 2654 2771 2724 culpa:
2801 2654 2970 2727 ipsius
2998 2653 3257 2721 Fulcrici,
3291 2662 3347 2709 et
3382 2652 3656 2723 quomodo
3691 2665 3796 2706 eum

2235 2746 2635 2802 rationabiliter
2674 2745 3250 2811 excommunicaverit,
3299 2744 3423 2814 quia
3477 2742 3706 2799 noluerit
3741 2741 3798 2796 ad

2225 2835 2606 2905 paenitentiam
2633 2836 2858 2901 venire;
2883 2836 3035 2901 item,
3062 2835 3249 2899 aliam,
3277 2835 3331 2888 in
3370 2850 3480 2904 qua
3524 2834 3676 2887 valde
3700 2828 3797 2886 col-

2225 2925 2412 2980 laudat
2439 2940 2587 2993 eum,
2609 2926 2957 2995 congaudens
2986 2923 3105 2994 ejus
3137 2925 3453 2990 humilitati,
3486 2923 3630 2995 quod
3651 2921 3799 2993 ipsius

2225 3013 2536 3069 obaudierit
2565 3015 2789 3070 monitis
2835 3029 2999 3085 super
3045 3013 3272 3085 prazfato
3324 3012 3795 3071 excommunicato,

2227 3101 2563 3172 absolvitque
2603 3118 2728 3158 eum
2766 3104 2820 3160 id
2845 3104 3122 3159 humiliter
3144 3104 3556 3175 deprecantem,
3578 3117 3673 3174 pro
3693 3116 3801 3172 par-

540 3184 591 3238 ei
618 3182 1041 3253 signiﬁcaverat,
1070 3198 1169 3252 pro
1208 3198 1318 3253 quo
1335 3182 1578 3238 ecclesiae
1598 3182 1869 3238 nonnulla:
1896 3198 1994 3251 per
2020 3183 2122 3236 hoc
2150 3190 2196 3251 (ζ
2228 3191 2543 3261 ticipatione
2571 3209 2734 3262 quam
2763 3193 3027 3249 habuerat
3047 3208 3170 3249 cum
3201 3193 3340 3262 ipso.
3379 3192 3514 3247 Item
3537 3200 3799 3263 postquam

538 3288 764 3342 regnum
795 3272 1090 3326 tuasimum
1132 3271 1481 3340 patiebantur
1527 3270 1993 3342 impedimentum,
2031 3272 2125 3341 qtrt

540 3378 709 3417 uxore
754 3378 849 3416 sua
897 3363 1144 3427 dimissa,
1191 3372 1479 3433 postquam
1524 3364 2029 3418 excommunicatus
2057 3364 2125 3419 ab

540 3467 607 3507 co
630 3452 853 3521 proinde
881 3451 1083 3517 fuerat,
1114 3453 1271 3507 aliam
1303 3453 1526 3523 insuper
1551 3454 1749 3509 ducere
1786 3457 2129 3528 prazsumpsit

534 3556 785 3597 (uxorem.
813 3543 944 3598 Item
977 3543 1032 3598 in
1066 3546 1256 3599 eadem
1286 3543 1353 3598 de
1373 3543 1669 3614 privilegiis
1699 3544 1859 3615 hujus
1886 3545 2121 3605 Remen-

541 3635 618 3689 sis
669 3632 933 3699 ecclesiae,
986 3648 1107 3703 quae
1145 3633 1333 3689 habuit
1383 3635 1452 3689 ab
1505 3635 1674 3700 initio,
1714 3652 1822 3704 quo
1849 3636 2127 3707 privilegia

498 3734 503 3737 ‘
544 3726 707 3780 sedes
760 3725 962 3780 habere
985 3735 1270 3795 (cperunt
1296 3743 1311 3791 ;
1337 3735 1394 3781 et
1425 3728 1555 3797 quia
1601 3727 1891 3783 Remorum
1918 3729 2130 3799 episco-

546 3832 650 3885 pus
676 3816 880 3887 primas
925 3816 1064 3871 inter
1097 3816 1361 3886 primates
1402 3833 1644 3890 semper,
1679 3827 1735 3874 et
1759 3834 1898 3875 unus
1925 3820 1993 3875 de
2011 3819 2126 3890 pri-

543 3906 650 3961 mis
680 3904 870 3962 Gallia:
920 3906 1242 3978 primatibus
1269 3907 1496 3974 exstitit,
1531 3923 1632 3965 nec
1661 3909 1829 3964 alium
1867 3924 1930 3965 se
1956 3910 2130 3980 potio-

545 4013 686 4062 rem,
716 4007 915 4067 prazter
939 3998 1294 4069 apostolicum
1324 3999 1630 4069 praesulem,
1674 4001 1862 4056 habuit
1888 4018 1902 4068 ;
1928 4011 1986 4055 ut
2017 4001 2128 4057 sci-

542 4091 674 4145 licet
719 4105 807 4155 ea,
859 4105 980 4159 qua:
1028 4100 1178 4144 tanto
1214 4099 1457 4159 tempore
1485 4092 1552 4146 ab
1587 4091 2022 4147 antecessoribus
2051 4092 2130 4162 ip-

543 4183 660 4238 sius
687 4183 812 4236 huic
855 4183 969 4235 sedi
997 4191 1125 4236 sunt
1150 4197 1409 4238 concessa
1440 4192 1507 4237 et
1539 4193 1878 4249 conservata,
1910 4197 2131 4238 conser-

543 4289 675 4329 vare
704 4281 759 4328 et
797 4281 1150 4341 augmentare
1202 4273 1474 4343 dignetur.
1511 4273 1593 4329 Ab
1638 4275 1963 4345 imperatore
1991 4289 2127 4343 quo-

544 4381 655 4435 que
698 4363 956 4420 Lothario
997 4364 1374 4433 praeceptionis
1417 4363 1714 4434 imperialis
1749 4366 2127 4421 auctoritatem

548 4448 713 4528 super
764 4454 1091 4525 quibusdam
1145 4455 1308 4511 rebus
1329 4454 1737 4523 coujacentibus
1778 4458 1833 4512 in
1862 4456 1947 4512 his
1974 4457 2126 4523 locis,

2232 3282 2585 3337 convaluerat
2633 3284 2774 3338 idem
2834 3283 3126 3353 imperator
3155 3284 3222 3339 de
3265 3282 3587 3339 infirmitate
3613 3296 3721 3337 sua.
3751 3279 3800 3333 in

2228 3390 2333 3444 qua
2363 3374 2746 3445 epistolaeum
2776 3376 2913 3429 satis
2938 3373 3335 3444 episcopaliter,
3361 3373 3494 3429 licet
3520 3372 3799 3433 succincte.

2229 3469 2296 3524 de
2323 3469 2498 3524 salute
2522 3468 2775 3521 admouet
2801 3466 3016 3521 animae.
3045 3466 3114 3520 Et
3164 3464 3267 3519 alia
3323 3463 3589 3519 nonnulla
3638 3462 3798 3518 eidem

2231 3558 2471 3627 scripsit.
2498 3556 2543 3610 A
2570 3555 2769 3610 Karolo
2795 3554 3027 3623 denique
3050 3568 3176 3623 rege
3201 3567 3300 3607 suo
3325 3553 3415 3608 hic
3454 3551 3654 3622 praesul
3686 3549 3801 3605 lliu-

2229 3662 2448 3702 cmarus
2470 3646 2658 3702 cellam
2689 3645 2743 3699 in
2777 3645 2981 3699 honore
3002 3643 3177 3699 sancti
3202 3642 3514 3708 Martiui,in
3533 3640 3802 3709 municipio

2231 3739 2420 3809 Vongo
2449 3746 2846 3800 constructam,
2878 3751 3003 3790 cum
3052 3733 3305 3790 omnibus
3329 3734 3397 3788 ad
3428 3734 3674 3789 eamdem
3701 3729 3799 3785 cel-

2232 3830 2340 3885 lam
2366 3828 2510 3898 juste
2539 3828 2954 3899 pertinentibus,
2984 3826 3050 3881 ad
3084 3834 3293 3895 partem
3323 3826 3613 3881 Remensis
3637 3821 3803 3878 Eccle—

2230 3922 2324 3975 sia:
2362 3919 2756 3990 reimpetravit,
2808 3932 2873 3973 ac
2929 3933 3027 3987 per
3076 3916 3422 3972 auctoritatis
3470 3916 3641 3988 ipsius
3682 3927 3805 3983 prat-

2230 4023 2445 4083 ceptum
2475 4011 2696 4080 recepit.
2724 4010 2807 4065 Ad
2841 4009 3007 4079 ipsius
3057 4009 3460 4081 suggestionem
3488 4008 3640 4063 dedit
3673 4005 3800 4060 idem

2231 4104 2465 4159 Karolus
2500 4119 2594 4157 rex
2625 4100 2868 4157 ecclesia:
2897 4100 3070 4154 sancti
3120 4099 3376 4169 Remigii,
3424 4098 3510 4153 vel
3542 4092 3801 4175 monachis

2233 4193 2428 4249 ibidem
2455 4191 2840 4254 servientibus,
2873 4189 2985 4244 Deo
3015 4203 3099 4244 res
3128 4189 3427 4258 quasdam;
3484 4187 3589 4241 hoc
3636 4192 3715 4239 est
3754 4181 3800 4235 in

2232 4298 2370 4354 pago
2392 4283 2637 4337 Pertinse
2669 4280 2743 4352 [i,
2767 4279 3064 4352 Portinse],
3098 4280 3150 4334 in
3184 4279 3308 4335 villa
3339 4276 3639 4333 Baildronis
3664 4280 3802 4329 curte

2232 4388 2422 4428 mansa
2451 4372 2577 4435 duo,
2601 4380 2657 4425 et
2687 4373 2742 4426 in
2784 4370 3033 4425 Dodelini
3070 4378 3255 4423 monte
3283 4384 3474 4424 mansa
3503 4368 3633 4431 duo,
3654 4374 3803 4433 atque

2235 4463 2290 4517 in
2321 4462 2602 4516 Waldonis
2637 4471 2791 4515 curte
2839 4474 3029 4515 mansa
3079 4461 3187 4513 duo
3232 4474 3355 4514 cum
3419 4457 3720 4528 mancipiis,
3753 4460 3802 4508 et

532 4525 911 4613 (Meuravallis,
944 4546 1234 4614 Termedo,
1258 4545 1538 4603 Roserolis
1565 4547 1817 4613 obtinuit,
1846 4562 1966 4617 qua:
1996 4555 2131 4603 tem-
2161 4525 2209 4584 θ
2237 4553 2488 4608 omnibus
2514 4550 2581 4605 ad
2611 4551 2830 4606 easdem
2859 4565 2946 4604 res
2967 4548 3212 4618 legaliter
3240 4525 3648 4618 aSpicieutibus.
3674 4545 3804 4598 Prat-

546 4662 680 4718 pore
704 4646 886 4703 Karoli
914 4647 1280 4717 imperatoris,
1331 4646 1618 4702 occasione
1646 4646 1879 4714 quadam
1901 4644 2131 4700 interve-

542 4741 747 4823 niente,
780 4755 810 4793 a
843 4739 1098 4795 Remensi
1119 4749 1247 4796 sunt
1274 4740 1563 4795 abstractre
1589 4737 1845 4802 ecclesia,
1876 4746 1930 4793 et
1956 4738 2133 4807 publi-

549 4833 631 4887 cis
665 4832 852 4887 usibus
871 4833 1132 4898 subactte,
1153 4848 1290 4903 quas
1311 4832 1397 4887 hic
1434 4831 1720 4885 Lotharius
1742 4831 2037 4901 imperator
2062 4834 2128 4887 ad

547 4933 760 4990 partem
800 4933 997 4977 sancue
1043 4922 1224 4977 Maria:
1277 4938 1342 4978 ac
1370 4921 1545 4976 sancti
1578 4921 1805 4992 Remigii
1843 4937 1939 4977 sua
1972 4922 2127 4977 resti-

526 5010 652 5067 tuit
679 5011 1019 5067 auctoritate.
1050 5010 1153 5078 Qui
1184 5011 1480 5067 Lotharius
1535 5012 1833 5080 imperator
1858 5011 2128 5068 nonnullis

530 5104 696 5159 hunc
752 5101 1035 5172 praesulem
1090 5101 1442 5156 Hincmarum
1495 5102 1636 5171 apud
1671 5083 1906 5157 Leonem
1935 5118 2126 5173 papam

550 5194 848 5251 honoritice
894 5180 1303 5251 eotnuiendasse
1355 5192 1622 5262 reperitur
1662 5191 1931 5261 episcopis
1967 5200 2129 5262 atque

548 5285 663 5314 1ηηη
673 5293 686 5314 Ι
696 5285 738 5314 ἶο

2236 4650 2448 4712 ceptum
2474 4655 2687 4711 quoque
2712 4639 2882 4711 ipsius
2919 4637 3098 4692 Karoli
3120 4638 3186 4692 de
3213 4638 3316 4703 via,
3344 4654 3466 4708 qua:
3490 4635 3804 4707 impediebat

2238 4734 2306 4788 ad
2321 4732 2617 4790 claustrum
2635 4731 3025 4787 canonicorum
3049 4738 3252 4784 sancta:
3276 4724 3802 4784 Remensisccclesite

2238 4821 2673 4895 amplificandum
2725 4820 3003 4893 (quoniam
3051 4830 3107 4875 et
3155 4834 3443 4873 numerum
3500 4816 3802 4873 eorumdem

2236 4916 2628 4970 canonicor’um
2656 4910 3119 4984 augmentaverat)
3139 4911 3280 4966 idem
3303 4909 3533 4964 domnus
3559 4907 3803 4962 llincma-

2236 5021 2328 5060 rus
2375 5004 2628 5060 obtinuit.
2682 5004 2786 5057 Res
2841 5011 3102 5071 praeterea
3134 5002 3399 5072 quasdam
3431 5015 3551 5071 qua:
3598 4998 3665 5052 ab
3711 4996 3805 5049 hoc

2232 5111 2364 5166 rege
2396 5094 2598 5150 dudum
2646 5092 2863 5148 fuerant
2904 5093 3179 5163 episcopio
3228 5092 3543 5153 subtractae,
3574 5085 3804 5144 ecclesia!

2234 5184 2590 5254 redintegrari
2639 5182 2908 5236 laboravit
2937 5198 2950 5246 ;
2982 5181 3033 5236 id
3083 5190 3183 5245 est,
3233 5181 3415 5235 villam
3459 5178 3803 5235 Novitiacum.

814 5282 918 5314 le
969 5292 1018 5314 ΔΙ
1049 5285 1262 5314 noscuan
1306 5285 1529 5314 l)A-~\nm
1570 5294 1756 5314 Μελ-η
1787 5284 1924 5314 ἶΑιὶΜ
1957 5283 2126 5314 νιΛηΙῖκ

2235 5292 2394 5314 anon]
2424 5275 2823 5314 lim-lammian
2850 5274 2912 5314 ad
2937 5273 3220 5314 ponit-aiam
3250 5272 3418 5314 minati
3463 5269 3692 5314 Retniaii
3716 5280 3804 5314 nro
