3974 5392
170 250 265 314 133

739 257 1083 315 lllSTORL-E
1120 252 1476 316 ECCLESIJ‘S
1516 250 1858 335 REMENSIS
1890 252 2074 311 LIBRI
2111 228 2468 326 QUATUOR.
2496 290 2554 302 ης
2604 261 2729 316 LIB.
2770 263 2858 318 111.

3329 264 3436 321 13‘

164 386 272 439 tes;
308 376 551 444 itemque
604 390 635 428 a
682 389 806 446 rege
832 375 1107 431 Ludovico
1148 350 1577 430 Transrhenensi
1609 387 1746 443 prae-
1772 373 1822 434 Α
1849 369 2132 427 Bernensis
2177 371 2430 428 Ecclesia:
2477 376 2720 430 canonici
2762 390 2826 430 ac
2868 374 3156 441 monachi,
3188 374 3441 433 videlicet

165 477 378 538 ceptum
408 466 766 521 restitutionis
800 468 1008 536 accepit
1033 482 1195 538 super
1223 465 1545 536 quihusdam
1586 464 1748 518 rebus

165 565 354 612 sancto
389 556 633 627 Remigio
662 558 933 628 quondam
979 556 1171 627 legatis
1203 575 1217 611 :
1248 558 1349 611 hoc
1386 564 1471 611 est
1515 556 1569 611 in
1611 566 1749 625 pago

170 648 544 704 Wormaeensi
565 648 919 704 Seavenbeim
943 648 1017 721 [ὅ.
1043 647 1418 720 Stadenbeim]
1435 663 1555 703 cum
1578 649 1753 701 omni-

169 740 266 792 bus
298 738 368 793 ad
414 754 477 794 se
526 738 943 807 pertinentibus,
980 739 1145 794 Cossa
1204 746 1258 794 et
1297 737 1454 793 Gleni
1500 738 1555 792 in
1610 735 1749 790 saltu

176 830 404 899 Vosego.
433 830 492 884 In
524 829 822 902 Tburingia
851 846 1065 901 quoque
1087 838 1141 884 et
1166 828 1406 894 Austria,
1436 828 1488 883 in
1514 827 1633 882 loco
1660 827 1752 897 qui

174 919 369 974 dicitur
396 919 851 986 Schonernnstat,
874 930 929 977 et
955 921 1006 974 in
1031 920 1323 984 lielisleba,
1356 934 1478 974 cum
1502 918 1753 974 omnibus

177 1011 374 1065 ibidem
402 1011 810 1081 aspicientibus.
838 1012 943 1068 Res
969 1028 1183 1083 quoque
1202 1012 1501 1074 nonnullas,
1528 1012 1757 1082 juraque

174 1102 415 1159 ecclesiae
461 1120 527 1159 ac
557 1105 825 1176 mancipia
853 1104 1060 1176 legibus
1108 1121 1203 1176 per
1230 1106 1519 1160 advocatos
1545 1105 1758 1161 eviudi-

176 1205 290 1251 cata
310 1199 590 1269 recepisse
623 1198 909 1268 reperitur.
928 1198 1035 1253 Res
1054 1199 1217 1254 etiam
1243 1198 1525 1253 nonnullas
1546 1198 1759 1267 episco-

175 1287 267 1355 pii,
300 1296 483 1343 terras
536 1288 746 1343 scilicet
792 1297 956 1359 atque
1001 1289 1290 1358 mancipia,
1344 1304 1467 1344 cum
1530 1288 1761 1344 diversis

181 1378 450 1446 personis,
506 1379 575 1434 ad
624 1379 1019 1434 incrementum
1074 1380 1340 1444 ecclesiae,
1391 1396 1488 1450 pro
1527 1380 1759 1449 partium

179 1470 586 1537 opportunitate
620 1473 994 1526 commutavit.
1030 1471 1137 1528 Sed
1180 1481 1237 1528 et
1264 1482 1531 1544 pra-cepta
1562 1473 1761 1544 regalia

177 1573 337 1628 super
360 1560 613 1630 pluribus
647 1577 834 1616 earum
870 1578 1052 1619 rerum
1082 1565 1596 1621 commutationibus
1624 1565 1765 1621 obti-

179 1664 304 1705 nere
359 1652 592 1706 curavit.
650 1651 938 1709 Canonicis
990 1670 1206 1725 quoque
1266 1655 1427 1725 hujus
1479 1655 1764 1712 Remensis

1851 463 2141 530 Radoldus,
2191 465 2469 531 Gislodus,
2510 465 2769 522 Vuli‘adus
2817 467 2938 541 [ηις.
2968 467 3273 540 Vulfadus],
3301 467 3437 521 Frc-

1851 555 2104 611 debertus
2137 570 2205 612 ex
2238 558 2511 614 canonicis
2547 558 2713 627 ipsius
2743 560 2952 624 matris,
2984 560 3257 625 Ecclesiae,
3301 559 3444 632 Sigi—

1851 647 2084 701 mundus
2118 663 2183 702 ex
2231 648 2482 703 ctenobio
2502 649 2675 703 sancti
2700 647 3012 704 Theoderici
3035 668 3048 715 ;
3073 666 3141 705 ex
3161 649 3442 705 monachis

1854 745 2034 792 autem
2064 739 2380 794 monasterii
2408 740 2579 794 sancti
2628 738 2882 811 Remigii,
2928 739 3243 805 Nortvin'us,
3278 739 3441 795 licin-

1856 829 2039 893 radus,
2069 829 2404 901 Mauriugus,
2428 830 2694 897 Antheus,
2720 831 3032 898 Tetlandus,
3060 831 3441 900 llairohaldus,

1856 920 2140 986 Radnll‘us,
2181 921 2513 992 Wicpertus,
2552 923 2929 979 clamaverunt
2975 939 3265 996 suSpensos
3308 941 3367 981 se
3411 942 3444 981 a

1856 1012 2085 1083 prmfato
2120 1015 2525 1085 archiepiscopo
2567 1032 2665 1071 suo
2704 1016 2773 1070 ab
2799 1017 3265 1072 administratione
3297 1019 3450 1072 ordi-

1859 1122 1987 1160 num
2017 1105 2532 1173 ecclesiasticorurn,
2574 1108 2641 1162 ad
2676 1124 2814 1178 quos
2842 1109 2909 1163 ab
2935 1107 3122 1163 Ebone
3170 1108 3442 1177 quondam

1861 1197 2096 1268 provecti
2127 1196 2359 1254 fuerant.
2391 1198 2566 1269 Super
2593 1216 2699 1270 qua
2725 1201 3108 1256 reclamatione
3128 1201 3296 1272 elegit
3318 1217 3451 1272 prte-

1862 1298 2079 1342 notatus
2112 1288 2354 1358 pontifex
2388 1289 2710 1345 Hinemarus
2743 1289 2957 1359 judiees
2978 1292 3080 1348 sibi
3104 1292 3448 1348 Wenilonem

1863 1386 1919 1432 et
1938 1378 2273 1433 Almaricum
2305 1394 2466 1449 supra
2496 1387 2712 1435 laxatos
2738 1380 3199 1452 archiepiscopus,
3234 1382 3455 1437 Pardu-

1863 1473 1973 1527 lum
2016 1486 2234 1542 quoque
2263 1470 2677 1529 Lauduneusem
2720 1478 3034 1544 episcopum
3060 1513 3074 1539 ,
3127 1475 3219 1544 qui
3266 1475 3320 1529 in
3354 1474 3457 1531 hoc

1858 1562 2064 1634 judicio
2111 1562 2289 1617 locum
2321 1563 2749 1633 metropolitanze
2770 1580 2881 1618 suae
2910 1575 3185 1622 servasset
3226 1568 3458 1622 auctori-

1869 1652 2013 1707 tatis.
2056 1651 2162 1722 lpsi
2183 1651 2507 1708 clamatores
2550 1654 2767 1710 eosdem
2808 1653 3019 1724 judiccs
3064 1656 3451 1727 suscipientes,

177 1740 424 1796 ecclesia:
455 1743 723 1814 bOSpilalc
751 1746 1035 1801 constituit
1083 1748 1150 1801 ad
1180 1748 1578 1817 susceptionem
1604 1763 1766 1819 pere-

1877 1742 2196 1797 addiderunt
2247 1743 2414 1798 etiam
2450 1742 2802 1799 Prudentium
2848 1745 3180 1801 Trecassina:
3223 1747 3460 1803 civitatis

180 1831 481 1901 grinorum,
505 1835 588 1889 vel
617 1851 916 1906 pauperum
942 1841 1198 1909 congruis
1237 1841 1302 1894 ad
1331 1841 1382 1896 id
1420 1841 1581 1897 rebus
1604 1842 1773 1911 depue

182 1922 325 1987 tatis,
356 1938 482 1977 cum
499 1939 769 1981 consensu
796 1930 1248 2001 coepiscoporum
1264 1932 1551 1988 Remensis
1572 1920 1774 1988 diame-

179 2026 313 2078 sees,
330 2024 495 2085 atque
509 2018 997 2088 subscriptionibus
1010 2022 1343 2088 eorumdem,
1361 2039 1423 2079 ea
1441 2024 1771 2099 conditione,

185 2110 240 2158 ut
283 2105 435 2160 nullo
475 2121 715 2178 unquam
765 2116 1007 2181 tempore
1053 2112 1284 2182 quilibet
1334 2115 1643 2186 episcopus,
1688 2113 1774 2172 vel

184 2194 436 2263 qua-libet
465 2211 694 2266 persona
726 2202 944 2256 easdem
964 2217 1050 2256 res
1078 2204 1331 2274 cuiquam
1363 2206 1414 2259 in
1445 2207 1772 2263 beneﬁcium

184 2290 335 2355 dare,
364 2290 451 2345 vel
483 2292 535 2346 in
561 2292 699 2347 alios
739 2309 868 2349 usus
896 2311 1218 2365 quocunque
1254 2297 1414 2354 modo
1455 2299 1775 2356 abstrahere

180 2390 496 2449 prxsumat,
527 2398 706 2454 neque
728 2384 964 2454 aliquem
992 2400 1215 2440 censum
1243 2388 1330 2443 vel
1354 2388 1774 2446 redhibitionem

184 2471 379 2527 exinde
408 2473 666 2542 accipiat,
703 2475 798 2529 sed
854 2482 1024 2530 totum
1052 2477 1316 2547 quidquid
1357 2494 1424 2533 ex
1451 2479 1584 2548 ipsis
1616 2480 1776 2536 rebus

178 2561 317 2632 iuste
347 2566 561 2633 acquiri
585 2567 845 2636 potuerit,
896 2568 950 2621 in
1002 2584 1133 2624 usus
1161 2583 1460 2640 pauperum
1491 2579 1657 2642 atque
1685 2588 1776 2628 ca-

187 2658 529 2720 nonicorum,
583 2658 877 2713 secundum
904 2660 1120 2714 modum
1147 2662 1472 2732 descriptum
1517 2664 1573 2718 in
1608 2665 1775 2735 privi-

186 2744 339 2815 legio,
373 2754 429 2800 et
451 2762 484 2799 a
516 2749 728 2803 eretcris
753 2749 1021 2819 episcopis
1046 2751 1388 2819 conﬁrmato,
1415 2758 1773 2826 expendatur.

185 2834 354 2906 Super
379 2838 486 2893 hoc
506 2854 724 2909 quoque
752 2843 1047 2898 constituto
1077 2846 1236 2916 regiae
1257 2848 1597 2907 auctoritatis
1641 2868 1778 2922 pra:-

186 2940 397 3001 ceptum
427 2948 459 2986 a
497 2931 699 2988 Karolo
735 2949 860 3006 rege
898 2936 1017 2992 ﬁeri
1061 2946 1224 3008 atque
1263 2939 1467 2996 ﬁrmari
1519 2944 1772 2999 obtinuit.

187 3021 289 3079 Res
314 3035 583 3093 praeterea
612 3037 668 3081 et
690 3026 843 3083 villas
862 3029 1117 3100 episc0pii
1146 3046 1281 3100 pene
1301 3049 1492 3090 omnes
1511 3036 1774 3093 ordinatis

191 3117 587 3172 rationabiliter
609 3118 839 3174 coloniis
874 3120 1102 3177 describi
1129 3122 1278 3181 fecit.

793 3234 1024 3289 CAPUT
1083 3237 1173 3291 Xl.

190 3323 259 3377 De
280 3326 487 3394 synodo
533 3326 984 3450 comprovinciplib
998 3328 1142 3449 εἴρεαι
1181 3326 1553 3384 Suessonicam
1600 3331 1780 3387 urbem

902 3414 952 3449 δα
991 3414 1006 3450 Ι
1033 3416 1086 3450 a.

902 3414 1086 3451 ianua.

258 3484 356 3541 Hic
378 3486 718 3541 honorabilis
761 3489 955 3557 prtesul
983 3488 1308 3546 Hincmarus
1330 3534 1347 3557 ,
1387 3509 1532 3549 anno
1559 3498 1642 3550 sui
1670 3497 1783 3566 epi-

199 3586 445 3646 scopatus
468 3578 701 3647 septimo
725 3578 839 3649 (an.
859 3581 1007 3654 855),
1036 3583 1299 3654 synodum
1326 3585 1514 3641 habuit
1535 3601 1784 3658 compro-

206 3666 478 3721 vincialem
504 3670 645 3739 apud
678 3670 1059 3727 Suessonicam
1105 3675 1316 3739 urbem,
1372 3677 1425 3731 in
1458 3679 1783 3735 monasterio

208 3758 366 3812 sancti
395 3756 661 3823 Medardi,
692 3761 744 3814 in
778 3762 1005 3818 ecclesia
1037 3774 1239 3820 sancta:
1267 3765 1552 3824 Trinitatis
1580 3769 1784 3827 honore

211 3857 446 3913 sacrata,
494 3863 618 3903 cum
656 3849 947 3906 Wenilone
997 3852 1302 3910 Senonensi
1351 3858 1781 3933 archiepiscopo,

213 3935 472 3993 Amalrico
518 3938 851 4005 Turonensi,
903 3943 1236 4000 Theoderico
1264 3947 1639 4003 Cameracensi
1669 3946 1783 4020 epis

217 4040 383 4096 scopo,
409 4026 662 4084 Rotbado
687 4030 1032 4093 Suessonico,
1064 4032 1214 4102 Lupo
1243 4035 1651 4101 Catalaunensi,
1683 4018 1788 4094 liu-

219 4132 359 4172 rnone
389 4118 818 4190 Noviomagensi,
845 4122 1083 4193 Erpuino
1114 4123 1529 4193 Silvanectensi,
1557 4129 1785 4186 Ermen-

216 4205 343 4261 frido
373 4209 684 4267 Belvaccnsi
709 4254 722 4277 ,
775 4213 1005 4272 Pardulo
1043 4216 1388 4275 Laudunensi
1416 4262 1431 4286 ,
1479 4222 1789 4282 Hilmerado

218 4294 571 4365 Ambianensi,
607 4301 848 4357 liuberto
899 4304 1180 4372 Mcidensi,
1226 4308 1363 4378 Agio
1388 4310 1786 4382 Aurelianensi,

1875 1832 2202 1905 episcopum.
2230 1833 2295 1889 lii
2308 1834 2516 1904 judices
2538 1822 2814 1892 constituti
2836 1838 2938 1893 hoc
2954 1837 3268 1907 judicarunt
3291 1838 3459 1908 quod,

1875 1926 1919 1980 si
1947 1925 2063 1980 Eho
2091 1926 2529 1998 archiepiscopus
2558 1930 2612 1983 in
2639 1945 2738 1984 suo
2760 1938 2903 1985 statu
2945 1946 3169 1986 manens
3196 1930 3461 1986 canonice

1877 2017 1975 2071 bos
1999 2016 2194 2072 fratres
2213 2019 2563 2085 ordinaverit,
2586 2021 2842 2076 deberent
2862 2022 3189 2077 ministrare.
3217 2020 3274 2076 Si
3294 2022 3460 2076 etiam

1878 2108 2073 2181 injuste
2108 2109 2369 2179 dcjectus,
2399 2119 2455 2167 et
2496 2114 2757 2169 canonice
2804 2114 3112 2178 restitutus,
3152 2121 3271 2184 post
3305 2127 3461 2167 suam

1875 2202 2190 2259 canonicam
2231 2203 2626 2259 restitutionem
2676 2206 2894 2260 eosdem
2944 2204 3298 2270 ordiuaverit,
3341 2204 3462 2261 sine

1875 2293 1982 2347 ulla
2017 2294 2314 2363 quaestione
2343 2294 2603 2349 deberent
2628 2296 2790 2350 etiam
2818 2296 3152 2351 ministrare.
3192 2294 3344 2350 Unde
3376 2296 3460 2349 in-

1878 2387 2132 2457 terrogati
2168 2396 2295 2441 sunt
2338 2387 2682 2442 ordinatorcs
2721 2388 3022 2452 llincmari,
3075 2396 3137 2442 ut
3186 2388 3465 2442 edicerent

1875 2494 1996 2548 qua:
2023 2479 2089 2533 de
2117 2478 2318 2534 Ebonis
2344 2480 2699 2548 depositione,
2744 2488 2802 2534 et
2840 2479 2909 2535 de
2939 2478 3212 2534 Ilincmari
3240 2492 3464 2548 compe-

1875 2569 2077 2623 rissent
2102 2570 2466 2625 ordinatione.
2525 2570 2678 2625 Tunc
2707 2585 2936 2642 surgens
2966 2571 3333 2626 Theodericus
3357 2568 3464 2625 Ca-

1876 2658 2214 2714 meracensis
2253 2660 2539 2730 episcopus
2568 2661 2814 2731 porrexit
2852 2659 2907 2715 in
2937 2669 3228 2731 conspectu
3268 2660 3469 2726 princi-

1876 2752 1960 2824 pis
1984 2759 2038 2807 et
2066 2751 2257 2823 synodi
2286 2752 2570 2822 scriptum,
2602 2754 2888 2809 continens
2912 2754 3155 2808 ordinem
3175 2752 3468 2822 depositio.

1877 2845 1962 2900 nis
2012 2843 2224 2915 prazlati
2274 2844 2497 2899 Ebonis.
2549 2844 2685 2899 Tum
2738 2845 3054 2900 ventilatum
3102 2852 3188 2898 est
3234 2842 3470 2912 qualiter

1875 2948 2260 2993 exauctoratus
2287 2938 2571 3007 episcopus
2594 2938 2806 2993 restitui
2832 2936 3043 3005 debeat,
3083 2943 3141 2989 ut
3177 2937 3302 3007 quia
3326 2936 3466 2990 idem

1880 3028 1993 3081 Ebo
2037 3028 2617 3083 restitutuslcanonice
2657 3043 2762 3083 non
2816 3027 3007 3093 fuerit,
3058 3026 3277 3096 insuper
3300 3033 3356 3079 et
3401 3026 3470 3079 ab

1877 3120 2167 3189 apostolica
2191 3121 2319 3175 sede
2350 3119 2541 3191 Sergio
2564 3135 2701 3190 papa
2732 3119 3091 3177 conﬁrmante
3112 3118 3468 3189 dejectionem

1879 3198 2040 3274 illius,
2073 3213 2364 3266 damnatus
2402 3210 2694 3273 exstiterit,
2736 3219 2798 3265 ut
2826 3211 2878 3264 in
2906 3210 3045 3265 laica
3091 3208 3240 3281 [nis.,
3268 3205 3467 3279 laieali}

1881 3301 2251 3357 tantummodo
2303 3302 2685 3356 communione
2745 3309 3010 3355 maneret.
3062 3297 3198 3353 Tum
3247 3297 3473 3353 recitata

1879 3393 2220 3455 auctoritate,
2253 3393 2489 3464 qualiter
2518 3391 2964 3462 metropolitanus
2981 3390 3177 3445 debeat
3202 3386 3470 3453 ordinari,

1880 3486 2078 3541 iitteris
2101 3501 2317 3556 quoque
2341 3485 2621 3539 canonicis
2649 3481 3030 3547 Erchamradi,
3063 3479 3298 3549 episcopi
3319 3476 3471 3530 Pari—

1881 3579 2085 3633 siorum
2118 3576 2394 3642 Ecclesiae,
2446 3575 2788 3633 conﬁrmatis
2832 3588 2931 3628 sua
2967 3572 3158 3641 suique
3202 3565 3475 3638 archiepi-

1883 3668 2056 3739 sc0pi,
2105 3676 2160 3723 et
2185 3668 2630 3736 coepiscoporum
2661 3680 2882 3719 suorum
2921 3663 3189 3724 manibus,
3231 3674 3369 3730 quas
3408 3658 3477 3712 ad

1883 3760 2196 3831 petitionem
2232 3757 2518 3812 Remensis
2572 3755 2852 3819 Ecclesiae,
2880 3753 3011 3807 cleri
3042 3767 3108 3807 ac
3140 3750 3312 3821 plebis
3340 3747 3477 3801 liin-

1885 3866 2068 3906 enare
2105 3850 2406 3913 tribuerat;
2433 3848 2652 3902 decreto
2681 3846 2847 3900 etiam
2879 3844 3145 3899 canonico
3180 3840 3476 3894 Remorum

1886 3942 2015 3996 cleri
2047 3940 2418 4008 nobiliumque
2455 3936 2701 3991 manibus
2729 3936 3004 3998 roborato,
3052 3931 3287 4003 qualiter
3320 3944 3475 3983 eum—

1887 4036 2009 4090 dem
2050 4033 2395 4086 llincmarum
2445 4029 2547 4084 sibi
2594 4027 2939 4099 postularunt
2983 4024 3229 4080 ordinari
3267 4023 3479 4094 episeo-

1888 4142 2015 4199 pum
2039 4134 2318 4180 ostensum
2349 4131 2432 4178 est
2457 4121 2721 4177 canonice
2749 4136 2872 4175 cum
2903 4117 3213 4189 praesentia,
3240 4113 3325 4169 vel
3351 4128 3480 4168 con-

1889 4234 2051 4275 sensu
2100 4217 2341 4273 omnium
2373 4215 2821 4284 coepisc0porum
2868 4210 3155 4266 Bernensis
3182 4209 3485 4262 dimceseos

1889 4327 2012 4368 eum
2038 4309 2344 4365 ordinatum
2395 4304 2888 4375 archiepiscopum.
2929 4299 3060 4355 Post
3109 4300 3226 4354 haec
3253 4311 3485 4366 surgens

216 4386 494 4447 Prudentia
520 4393 878 4460 Treeassino,
907 4398 1216 4456 llcrmanno
1256 4402 1595 4469 Nivernensi,
1650 4406 1784 4461 Jona
1819 4435 1863 4493 ι)
1893 4402 2033 4457 idem
2087 4398 2431 4461 Hincrnarus,
2482 4396 2536 4450 in
2596 4401 2942 4465 conspectum
2976 4390 3124 4464 [πω.
3158 4383 3481 4457 conspectu]

218 4480 673 4552 Augustodunensi
703 4529 719 4551 ,
773 4486 1077 4545 Godelsado
1123 4492 1464 4550 Cavilonensi
1494 4537 1510 4562 ,
1571 4497 1787 4555 Dodone

218 4573 620 4646 Andegavensi,
667 4578 971 4636 Guntherto
1016 4583 1362 4653 Ebroicensi,
1426 4587 1788 4645 llildebranno

222 4661 485 4734 Sagiensi,
538 4668 806 4740 Bigboldo
854 4670 1143 4729 Remorum
1190 4676 1597 4748 chorepiscopo.
1635 4678 1790 4734 Resi-

221 4753 455 4813 dentibus
502 4759 670 4814 etiam
722 4761 1057 4833 presbyteris
1106 4773 1161 4818 et
1205 4767 1524 4835 abbatibus,
1570 4769 1791 4826 Dodone

222 4850 397 4907 abbate
419 4855 740 4911 monasterii
769 4858 941 4911 sancti
965 4858 1178 4924 Sabini,
1206 4862 1357 4932 Lupo
1386 4865 1582 4920 abbate
1611 4880 1794 4920 mona-

224 4947 357 5000 sterii
382 4950 522 5018 quod
543 4952 747 5008 dicitur
768 4950 1079 5007 Ferrarium
1104 4994 1117 5019 ,
1151 4953 1427 5010 Bernardo
1452 4957 1649 5012 abbate
1680 4973 1794 5011 mo-

227 5041 427 5096 nasterii
465 5045 638 5099 sancti
668 5044 980 5111 Benedicti,
1029 5049 1172 5115 quod
1220 5047 1421 5103 dicitur
1460 5048 1791 5116 Florracnm,

226 5123 389 5186 Orione
425 5136 767 5197 monasterii,
821 5138 962 5204 quod
1009 5138 1206 5194 dicitur
1241 5137 1514 5204 Corbeiaa,
1568 5139 1797 5198 licriaco

228 5227 521 5282 monasterii
555 5224 873 5287 Corbionis,
920 5226 1136 5284 Bavone
1176 5231 1492 5285 monasterii
1523 5229 1799 5287 Orbacen-

228 5307 312 5375 sis,
332 5320 382 5365 et
403 5312 823 5386 quampluribus
858 5313 978 5371 aliis
997 5317 1373 5374 sacerdotibus
1406 5329 1463 5374 et
1488 5319 1795 5388 abbatibus,

1893 4492 2155 4565 principis
2182 4501 2239 4546 et
2267 4489 2478 4562 synodi,
2503 4486 2748 4558 porrexit
2773 4485 2985 4540 litteras
3027 4480 3320 4538 canonicas
3347 4492 3481 4546 quas

1893 4587 2199 4642 ordinatum
2242 4583 2383 4639 sacri
2425 4595 2662 4636 canones
2708 4579 2777 4633 ab
2802 4575 3205 4633 ordinatoribus
3234 4572 3485 4641 accipere

1888 4678 2116 4747 jnbent,
2169 4675 2310 4730 diem
2367 4671 2718 4745 praeferentes
2767 4676 2823 4724 et
2879 4668 3180 4724 consulem.
3234 4659 3487 4718 Porrexit

1897 4770 2062 4824 etiam
2091 4765 2373 4837 epistolam
2399 4764 2681 4819 Bernensis
2708 4759 3022 4832 provinciai,
3065 4774 3129 4835 ac
3149 4770 3286 4831 pene
3321 4753 3488 4810 totius

1897 4860 2083 4916 Gallia:
2110 4856 2355 4912 manibus
2383 4854 2761 4926 episcoporum
2806 4850 3199 4922 subscriptam,
3250 4845 3318 4900 ad
3360 4856 3489 4911 apo—

1899 4951 2142 5008 stolicam
2173 4948 2354 5003 sedem
2377 4961 2475 5019 pro
2495 4944 2909 5003 conﬁrmatione
2936 4944 3110 5016 ipsius
3138 4934 3496 4996 ordinationis

1899 5045 2102 5100 datam.
2132 5039 2382 5097 Ostendit
2407 5040 2574 5096 etiam
2599 5038 2831 5110 diploma
2866 5052 3108 5103 sacrum,
3144 5030 3312 5101 ipsius
3332 5038 3493 5080 vene-

1905 5138 2059 5193 randi
2108 5133 2367 5205 principis
2397 5134 2651 5189 manibus
2697 5129 3043 5199 insignitum,
3094 5111 3499 5205 θιεῖείηθίευδῖ

1906 5197 2300 5298 ιειιείεηξιιυιιιξ
2331 5236 2397 5277 ex
2450 5197 2839 5295 approbatione
2880 5233 3000 5275 sua:
3043 5197 3498 5298 ordinationis?!

1903 5291 2150 5376 eamdem
2192 5324 2435 5370 sanctam
2586 5312 2935 5384 apostolicam
2969 5312 3270 5368 Romanam
3315 5291 3503 5351 Eccle-
