3974 5392
536 219 640 278 {35

1594 204 1986 285 FLObOARDI
2022 227 2339 288 canorvth
2378 229 2720 289 nenensrs

3685 239 3787 302 156

530 336 762 401 tutione,
791 335 1492 407 prtesumpseratordinare.
1517 336 1666 393 Tunc
1688 356 1913 411 surgens
1941 341 2109 398 lmmo
2136 351 2184 405 Α
2214 345 2412 414 gradus
2459 345 2855 401 ecclesiasticos
2900 346 3146 404 oblinere
3194 363 3301 405 non
3334 350 3604 421 valebant,
3636 371 3787 411 com-

529 427 969 498 Noviomagensis
998 428 1303 499 episcopus,
1331 430 1572 500 porrexit
1599 430 1828 487 rotulum
1847 430 1995 503 [ms.,
2020 449 2107 488 ro-

530 518 717 592 tulam]
754 520 1129 575 auctoritatem
1161 521 1475 575 canonicam
1525 521 1947 591 etapostolicam
1979 539 2109 578 con-

530 611 788 665 tinentem
810 650 825 676 ,
867 612 1119 681 quoniam
1150 613 1241 681 qui
1271 613 1338 666 ab
1368 613 1482 681 ipso
1513 614 1609 667 visi
1634 612 1847 669 fuerant
1867 617 2104 671 ordinari

528 701 583 755 in
615 701 814 772 gradus
867 700 1282 766 ecclesiasticos,
1328 704 1396 757 ab
1426 703 1633 768 eodem,
1687 706 1828 775 quod
1860 706 1973 776 ipse
2001 723 2104 761 non

530 789 743 854 habuit,
776 806 935 844 nemo
963 805 1149 844 eorum
1173 792 1418 860 accipere
1447 793 1639 862 potuit,
1671 803 1724 847 et
1749 804 1962 849 caetera.
1990 794 2103 851 Sic-

531 892 635 946 que
657 878 931 932 decretum
976 889 1078 944 est,
1106 888 1167 934 ut
1197 881 1455 951 quidquid
1480 883 1531 935 in
1563 882 1993 939 ordinationibus
2018 900 2106 940 ec—

530 967 850 1023 clesiasticis
879 968 994 1024 Ebo
1035 980 1155 1041 post
1182 970 1570 1041 depositionem
1601 988 1751 1027 suam
1783 984 1988 1044 egerat,
2020 991 2107 1030 se-

529 1059 762 1115 cundmn
797 1060 1142 1117 traditionem
1164 1064 1472 1131 apostolica:
1489 1065 1653 1129 sedis,
1675 1074 1869 1132 praeter
1890 1082 2104 1120 sacrum

527 1150 789 1221 baptisma
826 1151 991 1221 (quod
1024 1151 1076 1205 in
1121 1153 1339 1207 nomine
1383 1164 1584 1208 saneta:
1621 1153 1904 1210 Trinitatis
1929 1155 2106 1226 perfe-

528 1249 675 1296 ctum
703 1242 805 1313 est)
840 1242 1052 1297 irritum
1080 1244 1391 1310 haberetur,
1432 1254 1487 1300 et
1535 1246 1768 1301 ordinati
1800 1245 1866 1300 ab
1893 1262 1957 1301 eo
1985 1263 2107 1318 gra-

527 1332 684 1387 dibus
713 1333 1099 1390 ecclesiasticis
1125 1336 1317 1407 privati
1343 1337 1660 1391 existerent.
1706 1335 1855 1391 Tunc
1882 1354 2018 1392 unus
2039 1354 2105 1393 ex

524 1423 798 1493 praedictis
857 1424 1116 1481 fratribus
1179 1426 1397 1481 nomine
1460 1427 1823 1482 Fredebertus
1870 1427 2107 1482 libellutn

525 1515 965 1585 proclamatioais
989 1518 1135 1588 legit,
1170 1518 1224 1573 in
1255 1535 1360 1589 quo
1390 1521 1790 1588 continebatur,
1820 1521 1962 1592 quod
1989 1522 2108 1577 ideo

525 1619 585 1659 se
638 1605 706 1660 ab
738 1605 920 1662 Eboue
978 1608 1355 1676 permisissent
1403 1608 1666 1672 ordinari,
1706 1610 1828 1679 quia
1863 1609 2109 1665 viderant

2213 435 2521 489 munionem
2552 435 2741 490 saltem
2770 435 3011 505 recipere
3031 448 3252 509 possent
3274 457 3371 512 per
3391 445 3582 515 synodi
3614 445 3787 502 indul-

2210 526 2468 595 gentiam.
2499 526 2651 593 Quod
2681 534 2735 581 et
2780 528 2953 598 pietas
3001 532 3350 588 sacerdotalis
3410 534 3640 591 licenter
3692 553 3784 593 as-
3828 556 3836 569 '

2211 617 2400 681 sensit,
2433 626 2488 671 et
2534 618 2957 674 misericorditer
3003 621 3205 677 eisdem
3256 623 3519 680 fratribus
3568 629 3785 685 veniam

2209 709 2495 763 concessit.
2524 709 2581 763 Et
2618 710 2692 763 ita
2740 711 2854 766 haec
2900 713 3079 766 omnia
3134 716 3299 783 geSIis
3350 718 3679 783 inserta,-et
3734 722 3787 776 in

2214 809 2561 868 conspectum
2619 798 2762 871 [ms.,
2818 803 3135 876 conspectu]
3172 808 3363 876 synodi
3418 811 3666 876 recitata,
3733 820 3789 866 et

2209 900 2327 944 rata
2370 889 2633 957 judicata,
2676 892 3056 961 praedictorum
3084 895 3333 950 manibus
3381 901 3786 968 episcoporum,

2207 988 2263 1033 et
2309 978 2557 1043 aliorum,
2615 982 2708 1050 qui
2759 981 3072 1048 interfuere,
3124 986 3521 1057 subscriptione
3573 988 3789 1044 ﬁrmata

2208 1077 2355 1122 sunt.

2278 1156 2407 1224 Qum.
2436 1159 2580 1213 actio
2623 1159 2811 1231 synodi
2857 1160 2972 1216 sedi
3026 1163 3337 1231 apostolica:
3374 1166 3442 1219 ab
3493 1164 3791 1221 Hinctnaro

2208 1248 2434 1315 directa,
2457 1260 2511 1304 et
2536 1266 2565 1304 a
2594 1249 2879 1305 Benedicto
2910 1266 3042 1321 papa
3067 1252 3262 1309 Leonis
3286 1253 3411 1322 (Leo
3435 1253 3542 1326 IV)
3573 1272 3795 1312 succes-

2209 1352 2332 1393 sore
2375 1338 2724 1393 corroborata
2771 1350 2873 1393 est.
2922 1340 3022 1406 Qui
3073 1342 3236 1396 etiam
3284 1342 3608 1400 Benedictus
3661 1344 3793 1415 (Be-

2211 1427 2334 1481 ned.
2368 1426 2487 1498 III)
2515 1444 2650 1498 papa
2679 1430 3017 1501 privilegium
3046 1433 3369 1488 auctoritate
3429 1435 3573 1489 beati
3621 1435 3793 1503 Petri,

2210 1524 2265 1570 et
2305 1517 2610 1586 apostolicae
2641 1519 2808 1588 ipsius
2852 1521 2996 1575 sedis
3046 1522 3170 1575 huic
3204 1523 3417 1592 priesuli
3447 1534 3636 1579 nostro
3661 1525 3797 1580 Hin-

2212 1622 2395 1663 cmaro
2432 1608 2662 1663 contulit
2703 1610 2875 1680 (epist.
2908 1610 2982 1682 1),
3026 1613 3274 1669 sanciens
3296 1630 3361 1669 ne
3384 1615 3611 1685 quilibet
3636 1616 3796 1683 hujus

523 1694 891 1767 suﬂ'raganeos
940 1697 1224 1754 Remensis
1275 1699 1547 1761 Ecclesia),
1589 1700 1894 1756 Rolhadum
1925 1702 2107 1757 videli-
2138 1689 2185 1748 Β
2213 1698 2510 1753 dimeeseos
2539 1699 2739 1770 regulis
2770 1701 3070 1772 subjectus,
3115 1718 3180 1758 eo
3227 1714 3537 1774 contempto
3570 1705 3796 1776 impune

522 1801 613 1845 cet
649 1791 984 1861 episcopum,
1022 1791 1228 1862 Lupum
1254 1833 1268 1858 ,
1302 1791 1613 1848 Simeonem
1644 1834 1660 1860 ,
1712 1793 2007 1865 Erpuinum
2053 1794 2107 1848 in

523 1880 862 1949 mctropolim
904 1881 1227 1937 Remensem
1276 1882 1564 1938 ecclesiam
1617 1886 1933 1940 convenisse
1984 1901 2105 1939 cum

522 1967 719 2025 litteris
762 1970 1006 2025 Lotharii
1055 1972 1419 2041 imperatoris,
1468 1982 1523 2027 et
1566 1974 1812 2029 eumdem
1867 1976 2107 2030 Ebonem

523 2058 844 2115 restituisse.
896 2060 962 2114 Et
1012 2061 1235 2132 insuper
1285 2064 1635 2118 ostenderunt
1682 2064 1843 2118 iidem
1898 2064 2107 2133 przefati

521 2149 707 2205 clerici
737 2151 948 2207 litteras
978 2155 1131 2224 quasi
1155 2171 1221 2210 ex
1252 2156 1470 2210 nomine
1498 2155 1815 2212 Theoderici
1847 2158 2105 2228 episcopi,

525 2239 780 2306 Rothadi,
829 2241 984 2311 Lupi.
1013 2242 1291 2309 Immonis,
1340 2260 1405 2300 ac
1437 2254 1759 2300 creterorum
1788 2245 1947 2315 hujus
1976 2247 2110 2301 dim-

522 2346 709 2387 ccseos
729 2333 1104 2403 episcoporum
1136 2336 1385 2390 manibus
1417 2336 1731 2401 roboratas;
1778 2352 1897 2406 qua:
1925 2347 2104 2392 tamen

522 2427 592 2481 ab
637 2426 840 2482 eisdem
867 2427 1135 2499 episcopis
1178 2429 1417 2484 recitatae
1447 2428 1488 2501 [i
1517 2469 1534 2495 ,
1567 2430 1735 2491 lectae,
1766 2430 1806 2499 f.
1841 2428 2105 2502 rcfutatae]

520 2517 781 2588 falsaeque
811 2527 938 2574 sunt
986 2520 1387 2589 comprobata;
1426 2530 1481 2575 et
1510 2522 1633 2591 quia
1684 2522 1807 2575 talia
1839 2523 2108 2592 episcopis

522 2609 820 2681 impingere
856 2611 1317 2680 prmsumpserint,
1370 2611 1505 2681 jussi
1556 2620 1682 2666 sunt
1727 2612 2107 2667 communione

523 2698 745 2768 privari.
803 2697 897 2753 llis
929 2700 1002 2753 ita
1029 2700 1352 2764 terminatis,
1401 2703 1618 2755 decreto
1641 2702 1902 2771 judicunt,
1945 2711 2108 2770 atque

523 2802 787 2842 consensu
807 2788 1083 2858 principis,
1104 2788 1426 2843 Hincmarus
1453 2790 1889 2860 archiepiscopus
1910 2792 2109 2861 prima-

523 2889 612 2934 tus
644 2879 728 2934 sui
752 2878 924 2935 locum
956 2880 1176 2950 recepit.
1204 2880 1340 2934 Tum
1365 2881 1429 2936 de
1456 2881 1768 2952 presbytero
1798 2882 2026 2961 quodam
2053 2890 2108 2936 et.

525 2971 723 3026 abbate
749 2971 1061 3027 Allivillaris
1108 2973 1373 3038 cmnobii,
1425 2974 1642 3029 nomine
1695 2974 1983 3040 Halduino,
2037 2974 2105 3028 ab

525 3062 712 3117 Ebone
746 3063 1005 3118 diaconus
1040 3064 1184 3119 visus
1214 3064 1388 3119 fuerat
1434 3065 1735 3130 ordinatus,
1781 3074 1835 3120 et
1882 3080 1909 3118 a
1956 3065 2107 3135 Lupo
2135 3039 2178 3099 Ο

528 3160 714 3222 postea
742 3153 1119 3209 Catalauuensi
1168 3157 1421 3226 episcopo
1463 3159 1746 3230 presbyter
1775 3157 1952 3212 fuerat
1975 3173 2106 3213 con-

526 3251 791 3305 secratus,
824 3252 967 3297 mota
1012 3254 1095 3298 est
1123 3246 1371 3314 quaestio.
1433 3246 1673 3316 Surgeus
1712 3246 1893 3316 itaque
1923 3247 2106 3317 Lupus

524 3333 830 3403 episcopus,
877 3336 1119 3404 porrexit
1156 3337 1431 3403 volumen,
1482 3339 1535 3392 in
1568 3354 1674 3407 quo
1701 3341 2102 3403 continebatur,

527 3423 799 3494 quomodo
822 3423 1007 3494 jussus
1056 3434 1141 3480 est
1190 3428 1352 3497 regiis
1399 3428 1592 3483 litteris
1636 3428 1815 3483 Karoli
1853 3431 1994 3501 regis
2046 3439 2108 3485 ut

526 3517 652 3586 quia
684 3518 994 3587 metropolis
1024 3518 1314 3574 Remorum
1353 3521 1579 3576 ecclesia
1626 3531 1839 3591 pastore
1864 3523 2103 3587 carebat,

527 3605 581 3660 in
600 3607 938 3664 confectione
966 3609 1299 3677 chrismatis,
1345 3610 1571 3682 aliisque
1595 3606 1823 3683 negotiis
1847 3613 2104 3669 ecclesia.

528 3698 679 3753 sticis
732 3713 831 3769 pro
886 3700 967 3755 sui
1020 3702 1376 3771 possibilitate
1434 3702 1717 3758 consulere
1768 3712 2102 3774 procuraret.

527 3791 790 3859 Quocirca
839 3808 961 3848 cum
1002 3794 1226 3862 epistola
1277 3795 1423 3865 regia
1475 3803 1533 3847 ut
1575 3795 1747 3865 ipsum
1783 3794 2105 3851 Halduinum

526 3885 898 3957 presbyterum
929 3886 1225 3952 ordinaret,
1257 3896 1417 3956 atque
1450 3887 1500 3940 in
1528 3888 1807 3943 Altivillari
1837 3897 2108 3944 monaste-

528 3975 609 4028 rio
639 3975 889 4029 abbatem
920 3986 1196 4043 sacraret,
1244 3978 1659 4032 archidiaconus
1688 3976 1969 4032 Rcmensis
2010 3979 2110 4033 Ec-

528 4063 727 4129 clesiae,
770 4081 889 4119 cum
917 4065 1039 4119 aliis
1069 4066 1457 4119 comministris
1495 4074 1603 4117 tam
1630 4066 1905 4120 canonicis
1948 4081 2108 4135 quam

530 4156 831 4220 monachis,
870 4156 943 4209 illi
975 4156 1266 4221 obtulerit;
1298 4171 1565 4225 quemque
1596 4156 1663 4210 ad
1694 4165 1875 4212 votum
1901 4158 2109 4227 prtefati

528 4242 785 4314 principis
811 4255 865 4298 ct
883 4244 1220 4300 offerentium
1252 4245 1604 4300 ordinaverit.
1643 4245 2110 4315 Undejudicatum

528 4342 662 4388 esta
689 4335 913 4404 synodo,
954 4336 1202 4389 eumdem
1234 4337 1544 4406 episcopum
1590 4336 1722 4390 nihil
1748 4339 2109 4395 damnationis

530 4425 598 4481 de
629 4396 767 4480 illius
815 4396 1152 4481 ordinatione
1197 4396 1457 4497 attigisse.
1513 4425 1618 4481 Sed
1667 4428 1757 4496 qui
1805 4428 1945 4483 saltu
1988 4430 2105 4485 sine
2140 4396 2186 4455 D

531 4520 698 4592 gradu
729 4519 958 4575 diaconii
984 4518 1053 4573 ad
1099 4519 1458 4575 sacerdotium
1503 4519 1815 4588 prosilierit,
1845 4522 1896 4575 in
1921 4522 2107 4591 degra-

530 4614 800 4668 dationem
834 4613 1068 4668 debitam
1096 4612 1304 4666 resilire
1342 4612 1582 4665 deberet.
1641 4612 1840 4667 Deinde
1881 4614 2111 4683 requisi-

530 4711 645 4757 tum
668 4712 746 4758 est
780 4704 844 4758 de
877 4704 962 4758 his
1011 4703 1100 4772 qui
1140 4702 1307 4757 Eboui
1353 4711 1473 4770 post
1515 4702 1903 4771 depositiouern
1959 4719 2108 4758 suam

533 4791 1087 4857 communicaverant,
1136 4800 1191 4846 et
1241 4793 1464 4845 recitata
1515 4791 1836 4845 auctoritate
1879 4790 2111 4858 qualiter

532 4882 715 4937 sanari
743 4881 1022 4947 deberent,
1063 4891 1331 4952 repertum
1360 4890 1445 4936 est
1470 4897 1534 4935 ex
1562 4882 1839 4937 canonicis
1889 4882 2109 4937 institu-

534 4973 623 5039 tis,
670 4987 762 5029 eos
791 4981 912 5045 post
943 4972 1388 5039 satisfactionem,
1420 4976 1542 5028 data
1570 4974 1674 5029 illis
1714 4975 2038 5046 indulgentia
2060 4985 2114 5030 et

532 5068 914 5123 communione
965 5081 1119 5121 sacra
1168 5082 1288 5122 cum
1340 5068 1716 5122 benedictione
1747 5067 1965 5130 tributa,
2020 5082 2117 5138 per

534 5171 719 5210 eorum
747 5158 1021 5226 proprium
1067 5157 1400 5226 episcopum,
1447 5166 1707 5226 operante
1766 5156 1990 5209 Domino
2021 5173 2120 5210 no-

538 5256 651 5300 stro
710 5246 836 5301 Jcsu
892 5247 1127 5311 Christo,
1184 5247 1666 5317 purineariatque
1711 5246 1887 5298 sanari
1936 5261 2114 5314 posse.

537 5335 692 5392 Ottod
752 5348 807 5392 et
871 5350 1047 5392 actum
1111 5347 1197 5392 est
1263 5354 1361 5392 per
1424 5335 1787 5392 venerabilem
1863 5334 2115 5388 llincma-

2210 1793 2462 1858 auderet,
2514 1808 2608 1848 seu
2660 1793 2871 1848 valeret
2924 1794 3097 1849 aliena
3146 1806 3423 1866 expetere,
3461 1805 3557 1851 aut
3596 1811 3796 1868 exspe—

2209 1894 2356 1937 ctare
2422 1884 2647 1954 judicia.
2708 1884 2815 1938 Sed
2881 1886 3110 1941 domnus
3176 1886 3429 1941 Nicolaus
3498 1885 3710 1957 (Nicol.
3741 1886 3794 1956 1)

2208 1971 2448 2041 ejusdem
2479 1974 2754 2028 Benedicti
2788 1989 3093 2039 successor,
3121 1977 3434 2044 petentibus
3455 1977 3640 2032 sedem
3665 1989 3797 2045 apo-

2209 2063 2455 2116 stolicam
2515 2064 2829 2133 prmnotatis
2882 2064 3129 2135 dejectis,
3160 2075 3589 2136 puernemoratze
3638 2076 3795 2137 gesta

2209 2150 2397 2222 synodi
2460 2160 2788 2207 retractasse
2844 2162 3006 2224 atque
3060 2156 3470 2224 reprehendisse
3525 2156 3799 2225 reperitur

2209 2240 2381 2311 (epist.
2406 2239 2521 2309 46),
2550 2242 2820 2311 prwcipue
2839 2243 2980 2311 quod
2996 2243 3107 2297 sola
3125 2243 3428 2298 obedientia
3451 2244 3795 2297 subditorum

2211 2338 2459 2400 reputata
2504 2329 2698 2386 fuisset
2745 2332 2799 2386 in
2851 2334 3087 2402 culpam,
3134 2342 3188 2387 et
3217 2334 3306 2403 qui
3355 2333 3560 2403 prtelati
3587 2333 3795 2403 judicio

2210 2429 2415 2475 temere
2442 2436 2547 2475 non
2581 2423 2921 2489 restiterunt,
2943 2425 3037 2477 sed
3080 2422 3354 2477 humiliter
3371 2423 3510 2478 colla
3539 2424 3798 2477 subdide-

2207 2523 2333 2567 runt
2354 2553 2370 2579 ,
2404 2513 2752 2568 severissime
2777 2514 3119 2584 punirentur,
3150 2523 3206 2569 et
3233 2515 3323 2585 qui
3356 2513 3793 2567 misericordiam

2207 2603 2539 2673 petiverant,
2572 2618 2673 2658 nec
2697 2605 2924 2675 justum,
2956 2615 3014 2660 ut
3054 2607 3267 2668 asserit,
3288 2606 3547 2676 judicium
3580 2619 3795 2658 merue-

2209 2693 2339 2748 rint.
2368 2694 2589 2749 lntimat
2635 2695 2803 2749 etiam
2854 2697 3126 2766 quomodo
3165 2696 3416 2750 dominus
3464 2695 3793 2750 Hinctnarus

2208 2801 2307 2855 pro
2332 2788 2415 2841 his
2446 2788 2584 2842 actis
2616 2788 2830 2843 concilii
2870 2788 3036 2843 Leoni
3074 2804 3226 2859 papa:
3255 2804 3359 2842 non
3388 2787 3552 2842 semel
3584 2787 3793 2857 suppli-

2210 2891 2303 2932 ces
2329 2875 2536 2931 litteras
2560 2877 2789 2944 miserit,
2816 2887 3082 2947 quatenus
3108 2879 3248 2934 idem
3273 2878 3561 2933 concilium
3588 2892 3792 2947 appro-

2212 2967 2371 3033 bans,
2402 2968 2725 3023 auctoritate
2779 2969 3073 3039 apostolica
3132 2970 3432 3023 roboraret.
3493 2969 3651 3034 Quod
3707 2968 3795 3022 ille

2211 3071 2371 3128 agere
2397 3058 2626 3113 sollicite
2669 3060 2931 3127 renuerit,
2963 3075 3029 3113 eo
3061 3060 3203 3128 quod
3245 3073 3343 3128 per
3376 3058 3590 3127 aliquos
3614 3074 3683 3112 ex
3711 3058 3796 3111 his

2210 3148 2503 3219 episcopis,
2538 3149 2629 3219 qui
2659 3150 2869 3221 synodo
2900 3151 3234 3214 resederant,
3271 3159 3330 3204 ut
3355 3150 3623 3205 dubitatio
3653 3148 3797 3203 foret

2210 3241 2471 3295 radicitus
2516 3241 2721 3307 evulsa,
2772 3242 3014 3312 ejusdem
3067 3242 3255 3309 synodi
3286 3250 3485 3297 statuta
3528 3239 3796 3296 destinari

2209 3333 2542 3399 debuissent,
2572 3335 2840 3404 praecipue
2874 3348 2995 3389 cum
3041 3335 3235 3390 ibidem
3268 3334 3425 3405 legati
3477 3333 3626 3389 sedis
3657 3348 3795 3404 apo-

2210 3426 2414 3481 stolica:
2460 3434 2759 3495 prtesentes
2801 3442 2907 3482 non
2937 3428 3159 3482 fuerint.
3193 3427 3261 3481 Et
3282 3428 3409 3496 quia
3443 3426 3497 3481 hi
3523 3440 3660 3496 quos
3708 3425 3798 3480 ille

2210 3521 2537 3578 auctoritate
2562 3521 2751 3593 synodi
2785 3519 3085 3576 aﬂirmabat
3110 3522 3398 3592 depositus,
3418 3537 3515 3592 per
3543 3521 3795 3592 proprias

2209 3611 2420 3667 litteras
2446 3612 2512 3667 ad
2561 3613 2742 3667 sedem
2769 3612 3120 3682 apostolicam
3155 3612 3564 3683 appellaverint,
3597 3619 3652 3665 et
3683 3610 3795 3664 vel-

2209 3703 2320 3758 lent
2361 3705 2555 3760 iterum
2610 3720 2668 3759 se
2710 3703 3020 3775 apostolicae
3071 3703 3215 3758 sedis
3265 3702 3438 3757 audiri
3478 3701 3795 3772 praesentia,

2208 3796 2528 3867 praecepisse
2559 3811 2773 3867 quoque
2801 3795 3049 3850 eumdem
3093 3809 3308 3863 papam,
3356 3802 3415 3847 ut
3466 3791 3797 3848 Hincmarus

2215 3889 2414 3959 praesul
2437 3890 2503 3942 ad
2530 3887 2820 3942 concilium
2873 3901 2994 3939 cum
3045 3885 3150 3939 illis
3195 3894 3528 3947 occurreret,
3558 3884 3628 3936 ad
3653 3881 3797 3952 quod

2217 3994 2375 4033 suum
2428 3980 2542 4048 ipse
2595 3978 2851 4047 legatum,
2900 3975 3119 4029 Petrum
3174 3974 3427 4028 videlicet
3480 3973 3795 4042 episcopum

2213 4068 2589 4139 Spoletanum,
2617 4085 2647 4124 e
2671 4069 2843 4124 latcre
2878 4084 2976 4123 suo
2998 4068 3291 4130 direxerat,
3326 4066 3391 4119 ad
3425 4065 3798 4120 renovandum

2210 4156 2418 4211 scilicet
2457 4155 2719 4224 judicium
2748 4156 2867 4210 vice
2896 4171 3013 4210 sua.
3056 4154 3152 4210 Cui
3196 4155 3505 4216 audientiae,
3536 4154 3797 4223 quoniam

2212 4247 2443 4302 doumus
2468 4246 2794 4301 Hincmarus
2822 4263 2975 4301 suam
3004 4262 3109 4301 non
3152 4246 3391 4300 exhibuit
3423 4247 3795 4315 przesenliam,

2216 4339 2323 4393 voti
2347 4326 2539 4393 effectu
2571 4338 2828 4393 frustrato
2860 4339 2969 4393 Leo
3026 4337 3269 4408 pontifex
3303 4337 3370 4391 ab
3396 4338 3497 4390 hac
3524 4335 3651 4390 luce
3675 4337 3800 4390 sub.

2214 4438 2419 4484 tractus
2449 4438 2553 4483 est.
2586 4428 2880 4484 Benedicto
2903 4438 3085 4482 autem
3119 4429 3233 4482 viro
3262 4427 3563 4498 apostolico
3606 4443 3797 4481 succe-

2206 4520 2389 4585 dente,
2416 4521 2593 4576 eidem
2620 4519 2937 4589 subreptum
2970 4519 3152 4580 fuisse,
3183 4526 3238 4573 et
3266 4520 3318 4571 in
3352 4519 3470 4589 ipso
3506 4533 3801 4573 consecra-

2210 4612 2374 4667 tionis
2400 4608 2517 4679 ejus
2538 4611 2806 4681 principio
2828 4625 3071 4673 suasum,
3096 4618 3155 4661 ut
3183 4607 3310 4661 illud
3337 4607 3584 4661 firmaret
3614 4608 3798 4662 conci-

2211 4704 2381 4771 lium;
2416 4721 2521 4760 non
2579 4714 2757 4758 tamen
2817 4703 2865 4756 ei
2925 4701 3139 4754 suaderi
3173 4700 3435 4769 potuisse,
3477 4707 3537 4752 ut
3571 4714 3603 4752 a
3644 4698 3801 4766 iustae

2217 4797 2548 4851 definitionis
2596 4796 2816 4851 tramite
2871 4794 3191 4847 declinaret.
3230 4791 3432 4845 Verum
3478 4791 3551 4845 ita
3604 4806 3708 4859 per
3754 4790 3801 4843 ei

2219 4902 2532 4942 concessum
2568 4887 2907 4958 privilegium
2939 4884 3083 4939 illius
3133 4884 3347 4939 concilii
3405 4882 3696 4937 roborasse
3724 4883 3799 4935 in-

2220 4978 2490 5039 stitutum,
2523 4987 2580 5030 ut
2605 4979 2948 5031 auctoritatis
2994 4990 3262 5031 summam
3318 4973 3433 5029 sedi
3489 4974 3800 5043 apostoliczc

2223 5067 2546 5127 reservarit;
2581 5069 2652 5121 ita
2695 5068 2992 5121 decernens
3048 5080 3266 5118 manere
3310 5053 3628 5118 inconvulsa
3687 5074 3801 5131 quas

2202 5157 2566 5227 petebantur,
2608 5159 2650 5211 si
2699 5160 2771 5211 ita
2810 5165 2989 5210 essent
3042 5172 3141 5225 per
3185 5157 3391 5215 omnia.
3448 5169 3570 5222 qua-
3618 5152 3797 5207 do’illa

2222 5248 2430 5316 synodo
2453 5248 2520 5299 ab
2549 5246 2840 5300 llincmaro
2859 5245 3253 5309 referebantur,
3275 5253 3328 5296 et
3351 5254 3408 5296 ut
3426 5245 3552 5296 inde
3574 5242 3802 5311 quaestio

2225 5336 2391 5392 nullis
2419 5336 2704 5392 aliquando
2750 5337 3089 5392 temporibus
3118 5336 3372 5387 oriretur.
3407 5333 3514 5385 Sed
3541 5333 3801 5392 quoniam
