3974 5392
164 288 269 357 157

738 282 1085 369 msronm
1123 278 1479 340 ECCLESIE
1518 277 1860 339 ilEMENSlS
1895 278 2077 338 LIBRI
2114 278 2471 350 QUATUOB.
2510 310 2581 323 ια
2611 280 2738 336 LIB.
2781 279 2867 336 Ill.

3338 280 3447 339 Q58

166 416 301 460 tum.
352 401 623 470 Quocirca
667 402 901 474 primum
955 400 1173 471 quidem
1228 402 1428 455 domno
1465 397 1757 452 Hincmaro
1782 401 1834 458 Α
1861 395 2050 451 urbem
2076 412 2200 453 cum
2223 395 2345 451 aliis
2374 396 2465 466 qui
2498 404 2625 451 tunc
2650 396 3006 466 nequiverunt
3028 401 3218 452 adesse
3244 411 3447 454 conve-

165 499 451 554 maudavit
484 497 695 567 (Νιςοι.
744 497 785 561 1,
829 497 981 567 epist.
1015 495 1131 565 Π),
1183 494 1259 548 uti
1308 499 1760 549 commemoratos

161 590 335 652 viros.
365 588 655 644 Vull‘adum
679 589 906 652 scilicet,
928 586 1268 655 collegasque
1289 584 1479 653 ipsius,
1505 581 1759 638 clementi

162 682 351 736 animo
381 681 626 736 studeret
652 680 718 734 ad
764 695 824 734 se
875 694 1153 741 revocare,
1192 685 1248 732 et
1302 676 1371 731 de
1418 674 1762 731 restitutione

163 770 409 839 ipsorum
439 785 625 835 secum
668 768 905 824 fraterne
932 776 1225 830 trattaret,
1261 776 1427 837 atque
1454 765 1763 821 misericor-

162 860 307 913 diter
329 874 712 913 eonsummare
740 858 1118 914 contenderet.
1164 856 1414 925 Alioquin
1465 856 1533 910 ad
1578 853 1765 909 conci-

165 944 295 1003 lium
325 964 451 1002 cum
481 948 566 1003 his
590 948 880 1018 episcOpis,
914 963 949 1018 q
972 948 1121 1002 ribus
1149 955 1203 1002 et
1250 946 1364 1015 ipse
1384 958 1598 1015 quoque
1622 957 1761 1013 papa

166 1056 261 1111 pro
287 1040 393 1095 hoc
423 1040 542 1111 ipso
563 1040 857 1110 scripserat
884 1038 1101 1109 (Νιεοι.
1120 1039 1160 1104 l,
1188 1038 1445 1110 epistJﬁ,
1462 1037 1575 1107 47),
1600 1036 1764 1092 simul

165 1139 502 1196 occnrrcret,
530 1136 799 1199 quatenus
827 1144 1019 1184 omnes
1045 1129 1099 1184 in
1137 1144 1302 1183 unum
1351 1128 1759 1193 convenientes,

165 1236 388 1278 causam
417 1223 736 1278 earumdem
768 1221 1090 1277 clericorum
1130 1221 1526 1285 examinarent,
1558 1230 1615 1277 et
1655 1234 1760 1274 non

166 1311 343 1385 aliqua
372 1323 691 1385 emergente
718 1315 1135 1385 disceptatione,
1165 1313 1275 1369 Deo
1296 1328 1409 1384 pne
1458 1311 1629 1367 oculis
1662 1312 1762 1366 ha-

166 1404 303 1470 bito,
318 1404 642 1461 diﬂiuirent.
659 1405 717 1462 Si
732 1421 864 1462 vero
886 1406 1131 1475 qutelibet
1149 1405 1294 1460 inter
1308 1413 1489 1475 partes
1503 1404 1766 1473 discepta—

168 1493 241 1547 tio
260 1495 604 1565 proveniret,
634 1495 701 1550 ad
739 1496 920 1551 sedem
943 1494 1294 1565 apostolicam
1321 1509 1435 1548 suae
1460 1490 1764 1563 suscepturi

167 1585 400 1655 speciale
413 1584 682 1655 judicium
708 1601 980 1655 personae,
1007 1588 1159 1641 vices
1205 1593 1453 1640 tenentes
1482 1584 1765 1653 utriusque

169 1675 352 1730 lateris
400 1676 779 1730 convenirent.
826 1676 898 1730 At
952 1676 1050 1731 Dei
1098 1677 1290 1746 gratiae
1330 1674 1613 1744 juvamiue
1659 1675 1762 1730 hoc

1859 502 2059 543 nimus.
2930 530 2935 533 _

1937 598 1957 634 ι
2004 580 2211 637 Seriem
2237 595 2417 635 rerum
2437 590 2712 651 gestarum
2736 580 2802 635 de
2824 580 3022 637 Ebonis
3041 578 3311 651 quondam
3335 579 3443 635 Re-

1861 686 2072 727 morum
2095 671 2486 742 archiepiscopi
2508 671 2860 742 dcpositione,
2891 674 2982 727 sed
2997 680 3050 726 et
3071 672 3137 726 de
3163 671 3332 742 ipsius
3360 686 3444 725 ro-

1862 765 2165 829 stitutione,
2197 780 2297 819 nec
2325 779 2431 817 non
2468 772 2525 818 et
2555 763 2621 819 de
2650 763 2837 819 fratris
2866 763 3073 817 anfadi
3106 779 3169 817 ac
3203 764 3441 832 collega-

1862 873 1982 912 rum
2034 855 2152 917 elus
2198 856 2558 926 promotione,
2603 864 2659 910 et
2693 856 2807 926 jam
2843 855 2970 909 dicti
3016 854 3216 909 Ebouis
3249 855 3441 908 iterata

1865 946 2192 1017 repulsione,
2226 946 2293 998 ad
2322 945 2593 1014 aliamque
2617 945 2911 1001 Ecclesiam
2935 946 3277 1015 migratione,
3304 945 3446 998 unde

1863 1055 1894 1094 a
1924 1040 2079 1094 nobis
2122 1039 2457 1110 investigari,
2512 1047 2567 1093 et
2617 1038 2770 1093 vobis
2822 1039 3132 1094 remandari
3185 1036 3446 1105 jussistis,

1862 1130 1988 1201 quia
2012 1129 2095 1185 his
2122 1143 2279 1183 nemo
2301 1136 2546 1184 nostrum
2571 1129 2624 1183 in
2654 1127 2844 1185 ordine
2867 1127 3153 1198 episcopali
3179 1125 3444 1191 interfuit,

1861 1221 1968 1277 nisi
1997 1219 2167 1275 frater
2201 1220 2502 1276 Rothaldus
2531 1220 2695 1291 (sicut
2722 1235 2788 1274 ex
2839 1237 3025 1289 regum
3077 1230 3133 1275 et
3168 1220 3449 1290 episcopo-

1866 1331 1984 1370 rum
2029 1315 2375 1370 monimenlis
2420 1315 2511 1385 qui
2542 1314 2925 1380 interfuerunt,
2968 1324 3023 1371 et
3064 1316 3280 1387 scriptis
3335 1313 3448 1369 suis

1861 1410 2098 1481 posteris
2149 1407 2514 1478 reliquerunt,
2564 1408 2804 1463 breviter
2856 1406 3199 1479 collegimus)
3252 1415 3450 1461 vestrae

1864 1498 2222 1555 sanctissimae
2250 1496 2564 1566 paternitati
2595 1506 2651 1552 et
2678 1496 3187 1567 praecellentissima:
3208 1494 3447 1551 auctori-

1864 1591 1963 1646 tati
1988 1589 2428 1645 transmittimus.
2464 1586 2594 1653 Qua:
2623 1596 2747 1641 ante
2777 1587 3029 1658 colligere
3058 1596 3113 1642 et
3140 1584 3451 1641 auctoritati

1863 1692 2061 1740 vestra:
2074 1681 2309 1752 dirigere
2323 1680 2691 1735 necessarium
2715 1696 2819 1735 non
2842 1680 3167 1751 putavimus,
3193 1678 3447 1749 quoniam

169 1775 391 1834 peracto
410 1766 646 1835 judicio,
689 1765 909 1820 intimat
959 1780 1018 1820 se
1051 1766 1261 1821 litteras
1308 1766 1610 1835 suscepisse
1639 1780 1755 1819 am-

1866 1779 2004 1834 sicut
2030 1776 2184 1831 vobis
2222 1790 2318 1846 per
2352 1773 2632 1846 Egiionem
2666 1773 3030 1829 venerabilem
3080 1771 3449 1841 archiepisco-

168 1854 467 1922 plecteuda:
523 1853 832 1910 dilectionis
888 1856 1156 1922 omnium,
1222 1855 1313 1925 qui
1373 1854 1757 1920 interfuerunt,

169 1946 586 2017 episcOporum,
661 1947 1105 2003 manifestissime
1166 1946 1564 2018 significantes,
1635 1962 1758 2002 cre-

167 2035 262 2091 bro
312 2045 651 2091 memoratos
711 2035 941 2091 clericos
998 2053 1029 2092 a
1092 2037 1261 2092 totius
1326 2052 1567 2093 consona
1626 2052 1760 2092 voce

171 2128 378 2185 concilii
430 2128 627 2200 dignos
689 2130 956 2202 graduum
1006 2146 1227 2188 suorum
1279 2134 1588 2202 receptione
1633 2145 1761 2201 pro-

168 2223 464 2278 nuntiatus.
524 2221 626 2278 Ubi
666 2222 813 2278 nulla
873 2222 1039 2295 (sicut
1073 2225 1140 2292 in
1188 2225 1385 2280 litteris
1435 2225 1759 2281 earumdem

171 2312 547 2383 episcoporum
605 2314 1002 2386 reperiebatur)
1076 2315 1399 2385 disceptatio
1475 2316 1757 2385 provenit,

174 2402 312 2457 nulla
377 2405 522 2459 sicut
572 2414 828 2473 putatum
876 2404 1089 2471 fuerat,
1144 2407 1383 2461 varietas
1435 2406 1540 2461 alia
1597 2417 1762 2475 atque

172 2492 271 2548 alia
337 2493 752 2550 defendentium
855 2497 1104 2563 accidit,
1197 2497 1377 2552 nullus
1432 2507 1760 2563 accusator,

173 2584 343 2640 nullus
370 2586 767 2642 condemnator
794 2596 1039 2657 repertus
1052 2596 1154 2654 est,
1187 2589 1282 2643 sed
1303 2596 1622 2642 cunctorum
1656 2604 1761 2643 una

175 2677 470 2746 eademque
499 2678 790 2743 sententia,
840 2688 1003 2749 atque
1044 2681 1099 2734 in
1151 2682 1491 2736 restitutione
1521 2681 1763 2751 ipsorum

176 2765 419 2821 diﬂiuitio
434 2767 713 2835 claruerit,
736 2770 941 2826 eisdem
975 2772 1211 2828 innoxiis
1235 2787 1265 2825 a
1289 2781 1607 2828 cunctorum
1624 2788 1757 2827 una-

175 2856 418 2913 nimitate
469 2859 646 2914 modis
697 2861 948 2917 omnibus
1011 2862 1339 2932 approbatis.
1403 2863 1765 2934 Reprehendit

177 2957 351 3004 autem
381 2960 441 3006 et
466 2950 572 3006 hoc
600 2968 818 3023 quoque
843 2954 1131 3010 concilium
1155 2956 1412 3026 praefatus
1436 2971 1575 3025 papa
1605 2955 1766 3012 Nico-

177 3038 286 3095 laus
314 3041 421 3112 (ep.
438 3041 714 3113 46),quod
739 3060 846 3099 non
875 3045 1186 3103 solemniter
1210 3048 1412 3113 omnia,
1436 3046 1590 3116 juxta
1618 3048 1764 3118 quod

179 3130 287 3199 ipse
313 3109 664 3201 dimiiiverat,
694 3134 924 3205 egerint,
951 3135 1064 3191 sedi
1094 3109 1406 3206 apostolicre
1428 3109 1588 3206 plena
1625 3109 1763 3192 rela-
1792 3109 1836 3171 ί)

182 3222 317 3278 tione
355 3225 593 3279 actionis
634 3227 834 3281 seriem
874 3237 1201 3283 reserautes.
1250 3228 1545 3294 Debuisse,
1597 3229 1769 3295 aiens,

183 3311 437 3382 quidquid
466 3313 536 3368 de
561 3313 767 3370 Ebouis
788 3313 1108 3383 dejectione,
1136 3317 1524 3373 reclamatione
1542 3317 1770 3390 [Nicol.,

187 3400 557 3475 relegatione],
584 3404 780 3460 horum
802 3404 1122 3463 clericorum
1146 3408 1506 3478 promotione,
1529 3418 1585 3463 et
1606 3410 1773 3478 ipsius

189 3488 380 3547 Ebonis
423 3492 621 3549 iterata
670 3495 1007 3566 repulsione,
1055 3498 1125 3552 ad
1163 3497 1429 3569 aliamque
1472 3500 1773 3555 Ecclesium

192 3582 527 3653 migratione,
552 3585 640 3640 vel
668 3585 1024 3657 undecunque
1046 3587 1119 3642 ibi
1149 3588 1293 3658 quod
1323 3588 1635 3644 ventilatum
1663 3598 1768 3655 est,

194 3672 237 3727 ei
262 3675 460 3745 scripto
488 3678 841 3747 unanimiter,
875 3680 1110 3750 pleniter
1130 3694 1195 3735 ac
1225 3680 1453 3737 fideliter
1495 3681 1766 3736 intimare.

195 3764 289 3821 Sed
313 3778 365 3822 et
390 3768 747 3826 monimentis
790 3770 1051 3827 insertum
1082 3772 1149 3825 ad
1182 3770 1478 3841 pleniorem
1511 3788 1680 3842 penes
1712 3787 1769 3827 se

192 3862 424 3917 notitiam
453 3872 510 3918 et
549 3865 932 3920 certitudinem
963 3879 1263 3921 reservare.
1308 3865 1570 3936 Prmcepit
1617 3880 1766 3936 ergo,

193 3963 792 4031 utquacunque-super
821 3960 923 4017 hac
953 3962 1252 4032 rescripta,
1284 3969 1449 4017 tama
1481 3961 1607 4015 sede
1633 3975 1768 4032 apo—

195 4049 391 4115 stolica,
446 4067 610 4122 quam
657 4069 688 4106 a
742 4055 1076 4109 nostratibus
1118 4054 1260 4110 edita
1304 4054 1666 4124 reperiantur,
1710 4063 1767 4109 et

198 4140 323 4207 quod
364 4142 491 4198 hinc
524 4144 720 4212 prmsul
750 4144 1096 4209 llincmarus,
1127 4153 1182 4201 et
1230 4146 1307 4202 illi
1350 4145 1543 4215 dejecti
1581 4146 1765 4203 clerici

197 4232 295 4287 sedi
327 4235 637 4304 apostolica:
660 4237 1029 4307 suggesserim
1053 4245 1215 4309 atque
1258 4238 1560 4303 retulerint,
1589 4239 1643 4293 in
1674 4253 1768 4294 vo-

198 4320 357 4380 lumen
386 4342 557 4381 unum
582 4368 597 4390 ,
632 4328 823 4382 ordine
847 4342 956 4397 quo
975 4329 1138 4383 missa
1169 4337 1326 4394 sunt,
1356 4329 1762 4399 redigerentur,

1856 1884 1985 1939 pum
2015 1867 2222 1936 scripto
2252 1866 2618 1935 suggessimus
2661 1864 2714 1919 in
2753 1881 2861 1935 quo
2889 1864 3089 1919 nullam
3133 1862 3450 1918 memoriam

1860 1960 1928 2015 de
1964 1971 2291 2029 quacunque
2332 1957 2533 2011 Ebonis
2578 1956 2919 2026 depositione
2965 1956 3291 2020 habuimus,
3348 1968 3451 2010 nec

1858 2050 2048 2107 haberi
2085 2062 2215 2106 tunc
2269 2049 2638 2104 necessarium
2678 2047 2936 2112 vidimus,
2979 2047 3135 2102 nobis
3180 2045 3235 2103 in
3263 2059 3453 2099 eorum

1859 2141 2088 2196 fratrum
2120 2140 2461 2196 restitutione
2487 2153 2594 2193 non
2626 2139 2842 2208 quidem
2874 2137 3324 2207 disceptantibus,
3353 2151 3454 2192 nec

1862 2231 1967 2287 alia
2018 2241 2183 2301 atque
2216 2231 2322 2285 alia
2370 2229 2824 2292 decernentibus,
2859 2228 2952 2283 sed
2992 2243 3156 2282 unum
3195 2227 3446 2295 idemque

1861 2323 2154 2378 secundum
2191 2321 2535 2376 traditionem
2590 2320 2884 2390 majorum,
2927 2334 3091 2389 quam
3141 2316 3455 2372 discretioui

1859 2424 2056 2469 vestra:
2104 2413 2356 2467 intimare
2385 2412 2719 2476 curavimus,
2774 2410 3157 2472 sentientibus,
3179 2423 3315 2477 quos
3345 2422 3451 2461 non

1860 2504 2113 2578 procacia
2144 2503 2409 2560 obnoxios
2435 2502 2597 2567 fecit,
2625 2503 2719 2557 sed
2756 2501 3061 2557 obedientia
3094 2498 3451 2570 inculpabilcs

1862 2599 1917 2652 in
1932 2596 2218 2666 adeptione
2235 2609 2515 2649 sacrorum
2541 2594 2829 2664 graduum,
2847 2593 3002 2663 juxta
3020 2589 3453 2646 sincerissimum

1864 2687 2148 2744 sententia:
2186 2694 2381 2740 vestrre
2409 2684 2743 2739 intellectum
2779 2682 3013 2747 induxit,
3041 2681 3157 2736 sine
3183 2677 3457 2735 contradi-

1865 2779 2044 2833 ctione
2074 2777 2127 2831 iu
2166 2776 2280 2831 suis
2323 2774 2609 2829 ordinibus
2655 2773 2943 2828 restituere
2996 2782 3455 2832 maturassemus,

1866 2868 1969 2924 nisi
2007 2867 2301 2939 privilegiis
2329 2875 2532 2922 sancta:
2563 2864 2823 2919 Romanae
2870 2862 3038 2925 sedis,
3062 2876 3159 2931 per
3204 2873 3456 2914 reveren-

1867 2963 1992 3017 dum
2008 2960 2334 3016 confratrem
2360 2967 2603 3012 nostrum
2625 2955 2972 3010 Hincmarum
2986 2952 3455 3021 archiepiscopum

1869 3062 2069 3111 nostrze
2095 3052 2471 3107 unanimitatis
2500 3050 2747 3120 prolatis,
2777 3063 2897 3118 qua:
2917 3047 2981 3102 de
3007 3046 3137 3116 ipsis
3156 3045 3289 3099 viris
3309 3058 3459 3113 qua:-

1874 3149 1998 3202 dam
2075 3154 2423 3211 statuerunt,
2489 3144 2670 3200 debita
2721 3141 3023 3197 reverentia
3087 3137 3453 3193 exhiberetur.

1873 3238 2113 3305 Quorum
2181 3252 2432 3301 summa,
2484 3234 2764 3304 perfecta,
2821 3240 2878 3288 et
2928 3231 3141 3303 integra
3203 3228 3453 3295 ﬁrmitas,

1872 3338 1934 3384 ut
1975 3329 2173 3385 claruit
2224 3336 2279 3381 et
2325 3326 2532 3395 justum
2583 3335 2688 3391 est,
2732 3325 2786 3380 in
2825 3323 3132 3394 apostolica:
3190 3319 3335 3377 sedis
3369 3333 3456 3373 re-

1872 3433 2085 3479 servata
2133 3429 2253 3476 erat
2292 3420 2520 3477 arbitrio
2567 3418 2847 3490 potestatis
2904 3430 3291 3487 :quorumque
3350 3414 3458 3483 pri-

1870 3511 2186 3578 vilegiorum
2216 3509 2560 3564 authenticas
2613 3509 2850 3570 chartas,
2878 3522 3001 3562 cum
3029 3506 3192 3562 salvis
3230 3502 3453 3575 sigillis,

1870 3612 1925 3659 et
1967 3601 2298 3672 incorruptis
2337 3600 2624 3669 scripturis
2675 3599 2814 3653 idem
2859 3597 3134 3652 confrater
3156 3604 3213 3650 ct
3255 3607 3451 3649 consa-

1871 3694 2065 3749 cerdos
2112 3702 2319 3756 noster,
2364 3706 2468 3745 non
2501 3690 2568 3744 ad
2616 3689 2997 3759 praedictorum
3027 3686 3258 3741 fratrum
3287 3698 3453 3738 nocu-

1869 3796 2132 3849 mentum,
2190 3797 2364 3851 neque
2394 3781 2462 3836 ad
2494 3779 2655 3834 ullam
2692 3778 3208 3840 contradictionem,
3244 3774 3341 3829 sed
3383 3773 3451 3828 ad

1869 3876 2104 3932 debitam
2161 3871 2522 3928 reverentiam
2589 3870 2706 3925 sedi
2765 3866 3093 3939 apostolicae,
3135 3873 3192 3919 ut
3227 3863 3450 3934 dignum

1867 3978 1971 4034 est,
2000 3966 2385 4032 exhibendam,
2420 3963 2678 4029 ostendit,
2700 3977 2824 4018 cum
2855 3959 3021 4031 gestis
3041 3957 3446 4027 episcoporum,

1869 4073 2098 4130 quorum
2128 4070 2225 4110 vos
2275 4063 2394 4109 acta
2440 4052 2734 4123 relegisse,
2766 4059 2822 4106 et
2855 4048 3090 4120 qualiter
3136 4042 3447 4117 praesignati

1869 4150 2051 4207 clerici
2102 4146 2380 4217 degradati
2430 4143 2629 4199 fuerint
2684 4141 2987 4213 reperisse,
3040 4138 3196 4192 nobis
3239 4135 3452 4207 aperire

1870 4241 2072 4313 dignati
2094 4239 2246 4294 estis.
2268 4237 2477 4304 Quibus
2498 4249 2604 4289 non
2630 4230 2975 4303 subscripsit,
2998 4230 3126 4300 quia
3152 4237 3204 4282 et
3226 4225 3444 4280 eosdem

1870 4340 2068 4395 fratres
2087 4353 2187 4393 suo
2208 4335 2414 4404 judicio
2439 4349 2545 4388 non
2567 4329 2781 4400 dejecit,
2806 4329 2946 4383 sicut
2973 4326 3127 4381 vobis
3154 4332 3210 4378 et
3230 4322 3369 4394 ipse,
3392 4327 3453 4375 et

199 4416 561 4483 “390510503
581 4418 717 4483 sedi.
740 4419 1136 4489 exemplaribus
1158 4421 1259 4476 Sibi
1277 4424 1590 4489 reservatis.
1619 4439 1768 4479 Sum-
1796 4456 1844 4517 ι)
1876 4447 1975 4487 nos
2009 4428 2348 4497 scripsimus,
2393 4435 2448 4480 et
2470 4433 2624 4494 gesta
2654 4424 2769 4493 ipsa
2793 4421 3190 4480 demonstrant,
3229 4423 3286 4468 et
3308 4413 3452 4512 sicut

176 4517 275 4595 nio
312 4507 491 4562 studio
534 4507 891 4581 dirigeretur.
928 4509 997 4564 Et
1042 4510 1088 4565 si
1127 4511 1191 4565 de
1234 4521 1432 4567 cancro
1478 4513 1607 4582 quid
1657 4511 1763 4568 tale
1796 4499 1841 4517 υ
1862 4524 1973 4595 jam
2000 4518 2357 4575 sanctissimae
2403 4514 2717 4586 paternitati
2745 4521 2938 4566 vestra:
2962 4505 3325 4579 suggessimus
3343 4499 3447 4595 ,βίη

200 4593 319 4654 forte
342 4601 633 4672 contigerit
661 4603 899 4668 evenire,
938 4611 1162 4673 propter
1188 4604 1332 4673 quod
1355 4613 1678 4660 conventum
1705 4606 1760 4660 in

202 4691 491 4759 regionibus
529 4691 614 4746 his
650 4692 765 4749 lieri
799 4694 1143 4750 sacerdotum
1165 4694 1463 4764 prmcipiat,
1491 4694 1597 4750 hoc
1623 4695 1765 4752 inter

204 4788 372 4835 caetera
395 4781 525 4836 nulli
555 4783 771 4851 penitus
812 4782 1070 4839 oblivioni
1099 4785 1336 4848 tradant,
1369 4785 1462 4840 sed
1492 4792 1615 4855 post
1641 4802 1762 4841 om-

204 4868 277 4921 nia
301 4870 348 4924 id
367 4887 529 4944 agere
565 4872 831 4943 majorum
867 4889 1019 4931 more
1049 4875 1444 4932 studiosissime
1477 4887 1726 4950 satagant
1746 4919 1762 4947 ,

207 4966 252 5012 ει
272 4972 476 5019 caetera.

266 5053 520 5116 Pmmissi
548 5062 780 5133 denique
804 5060 1023 5118 concilii
1048 5061 1322 5129 praesules,
1346 5062 1656 5131 apostolica:
1674 5079 1765 5121 se-

211 5142 595 5238 dispbedientes
618 5154 926 5224 praeceptis,
975 5150 1215 5208 ordinem
1263 5165 1461 5238 rerum.
1490 5163 1765 5225 gestarum

212 5233 271 5274 «1⁸
290 5236 468 5274 Ρινηὶῖρ
493 5243 791 5274 ιΙηῖΛΛΙῖΛ-σιη
846 5243 928 5274 ινΛΙ
958 5243 1298 5274 ωιῖοι-ιῖιιηο
1348 5242 1651 5274 δίη-ηιηηι-ιι
1681 5263 1736 5274 ..Α

1867 4588 2111 4683 ejusdem
2149 4608 2223 4662 rei
2252 4607 2471 4676 negotio
2493 4602 2895 4660 decertantibus
2923 4612 2982 4654 et
3010 4596 3258 4669 quaedam
3290 4588 3452 4646 deﬂo-

1852 4702 2115 4761 rantibus
2159 4713 2267 4754 non
2313 4708 2493 4752 tamen
2525 4691 2939 4751 terminautibus
2968 4689 3155 4752 nobis,
3200 4699 3265 4740 eo
3282 4695 3454 4751 usque

1868 4808 2088 4850 causam
2112 4789 2466 4861 perduximus
2489 4827 2505 4853 ,
2532 4795 2593 4842 ut
2615 4781 2953 4843 solummodo
2984 4776 3334 4852 magisteriali
3365 4789 3457 4829 ve-

1868 4894 1985 4941 stro
2036 4879 2259 4939 culmini
2281 4893 2469 4934 eorum
2492 4880 2861 4951 assignaretur
2882 4872 3180 4936 restitutio,
3204 4866 3460 4926 attribue-

1870 4983 2023 5030 retur
2052 4970 2403 5034 reformatio,
2449 4970 2814 5027 ascriberetur
2852 4963 3267 5034 redintegratio.
3309 4954 3463 5011 Unde

1871 5075 2059 5137 postea
2119 5060 2451 5117 unanimitas
2488 5072 2678 5117 nostra
2719 5060 2774 5115 in
2812 5069 3197 5126 quamcunque
3251 5051 3465 5137 parte!!!

1872 5134 1980 5213 non
2008 5153 2322 5218 declinavit,
2358 5152 2461 5213 etsi
2514 5152 2733 5225 quidam
2763 5162 3091 5220 quacunque
3144 5134 3466 5228 necessitate

2709 5241 3046 5274 (liuor-larunt
3113 5231 3337 5274 Fuimus
3361 5225 3465 5270 "3‘

1876 5247 2068 5274 5...:an
2095 5243 2247 5274 ηηῑιῖο
2274 5242 2522 5274 :nnnllnhl
2535 5246 2649 5274 ξιξ-ιο
