3974 5392
552 363 655 421 139

1551 376 1555 381 ’
1614 361 2005 420 FLODOARDI
2043 358 2361 419 CANONIC’I
2407 359 2752 425 R‘EllENSlS
2838 364 2841 365 ν

3729 355 3830 437 ιω

549 493 673 549 quae
702 474 767 533 de
794 474 996 531 Ebonis
1033 476 1304 544 quondam
1349 475 1639 530 Remorum
1687 474 2084 544 archiepiscopi
2115 496 2130 539 δ
2163 478 2208 536 Α
2238 476 2454 544 merito,
2506 479 2800 535 Remorum
2840 480 3145 552 episcopus,
3172 499 3235 539 ac
3268 485 3439 555 plebis
3456 486 3549 544 Dei
3574 488 3829 550 famulus.

550 584 672 640 quae
702 574 826 622 ante
862 565 1082 637 triginta
1117 574 1174 620 ct
1200 575 1312 622 tres
1341 567 1561 623 circiter
1606 580 1778 623 annos
1807 566 2016 620 exstitit
2041 567 2135 620 de-
2171 588 2175 593 υ

548 659 846 729 positione,
873 666 930 713 et
970 666 1093 729 post
1118 657 1184 713 de
1221 657 1392 727 ipsius
1423 658 1788 723 restitutione,
1823 666 1923 712 nec
1951 670 2055 711 non
2084 662 2140 710 et

547 748 615 804 de
637 749 821 804 fratris
849 748 1061 804 Vulfadi
1091 762 1155 804 ac
1180 747 1511 819 collegarum
1540 746 1659 816 ejus
1696 748 2056 819 promotione,
2083 756 2139 803 et

544 837 661 908 jam
707 838 837 894 dicti
884 838 1090 894 Ebonis
1139 837 1332 893 iterata
1380 838 1717 910 repulsione,
1769 839 1839 895 ad
1871 838 2139 909 aliamque

552 929 850 985 Ecclesiam
900 927 1266 1000 migratione,
1315 930 1370 984 in
1416 940 1604 985 eorum
1633 930 1725 999 qui
1762 929 1876 1000 jam
1929 945 2027 985 nos
2071 930 2139 986 ad

550 1018 841 1075 Dominum
869 1028 1266 1091 praecesserunt
1295 1021 1513 1091 scriptis
1539 1062 1555 1086 ,
1583 1035 1771 1076 verum
1803 1028 1858 1074 et
1877 1034 1997 1089 quzc
2022 1020 2142 1075 illo-

552 1124 698 1177 rum,
719 1112 813 1181 qui
837 1112 1235 1175 interfuerunt,
1262 1113 1517 1169 veridicis
1547 1111 1901 1169 relationibus
1921 1126 2141 1181 compe-

555 1202 744 1259 rimus.
780 1202 915 1270 Quaa
949 1205 1114 1260 etiam
1157 1220 1225 1261 ex
1251 1218 1444 1273 magna
1474 1212 1629 1275 parte
1656 1204 1708 1259 in
1736 1204 1903 1274 gestis
1923 1203 2140 1272 episco-

549 1308 739 1363 porum
769 1292 1015 1364 Belgicae,
1033 1293 1242 1360 Gallim,
1271 1292 1537 1348 Neustriae
1558 1333 1572 1359 ,
1599 1304 1656 1348 et
1682 1292 1987 1361 Aquitaniae
2014 1308 2141 1362 pro-

551 1385 851 1441 vinciarum
880 1402 1033 1456 papa:
1068 1387 1259 1458 Sergio
1306 1386 1642 1457 dirigendis,
1682 1395 1738 1441 ct
1783 1385 1948 1439 Leoni
1994 1402 2142 1455 papa:

549 1476 778 1531 directis
808 1492 928 1531 cum
966 1494 1157 1533 eorum
1189 1479 1434 1549 epistola,
1467 1478 1562 1533 sed
1598 1478 1650 1532 in
1672 1478 1918 1549 epistolis
1949 1476 2145 1532 Letha-

558 1567 622 1621 rii
659 1567 1035 1636 imperatoris,
1064 1578 1120 1624 et
1156 1568 1336 1624 ΚειτοΙὶ
1365 1569 1509 1638 regis
1542 1567 1739 1623 exinde
1765 1567 1986 1621 directis
2009 1583 2143 1622 con-

555 1660 828 1724 tinentur,
859 1676 996 1731 quas
1039 1661 1091 1725 in
1116 1660 1315 1715 scrinio
1344 1644 1590 1715 Romano
1617 1658 1891 1713 credimus
1920 1671 2143 1713 conscr-

562 1751 676 1806 rari
709 1791 727 1817 ,
782 1762 973 1807 vestra:
1020 1752 1331 1807 auctoritati
1406 1749 1843 1806 transmittimus.
1929 1748 2144 1819 Scripta

2318 607 2337 641 ι
2362 589 2419 644 ln
2448 592 2671 661 epistola
2697 602 2891 649 vestra:
2911 597 3216 652 sanctitatis
3241 614 3337 668 per
3358 598 3603 656 Odonem
3631 606 3834 673 episco-

2241 694 2364 749 pum
2394 681 2662 752 episcopis
2692 683 2745 738 in
2776 700 2941 755 regno
2966 681 3208 742 Lotharii
3241 703 3338 757 pro
3382 691 3705 759 praeiudicio
3731 694 3833 750 Ca-

2240 771 2570 827 nteracensis
2592 773 2849 829 Ecclesiae
2877 776 3106 842 directa,
3143 777 3301 849 relegi
3326 789 3563 835 vestram
3597 785 3836 839 auctori.

2240 871 2405 916 tatem
2429 863 2829 921 sciscitaturam
2851 907 2867 932 ,
2894 867 3049 937 cujus
3094 869 3338 939 neglectu
3368 872 3561 926 eadem
3590 872 3838 930 Ecclesia

2238 952 2380 1007 ultra
2405 953 2678 1010 decimum
2704 972 2946 1013 mensem
2978 967 3196 1029 pastore
3219 971 3455 1027 vacaret,
3485 963 3632 1018 unde
3651 1004 3666 1028 ,
3694 979 3762 1019 ne
3785 975 3840 1019 ut

2242 1044 2519 1116 negligens
2567 1061 2597 1099 a
2651 1058 2835 1104 vestro
2875 1049 3178 1120 apostolatu
3232 1066 3594 1118 succensear,
3661 1056 3840 1110 indico

2243 1137 2551 1192 auctoritati
2597 1148 2790 1195 vestra:
2823 1138 3058 1209 (Νιοοι..,
3104 1143 3254 1210 epist.
3290 1144 3392 1209 65,
3423 1144 3515 1210 64,
3553 1145 3684 1215 65).
3724 1158 3842 1219 post

2242 1227 2486 1283 directas
2527 1228 2785 1285 Lothario
2830 1240 2886 1286 et
2921 1232 3188 1302 episcopis
3210 1235 3357 1306 regni
3388 1233 3505 1302 ejus
3536 1244 3707 1306 atque
3735 1236 3843 1292 Hil-

2240 1315 2436 1383 ‘duino,
2462 1320 2552 1388 qui
2584 1321 2830 1375 eamdem
2869 1321 3162 1377 Ecclesium
3192 1324 3563 1395 irregulariter
3608 1342 3845 1397 occupa-

2242 1405 2361 1471 vit,
2394 1407 2464 1461 ita
2495 1417 2554 1461 ut
2575 1418 2864 1479 antequam
2900 1411 3046 1480 ipsas
3074 1412 3362 1468 mitteretis
3387 1414 3680 1483 epistolas,
3712 1416 3842 1471 bac-

2246 1506 2405 1554 tenus
2460 1500 2836 1571 praeiudicium
2886 1517 3468 1576 permanerezmeque
3514 1505 3844 1561 Lotharium

2250 1598 2429 1656 regem
2460 1596 2516 1644 et
2545 1588 2737 1661 legatis
2765 1600 2819 1647 et
2859 1592 3085 1658 litteris,
3115 1602 3275 1663 prout
3302 1595 3449 1665 potui
3474 1609 3622 1664 saepe
3649 1635 3666 1660 ,
3699 1605 3846 1650 eteo

2248 1695 2422 1749 usque
2464 1680 2588 1736 inde
2632 1684 3053 1750 commonuisse,
3081 1683 3255 1739 donec
3294 1685 3456 1756 regiis
3483 1686 3601 1740 suis
3646 1684 3852 1740 litteris

2250 1768 2382 1822 mihi
2415 1770 2726 1840 respondit,
2756 1770 3068 1827 llilduinnm
3099 1772 3165 1828 ad
3195 1782 3431 1828 vestram
3458 1774 3846 1829 auctoritatem

551 1861 765 1915 quoque
789 1886 806 1913 ,
856 1860 977 1915 quae
1026 1846 1149 1901 hinc
1180 1862 1211 1899 a
1231 1852 1411 1900 vestra
1442 1841 1770 1897 auctoritate
1801 1840 2004 1895 directa
2030 1880 2046 1906 ,
2088 1848 2142 1893 et

2254 1873 2404 1914 suum
2430 1860 2663 1928 legatum
2704 1863 2938 1930 misisse,
2970 1873 3025 1917 et
3051 1862 3184 1917 nihil
3215 1862 3372 1917 aliter
3397 1864 3463 1918 de
3492 1862 3725 1934 praefata
3750 1863 3852 1918 Ec-

551 1948 751 1993 vcstra:
802 1937 1080 1993 sanctitati
1133 1936 1356 1991 remissa
1412 1932 1741 2004 relcgimus,
1795 1931 1984 1987 ordine
2032 1946 2141 2001 quo

556 2029 719 2085 missa
745 2070 760 2096 ,
792 2028 879 2084 vel
909 2029 1132 2083 remissa
1166 2027 1400 2090 fuerunt,
1434 2025 1729 2081 secundum
1762 2032 1994 2078 vestram
2022 2022 2143 2092 jus-

551 2121 762 2175 Iionem
799 2120 852 2174 in
906 2119 1178 2175 volumine
1216 2119 1336 2173 ‘isto
1378 2117 1771 2188 congessimus.
1803 2115 1869 2169 Et
1919 2116 1962 2169 si
2010 2113 2147 2169 forte

556 2211 662 2265 alia
692 2226 759 2264 ex
791 2211 895 2266 hoc
925 2211 1142 2282 negotio
1165 2250 1181 2275 ,
1220 2221 1311 2264 aut
1344 2226 1373 2264 a
1400 2208 1557 2270 nobis
1616 2216 1710 2262 aut
1763 2207 1829 2261 ad
1859 2222 1957 2262 nos
1984 2206 2146 2260 missa

557 2304 794 2370 fuerunt,
825 2318 924 2359 nos
955 2312 1134 2357 tamen
1166 2316 1272 2357 non
1322 2300 1571 2372 legimus.
1613 2300 1743 2367 Qua:
1772 2299 1935 2354 etiam
1983 2298 2149 2361 frater

548 2405 612 2450 .ct
635 2412 818 2451 cmzsm
836 2396 996 2451 erdos
1016 2404 1199 2450 noster
1220 2395 1547 2450 Hincmarus
1572 2392 1730 2448 nobis
1751 2402 1943 2447 vestrm
1967 2398 2149 2444 aucto-

556 2488 704 2541 ritati
752 2487 1018 2542 mittenda
1069 2487 1256 2552 dedit,
1302 2487 1601 2542 secundum
1644 2483 1788 2554 quod
1816 2481 2150 2552 prmcepistis

550 2577 790 2652 (Νιοοιν,
822 2581 972 2650 epist.
1013 2579 1125 2651 36),
1158 2581 1409 2637 dicentes
1460 2579 1601 2635 inter
1630 2578 1765 2651 alia:
1799 2577 2149 2645 Quaecunque

552 2684 718 2740 super
742 2678 842 2725 hac
872 2687 927 2724 re
954 2670 1155 2741 scripta
1188 2679 1296 2723 tam
1330 2686 1360 2722 a
1391 2668 1546 2724 nobis
1571 2668 1720 2739 prius
1760 2707 1776 2730 ,
1815 2681 1977 2737 quam
2006 2680 2150 2719 nunc

559 2775 589 2811 a
629 2758 781 2813 vobis
810 2759 955 2814 edita
999 2758 1341 2828 reperiuntur
1364 2798 1379 2823 ,
1421 2768 1476 2812 et
1505 2758 1635 2827 quid
1676 2756 1801 2811 hinc
1828 2754 2154 2825 coepicopus

565 2847 887 2903 llincntarus
917 2858 969 2904 et
994 2849 1071 2904 illi
1097 2848 1288 2920 dejecti
1321 2848 1508 2905 clerici
1537 2848 1653 2905 sedi
1682 2846 1992 2917 apostolica:
2023 2860 2150 2914 sug-

560 2941 847 3009 gesserim,
869 2949 1032 3013 atque
1060 2941 1368 3003 retuleriut,
1388 2941 1442 2996 in
1469 2940 1718 2997 volumen
1743 2952 1931 3001 unum,
1951 2936 2143 3014 ordine

563 3051 674 3106 quo
703 3035 863 3091 missa
893 3044 1053 3100 sunt,
1088 3037 1428 3103 redzgantur,
1467 3045 1520 3088 et
1563 3032 1874 3103 apostolica:
1917 3030 2068 3097 sedi,
2094 3038 2154 3085 ut

554 3137 884 3198 competens
909 3136 992 3183 est
1020 3169 1033 3190 ,
1062 3128 1217 3185 vobis
1241 3144 1429 3185 eorum
1457 3125 1861 3196 exemplaribus
1882 3123 2111 3180 servatis
2138 3163 2153 3187 ,

2245 1947 2435 2018 clesia,
2453 1951 2555 2006 nisi
2571 1961 2630 2005 ut
2649 1961 2856 2023 egerat,
2872 1954 3153 2022 disponere
3164 1954 3437 2022 debuisse,
3459 1953 3679 2009 doneca
3694 1953 3850 2008 vobis

2254 2042 2381 2096 inde
2413 2056 2731 2111 responsum
2755 2045 3047 2114 acciperet.
3071 2044 3367 2100 Balduinus
3394 2060 3615 2117 quoque
3637 2047 3692 2099 in
3724 2060 3850 2116 pro-

2250 2131 2399 2185 ximo
2423 2146 2568 2187 nunc
2591 2132 2824 2188 decurso
2849 2147 3035 2189 mense
3057 2132 3340 2201 Octobrio,
3364 2134 3557 2205 quinto
3579 2134 3851 2189 Kalendas

2252 2220 2610 2290 Novembris,
2641 2239 2739 2294 per
2786 2224 2920 2280 duos
2968 2226 3215 2282 homines
3266 2242 3393 2282 suos
3449 2227 3584 2282 mihi
3637 2226 3852 2281 litteras

2251 2314 2597 2369 auctoritatis
2619 2325 2812 2370 vestra:
2838 2316 3057 2383 direxit,
3090 2317 3143 2371 in
3177 2318 3376 2387 quibus
3406 2318 3750 2384 continetur,
3796 2330 3852 2373 ut

2251 2408 2470 2463 easdem
2511 2408 2721 2463 litteras
2764 2407 3099 2478 coepiscopis
3135 2408 3433 2478 provinciae
3475 2417 3683 2464 nostra:
3710 2408 3854 2480 lege-

2253 2515 2392 2566 rem,
2425 2508 2480 2555 et
2500 2499 2685 2555 .lndith
2726 2501 2968 2572 paternis
2998 2516 3062 2556 ac
3087 2501 3378 2568 maternis,
3407 2501 3690 2557 obtutibus
3715 2517 3854 2571 pra:-

2253 2597 2573 2652 sentandam
2610 2596 3039 2667 susciperemus,
3090 2594 3137 2652 si
3191 2606 3370 2651 tamen
3421 2597 3857 2668 intelligeremus

2254 2688 2396 2758 quod
2416 2687 2700 2742 confestim
2731 2687 2987 2757 praefatus
3014 2688 3499 2745 excellentissimus
3523 2704 3621 2745 rex
3643 2698 3853 2753 noster,

2255 2792 2375 2846 quae
2403 2777 2470 2832 de
2495 2778 2585 2832 illa
2617 2777 2766 2832 vobis
2799 2778 3018 2849 scriptis
3038 2819 3052 2843 ,
3090 2786 3146 2833 et
3169 2779 3350 2834 verbis
3393 2793 3490 2849 per
3514 2778 3728 2848 legatos
3758 2795 3851 2834 ve-

2254 2878 2396 2924 stros
2419 2868 2743 2939 apostolatui
2765 2877 2944 2923 vestro
2962 2868 3322 2924 renuntianda
3346 2869 3662 2939 spopondit,
3680 2871 3854 2924 adim-

2254 2961 2403 3030 plere
2444 2960 2627 3015 vellet.
2659 2959 2811 3028 Quod
2837 2959 2882 3015 si
2918 2976 3105 3015 eorutn
3138 2960 3347 3015 animos
3368 2961 3435 3016 ad
3489 2961 3540 3014 id
3576 2960 3857 3031 protelan-

2256 3049 2381 3103 dum
2402 3063 2524 3103 esse
2546 3048 2781 3103 intentos
2801 3048 3129 3117 investigare
3171 3062 3478 3117 possemus,
3503 3064 3853 3123 nequaquam

2257 3154 2376 3193 eam
2401 3138 2785 3208 reciperemus.
2809 3138 3084 3208 Alioquin,
3102 3137 3153 3192 id
3171 3144 3256 3192 est
3279 3137 3324 3192 si
3348 3136 3511 3191 aliter
3523 3137 3856 3209 egissemus,

563 3234 777 3274 summo
821 3220 1000 3275 studio
1023 3220 1325 3290 dirigantur
1350 3260 1366 3285 ,
1412 3218 1497 3275 his
1527 3217 1814 3289 subiuncta
1838 3215 2151 3287 dirigimus,
2185 3242 2227 3301 ρ
2258 3229 2432 3300 gratia
2461 3237 2517 3284 ει
2546 3228 2928 3283 communione
2961 3236 3141 3283 vestra
3180 3226 3288 3282 frui
3321 3242 3668 3297 nequaquam
3713 3227 3857 3282 vale-

571 3316 679 3363 etc.
714 3327 734 3361 ι
782 3368 795 3383 ο

1163 3420 1389 3475 CAPUT
1426 3420 1540 3475 Xll.

630 3511 703 3566 De
736 3512 1003 3566 vacatione
1029 3510 1423 3565 Cameracensis
1452 3510 1591 3564 sedis
1613 3549 1628 3573 ,
1658 3518 1704 3562 et
1735 3509 2097 3578 conjunctione

887 3579 1135 3634 Balduini
1165 3598 1281 3635 cum
1306 3581 1492 3634 ,Ιαάὶιή
1518 3579 1634 3649 ﬁlia
1673 3580 1834 3649 regis.

549 3743 552 3746 .
645 3697 719 3750 De
759 3694 1042 3749 vacatione
1066 3703 1327 3765 prmterca
1358 3694 1506 3749 sedis
1527 3694 1958 3757 (lannaracensis,
1984 3693 2076 3747 sed
2103 3699 2157 3746 et

569 3788 640 3844 de
668 3787 1052 3857 conjunctione
1072 3786 1321 3841 Balduini
1345 3786 1563 3840 comitis
1588 3793 1644 3839 et
1664 3783 1848 3840 Judith
1877 3783 2110 3839 indebita
2136 3799 2150 3849 ;

571 3898 693 3954 qua:
738 3882 945 3938 scilicet
973 3880 1157 3935 .ludith
1198 3879 1381 3935 Karoli
1427 3880 1570 3951 regis
1597 3878 1704 3933 fdia
1735 3876 2002 3933 Edilnulfo
2043 3879 2153 3944 regi

571 3975 897 4045 Anglorum,
932 3975 1022 4044 qui
1051 3983 1107 4028 et
1146 3973 1491 4038 Edelboldus,
1517 3973 1719 4028 dudum
1749 3970 1930 4026 fuerat
1954 3970 2005 4024 in
2034 3984 2155 4023 ma-

573 4067 885 4121 trimonium
932 4066 1212 4136 copulata,
1255 4074 1312 4121 et
1352 4066 1553 4135 reginae
1591 4063 1787 4120 decore
1828 4078 1889 4117 ac
1926 4062 2150 4117 benedi-

574 4157 756 4212 ctione
785 4158 1061 4226 insignita.
1090 4157 1220 4211 Post
1248 4155 1401 4224 cujus
1421 4157 1652 4220 obitum,
1688 4155 1921 4209 venditis
1941 4169 2076 4222 quas
2100 4154 2154 4207 in

574 4247 871 4315 Anglorum
899 4248 1209 4302 obtinuerat
1250 4262 1418 4318 regno
1460 4245 1917 4315 possessionibus,
1947 4244 2014 4296 ad
2060 4259 2159 4312 pa-

556 4345 717 4390 trem
764 4336 1084 4399 revertitur,
1116 4350 1235 4404 quae
1275 4336 1375 4389 sub
1403 4334 1566 4404 regali
1619 4332 1784 4387 tutela
1815 4335 1896 4387 sic
1940 4346 2160 4386 manere

558 4426 891 4483 decernitur
918 4448 931 4481 :
961 4426 1056 4483 sed
1087 4427 1177 4481 illa
1205 4427 1518 4481 Balduinum
1542 4427 1816 4492 comitem,
1856 4426 1973 4495 ipso
2004 4425 2152 4481 leno-

578 4520 824 4586 cinante,
858 4528 915 4574 et.
939 4518 1108 4589 fratre
1134 4535 1232 4574 suo
1262 4519 1533 4574 Ludovico
1560 4513 1951 4583 consentiente,
1975 4528 2162 4572 secum

2238 3335 2460 3376 iremus.
2516 3320 2689 3388 Quam
2748 3329 2946 3375 vestrae
3005 3320 3347 3375 auctoritatis
3396 3319 3729 3389 epistolam,
3794 3328 3851 3373 ut

2252 3410 2522 3481 oportuit,
2576 3419 2892 3467 reverenter
2920 3410 3162 3480 suscepi,
3203 3417 3258 3463 et
3293 3410 3631 3481 coepiscopis
3655 3411 3861 3466 nostris

2253 3514 2373 3558 eam
2403 3502 2608 3570 relegi,
2639 3510 2693 3556 et
2720 3518 2818 3572 pro
2870 3501 3093 3569 praefata
3133 3501 3316 3556 .Iudith
3359 3502 3501 3570 apud
3541 3511 3758 3570 patrem
3802 3510 3859 3555 et

2256 3603 2483 3649 matrem
2509 3594 2669 3659 illius,
2691 3603 2950 3665 quantum
2974 3593 3266 3663 potuimus,
3296 3600 3357 3646 ut
3378 3592 3675 3655 mandatis,
3700 3606 3856 3646 cont-

2257 3684 2495 3739 muuiter
2516 3684 2929 3749 intervenimus,
2956 3693 3010 3738 et
3039 3682 3281 3751 paternis
3306 3695 3373 3735 ac
3400 3681 3668 3736 maternis
3689 3681 3858 3736 obtu-

2244 3775 2400 3831 tibus
2419 3790 2536 3831 eam
2564 3784 2898 3845 praesentare
2918 3775 3243 3829 studuimus.
3262 3771 3391 3828 Post
3410 3788 3530 3842 qua:
3551 3771 3856 3836 voluimus,

2256 3868 2384 3935 quia
2422 3867 2503 3922 sic
2556 3867 2712 3921 nobis
2746 3870 3040 3921 secundum
3080 3882 3266 3921 sacras
3295 3865 3542 3937 regulas,
3573 3866 3722 3921 sicut
3766 3882 3862 3920 cas

2259 3958 2630 4028 intelligimus,
2656 3957 2832 4012 visum
2861 3955 3039 4011 fuerat
3063 3958 3192 4028 (non
3217 3958 3361 4033 enim
3393 3958 3511 4012 sine
3537 3957 3725 4028 dignis
3746 3974 3857 4029 pa:-

2260 4049 2497 4104 niteutiae
2527 4047 2792 4102 fructibus
2818 4046 3022 4101 absolvi
3051 4061 3209 4117 posse
3229 4055 3528 4117 putamus,
3558 4049 3709 4115 quod
3735 4064 3865 4101 ana.

2260 4140 2512 4194 thematis
2543 4138 2754 4193 vinculo
2794 4153 2824 4192 a
2857 4140 3028 4193 sacris
3081 4139 3282 4209 regulis
3336 4139 3657 4192 innodatum
3709 4139 3859 4193 vide-

2261 4233 2413 4299 mus)
2469 4238 2531 4283 nt
2581 4229 2735 4299 juxta
2806 4228 3233 4285 ecclesiasticam
3291 4229 3642 4283 traditionem
3709 4229 3863 4299 prius

2262 4324 2554 4389 Ecclesia),
2584 4338 2747 4392 quam
2788 4323 3068 4386 laeserant,
3104 4321 3519 4384 satisfacerent,
3549 4329 3605 4375 et
3632 4321 3714 4377 sic
3767 4321 3868 4375 de-

2264 4431 2407 4470 mum
2462 4416 2605 4485 quod
2671 4414 2992 4485 praecipiunt
3036 4413 3159 4483 jura
3212 4413 3391 4483 legum
3452 4412 3859 4470 nutndialium‘.

2263 4506 2486 4575 exsequi
2515 4513 2852 4576 procuraret.
2895 4503 3001 4559 Sed
3040 4504 3297 4572 quoniam
3346 4503 3555 4557 litteras
3597 4510 3821 4557 vestras
3846 4542 3862 4564 ,

568 4622 679 4667 ‘est.
711 4610 863 4667 Unde
895 4626 987 4666 rex
1018 4610 1244 4666 Karulus
1282 4609 1565 4680 episcopos
1626 4624 1692 4665 ac
1727 4617 1956 4665 caeteros
2009 4608 2150 4676 regni

2264 4611 2385 4664 qua:
2410 4595 2535 4649 inde
2562 4595 2695 4650 nihil
2719 4602 3123 4665 praeceperunt,
3162 4595 3270 4648 imo
3294 4593 3458 4647 etiam
3488 4592 3868 4661 nullam'pro-

577 4704 661 4757 sui
688 4702 953 4772 primores
988 4701 1274 4757 consulens
1299 4740 1315 4765 ,
1345 4710 1467 4770 post
1512 4700 1796 4756 mundana:
1836 4700 1968 4769 legis
2012 4699 2161 4770 judi—

577 4794 745 4856 cium,
774 4792 1090 4848 canonicam
1114 4792 1166 4846 in
1184 4792 1296 4861 jam
1317 4789 1517 4846 dictum
1540 4790 1857 4845 Balduinum
1881 4799 1935 4845 et
1954 4787 2159 4853 Judith,

579 4883 875 4937 secundum
901 4884 1043 4939 edita
1075 4883 1216 4937 beati
1240 4881 1509 4952 Gregorii,
1533 4882 1601 4937 ab
1624 4882 1893 4951 episcopis
1917 4879 2159 4950 depromi

580 4972 903 5027 sententiam
933 4971 1079 5027 fecit.
1108 4973 1183 5027 De
1207 4969 1438 5027 Rothadi
1464 4984 1680 5042 quoque
1709 4969 2048 5026 Suessonicae
2079 4967 2160 5021 ci-

578 5063 768 5119 vitatis
790 5062 1033 5133 episcopi
1059 5063 1377 5134 dejectione,
1405 5078 1566 5132 quem
1593 5063 1660 5119 ab
1688 5061 1979 5134 episcopali
2005 5059 2165 5116 mini-

580 5155 747 5223 sterio
787 5154 991 5224 judicio
1026 5164 1337 5208 removerat
1364 5156 1760 5225 episcoporum.
1813 5155 1889 5210 De
1922 5165 2166 5210 comme-

585 5245 885 5284 mora-linum
917 5246 1080 5284 otium
1135 5245 1367 5284 nnminic
1415 5245 1614 5284 Flanmc
1687 5253 1846 5284 olmm
1866 5246 1933 5284 (In
1962 5243 2169 5284 ﬂnlhn-

2270 4686 2576 4742 telationem
2629 4687 2682 4741 in
2724 4701 2911 4742 eorum
2941 4684 3324 4755 conjunctione
3373 4682 3612 4737 liendam
3656 4676 3867 4750 signiti-

2267 4788 2556 4840 caverunt,
2605 4777 2709 4832 sibi
2763 4775 3006 4831 sullicere
3050 4774 3376 4836 voluerunt,
3423 4781 3480 4827 et
3523 4772 3648 4826 sine
3680 4779 3865 4825 vestra

2270 4870 2594 4925 auctoritate
2614 4909 2629 4932 ,
2659 4868 2725 4922 ad
2754 4882 2914 4936 quam
2939 4867 3327 4928 clamaverant,
3353 4864 3494 4933 rogi,
3523 4863 3630 4916 nisi
3656 4862 3769 4915 alio
3808 4876 3868 4915 se

2271 4960 2431 5014 modo
2451 4959 2848 5023 submitterent,
2873 4973 2976 5012 non
2998 4956 3319 5012 debuerunt.
3340 4955 3418 5009 Ex
3437 4953 3609 5009 altera
3634 4952 3867 5024 epistola

2270 5060 2463 5106 vestrae
2483 5050 2788 5105 sanctitatis
2810 5049 2890 5104 eis
2915 5047 3092 5114 retuli,
3120 5048 3265 5119 quod
3288 5061 3393 5102 non
3426 5046 3577 5117 leges
3603 5045 3868 5101 ecclesia-

2270 5144 2436 5198 sticas
2481 5138 2832 5205 dissolvistis,
2863 5139 2957 5195 sed
2993 5154 3184 5209 preces
3231 5154 3332 5209 pro
3361 5142 3428 5193 e'o
3459 5136 3691 5192 misistis
3718 5176 3735 5201 ,
3774 5134 3868 5205 qui

2272 5232 2448 5284 nuniri
2484 5232 2775 5284 secundum
2797 5229 2941 5284 leues
2984 5229 3285 5283 mundanas
3315 5235 3566 5284 poterat.
3593 5235 3869 5284 quatenus
