3974 5392
153 264 243 323 461

726 264 1071 321 HISTORIA:
1108 267 1466 324 ECCLESM'I
1494 265 1853 323 .BEHENSlS
1890 266 2071 324 LIBRI
2105 268 2461 337 QUATUOR.
2503 306 2569 316 -—
2610 276 2738 329 LIB.
2778 278 2863 335 lll.

3325 288 3428 342 i6!

113 369 123 377 ’
153 376 378 431 tentiam
407 386 666 447 egerunt,
696 377 787 445 qui
810 387 941 433 cum
966 377 1124 435 Patre
1173 380 1357 435 omnia
1387 380 1584 443 donat,
1625 377 1740 433 elll—
1790 380 1819 440 \
1847 381 2186 448 praesentiam
2239 381 2308 437 ab
2348 383 2453 439 hac
2498 388 2719 457 negotio
2736 388 3186 459 subductntibus,
3216 395 3432 453 Baldui-

150 466 357 522 caciter
401 466 729 536 impetravit.
778 466 861 522 Ad
905 468 1060 539 cujus
1114 468 1326 535 instar,
1371 470 1737 538 apostolorum

148 554 412 620 vicarius,
435 556 504 611 ad
525 571 752 625 quorum
777 555 961 611 limina
985 558 1364 629 confugerunt,
1385 568 1441 615 et
1461 561 1740 616 catholica:

146 658 309 714 atque
330 645 648 715 apostolica:
675 645 930 701 Ecclesia:
957 662 1202 703 summus
1230 649 1489 718 pontifex,
1518 651 1660 719 quod
1684 650 1737 704 in

148 734 424 789 hominem
453 748 634 804 regem
656 744 710 790 et
732 734 783 790 iu
808 735 955 806 leges
977 738 1159 792 mundi
1179 747 1459 808 peccatum
1486 749 1736 809 est.per-

148 824 334 881 donari
354 825 598 894 petistis,
619 826 830 894 utquod
853 827 904 881 in
924 843 1102 898 regem
1118 828 1237 883 caeli
1253 839 1306 883 et
1327 837 1507 894 terrm,
1521 830 1637 886 etin
1663 831 1739 885 le-

1841 486 1945 527 nus
1964 481 2019 527 et
2041 471 2225 529 Jndith
2244 474 2366 544 jura
2384 474 2560 545 legum
2584 478 2944 545 seacularium,
2974 497 3095 552 qua:
3120 484 3420 556 elegerunt,

1839 564 2062 631 exsequi
2094 565 2437 621 studuerunt.
2473 567 2715 625 Domnus
2731 571 2895 626 etiam
2927 584 3114 630 noster
3137 593 3251 639 rex,
3283 579 3424 635 filius

1838 664 2041 719 vester,
2089 655 2217 711 huic
2242 657 2645 727 desponsationi
2675 670 2728 716 et
2758 663 3124 730 conjunctioni
3165 669 3429 728 interesse

1838 759 1948 798 non
1986 745 2176 809 voluit,
2216 750 2312 803 sed
2354 749 2536 805 missis
2572 750 2802 821 publica:
2829 754 2908 808 rei
2952 756 3215 814 ministris
3240 801 3257 823 ,
3288 762 3428 818 sicut

1838 836 1992 892 vobis
2027 839 2296 908 promisit,
2345 842 2643 896 secundum
2686 842 2831 915 leges
2880 847 3061 902 saeculi
3096 864 3191 905 eos
3236 854 3423 909 uxoria

147 931 237 988 ges
247 917 494 972 caelestis
510 921 658 987 regni
673 916 935 973 offensum
950 928 1088 983 erat,
1106 922 1366 977 haberent
1380 924 1625 979 inducias
1641 940 1738 995 per
1833 928 2215 997 conjunctione
2231 932 2298 988 ad
2314 934 2545 993 invicem
2567 936 2804 1006 copulari
2828 940 3094 1007 permisit,
3117 951 3172 997 et
3196 944 3428 1002 honores

147 1009 521 1080 pcenitentiam
540 1009 802 1066 abolendi.
819 1011 861 1065 E
882 1022 1068 1066 contra
1090 1014 1357 1082 carnales,
1374 1026 1429 1071 et
1442 1017 1600 1071 etiam
1617 1019 1734 1089 qui-

147 1100 263 1156 dam
275 1114 495 1165 eorum,
521 1101 612 1172 qui
638 1111 791 1157 antea
807 1102 1171 1173 coniunctioni
1196 1107 1497 1174 huiusmodi
1517 1119 1736 1166 contra-

147 1190 412 1259 dicebant,
429 1191 1045 1259 hacdefensione,uteis
1058 1196 1234 1252 visum
1254 1197 1446 1261 fuerat,
1470 1216 1529 1256 se
1555 1209 1735 1272 prote-

147 1291 347 1351 gentes,
365 1284 487 1353 (sed
504 1286 646 1340 sicut
666 1301 724 1341 se
746 1286 903 1341 habet
919 1288 1141 1358 veritas)
1156 1289 1328 1346 salute
1351 1292 1640 1356 nudantes,
1663 1292 1732 1348 ab

148 1371 291 1429 istius
311 1377 628 1431 novissima:
657 1386 849 1432 vestrae
873 1379 1114 1449 epistola:
1137 1382 1316 1437 verbis
1344 1384 1599 1439 recedere
1628 1399 1730 1439 no-

145 1467 376 1531 lnerunt,
417 1484 587 1539 quam
633 1470 753 1525 sine
783 1472 1137 1536 protelatione
1165 1489 1354 1528 eorum
1391 1476 1730 1547 conjunctio-

145 1574 258 1612 nem
281 1559 484 1615 debere
512 1560 629 1616 ﬁeri
652 1562 1317 1627 demonstraredicebant.
1364 1565 1570 1622 Dicenti
1601 1583 1730 1622 vero

150 1650 297 1717 mihi,
319 1652 452 1720 quia
472 1668 572 1723 pro
597 1654 738 1708 nulla
761 1665 1025 1723 potestate
1057 1666 1267 1712 terrena
1291 1658 1432 1729 quod
1459 1660 1525 1715 de
1551 1660 1728 1716 eccle-

1835 1024 2097 1082 Balduino
2126 1043 2225 1098 pro
2243 1039 2425 1085 vestra
2448 1030 2791 1087 solummodo
2817 1034 3089 1104 petitione
3118 1037 3354 1096 donavit.
3401 1061 3420 1093 ι

2419 1120 2647 1177 CAPUT
2687 1122 2823 1179 XIII.
3234 1170 3243 1179 .

1922 1186 2005 1253 De
2042 1205 2207 1243 causa
2252 1189 2481 1247 Rotlmdi
2520 1190 2822 1249 Suessom‘ci
2859 1197 3061 1265 cpicopi
3101 1199 3341 1269 depositi.

1909 1296 1928 1329 ‹
1957 1277 2197 1348 Denique
2220 1280 2285 1334 ad
2302 1282 2585 1351 epistolam
2605 1293 2795 1338 vestrm
2821 1289 3165 1344 auctoritatis
3186 1290 3420 1355 (Nicer...

1823 1369 1986 1441 epist.
2018 1369 2132 1440 32),
2179 1371 2244 1425 ad
2274 1388 2435 1441 quam
2455 1389 2560 1439 me
2602 1375 2826 1432 misistis
2855 1378 3174 1443 obedienter
3201 1383 3422 1449 audien-

1833 1458 1978 1523 tiam,
2040 1460 2368 1529 generaliter
2414 1465 2668 1519 omnibus
2714 1467 2984 1537 episcopis
3033 1473 3184 1541 regni
3240 1474 3420 1530 domui

1833 1550 2001 1604 nostri
2042 1549 2219 1605 Karoli
2263 1553 2405 1623 regis
2435 1554 2685 1623 gloriosi,
2713 1573 2812 1626 pro
2841 1558 3072 1617 Rotltadi
3099 1578 3286 1627 causa,
3326 1581 3423 1635 per

1831 1640 2071 1697 Odonem
2118 1644 2432 1714 episcopum
2471 1649 2870 1716 transmissam,
2916 1651 3279 1710 sicntlitteris
3306 1656 3421 1715 exi-

145 1740 370 1794 siasticis
418 1742 628 1810 regulis
681 1743 1036 1813 intelligerem
1094 1747 1373 1802 dimittere
1420 1748 1671 1804 deberem
1711 1770 1714 1802 Ἰ

1834 1732 2025 1802 guitati
2058 1748 2191 1789 meae
2216 1733 2436 1792 directis
2462 1738 2739 1801 sanctitas
2768 1748 2942 1793 vestra
2978 1742 3254 1813 praecepit,
3284 1758 3418 1799 con-

145 1832 371 1886 maxime
416 1847 543 1887 cum
579 1835 742 1888 etiam
787 1852 1023 1903 mecum,
1054 1839 1160 1893 imo
1181 1854 1305 1894 cum
1341 1841 1472 1907 Deo,
1500 1843 1730 1899 domnus

145 1938 227 1977 rex
256 1936 466 1989 noster,
491 1924 634 1981 ﬁlius
660 1937 859 1991 vester,
892 1929 1126 1985 Karolus
1152 1931 1376 1998 faceret,
1413 1934 1570 2004 quasi
1598 1951 1729 1989 con—

142 2012 357 2068 sulendo
406 2014 539 2070 mihi
591 2017 809 2086 quidam
861 2020 965 2074 hoc
1013 2020 1280 2076 dederunt
1325 2024 1626 2087 consilium,
1674 2026 1726 2081 in

144 2120 241 2173 quo
260 2121 370 2160 non
398 2106 559 2172 meis,
591 2108 687 2162 sed
720 2109 899 2165 verbis
928 2125 1114 2166 eorum
1146 2120 1287 2179 utar,
1315 2129 1436 2183 qua:
1476 2130 1730 2171 mansue-

152 2196 269 2249 tudo
304 2204 518 2261 vestra,
549 2197 698 2252 velut
744 2200 1048 2270 exemplum
1083 2211 1139 2257 et
1177 2203 1384 2258 doctrix
1429 2205 1727 2276 disciplina:

146 2280 249 2346 Dei,
281 2283 432 2340 mitis
464 2295 520 2339 et
570 2286 789 2342 humilis
818 2290 985 2344 corde
1007 2305 1072 2345 ac
1097 2292 1306 2361 patiens
1351 2296 1727 2363 mquanitniter

145 2374 448 2440 sustinebit,
504 2376 924 2434 dicentiumzut
967 2382 1245 2454 quia-non
1301 2384 1595 2450 sa‘cularis,
1629 2389 1724 2441 sed

144 2463 503 2521 ecclesiastica
532 2477 774 2536 potestas
796 2470 863 2526 de
885 2471 986 2527 hoc
1014 2472 1145 2527 mihi
1168 2474 1382 2545 negotio
1403 2475 1720 2545 imperaret,

147 2555 595 2622 conspirationem
635 2559 1003 2616 resistentium
1042 2563 1437 2633 aliquantulum
1485 2567 1724 2622 declina-

146 2658 279 2708 rem,
322 2660 394 2703 ne
422 2646 714 2717 quisquam
746 2651 972 2708 aemulus
1004 2664 1190 2709 noster
1220 2663 1414 2710 vestrze
1444 2658 1720 2714 sanctitati

150 2746 477 2805 suggereret,
517 2740 675 2807 quasi
716 2740 767 2795 in
794 2752 1158 2814 contemptum
1194 2747 1363 2803 sancti
1388 2749 1721 2818 apostolatus

146 2827 316 2889 vestri,
345 2837 402 2883 et
453 2828 602 2885 sedis
645 2832 952 2898 apostolicae
1003 2834 1104 2890 hoc
1149 2835 1403 2907 egissem,
1434 2846 1491 2893 et
1527 2848 1721 2895 vestrm

142 2917 563 2973 mansuetudinis
624 2935 752 2991 erga
805 2938 889 2977 me
935 2923 1174 2979 animttm
1231 2940 1618 2995 commoveret,
1663 2938 1719 2986 et

141 3020 508 3075 quamcunque
531 3012 1171 3079 excommunicationem,
1205 3016 1350 3071 sicut
1376 3034 1473 3088 pro
1502 3019 1710 3076 Rotha—

1822 1822 1977 1889 .veni,
2016 1834 2069 1879 et
2097 1823 2256 1878 simul
2278 1825 2480 1881 eisdem
2509 1827 2914 1885 venerabilibns
2937 1831 3224 1901 episcOpis,
3249 1848 3418 1903 quan,-

1832 1922 1944 1967 tum
1976 1930 2043 1971 cx
2068 1930 2154 1969 me
2177 1914 2298 1981 fuit,
2338 1932 2461 1974 mox
2506 1928 2798 1989 antequam
2823 1921 3063 1991 synodus
3086 1923 3416 1993 solveretur,

1830 2012 2067 2060 vestram
2107 2005 2408 2073 jussionem
2452 2010 2518 2063 de
2552 2009 2740 2064 eodem
2790 2009 3070 2077 Rothado,
3126 2029 3195 2068 ne
3241 2013 3416 2084 aliqua

1830 2109 1981 2148 mora
2013 2105 2208 2151 vestrae
2236 2097 2613 2167 pmeptionis
2634 2090 2959 2168 implendre,
3000 2111 3093 2154 aut
3124 2102 3191 2157 de
3225 2119 3416 2173 super—

1828 2185 2082 2241 vcntione
2118 2201 2469 2257 paganorum,
2503 2196 2597 2243 aut
2624 2191 2691 2243 de
2731 2190 2836 2245 alia
2871 2192 3112 2262 qualibet
3143 2210 3304 2250 causa
3332 2195 3415 2250 ine-

1831 2278 2143 2344 terveniret,
2194 2279 2489 2348 adimplere
2536 2283 2742 2347 curavi,
2787 2283 3008 2340 sicutet
3052 2284 3209 2358 legati
3234 2287 3414 2347 domni

1828 2367 1972 2435 regis
2002 2382 2067 2423 ac
2118 2369 2312 2434 nostri,
2366 2380 2421 2424 et
2474 2370 2668 2426 littera:
2705 2372 2935 2440 pleniter
2980 2384 3175 2429 vestrae
3228 2384 3413 2447 notum

1827 2455 2339 2514 facientsanctitati.
2380 2457 2757 2529 Sedquoniam
2786 2477 2951 2518 causa
2984 2463 3404 2533 interveniente,

1825 2563 1988 2619 quam
2040 2549 2191 2603 vobis
2228 2550 2327 2618 ipsi
2365 2549 2524 2621 legati
2562 2550 2819 2620 referent,
2857 2555 3039 2619 statim
3069 2564 3127 2608 ut
3157 2557 3409 2629 praecepi;

1826 2653 1949 2692 mus
1980 2636 2123 2693 datis
2158 2637 2357 2693 litteris
2378 2678 2393 2705 ,
2427 2647 2482 2693 et
2508 2639 2803 2712 designatis
2842 2643 3043 2697 nostris
3069 2643 3310 2710 vicariis,
3342 2644 3411 2699 ad

1823 2735 2060 2782 vestram
2118 2728 2462 2797 praesentiam
2516 2744 2641 2784 eum
2689 2730 2879 2786 eodem
2920 2731 3167 2787 Rothado
3194 2732 3272 2789 ire
3303 2749 3410 2801 non

1822 2826 2134 2890 potuerunt,
2172 2827 2228 2891 et
2250 2819 2321 2873 ob
2349 2819 2400 2873 id
2422 2819 2626 2876 diutius
2660 2808 3178 2891 quantvoluerimns
3215 2822 3412 2877 immo-

1816 2908 1928 2967 _rati
1966 2906 2219 2975 fuerunt;
2249 2909 2453 2964 interea
2475 2909 2644 2964 Luido
2668 2910 2875 2982 legatus
2904 2911 3084 2966 domui
3113 2912 3283 2968 nostri
3320 2902 3407 2968 rei

1824 2996 1905 3064 gis
1958 3011 1987 3050 a
2048 3006 2227 3051 vestra
2280 2997 2496 3053 rediens
2547 2999 2851 3062 sanctitate,
2913 2999 3085 3069 pridie
3138 2986 3409 3057 Kalendas

141 3094 199 3149 ιιο
224 3107 406 3155 auum
450 3097 629 3156 fuerat
681 3102 846 3172 (quod
879 3112 1054 3160 lamen
1083 3108 1150 3161 ad
1188 3123 1274 3163 me
1306 3083 1411 3165 ηοξ.
1442 3116 1708 3182 pervenit,
1741 3083 1785 3143 C
1818 3084 2129 3182 Decembris
2154 3086 2366 3141 veStras
2410 3087 2737 3156 apostolicas
2766 3088 2974 3173 litteras
2998 3091 3197 3146 domno
3216 3102 3409 3146 nostra

141 3186 227 3273 nisi
256 3197 522 3257 quantum
562 3190 679 3246 Odo
720 3193 1022 3265 episcopus,
1069 3207 1122 3252 et
1154 3209 1338 3268 postea
1364 3200 1534 3258 Luido
1563 3204 1709 3273 (ms.,

140 3272 331 3351 Laudo)
379 3280 593 3349 detulit,
646 3292 932 3354 antequam
959 3288 1025 3342 ad
1058 3290 1435 3355 auctoritatem
1471 3272 1708 3350 vestram

138 3378 401 3433 gestorum
464 3373 662 3427 seriem
718 3373 844 3431 inde
902 3378 1118 3433 mittere
1162 3380 1549 3452 valuissemus;
1626 3385 1708 3442 vel

136 3459 402 3524 quomodo.
420 3476 506 3523 res
531 3472 685 3532 gesta
706 3462 869 3520 fuerit
894 3482 990 3535 per
1015 3467 1220 3539 legatos
1250 3482 1460 3543 vestros
1483 3476 1709 3532 rescire-

139 3548 219 3615 tis)
269 3548 542 3609 obtineret
573 3571 588 3608 :
620 3549 920 3624 praesertim
955 3574 1078 3615 cum
1130 3561 1182 3616 in
1216 3562 1319 3620 hac
1339 3565 1570 3636 cpistola
1617 3585 1707 3625 ve-

134 3646 254 3692 sua:
278 3642 616 3698 auctoritatis
636 3644 847 3715 legatur
874 3664 887 3701 :
922 3649 1065 3718 quod
1112 3651 1159 3706 si
1189 3652 1346 3707 aliter
1375 3656 1702 3727 egissemus,

134 3741 283 3792 quam
332 3729 385 3784 in
439 3746 505 3788 ea
550 3734 813 3804 scriptum
869 3747 977 3804 est,
1016 3742 1188 3811 gratia
1237 3751 1292 3798 et
1324 3748 1704 3802 communione

133 3827 298 3872 vestra
333 3820 439 3876 frui
467 3839 812 3896 nequaquam
847 3830 1169 3887 valeremus.
1206 3835 1323 3901 Quo
1350 3847 1536 3893 contra
1571 3842 1699 3895 mihi

128 3905 320 3965 dicenti
362 3912 463 3968 hoc
502 3914 555 3969 in
584 3916 813 3985 epistola
844 3930 1024 3977 vestra
1053 3924 1125 3978 oh
1156 3925 1208 3980 id
1237 3928 1500 3995 posuisse,
1531 3945 1595 3985 ne
1624 3930 1704 3986 fe-

129 3999 265 4053 anina
305 4001 391 4055 illa
424 4019 454 4057 a
498 4006 653 4061 nobis
702 4007 1064 4078 deciperetur,
1110 4023 1164 4068 et
1220 4032 1326 4070 non
1356 4017 1427 4072 ob
1479 4019 1601 4086 hoc,
1630 4038 1699 4078 ne

130 4090 356 4148 ecclesiae
380 4092 745 4153 satisfaceret.
776 4097 1215 4172 Responderunt,
1239 4121 1357 4173 cur,
1392 4108 1550 4164 aliter
1585 4112 1698 4165 vcl-

138 4176 227 4233 lem
260 4194 495 4240 vestram
533 4187 822 4258 epistolam
868 4191 1185 4264 intelligere,
1221 4212 1391 4266 quam
1414 4201 1564 4256 vobis
1582 4203 1697 4273 pla-

140 4271 354 4328 cuiteam
377 4292 727 4349 componere,
752 4283 957 4338 cumdc
983 4284 1036 4339 in
1058 4290 1334 4355 praeterito
1358 4290 1484 4345 mihi
1516 4271 1694 4351 trans-

140 4360 289 4419 missis
329 4364 448 4436 ejus
490 4383 709 4425 sensum
755 4387 970 4441 possem
1018 4376 1303 4434 manifeste
1344 4395 1690 4453 cognoscere.

1817 3180 1950 3251 regi,
1970 3179 2077 3237 lilio
2091 3188 2296 3247 vestro,
2313 3183 2366 3235 in
2389 3182 2608 3237 civitate
2620 3183 2964 3239 Antisiodoro
2986 3184 3194 3251 detulit,
3209 3194 3263 3242 ct
3277 3186 3403 3259 quia

1815 3272 1958 3329 filius
2009 3273 2127 3343 ejus
2175 3283 2339 3345 atque
2386 3274 2697 3346 aequivocus
2753 3275 3015 3341 Karolus,
3076 3278 3167 3348 qui
3220 3266 3404 3349 patris

1813 3365 2143 3420 animum-in
2171 3366 2492 3435 quibusdam
2530 3364 2859 3430 offenderat,
2907 3378 2961 3422 et
2987 3369 3056 3423 ob
3099 3370 3150 3424 id
3190 3371 3256 3425 ad
3287 3368 3404 3438 ejus

1810 3459 2152 3526 prmsentiam
2175 3500 2190 3523 ,
2218 3460 2576 3529 quorumdam
2617 3460 2980 3535 suggestione,
3011 3460 3403 3532 aliquantulum

1810 3563 1994 3605 ventre
2022 3550 2324 3613 distulerat,
2352 3561 2561 3621 partem
2593 3551 2782 3621 legatis
2803 3552 2915 3606 suis
2943 3552 3120 3621 petiit,
3144 3561 3200 3606 ut
3223 3567 3398 3608 meam

1806 3641 2126 3709 parvitatem
2153 3655 2274 3695 cum
2303 3642 2423 3696 aliis
2451 3640 2772 3710 quibusdam
2808 3642 2921 3696 suis
2943 3640 3189 3697 ﬁdelibus
3213 3656 3313 3712 pro
3335 3657 3399 3698 eo

1804 3730 1872 3782 ad
1904 3728 2071 3797 ipsius
2095 3729 2320 3798 vestigia
2346 3729 2658 3783 deducendo
2688 3730 3099 3785 transmitteret.
3132 3740 3398 3798 quatenus

1804 3829 1993 3876 nostro
2023 3821 2326 3874 interventu
2366 3828 2574 3890 patrem
2604 3820 3003 3890 placabiliorem
3034 3821 3275 3877 invenire
3307 3839 3395 3877 ta-

1802 3909 1935 3965 leret
1961 3911 2310 3982 exiguitatem
2343 3911 2661 3965 humilitatis
2700 3927 2834 3966 mete
2862 3913 3093 3989 domnus
3134 3929 3226 3968 rex
3267 3914 3395 3971 illuc

1802 4003 1854 4055 in
1884 4017 2040 4056 suum
2070 4001 2256 4075 venire
2283 4002 2565 4057 servitium
2588 3999 2849 4069 jttsserat.
2872 4002 2989 4069 Quo
3016 4018 3139 4059 mox
3165 4012 3220 4057 ut
3247 4005 3390 4083 veni,

1800 4093 1933 4147 mihi
1957 4092 2167 4147 litteras
2187 4102 2396 4148 vestras
2417 4092 2673 4163 legendas
2699 4093 2951 4148 donavit:
2978 4094 3029 4149 in
3052 4096 3247 4165 quibus
3269 4095 3394 4150 licet

1797 4196 1897 4251 pro
1947 4196 2042 4235 sua
2094 4181 2401 4251 dignatione
2450 4181 2755 4236 sublimitas
2800 4190 2979 4238 vestra
3029 4183 3388 4239 humilitatem

1797 4285 1973 4325 meam
2005 4271 2121 4325 sine
2156 4271 2260 4325 ulla
2304 4271 2481 4326 meriti
2536 4274 2887 4342 praerogativa
2927 4258 3156 4345 benigne
3193 4283 3392 4332 tracta-

1799 4359 1957 4424 verit,
1990 4368 2043 4412 ct
2078 4376 2109 4414 a
2139 4374 2256 4414 mea
2302 4360 2613 4429 insipientia
2650 4362 2932 4431 sapientia:
2963 4372 3156 4418 vestite
3185 4363 3387 4434 scripta

138 4429 445 4526 Quapropter
470 4475 689 4517 memor
730 4429 1692 4540 praeteritarumepistolaiutni
1729 4429 1771 4485 D
1800 4464 1961 4540 5"?”
1980 4449 2040 4540 »Μ
2071 4450 2214 4519 qum]
2238 4449 2352 4504 ⁵⁸ίο
2375 4458 2542 4540 atque
2573 4451 2833 4521 imemg')’
2858 4459 3164 4540 "°",‘“‘"‘,°"
3183 4452 3388 4522 absque

138 4542 368 4616 episcopis
418 4552 567 4620 regni
620 4551 719 4607 filii
774 4555 940 4610 vestri
990 4556 1169 4612 domui
1217 4559 1398 4616 Karoli
1451 4579 1481 4617 a
1542 4568 1698 4622 vobis

135 4634 422 4705 missarum,
467 4644 761 4699 attendens
803 4647 966 4702 etiam
1004 4665 1123 4719 qua:
1154 4651 1205 4705 in
1249 4654 1475 4724 epistola
1524 4673 1697 4729 nuper

132 4734 212 4787 per
254 4725 547 4786 Luidonem
581 4733 716 4787 mihi
768 4735 1073 4806 benignitas
1113 4750 1293 4796 vestra
1342 4725 1694 4804 mandaverat

132 4810 244 4879 (hac
284 4819 427 4874 enim
475 4820 529 4875 in
578 4822 929 4881 Antisiodoro
966 4838 1088 4897 post
1115 4832 1401 4887 adventum
1432 4835 1692 4893 Luidonis

128 4904 520 4980 ventilabantur)
565 4910 715 4967 inter
754 4923 954 4970 metum
990 4922 1431 4989 ~przeteritarum,
1459 4934 1516 4980 et
1539 4942 1688 4997 spem

125 4999 413 5060 posterioris
456 5000 707 5072 epistolae
740 5003 873 5057 mihi
902 5006 1113 5063 mitiora
1144 5015 1525 5081 monstrantis,
1556 5032 1691 5072 con-

127 5089 385 5144 lectionem
412 5091 470 5145 in
509 5092 615 5147 hac
642 5107 813 5147 causa
840 5092 1225 5157 dissimulando
1256 5101 1446 5171 vitavi,
1476 5114 1530 5161 et
1559 5122 1694 5162 con-

122 5171 494 5238 descensionem
527 5183 689 5254 quasi
724 5183 783 5237 in
813 5191 1022 5255 tempus
1051 5189 1191 5248 aliud
1220 5188 1540 5262 diﬂerendo,
1573 5197 1687 5252 dis-

120 5266 355 5340 simulavi,
378 5284 711 5346 exspectans
764 5283 823 5329 ut
868 5275 920 5332 in
962 5295 1135 5338 causa:
1182 5283 1491 5354 huiusque:
1521 5288 1690 5343 instat

120 5356 437 5392 Il:.ﬂM:l:n-‘n
493 5376 680 5392 ..-ιιι-Α
769 5380 833 5392 Alt
887 5367 960 5392 ῃ-

1798 4538 2119 4593 subinductn
2153 4541 2425 4604 cauterio,
2459 4539 2679 4594 laudare
2704 4540 2922 4607 dignata
2965 4539 3162 4593 fuerit:
3207 4548 3385 4593 tamen

1796 4629 1875 4684 eis
1898 4629 2084 4684 videor
2109 4629 2239 4683 mihi
2278 4629 2463 4684 videre
2492 4629 2643 4685 vobis
2673 4628 3071 4698 multiloquium
3100 4643 3278 4682 meum
3303 4628 3387 4682 iu—

1796 4734 2060 4775 crcscere.
2098 4718 2251 4775 Unde
2297 4720 2547 4789 dignetur
2575 4718 2838 4773 sanctitas
2878 4727 3059 4773 vestra
3105 4717 3389 4791 t’ignantcr

1800 4810 2095 4881 suscipere,
2143 4810 2284 4878 quod
2333 4810 2526 4866 beatus
2576 4809 2907 4880 Augustinus
2936 4809 3003 4865 de
3030 4825 3129 4864 suo
3158 4807 3391 4863 multilo-

1799 4901 1926 4972 quio
1962 4901 2189 4955 Domino
2228 4900 2568 4957 dominorum
2615 4899 2892 4957 audaciter
2921 4900 3082 4972 [ms.,
3114 4897 3392 4968 audacter]

1800 5006 1903 5045 non
1965 4989 2230 5045 dubitavit
2300 4991 2515 5057 dicere,
2579 5008 2701 5047 cum
2767 5005 2826 5045 se
2886 4993 3011 5048 mde
3060 4991 3201 5061 apud
3264 5002 3391 5049 culti

1796 5078 1965 5132 voluit
2024 5080 2384 5135 excusabilem
2439 5084 2715 5153 reddere”
2773 5080 2916 5134 inter
2970 5081 3072 5137 alia
3118 5078 3392 5134 scribens:

1797 5167 1966 5237 Loqui
1997 5168 2223 5223 multum
2252 5186 2358 5225 non
2386 5179 2473 5225 est
2507 5173 2753 5234 nimium,
2780 5169 2825 5223 si
2868 5177 3050 5224 tamen
3080 5177 3164 5222 est
3196 5174 3389 5219 neces-

1795 5272 2021 5312 sartum.

1869 5366 1891 5392 ι
1926 5347 2041 5392 nua
2086 5348 2153 5392 de
2184 5366 2244 5392 ηδ
2312 5353 2654 5392 eanrliccimp
2697 5345 2912 5392 (inmitte
2952 5355 3007 5392 et
3039 5344 3199 5392 Pater
3238 5350 3395 5392 reve-
