3974 5392
568 338 679 395 163

1640 325 2034 384 FLODOARDI
2072 325 2393 384 mxuma
2433 294 2776 389 ιιειιείιειε

3728 344 3811 404 lfil

572 452 700 523 quia
726 449 878 507 vobis
899 446 1074 520 placet
1097 444 1209 518 (cui
1235 454 1431 501 cuneta
1454 444 1595 499 bona
1626 441 1863 516 placent)
1894 440 2160 534 mittimus
2186 445 2234 503 Λ
2262 450 2349 498 εει
2377 452 2438 499 ιιι
2458 447 2671 502 caeteris
2701 448 3095 517 praeemineret.
3143 449 3220 508 De
3247 467 3354 523 qna
3409 453 3586 512 forma
3632 461 3810 534 episco-

574 543 809 598 vicarios
835 550 1082 604 nostros,
1128 554 1235 593 non
1274 548 1334 592 ut
1363 544 1707 591 accusatores
1752 534 1820 589 ad
1865 533 2161 605 confligen-

577 635 725 698 dum,
757 632 849 687 sed
875 640 990 685 uta
1022 629 1272 685 Rothado
1291 668 1307 694 ,
1353 636 1513 696 atque
1537 643 1567 681 a
1596 626 1789 681 vicinis
1823 625 2042 687 nostris,
2069 623 2164 694 qui

574 739 793 779 causam
824 722 1057 793 pleniter
1090 736 1153 775 ac
1178 719 1446 774 veraciter
1473 726 1568 772 aut
1595 718 1878 782 nesciunt,
1909 725 2003 770 aut
2025 715 2163 770 scire

575 828 682 867 non
710 812 915 875 volunt,
948 810 1206 872 accusati,
1237 810 1378 878 quod
1410 824 1515 863 non
1549 808 1601 861 in
1631 814 1996 876 contemptum
2019 805 2163 860 sedis

574 902 883 971 apostolica:
914 900 1271 970 appellantem
1309 898 1614 953 Rothadum
1656 898 1950 952 secundum
1980 895 2163 950 Sardi-

578 1008 770 1047 censes
796 1006 1031 1047 canones
1070 990 1147 1059 (4,
1176 990 1230 1061 6)
1259 989 1440 1044 sedem
1471 988 1820 1058 apostolicam
1863 1004 1878 1041 :
1905 986 2000 1043 sed
2037 1002 2160 1041 eum

576 1086 672 1154 qni
703 1086 769 1141 ad
797 1085 1089 1141 electorum
1110 1082 1374 1152 judicium
1402 1083 1469 1137 de
1499 1084 1665 1138 certis
1687 1081 1936 1151 capitulis
1974 1095 2164 1149 provo-

574 1178 749 1244 cavit,
802 1176 950 1248 juxta
993 1175 1450 1245 Carthaginienses
1492 1183 1548 1231 et
1587 1174 1872 1230 Africanos
1923 1186 2160 1228 canones

582 1267 813 1338 (Concil.
846 1268 961 1337 Afr.
990 1282 1041 1321 c.
1088 1267 1189 1331 65,
1216 1266 1316 1331 88,
1362 1266 1454 1332 89,
1501 1266 1634 1339 94),
1679 1282 1743 1321 ac
1770 1266 1986 1321 decreta
2020 1264 2161 1320 beati

581 1356 825 1425 Gregorii
859 1356 1173 1427 regulariter
1200 1356 1559 1425 judicavimus
1585 1367 1777 1410 vestra:
1806 1368 2031 1409 summm
2059 1370 2154 1407 au-

581 1448 820 1503 ctoritati
852 1447 1126 1501 humiliter
1156 1447 1530 1501 intimandum.
1560 1446 1716 1501 Absit
1745 1446 1889 1501 enim
1922 1461 1949 1498 a
1984 1444 2159 1508 nobis,

580 1544 639 1590 nt
684 1536 1020 1607 privilegium
1063 1536 1249 1605 prima:
1290 1544 1343 1589 et
1373 1551 1597 1590 summa:
1638 1535 1782 1589 sedis
1820 1543 2018 1588 sancite
2057 1533 2165 1587 Ro-

574 1646 751 1687 mana:
778 1629 1029 1686 Ecclesia:
1057 1627 1328 1699 pontificis
1356 1643 1453 1697 pro
1478 1628 1557 1683 sic
1580 1642 1748 1698 parvo
1769 1627 2087 1696 pendamus.
2106 1634 2165 1679 ut

571 1723 975 1777 controversias
1006 1719 1259 1790 etjurgia
1295 1729 1402 1773 tam
1434 1720 1760 1789 superioris,
1810 1734 1968 1786 quam
1996 1719 2159 1771 etiam

2266 549 2456 603 porum
2488 552 2706 607 quoque
2732 549 2816 595 est
2840 550 2960 595 orta
3009 542 3304 610 distinctio,
3326 555 3383 601 et
3404 563 3599 619 magna
3626 554 3811 610 ordina-

2265 622 2413 677 tione
2460 624 2733 692 provisnm
2754 667 2769 692 ,
2806 643 2872 681 nc
2899 644 3089 683 omnes
3132 630 3233 685 sibi
3265 635 3443 688 omnia
3477 637 3808 709 vindicarent,

2265 711 2358 765 sed
2409 723 2590 766 essent
2640 713 2694 769 in
2741 715 2967 787 singulis
2998 716 3314 788 provinciis
3357 723 3574 795 singuli,
3607 743 3807 798 quorum

2267 802 2413 860 inter
2439 805 2637 861 fratres
2663 808 2957 864 haberetur
2992 812 3165 881 prima
3197 818 3485 879 sententia.
3513 827 3566 873 et
3588 835 3679 890 per
3699 839 3810 893 quos

2265 894 2331 948 ad
2352 911 2514 964 quam
2539 898 2677 952 beati
2705 900 2849 954 Petri
2877 901 3059 955 sedem
3084 904 3402 961 universalis
3432 908 3684 965 Beclesite
3702 929 3809 969 cura

2265 983 2581 1051 conflueret,
2612 999 2667 1043 et
2694 991 2825 1044 nihil
2871 1007 3096 1062 usquam
3127 1008 3158 1047 a
3204 1010 3303 1049 suo
3330 998 3504 1066 capite
3534 999 3808 1057 dissideret.

2265 1075 2365 1142 Qui
2395 1092 2524 1146 ergo
2555 1081 2656 1134 scit
2702 1097 2761 1135 se
2807 1083 3132 1151 quibusdam
3193 1088 3566 1155 pnepositum,
3597 1106 3696 1144 non
3716 1108 3809 1147 mo-

2266 1167 2402 1224 ieste
2434 1169 2579 1226 ferre
2607 1172 2768 1225 debet
2812 1174 3057 1244 aliquem‘
3097 1175 3199 1229 sibi
3240 1190 3359 1232 esse
3388 1180 3670 1249 praelatum
3695 1200 3707 1235 :
3733 1183 3809 1238 sed

2263 1259 2622 1316 obedientiam
2672 1279 2833 1333 quam
2882 1266 3071 1335 exigit,
3121 1268 3284 1322 etiam
3350 1270 3463 1339 ipse
3491 1273 3805 1341 dependat.»

2265 1351 2438 1419 Quam
2491 1354 2774 1410 Rothadus
2804 1372 2835 1411 a
2860 1357 2972 1413 suis
3008 1359 3227 1429 exigere
3261 1363 3454 1430 magis,
3477 1379 3640 1434 quam
3664 1363 3805 1420 sacris

2265 1443 2467 1512 regulis
2510 1446 2707 1515 sategit
2764 1447 3067 1517 dependere
3092 1454 3235 1518 (cum
3270 1452 3432 1506 etiam
3456 1455 3630 1510 sancti
3661 1456 3810 1525 angeli

2264 1535 2320 1588 in
2356 1536 2494 1590 cmlo
2519 1536 2769 1606 legantur
2792 1539 2907 1594 suis
2946 1541 3245 1610 potioribus
3271 1544 3515 1616 obedire)
3541 1556 3598 1600 et
3627 1548 3736 1602 ideo
3755 1549 3809 1603 ad

2266 1625 2368 1680 hoc
2389 1628 2639 1696 pervenit
2667 1638 2725 1682 ut
2751 1628 2906 1697 dejici
2938 1634 3318 1700 promcrucrit.
3342 1634 3516 1701 Quem
3542 1652 3635 1706 per
3657 1637 3809 1707 plures

2265 1734 2436 1774 annos
2465 1730 2520 1774 et
2564 1721 2840 1777 beneficiis
2873 1723 3153 1793 impensis,
3199 1735 3254 1780 ct
3290 1728 3515 1783 monitis
3557 1739 3712 1799 atque.
3729 1732 3809 1786 ob-

571 1813 845 1869 inferioris
871 1812 1075 1867 ordinis
1096 1852 1110 1876 ,
1138 1827 1259 1881 qua:
1299 1810 1486 1865 Niceui
1525 1813 1662 1880 (cap.
1693 1809 1744 1880 5)
1777 1818 1832 1863 ct
1857 1809 2034 1863 caeteri
2076 1823 2161 1863 sa-
2192 1796 2236 1855 Β
2264 1813 2678 1879 scerationihus,
2742 1830 2840 1883 per
2893 1829 2977 1870 me
3004 1828 3060 1871 et
3097 1832 3221 1886 per.
3246 1796 3707 1891 coepiscoposaac
3732 1837 3810 1891 per

571 1919 787 1959 crurum
824 1902 1176 1958 conciliorum
1205 1915 1466 1964 canones,
1497 1909 1552 1954 et
1580 1898 1872 1954 Innocentii
1910 1898 2079 1970 (epist.
2102 1898 2159 1962 Ξ,

571 2011 620 2048 c.
650 1994 730 2064 5),
757 2001 920 2062 atque
949 1992 1178 2047 aliorum
1212 2003 1414 2047 sancta:
1454 1990 1711 2044 Romana
1756 1991 1897 2045 sedis
1942 1989 2160 2060 pontifi-

573 2100 696 2139 cum
740 2084 953 2139 decreta
985 2085 1038 2139 in
1065 2084 1288 2156 synodis
1328 2082 1753 2153 provincialibus
1782 2098 1810 2135 a
1848 2081 2163 2151 metropoli-

574 2174 720 2228 tanis
765 2174 1086 2243 praecipiunt
1134 2174 1450 2236 terminari,
1502 2173 1567 2225 ad
1618 2180 1851 2225 vestram
1896 2187 2160 2226 summam

574 2266 955 2319 auctoritatem
988 2263 1314 2334 fatigaudam
1362 2263 1643 2318 ducamus.
1695 2264 1763 2317 At
1814 2263 1858 2316 si
1912 2262 2049 2318 forte
2096 2264 2162 2319 de

573 2354 841 2424 episcopis
878 2368 1039 2408 causa
1086 2363 1212 2407 nata
1248 2352 1445 2415 fuerit,
1476 2354 1617 2406 unde
1646 2361 1792 2406 certa
1824 2361 1878 2406 et
1904 2366 2160 2422 expressa

575 2443 629 2499 in
656 2445 828 2500 sacris
852 2444 1051 2513 regulis
1080 2458 1184 2497 non
1222 2443 1517 2497 habeamus
1540 2442 1766 2510 judicia,
1810 2452 1866 2498 et
1906 2444 1976 2498 ob
2018 2443 2067 2497 id
2105 2444 2159 2498 it.

572 2536 927 2609 provinciali,
956 2535 1041 2589 vel
1074 2536 1127 2589 in
1158 2536 1596 2606 comprovinciali
1636 2545 1867 2605 nequeat
1909 2535 2160 2589 examine

572 2628 811 2694 diﬁiuiri,
842 2629 908 2683 ad
934 2628 1175 2683 divinum
1206 2627 1506 2692 oraculum,
1531 2627 1582 2682 id
1609 2628 1777 2682 estad
1808 2626 2156 2697 apostolicam

572 2721 755 2776 sedem
809 2721 965 2775 nobis
1014 2720 1138 2773 inde
1186 2727 1268 2773 est
1315 2720 1723 2774 recurrendum.
1777 2717 1832 2773 Si
1880 2719 2042 2772 etiam
2091 2717 2157 2771 de

573 2811 871 2880 majoribus
896 2812 1074 2867 causis
1096 2827 1124 2865 a
1154 2812 1469 2881 provinciali
1494 2813 1743 2881 episcopo
1771 2811 1835 2864 ad
1864 2812 2157 2865 electorum

567 2904 831 2975 judicium
863 2918 969 2958 non
996 2902 1159 2958 fuerit
1191 2913 1571 2973 provocatum,
1601 2912 1654 2957 et
1686 2903 1737 2955 in
1784 2901 1959 2970 aliqua
1994 2917 2156 2956 causa

572 2997 714 3051 idem
745 2996 1027 3067 cpiscopus
1064 2994 1225 3049 fuerit
1264 2993 1536 3061 judicatus
1556 3034 1571 3059 ,
1608 2993 1659 3048 id
1687 3002 1769 3047 est
1798 3008 1827 3046 a
1858 2993 2025 3062 gradu
2061 3008 2158 3047 suo

571 3086 626 3143 in
654 3080 1099 3158 comprovinciali
1127 3087 1331 3156 synodo
1354 3082 1615 3152 dejectus,
1640 3093 1693 3137 et
1714 3092 1860 3153 putat
1883 3100 1940 3138 se
1959 3083 2153 3138 bonam

570 3195 790 3235 causam
821 3178 1053 3241 habere,
1086 3186 1141 3231 ct
1184 3176 1533 3247 appellaverit
1561 3176 1651 3245 qui
1684 3174 1921 3243 dejectus
1946 3184 2061 3239 est,
2101 3184 2157 3229 ct

571 3267 874 3339 confugerit
903 3267 971 3321 ad
992 3266 1302 3336 episc0pum
1326 3265 1584 3319 Romamn
1605 3263 1875 3328 Ecclesiae,
1899 3274 1954 3319 ει
1976 3264 2154 3318 volue-

568 3360 644 3413 rit
669 3374 728 3412 se
752 3357 948 3421 audiri,
994 3357 1040 3412 si
1080 3357 1285 3426 justum
1317 3356 1584 3426 putaverit
1618 3363 1675 3409 ut
1711 3364 1999 3409 renovetur
2022 3370 2155 3409 exa-

571 3447 1073 3513 men,scribendum
1097 3455 1179 3501 est
1203 3449 1270 3501 ab
1294 3448 1397 3510 his,
1423 3446 1513 3514 qui
1536 3461 1754 3501 causam
1776 3446 2157 3500 cxamiuarnnt

570 3549 695 3610 post
722 3537 981 3607 juditiam
1008 3537 1331 3607 episc0pale,
1362 3538 1770 3592 eidemsnmmo
1798 3537 2068 3607 pontifici,
2103 3544 2159 3590 et

572 3629 640 3682 ad
682 3628 825 3681 illius
854 3627 1260 3698 dispositionem
1294 3627 1588 3681 secundum
1639 3626 1923 3694 septimum
1973 3626 2156 3680 Sardi-

572 3721 754 3777 censis
780 3720 992 3775 concilii
1022 3717 1315 3788 capitulum
1359 3718 1705 3771 renovabitur
1733 3729 1979 3769 examen.
2023 3715 2154 3770 Nam

573 3818 641 3872 de
670 3815 1083 3887 metropolitano
1120 3830 1218 3886 per
1245 3829 1429 3867 sacras
1459 3811 1672 3882 regulas
1706 3809 2025 3874 constituto,
2064 3810 2152 3881 qui

573 3923 639 3964 ex
668 3911 886 3979 antiqua
921 3908 1310 3963 consuetudine
1336 3908 1404 3960 ab
1440 3904 1732 3975 apostolica
1777 3905 1904 3959 sede
1938 3903 2155 3973 pallium

576 4000 794 4067 accipit,
827 4000 967 4053 sicut
1006 3998 1116 4053 Leo
1160 3998 1331 4067 (epist.
1365 3996 1456 4060 84,
1485 4013 1530 4049 c.
1566 3996 1616 4065 1)
1662 3996 1729 4049 ad
1774 3996 2153 4059 Anastasium,

575 4092 718 4160 quod
749 4100 803 4145 et
838 4090 1111 4145 Nicmnum
1150 4089 1435 4144 concilium
1472 4089 1541 4159 (ε.
1577 4088 1631 4159 7)
1664 4089 1866 4153 innuit,
1894 4097 1947 4143 et
1976 4088 2154 4142 caeteri

577 4181 837 4235 Romana:
873 4181 1015 4234 sedis
1060 4180 1341 4250 pontifices
1370 4180 1422 4232 in
1451 4178 1686 4233 decretis
1720 4179 1833 4233 suis
1877 4194 1942 4231 ex
1989 4178 2156 4232 sacris

578 4271 874 4327 canonibns
919 4278 1253 4336 monstrant,
1298 4269 1442 4323 sedis
1471 4269 1640 4338 ipsius
1688 4266 1954 4338 pontificis
1993 4268 2155 4322 etiam

574 4358 706 4416 ante
724 4360 985 4429 judicium
1014 4368 1097 4416 est
1125 4360 1392 4415 sententia
1415 4360 1792 4428 prarstolauda.
1821 4360 1868 4415 ls
1890 4360 2032 4413 enim
2052 4367 2155 4421 est,

579 4451 671 4521 qui
725 4450 1017 4506 secundum
1070 4449 1405 4504 Ezechielem
1453 4449 1766 4518 prophetam
1817 4456 2058 4503 moratur
2104 4448 2155 4502 in

2184 3141 2227 3203 C

2261 1918 2612 1974 quoscunque
2643 1905 2936 1962 familiares
2979 1909 3151 1977 potui,
3182 1910 3248 1963 ad
3274 1912 3638 1967 obediendum
3666 1915 3810 1969 sacris

2260 1994 2462 2065 regulis
2508 2011 2856 2052 commonerc
2896 1999 3101 2055 curavi.
3143 1999 3415 2057 Multoties
3471 2004 3638 2057 etiam
3665 2012 3713 2059 et
3734 2019 3812 2074 per

2259 2085 2473 2142 litteras
2519 2089 2958 2158 metropolitanas
2986 2098 3040 2146 ει
3066 2107 3134 2147 ει
3177 2092 3489 2161 apostolicae
3541 2094 3680 2149 sedis
3729 2111 3811 2148 an-

2259 2179 2513 2234 ctoritate
2563 2180 2739 2235 minas
2763 2182 2812 2236 ei
2859 2181 3133 2237 inculcare
3176 2184 3384 2249 curavi,
3428 2193 3488 2239 et
3511 2200 3579 2239 ex
3610 2184 3811 2241 lectione

2262 2270 2672 2336 catholicorum,
2706 2288 2866 2342 quam
2921 2276 3160 2343 graviter
3197 2275 3521 2341 offendebat,
3567 2281 3615 2332 ei
3658 2288 3812 2332 osten-

2262 2361 2390 2415 dere
2437 2361 2639 2415 studui.
2673 2361 2757 2416 Ad
2787 2378 2907 2431 qute
2939 2366 3313 2432 respondebat,
3367 2366 3494 2435 quia
3536 2367 3667 2421 nihil
3690 2367 3809 2422 aliud

2261 2451 2442 2505 facere
2467 2451 2729 2515 sciebam,
2763 2453 2860 2506 nisi
2892 2454 2940 2507 ei
2986 2469 3134 2508 meos
3181 2455 3388 2511 libellos
3417 2466 3529 2511 tota
3555 2459 3639 2512 die
3658 2466 3811 2511 osteno

2261 2539 2409 2593 dere.
2440 2539 2594 2595 Unde
2644 2556 2674 2595 a
2705 2542 2884 2596 multis
2938 2553 2992 2596 et
3040 2543 3480 2613 frequentissime
3525 2549 3810 2617 redargutus

2260 2630 2355 2692 fni.
2386 2647 2484 2686 cur
2523 2632 2943 2703 incorrigibilcm
2967 2645 3022 2689 et
3049 2636 3351 2690 ministerio
3377 2654 3540 2693 sacro
3573 2639 3807 2702 inutilem,

2261 2722 2444 2775 tandin
2490 2723 2729 2777 scienter
2783 2736 2971 2777 contra
3006 2724 3095 2778 Dei
3145 2725 3478 2781 voluntatem
3533 2736 3587 2781 et
3625 2741 3808 2782 sacram

2261 2810 2641 2865 auctoritatem
2668 2820 2961 2880 portarem.
2989 2813 3101 2882 Ego
3126 2829 3252 2869 vero
3282 2817 3532 2883 quamvis
3548 2816 3811 2886 sarpissime

2258 2907 2315 2953 et
2370 2914 2570 2969 regem,
2606 2903 3040 2972 etcocpiscopos
3093 2919 3158 2958 ac
3203 2905 3407 2959 vicinos
3466 2921 3620 2971 suos,
3672 2917 3810 2973 atque

2258 2990 2422 3044 etiam
2449 3006 2533 3045 me
2563 2992 2729 3046 multo
2757 2992 2971 3061 sarpins,
3006 2993 3163 3063 quasi
3216 3009 3279 3047 ex
3309 2995 3492 3049 studio
3526 2997 3592 3050 ad
3625 2996 3809 3049 iracun-

2261 3083 2403 3137 diam
2442 3098 2737 3153 provocare
2766 3094 3066 3155 satageret,
3123 3085 3252 3140 licet
3277 3102 3381 3139 non
3413 3097 3620 3155 posset,
3656 3086 3808 3141 sciens

2259 3177 2774 3245 periculosissimum
2825 3194 2945 3233 esse
2983 3178 3036 3232 in
3083 3180 3361 3233 sacerdote
3390 3180 3750 3247 perturbatam
3766 3184 3811 3232 et

2259 3267 2592 3337 prmeipitem
2637 3268 2771 3322 iram
2829 3268 3266 3339 prmcipitemque
3322 3267 3574 3338 proferre
3617 3278 3811 3323 sentcn-

2262 3357 2417 3419 tiam,
2450 3366 2501 3411 et
2534 3358 2974 3426 persecutionum
3007 3359 3255 3430 supplere
3284 3358 3572 3425 saevitiam,
3600 3357 3809 3414 dissimi—

2259 3445 2518 3501 litudines
2562 3463 2774 3502 morum
2828 3450 3197 3503 contumacias
3257 3448 3679 3505 inohedientium
3707 3490 3722 3515 ,
3763 3457 3809 3502 et

2259 3539 2616 3608 malignarum
2667 3540 2769 3593 tela
2831 3540 3157 3611 linguarum,
3208 3540 3296 3594 diu
3348 3540 3520 3606 illum,
3572 3556 3672 3595 non
3707 3539 3809 3593 sine

2261 3628 2455 3682 timore
2482 3630 2548 3683 de
2597 3630 2836 3700 periculo
2885 3632 3192 3684 animarum
3239 3632 3341 3685 sibi
3395 3631 3807 3694 commissarum,

2258 3719 2490 3788 portari,
2518 3729 2572 3773 et
2607 3736 2729 3774 cum
2769 3720 2998 3788 amplius
3046 3730 3261 3789 portare
3287 3736 3394 3775 non
3418 3721 3602 3786 debui,
3628 3721 3689 3774 ad
3710 3718 3808 3788 pln«

2259 3810 2524 3863 rimorum
2556 3812 2931 3880 episcoporum
2956 3812 3263 3877 consilium,
3288 3823 3345 3865 ut
3374 3813 3457 3866 vel
3480 3828 3577 3867 eos
3600 3812 3807 3873 audiret,

2262 3900 2411 3956 illum
2466 3903 2681 3957 deduxi.
2736 3902 2974 3969 Quorum
3027 3919 3133 3957 non
3179 3904 3365 3958 audire
3396 3906 3699 3968 consilium,
3730 3899 3810 3956 sed

2260 3992 2549 4047 adversum
2604 4009 2690 4046 me
2730 3993 3001 4061 postulare
3022 3992 3283 4061 judicium
3327 3995 3538 4049 maluit.
3569 3995 3647 4049 Ad
3676 3991 3809 4059 cujus

2258 4082 2598 4150 petitionem,
2626 4083 2756 4137 ιιιεί
2794 4082 3185 4150 satisfacerem,
3230 4092 3289 4138 ιιι
3333 4085 3415 4139 vel
3443 4087 3526 4140 sic
3548 4084 3811 4139 erubesce-

2260 4180 2363 4235 ret,
2396 4182 2450 4225 et
2480 4187 2511 4225 a
2556 4180 2734 4239 empta
2777 4187 2836 4227 se
2885 4173 3109 4227 stultitia
3158 4166 3457 4241 revocaret,
3493 4175 3696 4244 judicio
3737 4184 3811 4225 me

2260 4260 2499 4325 devinxi,
2550 4261 2696 4316 velut
2736 4262 2848 4332 jam
2896 4273 3092 4318 vestra:
3143 4264 3415 4319 sanctitati
3473 4265 3681 4336 plenius
3708 4262 3811 4316 aliis

2262 4352 2456 4406 litteris
2512 4350 2754 4405 intimavi
2782 4362 2836 4407 ct
2868 4353 3130 4424 replicare
3172 4371 3258 4410 me
3292 4370 3390 4426 pro
3414 4366 3608 4412 vestra:
3643 4363 3810 4409 aucto-

2263 4440 2439 4494 ritatis
2474 4439 2842 4496 satisfactione
2892 4445 3037 4512 cogit
3085 4445 3380 4499 necessitas
3411 4462 3425 4498 :
3457 4456 3518 4500 ut
3542 4455 3812 4515 cognosca-

579 4505 960 4613 gazopiiylacio
984 4540 1126 4610 quod
1155 4539 1375 4609 respicit
1401 4505 1949 4604 viamlmcridianam,
1978 4548 2032 4594 et
2060 4555 2155 4593 ex-
2183 4505 2237 4566 Β
2268 4531 2335 4585 lis
2385 4532 2641 4600 quoniam
2693 4532 2825 4587 nihil
2882 4535 2935 4589 in
2988 4548 3109 4588 eum
3134 4536 3221 4605 egi
3256 4536 3438 4590 animo
3465 4505 3702 4599 Ῐηίιηίῖῖον
3730 4526 3812 4585 δαί

579 4631 743 4685 cubat
778 4630 830 4684 in
861 4629 1121 4685 custodiis
1148 4628 1327 4698 templi
1356 4628 1569 4701 (Ezeclt.
1596 4628 1708 4700 XL).
1747 4628 1812 4703 Et
1836 4644 1934 4683 nos
1963 4636 2159 4683 metro-

581 4719 808 4792 politani
839 4720 905 4773 ad
948 4718 1403 4788 comparationem
1434 4718 1575 4772 illius
1614 4733 1820 4781 sumus,
1850 4718 1940 4787 qui
1971 4718 2023 4770 in
2060 4717 2163 4770 mi-

582 4813 809 4866 nisterio
836 4812 1022 4867 altaris
1040 4852 1056 4876 ,
1087 4810 1226 4881 quod
1254 4819 1338 4866 est
1366 4820 1489 4866 ante
1513 4810 1702 4865 faciem
1735 4811 1940 4879 templi,
1975 4810 2025 4864 iu
2053 4824 2159 4879 quo

584 4915 779 4954 carnes
806 4902 1183 4961 incenduntur,
1215 4900 1498 4961 servimus,
1531 4908 1585 4954 et
1613 4901 2010 4954 controversias
2040 4915 2162 4953 car-

588 4990 787 5044 nalium
827 4991 878 5042 in
914 4990 1131 5060 synodis
1172 4990 1587 5057 provincialibus
1620 4991 1925 5044 laborantes
1955 4990 2162 5043 dirimi—

588 5098 727 5144 mus,
752 5090 805 5135 et
833 5083 896 5134 de
926 5080 1216 5147 majoribus
1252 5098 1314 5135 ac
1341 5083 1600 5152 tttajurttttt
1637 5084 1813 5137 causis
1843 5082 1906 5134 ad
1936 5097 2159 5137 examen

584 5188 809 5227 summa!
837 5172 982 5225 sedis
1026 5172 1323 5241 pontificis,
1359 5186 1478 5241 post
1498 5171 1757 5240 judicium
1784 5173 1985 5227 referre
2008 5187 2163 5225 cura-

586 5278 701 5292 ...ιιι-
762 5261 1012 5292 ..Α-ιιῖηιιη
1045 5263 1186 5292 nni-vn
1227 5262 1325 5292 (~qu
1354 5264 1492 5292 ἶΙΙῖ-..η
1526 5272 1787 5292 ΠιισΛιιίιιίιὶ
1870 5263 1967 5292 οηιι
2013 5263 2163 5290 --ΑΙ-ἶο

2266 4624 2380 4679 zelo
2409 4623 2615 4687 divino,
2651 4633 2913 4694 quantum
2944 4627 2998 4680 in
3026 4627 3352 4682 conscientia
3385 4643 3503 4683 mea
3531 4626 3814 4698 perspicere

2264 4714 2435 4770 valeo.
2467 4713 2573 4769 Sed
2597 4724 2652 4769 et
2684 4718 2881 4770 domno
2921 4718 3055 4786 regi,
3106 4732 3171 4771 ac
3200 4718 3466 4788 episcopis
3518 4716 3664 4787 regni
3689 4715 3812 4783 ejus.

2265 4814 2318 4857 et
2341 4804 2775 4872 quaniplurimis,
2802 4814 2908 4857 tam
2951 4806 3334 4861 ecclesiasticis
3365 4822 3527 4875 quam
3563 4806 3815 4861 surculari-

2266 4895 2365 4948 bns
2393 4893 2543 4954 viris,
2593 4895 2706 4947 haec
2733 4904 2855 4947 sunt
2891 4907 3011 4949 nota
3061 4912 3180 4965 qua:
3230 4898 3369 4951 dico.
3396 4897 3522 4952 Post
3548 4893 3816 4964 depositio-

2266 4998 2387 5037 nem
2436 4994 2617 5036 autem
2680 4984 2843 5047 illius,
2874 4986 3079 5040 obtinui
3108 4995 3349 5040 ntunatu
3387 4989 3654 5042 abbatiam
3679 4981 3816 5036 valde

2267 5070 2464 5124 bonam
2495 5071 2542 5125 ei
2568 5071 2798 5126 domnus
2842 5090 2933 5127 rex
2971 5085 3025 5127 et
3063 5077 3297 5144 episcopi
3330 5075 3699 5130 consentirent
3730 5090 3740 5123 :
3770 5076 3817 5122 et

2267 5176 2456 5213 omnes
2490 5178 2586 5215 nos
2608 5161 2682 5214 illi
2707 5162 2845 5216 sicut
2894 5163 3053 5232 patri,
3082 5166 3148 5217 de
3186 5167 3385 5220 nostris
3412 5164 3691 5235 impendiis
3717 5173 3816 5213 ser-

2270 5253 2505 5290 vit-mune
2579 5264 2842 5290 nimtnnnc
2891 5256 2978 5288 nni
3030 5256 3079 5288 in
3142 5257 3349 5288 ,1.ιΙῖηιζο
3408 5258 3573 5286 “nam
3624 5262 3817 5286 omn-ur

2891 5256 2978 5288 nn:
3030 5256 3079 5288 :n
3142 5257 3349 5288 ιΙηΙῖηιζα
