3974 5392
189 251 301 311 165

768 247 1121 309 HISTORIA!
1154 244 1512 307 εοοιεδω
1550 244 1773 303 BENE!

1877 247 1903 301 5
1940 246 2124 302 LIBRI
2160 249 2520 315 QUA'I‘UUR.
2549 277 2620 289 —
2648 246 2778 304 LIB.
2818 248 2903 305 111.

3368 253 3471 314 166

190 363 416 424 illorum
444 364 693 421 consiliis
720 364 788 421 de
816 366 1110 422 Waldrada
1161 380 1269 421 non
1309 363 1699 436 acquievimus,
1731 370 1788 418 et
1818 365 1863 425 Α
1891 361 2183 417 meditatus
2211 377 2330 418 sum
2356 379 2506 432 ,cum
2547 365 2710 422 corde
2732 381 2875 434 meo,
2914 375 2971 426 et
3013 339 3302 428 conferens
3328 388 3454 431 cum
3497 368 3504 410 ί

190 459 363 513 etiam
410 457 579 526 aliqui
637 455 705 511 de
734 456 1054 523 Germania,
1094 464 1156 511 ut
1195 456 1416 526 quidam
1470 452 1675 517 dicunt.
1716 452 1784 508 ad

190 546 462 605 Ludovici
492 546 574 604 sui
601 547 741 619 regis
792 549 1125 611 suasionem,
1156 548 1413 618 quoniam
1441 561 1567 601 cum
1586 561 1651 602 eo
1676 561 1782 601 non

194 639 300 695 feci
330 640 475 694 sicut
502 638 805 704 Rothadus,
840 637 893 693 in
944 638 1129 694 fratris
1159 639 1242 694 sui
1284 640 1351 693 de
1402 652 1569 708 regno
1599 636 1784 707 expul-

191 732 373 795 sione,
425 740 816 800 persuaserunt
870 730 1046 784 cidem
1095 730 1366 794 Rotltado,
1424 739 1483 783 ut
1519 745 1626 783 non
1669 743 1785 783 sea

194 823 470 877 seditione
519 823 783 876 movenda
829 821 1230 877 concrederet:
1261 831 1316 875 et
1370 821 1469 891 ipsi
1518 822 1658 891 apud
1690 836 1785 875 vos

195 912 531 975 obtinerent,
562 919 623 964 nt
671 911 1071 965 restitueretur.
1097 909 1249 965 Nunc
1280 920 1483 973 autem,
1513 909 1785 978 sicntjns-

197 1002 371 1065 sistis,
428 1001 496 1054 ad
534 1010 774 1056 vestram
827 1000 1170 1071 praesentiam
1212 1012 1265 1055 et
1291 1002 1694 1072 dispositionem
1720 1001 1785 1055 il—

196 1092 307 1146 lum
351 1091 601 1162 perduci,
649 1094 787 1164 apud
832 1092 1087 1149 domuum
1121 1104 1365 1147 nostrum
1393 1108 1568 1164 regem
1617 1092 1782 1147 ﬁlium

193 1196 443 1239 vestrum
485 1185 837 1246 obtinuimus,
878 1187 1164 1239 credentes
1208 1187 1333 1255 quia
1364 1185 1507 1254 quod
1558 1186 1784 1240 Domino

195 1278 326 1333 inde
366 1277 689 1349 placabilius
715 1277 839 1343 erit,
882 1277 1033 1332 cordi
1062 1286 1245 1333 vestro
1295 1277 1561 1347 inspirare
1592 1278 1781 1348 digna-

192 1370 365 1424 bitur.

271 1481 290 1511 ι
323 1460 405 1514 De
444 1476 575 1531 quo,
606 1477 731 1535 quia
760 1461 1144 1532 benignissima
1175 1460 1415 1532 dignatio
1440 1472 1616 1517 vestra
1650 1463 1780 1518 mihi

193 1568 356 1607 servo
379 1562 565 1607 vestro
605 1569 703 1623 per
732 1552 1030 1607 Luidouem
1082 1553 1299 1624 dignata
1323 1565 1405 1607 est
1436 1554 1695 1617 scribere,
1726 1562 1783 1607 ut.

188 1642 384 1712 juncto
411 1642 541 1696 mihi
575 1641 786 1713 integro
811 1642 1037 1713 collegio
1073 1641 1324 1707 fratrum,
1346 1644 1638 1699 secundum
1666 1660 1780 1698 mo-

1887 449 2200 507 ﬁdelissimo
2232 451 2341 507 filio
2383 462 2571 511 vestro
2619 455 2816 513 domno
2842 474 2963 515 meo
2984 475 3107 532 rege
3127 461 3378 532 glorioso,
3411 465 3465 522 in

1893 540 1997 595 ltac
2019 556 2178 596 causa
2207 543 2438 612 providi,
2471 552 2666 600 vestrm
2714 548 3128 617 sapientissimm
3155 556 3468 613 auctoritati

1886 629 2128 685 scribere
2150 633 2367 702 dignum
2387 634 2514 690 duxi
2541 652 2553 687 :
2582 634 2633 690 id
2656 645 2760 705 est,
2784 639 2909 707 quia
2935 639 3057 697 licet
3075 641 3248 700 fretus
3274 654 3469 703 vestrm

1886 721 2223 776 auctoritatis
2263 722 2457 778 litteris
2516 741 2612 795 per
2659 724 2953 783 Luidonem
3006 747 3141 787 mem
3180 734 3464 804 exiguitati

1885 811 2140 877 directis,
2215 829 2443 884 quarunt
2490 817 2818 892 mentionem
2885 820 3090 878 fecistis
3134 826 3187 879 in
3234 826 3462 896 epistola

1886 918 2046 972 quam
2077 903 2185 958 ﬁlio
2211 915 2388 959 vestro
2420 906 2618 961 domno
2646 917 2832 964 nostro
2883 912 2992 983 regi
3018 913 3260 979 nusistis,
3298 932 3460 985 quas-

1885 1008 1991 1062 que
2023 992 2096 1046 illi
2130 994 2316 1065 ruit-gi,
2343 996 2481 1065 apud
2510 1013 2632 1051 cum
2656 999 2904 1055 obtinere
2931 1017 3167 1072 possem,
3196 1012 3254 1058 ut
3280 1006 3462 1062 missis

1886 1084 2020 1147 suis,
2049 1086 2139 1153 qui
2186 1085 2491 1141 Rotltadum
2545 1089 2613 1143 ad
2668 1100 2903 1147 vestram
2932 1094 3303 1152 deducendum
3326 1115 3466 1169 prm-

1885 1178 2115 1229 sentiam
2168 1186 2545 1245 susceperunt.
2584 1182 2886 1248 mandaret,
2937 1196 3203 1254 quatenus
3232 1187 3300 1241 ab
3320 1189 3465 1243 arri-

1884 1263 2078 1333 piendo
2105 1263 2330 1318 Rotttam
2361 1266 2553 1322 itinere
2574 1277 2973 1337 exspectarent,
3000 1272 3173 1329 donec
3202 1286 3465 1346 opportu-

1886 1368 2010 1405 uutn
2050 1361 2257 1422 tempus
2280 1356 2560 1426 episcopos
2616 1360 2893 1429 regionum
2923 1371 3236 1420 nostrarum
3266 1362 3466 1425 convo-

1885 1445 2041 1499 candi
2074 1447 2388 1514 adveniret;
2441 1451 2567 1520 quia
2603 1468 2711 1507 non
2751 1462 2868 1508 erat
2909 1458 3070 1524 ratio,
3098 1470 3159 1514 ut
3182 1461 3301 1517 aliis
3329 1463 3468 1520 noti-

1887 1534 2163 1602 ﬁcaretur,
2200 1555 2296 1592 cur
2325 1540 2552 1616 Rothadi
2597 1546 2935 1602 transmissio
2964 1532 3293 1618 tardaretur,
3314 1564 3468 1611 ante-

1886 1640 2047 1694 quam
2076 1627 2342 1697 episcopis
2382 1640 2574 1686 vestrm
2602 1636 2943 1693 auctoritatis
2988 1639 3217 1709 epistola
3258 1643 3463 1715 legere-

194 1735 325 1789 dum
372 1734 575 1789 ibidem
622 1734 971 1804 descriptum,
996 1744 1174 1790 γρειη
1211 1736 1504 1806 προδιοιίςε
1552 1752 1779 1791 censura
1815 1719 1858 1776 Β
1892 1725 1978 1768 tur
2010 1734 2023 1769 :
2057 1727 2266 1787 poterat
2300 1720 2439 1787 ﬁeri,
2469 1725 2642 1794 utqui
2668 1741 2752 1780 nte
2780 1727 2961 1783 divina
2991 1730 3271 1788 clementia
3290 1744 3343 1789 et
3363 1751 3464 1792 sna

191 1824 390 1889 fretus,
420 1825 695 1880 studerem
732 1825 880 1879 illam
926 1826 1157 1897 pristino
1187 1828 1556 1898 redintegrare
1584 1828 1781 1881 decen-

194 1926 277 1971 ter
300 1917 501 1972 ofﬁcio.
534 1915 687 1971 Sciat
728 1916 1178 1972 revercndissima
1224 1927 1277 1972 et
1302 1916 1669 1972 amantissime
1690 1932 1781 1972 co-

193 2007 350 2061 lenda
394 2007 709 2063 dulcissima
752 2018 932 2063 vestra
976 2009 1295 2078 pateruitas,
1351 2009 1454 2063 hoc
1498 2024 1583 2062 me
1621 2022 1781 2079 agere

193 2101 528 2170 nequivisse,
552 2116 654 2171 pro
698 2101 784 2157 ltis
814 2102 905 2172 qui
938 2103 1288 2157 continentur
1311 2103 1364 2157 in
1395 2103 1626 2157 subditis
1654 2120 1668 2157 :
1696 2104 1777 2157 vi-

194 2189 396 2244 delicet
440 2189 567 2260 quia
622 2206 745 2245 cum
797 2190 992 2245 litteris
1021 2193 1087 2246 ad
1118 2200 1351 2247 vestram
1401 2192 1778 2247 auctoritatem

193 2278 503 2335 deferendis
548 2279 690 2335 idem
733 2280 1011 2335 Rotbadus
1035 2279 1146 2353 jam
1189 2281 1510 2335 commissus
1532 2291 1652 2336 erat
1673 2282 1775 2346 eis,

193 2369 283 2438 qui
335 2371 407 2423 ad
454 2377 695 2423 vestram
740 2370 1082 2438 prmsentiam
1129 2369 1277 2423 illum
1338 2371 1689 2434 deducerent,
1722 2380 1777 2426 et

195 2460 324 2515 mihi
355 2476 467 2515 non
492 2469 611 2514 erat
650 2461 907 2531 possibile
940 2461 1207 2530 integrum
1235 2461 1462 2515 fratrum
1490 2462 1774 2533 collegium

195 2566 529 2617 convocare;
578 2551 861 2622 quoniam,
906 2561 965 2607 ιιι
1009 2567 1172 2623 supra
1220 2553 1441 2622 scripsi,
1492 2569 1522 2607 a
1556 2555 1773 2608 dimcesi

195 2647 377 2694 nostra
421 2638 636 2707 longius
679 2656 829 2695 eram
885 2651 1149 2708 remotus,
1194 2642 1247 2696 in
1293 2642 1385 2696 filii
1441 2643 1608 2697 vestri
1633 2644 1775 2713 regis

198 2731 364 2786 nostri
419 2732 661 2787 servitio.
711 2731 779 2785 Et
812 2732 1067 2801 quoniam
1136 2732 1252 2787 sine
1294 2732 1507 2787 illorum
1547 2731 1770 2800 judicio,

196 2823 281 2892 qui
304 2823 360 2879 in
393 2820 514 2891 ejus
537 2823 874 2893 depositione
913 2823 1146 2888 fuerant,
1179 2832 1235 2879 et
1269 2823 1464 2893 quibus
1489 2824 1612 2878 inde
1634 2824 1773 2878 scri-

196 2901 398 2981 psistis,
429 2912 643 2966 restitui
692 2911 1013 2983 regulariter
1058 2929 1164 2969 non
1191 2913 1420 2978 valebat,
1461 2921 1517 2967 et
1536 2914 1770 2984 episcopi

199 3000 422 3054 aliarum
470 3000 894 3070 provinciarum,
930 3016 1028 3070 per
1076 3017 1251 3056 meam
1303 3002 1766 3064 convocationem,

1886 1806 2227 1877 benignitate
2271 1819 2325 1864 et
2368 1815 2572 1868 amoris
2617 1815 2903 1874 devotione
2949 1820 3156 1889 colunt,
3187 1832 3242 1878 et
3259 1824 3464 1895 aliquid

1881 1899 2153 1954 mstimant
2206 1917 2347 1968 esse,
2375 1920 2498 1960 cum
2554 1908 2688 1962 nihil
2733 1910 2858 1976 sim,
2905 1925 3294 1984 cognoscentes
3341 1932 3465 1977 meo

1885 1990 2106 2046 obtentu
2152 1994 2204 2048 id
2236 1997 2520 2065 accidisse,
2562 1999 2615 2053 in
2673 2016 2757 2056 me
2779 2005 3091 2060 scandalum
3124 2015 3463 2078 paterentur,

1881 2083 2035 2150 quasi
2067 2087 2343 2140 contemni
2393 2096 2489 2142 aut
2535 2089 2729 2162 negligi
2784 2092 3016 2149 facrrem
3046 2106 3283 2151 vestram
3316 2114 3464 2154 com.

1883 2174 2314 2241 mendationem,
2367 2179 2458 2247 qui
2491 2179 2634 2234 intra
2680 2184 3003 2239 constitutos
3030 2200 3061 2239 a
3087 2187 3239 2242 vobis
3272 2188 3387 2243 dies
3406 2188 3462 2243 in

1880 2263 2106 2332 epistola
2137 2279 2234 2333 per
2274 2265 2515 2323 Odonem
2560 2270 2871 2341 episcopum
2903 2274 3087 2341 missa,
3114 2278 3181 2331 ad
3205 2278 3463 2334 obedien-

1880 2352 2006 2405 dutn
2056 2365 2289 2411 vestram
2340 2358 2635 2415 accelerari
2692 2363 2937 2429 fecerim,
2992 2376 3256 2435 quantum
3282 2353 3464 2438 potui,

1872 2440 2193 2511 iussionem.
2240 2448 2303 2502 Et
2350 2449 2396 2503 si
2444 2452 2660 2520 quando
2684 2453 2739 2506 in
2777 2469 2942 2508 unum
2967 2458 3457 2531 convenirentepi-

1879 2537 2048 2603 scopi,
2077 2536 2169 2605 qui
2210 2537 2409 2604 sciunt,
2455 2548 2511 2594 et
2550 2557 2637 2596 me
2677 2559 2782 2598 una
2825 2561 2946 2600 cum
2969 2547 3050 2601 eis
3086 2548 3228 2604 scire
3260 2558 3462 2607 norunt

1879 2622 2110 2681 Rothadi
2156 2629 2555 2701 negligentiam,
2588 2641 2643 2686 et
2693 2633 2956 2690 diutinam
2995 2636 3047 2691 in
3096 2653 3251 2695 sacro
3299 2640 3461 2698 mini-

1878 2718 2049 2773 sterio
2094 2719 2463 2788 inutilitatem,
2498 2724 2565 2778 de
2590 2724 2707 2794 ejus
2766 2729 3104 2785 restitutione
3133 2730 3457 2802 alloquerer,

1876 2824 2064 2864 onmes
2093 2827 2178 2867 me
2206 2813 2576 2879 exsulllarent,
2601 2824 2656 2870 ct
2702 2828 2970 2874 amentem
3010 2822 3229 2891 penitus
3244 2821 3457 2891 judica-

1879 2910 1999 2953 rent
2027 2917 2042 2967 ;
2077 2903 2155 2956 sic
2182 2905 2392 2958 etiamsi
2418 2904 2690 2971 Rotltado,
2743 2917 2803 2962 ut
2833 2924 2891 2964 se
2920 2914 3269 2968 concrederet
3291 2915 3458 2986 (quod

1878 3005 1982 3044 non
2031 3005 2143 3046 sum
2168 2992 2359 3047 salutis
2394 2994 2587 3049 intuitu
2640 2996 2820 3068 faciet)
2868 3000 3130 3056 beneﬁcia
3154 3018 3253 3058 nos
3279 3003 3453 3075 impe-

198 3089 245 3142 in
274 3088 463 3143 multis
489 3090 758 3158 occupati,
789 3091 1105 3160 congregari
1153 3106 1257 3144 non
1286 3100 1554 3161 poterant.
1590 3091 1695 3146 Sed
1717 3100 1773 3146 et
1801 3074 1846 3137 (ἶ
1882 3088 2118 3135 "3""05
2162 3082 2605 3151 Prm'lmerenms
2638 3102 2652 3138 ε
2680 3086 2935 3155 (ιυοιιῖίιιη
2986 3104 3124 3159 Pelle
3166 3074 3363 3151 "mm-33
3400 3095 3457 3151 ίη

199 3179 498 3249 coepisc0pi
553 3178 845 3233 Remorum
877 3180 1189 3249 provincim,
1224 3180 1292 3235 ab
1320 3181 1431 3251 ipsa
1463 3181 1687 3251 synodo,
1718 3182 1770 3237 in

198 3283 291 3335 qua
322 3268 610 3337 epistolam
653 3269 959 3323 sanctitatis
1014 3278 1207 3323 vestrm
1251 3267 1577 3333 audivimus,
1607 3285 1770 3325 causa

198 3356 479 3412 resistendi
510 3356 857 3413 Nortmanuis
880 3360 946 3413 ad
966 3375 1092 3414 suas
1119 3360 1275 3415 sedes
1317 3358 1576 3414 festinare
1603 3371 1775 3419 matu-

199 3457 470 3501 ravcrunt.
497 3445 661 3502 Pauci
690 3449 854 3502 etiam
899 3463 1126 3503 numero
1149 3449 1410 3520 episcopi,
1444 3451 1534 3518 qui
1560 3465 1768 3505 mecum

198 3540 246 3592 in
277 3540 370 3593 ﬁlii
400 3538 571 3595 vestri
629 3541 773 3611 regis
813 3540 985 3595 nostri
1021 3550 1180 3596 erant
1227 3542 1507 3610 obsequio,
1533 3558 1656 3595 cum
1691 3542 1771 3597 eis

199 3629 547 3700 benignitatis
598 3639 795 3684 vestrm
845 3630 1364 3685 commendationem
1416 3632 1482 3686 de
1527 3631 1771 3686 Rotbado

204 3718 377 3789 relegi,
407 3720 810 3789 responderunt
838 3736 944 3774 non
973 3735 1031 3775 se
1057 3721 1195 3775 scire
1226 3720 1384 3775 talem
1414 3722 1580 3774 vitam
1608 3731 1771 3790 atque

204 3809 623 3882 intelligentiam,
658 3811 872 3880 taleque
915 3812 1154 3866 Studium
1200 3811 1339 3866 sacri
1387 3812 1676 3866 ministerii
1715 3812 1768 3865 in

200 3913 263 3952 co
282 3900 462 3965 fuisse,
486 3910 547 3955 ut
577 3902 630 3956 in
661 3902 765 3956 hoc
788 3916 846 3956 se
871 3903 1099 3957 miscere
1149 3902 1408 3955 auderent
1433 3918 1445 3954 :
1468 3904 1767 3971 prtcsertim

201 4006 313 4046 cum
340 3993 402 4059 is,
430 3994 523 4062 qui
547 4001 706 4047 antea
736 3992 967 4062 aliquam
992 3993 1349 4049 reverentiam
1381 3993 1447 4048 de
1470 3992 1769 4061 dejectione

203 4096 290 4135 sua
315 4083 570 4148 habebat,
599 4090 655 4138 et
683 4098 896 4154 semper
930 4083 1246 4139 inobediens
1287 4093 1341 4137 et
1368 4083 1541 4138 sacris
1569 4083 1768 4152 regulis

206 4174 422 4241 etregim
441 4173 717 4244 dignitati,
745 4183 801 4227 et
830 4174 1244 4245 metropolitano
1264 4174 1547 4245 privilegio
1567 4173 1764 4241 fuerat,

207 4274 335 4316 nunc
363 4261 681 4318 effrenatius
711 4263 777 4318 ad
803 4263 1093 4318 multorum
1137 4264 1336 4317 malum
1359 4265 1684 4335 exemplum,
1714 4274 1768 4321 et

207 4352 546 4419 plurimorum
594 4353 1025 4409 benevolentiqu
1057 4354 1368 4409 scandalum
1404 4355 1681 4420 desmvire,
1712 4364 1767 4409 et

1876 3169 1995 3225 istis
2017 3172 2306 3240 provinciis
2331 3173 2529 3240 sciunt,
2554 3177 2680 3245 quia
2707 3180 3006 3235 secundum
3065 3182 3456 3254 Carthaginen—

1876 3276 1963 3316 ses
2000 3270 2054 3315 et
2097 3261 2382 3319 Africanos
2429 3281 2665 3339 canones
2708 3271 2821 3341 (65,
2856 3271 2946 3336 88,
2997 3272 3089 3338 89,
3133 3274 3244 3345 94),
3277 3284 3331 3331 et
3365 3277 3460 3333 de-

1874 3362 2020 3408 creta
2052 3354 2194 3408 beati
2222 3356 2801 3424 Gregorii,electorum
2826 3377 2884 3418 se
2911 3364 3186 3421 commisit
3198 3364 3408 3434 judicio
3431 3385 3451 3436 ;

1874 3454 1930 3499 et
1959 3447 2188 3516 amplius
2235 3463 2394 3515 quam
2422 3450 2700 3522 quingenti
2751 3454 3115 3512 interfuerunt
3141 3458 3337 3514 diversi
3366 3475 3456 3515 or-

1875 3532 2016 3588 dinis
2044 3536 2167 3600 viri,
2200 3536 2444 3592 videntes
2495 3540 2711 3608 quando
2757 3542 2896 3598 calix
2934 3560 3135 3602 aureus
3158 3563 3280 3603 cum
3304 3565 3457 3620 genta

1874 3630 1976 3684 mis
2003 3645 2034 3683 a
2064 3645 2309 3699 caupone
2351 3642 2404 3687 et
2434 3634 2740 3690 tabernaria
2790 3653 2889 3707 per
2940 3639 3164 3695 missum
3213 3643 3356 3712 regis
3384 3645 3455 3699 de

1872 3720 2015 3775 illius
2065 3722 2290 3792 pignore
2348 3734 2614 3794 sumptus,
2665 3742 2730 3782 ac
2802 3728 3009 3784 delatus
3075 3731 3177 3785 fuit
3242 3734 3295 3787 in
3364 3749 3455 3805 sy-

1871 3812 2097 3879 nodum,
2148 3823 2202 3869 et
2230 3815 2465 3870 scientes
2497 3831 2726 3872 coronas
2754 3832 3039 3890 argenteas
3072 3836 3102 3874 a
3130 3821 3334 3883 Jndmo.
3367 3824 3455 3880 cui

1873 3900 1993 3956 illas
2044 3902 2309 3969 dederat,
2364 3917 2707 3976 resumptas,
2754 3920 2809 3964 et
2865 3908 3153 3966 facultates
3198 3913 3455 3969 ecclesia-

1877 3991 2040 4045 sticas
2078 3992 2146 4047 ab
2197 4007 2262 4047 eo
2288 4009 2631 4063 suppressas,
2672 4005 2727 4050 et
2755 3996 2989 4052 latenter
3018 4001 3449 4068 commendatas,

1872 4078 2103 4149 indeque
2156 4093 2403 4152 receptas
2432 4094 2485 4137 et
2519 4083 2778 4140 Ecclesiae
2824 4087 3083 4154 redditas,
3126 4098 3182 4144 et
3233 4090 3454 4147 vascula

1869 4181 2148 4241 argentea,
2191 4189 2310 4244 qum
2363 4191 2469 4229 non
2518 4177 2674 4245 pauci
2730 4178 2982 4245 ponderis
3034 4195 3066 4234 a
3109 4179 3267 4252 longo
3317 4190 3456 4237 tem-

1868 4276 2001 4330 pore
2033 4262 2087 4316 in
2127 4263 2383 4320 ecclesias
2435 4265 2826 4334 pependerunt.
2877 4266 2981 4322 Sed
3018 4278 3071 4324 et
3094 4269 3198 4324 alia
3226 4287 3346 4342 qum
3368 4273 3452 4327 sui

1871 4351 2186 4408 decessores
2213 4370 2276 4407 ac
2306 4357 2751 4424 prmdecessores,
2783 4360 3075 4429 cmterique
3112 4360 3314 4427 ﬁdeles,
3346 4378 3449 4433 pro

205 4443 543 4514 negligentius
578 4452 740 4514 atque
770 4443 1121 4512 perniciosius
1159 4444 1368 4511 vivere,
1393 4445 1763 4501 voluntatibus
1796 4416 1844 4475 υ
1873 4444 2111 4498 remedio
2148 4444 2339 4499 animm
2376 4460 2486 4501 sum
2528 4447 2701 4501 eidem
2733 4447 2989 4504 Ecclesim
3013 4451 3343 4518 obtulerunt,
3381 4454 3450 4509 ab

204 4534 304 4589 suis
336 4537 602 4601 serviens,
643 4552 764 4591 cum
794 4535 1043 4590 libertate
1061 4536 1301 4590 deberet.

270 4641 288 4673 ι
318 4625 388 4679 De
409 4641 478 4681 eo
501 4625 849 4696 autemquod
890 4623 1193 4696 benignitas
1227 4625 1389 4679 animi
1413 4628 1600 4692 vestri,
1630 4642 1760 4697 pett-

205 4726 318 4769 sans
338 4732 439 4771 non
462 4716 777 4779 belluinum,
804 4716 897 4771 sed
919 4716 1210 4770 humanum
1234 4716 1470 4772 hominis
1497 4718 1757 4783 animum,

207 4805 402 4874 scripsit
425 4808 612 4862 dicens
643 4824 656 4860 :
693 4806 949 4862 Fortasse
978 4815 1268 4877 cognoscet
1291 4806 1542 4862 delictum
1581 4824 1760 4875 suum,

207 4905 251 4948 et
273 4912 359 4952 sua
381 4900 636 4969 sponteiu
642 4898 874 4968 judicio,
891 4913 996 4967 quo
1006 4898 1277 4968 judicatus
1291 4909 1394 4961 est,
1418 4915 1763 4970 perseverare

210 4987 399 5058 deliget.
416 4989 568 5055 Quod
591 4990 635 5043 si
652 4988 864 5053 fecerit,
882 4990 1018 5059 apud
1039 5004 1215 5059 regem
1230 4989 1506 5056 Karolum,
1524 4992 1764 5047 dilectis—

210 5077 379 5134 simum
406 5080 657 5135 videlicet
697 5079 867 5135 filium
913 5090 1151 5135 vestrum
1183 5083 1448 5154 agendum
1482 5095 1584 5154 est,
1620 5086 1762 5141 ulli-

1871 4549 1935 4588 co
1962 4534 2080 4588 siue
2105 4550 2367 4589 consensu
2396 4536 2793 4605 metropolitani
2821 4553 2886 4591 ac
2909 4540 3372 4609 coepiscoporum,
3394 4550 3452 4597 et

1869 4625 1988 4679 sine
2018 4626 2304 4690 mcenomi,
2334 4641 2398 4681 ac
2426 4627 2863 4699 presbyterorum
2890 4638 2946 4683 et
2968 4631 3313 4685 diaconorum
3338 4646 3452 4687 sum

1869 4714 2113 4769 ecclesia:
2147 4730 2366 4768 assensu
2398 4731 2496 4784 pro
2534 4716 2687 4772 liliitu
2737 4732 2837 4772 suo
2865 4718 3085 4775 donata.
3115 4719 3249 4776 Cum
3287 4722 3452 4775 etiam

1864 4804 2054 4861 beatus
2087 4804 2380 4876 Gregorius
2430 4806 2705 4866 multoties
2751 4809 2804 4862 in
2848 4811 3090 4880 epistolis
3118 4812 3231 4867 suis
3262 4827 3330 4866 ex
3373 4826 3455 4868 sa-

1864 4897 1973 4951 cris
2019 4896 2319 4951 canonibus
2351 4897 2554 4952 scribat
2584 4916 2599 4954 :
2632 4914 2968 4972 quaecunque
3011 4904 3298 4977 episcopus
3334 4912 3457 4971 post

1864 4990 2260 5046 ordinationem
2312 4992 2661 5061 episcOpatus
2724 4997 3064 5066 acquisierit,
3112 4998 3290 5053 omnia
3340 5011 3458 5051 esse

1867 5086 2119 5141 Ecclesia:
2163 5088 2216 5142 in
2265 5102 2370 5157 qua
2413 5090 2627 5147 exstitit
2665 5088 2972 5146 ordinatus.
3027 5092 3182 5151 Unde
3223 5095 3456 5151 constat.
