  <div class='ocr_page' id='page_1' title='image "/cluster/home/n/w/nwhite01/storage/ocr_20150623/135/hvd.32044015471758/089.png"; bbox 0 0 3974 5392; ppageno 0'>
   <div class='ocr_carea' id='block_1_1' title="bbox 526 384 702 441">
    <p class='ocr_par' dir='ltr' id='par_1_1' title="bbox 526 384 702 441">
     <span class='ocr_line' id='line_1_1' title="bbox 526 384 702 441; baseline -0.017 -1"><span class='ocrx_word' id='word_1_1' title='bbox 526 384 630 441; x_wconf 72' lang='grc'><strong>167</strong></span> <span class='ocrx_word' id='word_1_2' title='bbox 694 428 702 437; x_wconf 97' lang='grc'><em>.</em></span> 
     </span>
    </p>
   </div>
   <div class='ocr_carea' id='block_1_2' title="bbox 1590 328 2720 431">
    <p class='ocr_par' dir='ltr' id='par_1_2' title="bbox 1590 328 2720 431">
     <span class='ocr_line' id='line_1_2' title="bbox 1590 328 2720 431; baseline -0.004 0"><span class='ocrx_word' id='word_1_3' title='bbox 1590 348 1983 431; x_wconf 60' lang='grc' dir='ltr'>ιτιζοιιοιιιοι</span> <span class='ocrx_word' id='word_1_4' title='bbox 2020 369 2335 426; x_wconf 73' lang='lat' dir='ltr'><strong>CANONlCl</strong></span> <span class='ocrx_word' id='word_1_5' title='bbox 2377 328 2720 426; x_wconf 72' lang='lat' dir='ltr'><strong>REMENSIS</strong></span> 
     </span>
    </p>
   </div>
   <div class='ocr_carea' id='block_1_3' title="bbox 3692 371 3795 426">
    <p class='ocr_par' dir='ltr' id='par_1_3' title="bbox 3692 371 3795 426">
     <span class='ocr_line' id='line_1_3' title="bbox 3692 371 3795 426; baseline 0.01 -3"><span class='ocrx_word' id='word_1_6' title='bbox 3692 371 3795 426; x_wconf 66' lang='grc'><strong>168</strong></span> 
     </span>
    </p>
   </div>
   <div class='ocr_carea' id='block_1_4' title="bbox 528 462 3797 569">
    <p class='ocr_par' dir='ltr' id='par_1_4' title="bbox 528 462 3797 569">
     <span class='ocr_line' id='line_1_4' title="bbox 528 462 3797 569; baseline -0.004 -21"><span class='ocrx_word' id='word_1_7' title='bbox 528 510 633 569; x_wconf 81' lang='lat' dir='ltr'><strong>quc</strong></span> <span class='ocrx_word' id='word_1_8' title='bbox 671 497 847 554; x_wconf 84' lang='lat' dir='ltr'><strong>sciunt</strong></span> <span class='ocrx_word' id='word_1_9' title='bbox 889 490 1145 566; x_wconf 83' lang='lat' dir='ltr'><strong>q&#39;nantam</strong></span> <span class='ocrx_word' id='word_1_10' title='bbox 1173 490 1562 563; x_wconf 74' lang='lat' dir='ltr'><strong>benignitatem</strong></span> <span class='ocrx_word' id='word_1_11' title='bbox 1613 466 1757 557; x_wconf 86' lang='lat' dir='ltr'><strong>regis</strong></span> <span class='ocrx_word' id='word_1_12' title='bbox 1794 494 1849 542; x_wconf 91' lang='lat' dir='ltr'><strong>et</strong></span> <span class='ocrx_word' id='word_1_13' title='bbox 1883 482 2110 539; x_wconf 80' lang='lat' dir='ltr'><strong>fratrum</strong></span> <span class='ocrx_word' id='word_1_14' title='bbox 2142 491 2186 546; x_wconf 73' lang='grc' dir='ltr'>Α</span> <span class='ocrx_word' id='word_1_15' title='bbox 2216 464 2424 546; x_wconf 84' lang='lat' dir='ltr'><strong>dicunt,</strong></span> <span class='ocrx_word' id='word_1_16' title='bbox 2452 488 2507 535; x_wconf 90' lang='lat' dir='ltr'><strong>et</strong></span> <span class='ocrx_word' id='word_1_17' title='bbox 2531 462 2720 537; x_wconf 86' lang='lat' dir='ltr'><strong>omnes</strong></span> <span class='ocrx_word' id='word_1_18' title='bbox 2744 481 3069 552; x_wconf 83' lang='lat' dir='ltr'><strong>generaliter</strong></span> <span class='ocrx_word' id='word_1_19' title='bbox 3099 481 3298 546; x_wconf 69' lang='lat' dir='ltr'><strong>sciunt,</strong></span> <span class='ocrx_word' id='word_1_20' title='bbox 3327 495 3589 551; x_wconf 78' lang='lat' dir='ltr'><strong>quoniam</strong></span> <span class='ocrx_word' id='word_1_21' title='bbox 3625 494 3797 536; x_wconf 73' lang='lat' dir='ltr'><strong>vestra</strong></span> 
     </span>
    </p>
   </div>
   <div class='ocr_carea' id='block_1_5' title="bbox 535 575 2110 665">
    <p class='ocr_par' dir='ltr' id='par_1_5' title="bbox 535 575 2110 665">
     <span class='ocr_line' id='line_1_5' title="bbox 535 575 2110 665; baseline -0.013 -17"><span class='ocrx_word' id='word_1_22' title='bbox 535 607 813 665; x_wconf 82' lang='lat' dir='ltr'><strong>spernens,</strong></span> <span class='ocrx_word' id='word_1_23' title='bbox 857 588 1089 659; x_wconf 76' lang='lat' dir='ltr'><strong>qualiter</strong></span> <span class='ocrx_word' id='word_1_24' title='bbox 1141 586 1209 642; x_wconf 91' lang='lat' dir='ltr'><strong>de</strong></span> <span class='ocrx_word' id='word_1_25' title='bbox 1254 584 1418 640; x_wconf 84' lang='lat' dir='ltr'><strong>certis</strong></span> <span class='ocrx_word' id='word_1_26' title='bbox 1458 580 1728 652; x_wconf 86' lang='lat' dir='ltr'><strong>capitulis,</strong></span> <span class='ocrx_word' id='word_1_27' title='bbox 1774 579 1917 632; x_wconf 88' lang='lat' dir='ltr'><strong>unde</strong></span> <span class='ocrx_word' id='word_1_28' title='bbox 1968 575 2110 631; x_wconf 89' lang='lat' dir='ltr'><strong>sacri</strong></span> 
     </span>
    </p>
   </div>
   <div class='ocr_carea' id='block_1_6' title="bbox 533 667 2111 751">
    <p class='ocr_par' dir='ltr' id='par_1_6' title="bbox 533 667 2111 751">
     <span class='ocr_line' id='line_1_6' title="bbox 533 667 2111 751; baseline -0.013 -10"><span class='ocrx_word' id='word_1_29' title='bbox 533 699 768 740; x_wconf 78' lang='lat' dir='ltr'><strong>canones</strong></span> <span class='ocrx_word' id='word_1_30' title='bbox 815 695 1069 751; x_wconf 76' lang='lat' dir='ltr'><strong>expressa</strong></span> <span class='ocrx_word' id='word_1_31' title='bbox 1117 677 1475 733; x_wconf 89' lang='lat' dir='ltr'><strong>decreverunt</strong></span> <span class='ocrx_word' id='word_1_32' title='bbox 1517 672 1758 745; x_wconf 90' lang='lat' dir='ltr'><strong>judicia,</strong></span> <span class='ocrx_word' id='word_1_33' title='bbox 1808 667 2111 739; x_wconf 86' lang='lat' dir='ltr'><strong>judicatus,</strong></span> 
     </span>
    </p>
   </div>
   <div class='ocr_carea' id='block_1_7' title="bbox 533 763 2117 844">
    <p class='ocr_par' dir='ltr' id='par_1_7' title="bbox 533 763 2117 844">
     <span class='ocr_line' id='line_1_7' title="bbox 533 763 2117 844; baseline -0.012 -16"><span class='ocrx_word' id='word_1_34' title='bbox 533 772 958 844; x_wconf 83' lang='lat' dir='ltr'><strong>lacrymantibus</strong></span> <span class='ocrx_word' id='word_1_35' title='bbox 990 784 1117 841; x_wconf 88' lang='lat' dir='ltr'><strong>rege</strong></span> <span class='ocrx_word' id='word_1_36' title='bbox 1143 777 1199 822; x_wconf 92' lang='lat' dir='ltr'><strong>et</strong></span> <span class='ocrx_word' id='word_1_37' title='bbox 1246 764 1534 836; x_wconf 84' lang='lat' dir='ltr'><strong>episcopis,</strong></span> <span class='ocrx_word' id='word_1_38' title='bbox 1563 763 1749 817; x_wconf 91' lang='lat' dir='ltr'><strong>durior</strong></span> <span class='ocrx_word' id='word_1_39' title='bbox 1778 775 1908 815; x_wconf 84' lang='lat' dir='ltr'><strong>saxo</strong></span> <span class='ocrx_word' id='word_1_40' title='bbox 1934 773 2117 812; x_wconf 88' lang='lat' dir='ltr'><strong>reces-</strong></span> 
     </span>
    </p>
   </div>
   <div class='ocr_carea' id='block_1_8' title="bbox 534 856 2116 936">
    <p class='ocr_par' dir='ltr' id='par_1_8' title="bbox 534 856 2116 936">
     <span class='ocr_line' id='line_1_8' title="bbox 534 856 2116 936; baseline -0.011 -15"><span class='ocrx_word' id='word_1_41' title='bbox 534 866 687 931; x_wconf 91' lang='lat' dir='ltr'><strong>serit,</strong></span> <span class='ocrx_word' id='word_1_42' title='bbox 724 873 977 936; x_wconf 81' lang='lat' dir='ltr'><strong>putarent</strong></span> <span class='ocrx_word' id='word_1_43' title='bbox 1010 877 1127 925; x_wconf 90' lang='lat' dir='ltr'><strong>nos,</strong></span> <span class='ocrx_word' id='word_1_44' title='bbox 1179 861 1271 931; x_wconf 90' lang='lat' dir='ltr'><strong>qui</strong></span> <span class='ocrx_word' id='word_1_45' title='bbox 1301 875 1423 914; x_wconf 91' lang='lat' dir='ltr'><strong>eum</strong></span> <span class='ocrx_word' id='word_1_46' title='bbox 1471 856 1767 912; x_wconf 90' lang='lat' dir='ltr'><strong>secundum</strong></span> <span class='ocrx_word' id='word_1_47' title='bbox 1811 867 1997 907; x_wconf 89' lang='lat' dir='ltr'><strong>sacros</strong></span> <span class='ocrx_word' id='word_1_48' title='bbox 2026 865 2116 904; x_wconf 87' lang='lat' dir='ltr'><strong>ca-</strong></span> 
     </span>
    </p>
   </div>
   <div class='ocr_carea' id='block_1_9' title="bbox 535 943 2114 1014">
    <p class='ocr_par' dir='ltr' id='par_1_9' title="bbox 535 943 2114 1014">
     <span class='ocr_line' id='line_1_9' title="bbox 535 943 2114 1014; baseline -0.012 -3"><span class='ocrx_word' id='word_1_49' title='bbox 535 970 706 1011; x_wconf 89' lang='lat' dir='ltr'><strong>nones</strong></span> <span class='ocrx_word' id='word_1_50' title='bbox 731 955 873 1008; x_wconf 89' lang='lat' dir='ltr'><strong>sicut</strong></span> <span class='ocrx_word' id='word_1_51' title='bbox 893 968 986 1007; x_wconf 89' lang='lat' dir='ltr'><strong>eos</strong></span> <span class='ocrx_word' id='word_1_52' title='bbox 1016 949 1400 1013; x_wconf 80' lang='lat' dir='ltr'><strong>intelleximus,</strong></span> <span class='ocrx_word' id='word_1_53' title='bbox 1421 943 1803 1014; x_wconf 88' lang='lat' dir='ltr'><strong>judicavimus,</strong></span> <span class='ocrx_word' id='word_1_54' title='bbox 1833 950 1887 995; x_wconf 90' lang='lat' dir='ltr'><strong>et</strong></span> <span class='ocrx_word' id='word_1_55' title='bbox 1906 950 2114 1011; x_wconf 89' lang='lat' dir='ltr'><strong>postea,</strong></span> 
     </span>
    </p>
   </div>
   <div class='ocr_carea' id='block_1_10' title="bbox 535 1033 2115 1115">
    <p class='ocr_par' dir='ltr' id='par_1_10' title="bbox 535 1033 2115 1115">
     <span class='ocr_line' id='line_1_10' title="bbox 535 1033 2115 1115; baseline -0.011 -15"><span class='ocrx_word' id='word_1_56' title='bbox 535 1054 597 1100; x_wconf 89' lang='lat' dir='ltr'><strong>ut</strong></span> <span class='ocrx_word' id='word_1_57' title='bbox 626 1044 725 1115; x_wconf 87' lang='lat' dir='ltr'><strong>ipsi</strong></span> <span class='ocrx_word' id='word_1_58' title='bbox 771 1042 1089 1114; x_wconf 71' lang='lat' dir='ltr'><strong>praecipiunt</strong></span> <span class='ocrx_word' id='word_1_59' title='bbox 1131 1052 1389 1101; x_wconf 89' lang='lat' dir='ltr'><strong>canones,</strong></span> <span class='ocrx_word' id='word_1_60' title='bbox 1441 1051 1537 1107; x_wconf 90' lang='lat' dir='ltr'><strong>per</strong></span> <span class='ocrx_word' id='word_1_61' title='bbox 1589 1033 1968 1104; x_wconf 88' lang='lat' dir='ltr'><strong>coepiscopum</strong></span> <span class='ocrx_word' id='word_1_62' title='bbox 2016 1044 2115 1083; x_wconf 84' lang='lat' dir='ltr'><strong>no-</strong></span> 
     </span>
    </p>
   </div>
   <div class='ocr_carea' id='block_1_11' title="bbox 538 1121 2117 1206">
    <p class='ocr_par' dir='ltr' id='par_1_11' title="bbox 538 1121 2117 1206">
     <span class='ocr_line' id='line_1_11' title="bbox 538 1121 2117 1206; baseline -0.013 -14"><span class='ocrx_word' id='word_1_63' title='bbox 538 1145 734 1201; x_wconf 86' lang='lat' dir='ltr'><strong>strum,</strong></span> <span class='ocrx_word' id='word_1_64' title='bbox 765 1135 855 1206; x_wconf 90' lang='lat' dir='ltr'><strong>qui</strong></span> <span class='ocrx_word' id='word_1_65' title='bbox 908 1134 1082 1189; x_wconf 88' lang='lat' dir='ltr'><strong>eidem</strong></span> <span class='ocrx_word' id='word_1_66' title='bbox 1128 1128 1334 1199; x_wconf 88' lang='lat' dir='ltr'><strong>judicio</strong></span> <span class='ocrx_word' id='word_1_67' title='bbox 1381 1125 1647 1190; x_wconf 89' lang='lat' dir='ltr'><strong>interfuit,</strong></span> <span class='ocrx_word' id='word_1_68' title='bbox 1688 1121 2117 1195; x_wconf 87' lang='lat' dir='ltr'><strong>priusjudicium</strong></span> 
     </span>
    </p>
   </div>
   <div class='ocr_carea' id='block_1_12' title="bbox 540 1214 2117 1292">
    <p class='ocr_par' dir='ltr' id='par_1_12' title="bbox 540 1214 2117 1292">
     <span class='ocr_line' id='line_1_12' title="bbox 540 1214 2117 1292; baseline -0.012 -9"><span class='ocrx_word' id='word_1_69' title='bbox 540 1237 809 1292; x_wconf 89' lang='lat' dir='ltr'><strong>nostrum,</strong></span> <span class='ocrx_word' id='word_1_70' title='bbox 839 1225 913 1279; x_wconf 87' lang='lat' dir='ltr'><strong>de</strong></span> <span class='ocrx_word' id='word_1_71' title='bbox 949 1240 1014 1279; x_wconf 92' lang='lat' dir='ltr'><strong>eo</strong></span> <span class='ocrx_word' id='word_1_72' title='bbox 1048 1221 1271 1286; x_wconf 88' lang='lat' dir='ltr'><strong>referre,</strong></span> <span class='ocrx_word' id='word_1_73' title='bbox 1302 1229 1357 1275; x_wconf 90' lang='lat' dir='ltr'><strong>et</strong></span> <span class='ocrx_word' id='word_1_74' title='bbox 1407 1232 1546 1272; x_wconf 91' lang='lat' dir='ltr'><strong>nunc</strong></span> <span class='ocrx_word' id='word_1_75' title='bbox 1591 1215 1739 1271; x_wconf 90' lang='lat' dir='ltr'><strong>illum</strong></span> <span class='ocrx_word' id='word_1_76' title='bbox 1770 1214 1945 1284; x_wconf 88' lang='lat' dir='ltr'><strong>ipsum</strong></span> <span class='ocrx_word' id='word_1_77' title='bbox 1996 1228 2117 1268; x_wconf 91' lang='lat' dir='ltr'><strong>cum</strong></span> 
     </span>
    </p>
   </div>
   <div class='ocr_carea' id='block_1_13' title="bbox 542 1302 2118 1384">
    <p class='ocr_par' dir='ltr' id='par_1_13' title="bbox 542 1302 2118 1384">
     <span class='ocr_line' id='line_1_13' title="bbox 542 1302 2118 1384; baseline -0.011 -10"><span class='ocrx_word' id='word_1_78' title='bbox 542 1318 745 1374; x_wconf 88' lang='lat' dir='ltr'><strong>nostris</strong></span> <span class='ocrx_word' id='word_1_79' title='bbox 799 1316 993 1371; x_wconf 86' lang='lat' dir='ltr'><strong>litteris</strong></span> <span class='ocrx_word' id='word_1_80' title='bbox 1045 1323 1207 1384; x_wconf 90' lang='lat' dir='ltr'><strong>atque</strong></span> <span class='ocrx_word' id='word_1_81' title='bbox 1254 1310 1490 1373; x_wconf 91' lang='lat' dir='ltr'><strong>vicariis,</strong></span> <span class='ocrx_word' id='word_1_82' title='bbox 1542 1308 1702 1373; x_wconf 84' lang='lat' dir='ltr'><strong>sicut,</strong></span> <span class='ocrx_word' id='word_1_83' title='bbox 1751 1305 2014 1376; x_wconf 89' lang='lat' dir='ltr'><strong>jussistis,</strong></span> <span class='ocrx_word' id='word_1_84' title='bbox 2052 1302 2118 1357; x_wconf 89' lang='lat' dir='ltr'><strong>ad</strong></span> 
     </span>
    </p>
   </div>
   <div class='ocr_carea' id='block_1_14' title="bbox 541 1390 2124 1480">
    <p class='ocr_par' dir='ltr' id='par_1_14' title="bbox 541 1390 2124 1480">
     <span class='ocr_line' id='line_1_14' title="bbox 541 1390 2124 1480; baseline -0.009 -17"><span class='ocrx_word' id='word_1_85' title='bbox 541 1409 891 1480; x_wconf 79' lang='lat' dir='ltr'><strong>apostolicam</strong></span> <span class='ocrx_word' id='word_1_86' title='bbox 932 1407 1136 1471; x_wconf 86' lang='lat' dir='ltr'><strong>sedem,</strong></span> <span class='ocrx_word' id='word_1_87' title='bbox 1188 1419 1308 1474; x_wconf 73' lang='lat' dir='ltr'><strong>qua:</strong></span> <span class='ocrx_word' id='word_1_88' title='bbox 1338 1395 1590 1473; x_wconf 87' lang='lat' dir='ltr'><strong>paternos</strong></span> <span class='ocrx_word' id='word_1_89' title='bbox 1619 1390 1857 1455; x_wconf 82' lang='lat' dir='ltr'><strong>eanones</strong></span> <span class='ocrx_word' id='word_1_90' title='bbox 1900 1412 2124 1452; x_wconf 87' lang='lat' dir='ltr'><strong>servan—</strong></span> 
     </span>
    </p>
   </div>
   <div class='ocr_carea' id='block_1_15' title="bbox 542 1491 2118 1560">
    <p class='ocr_par' dir='ltr' id='par_1_15' title="bbox 542 1491 2118 1560">
     <span class='ocr_line' id='line_1_15' title="bbox 542 1491 2118 1560; baseline -0.01 -3"><span class='ocrx_word' id='word_1_91' title='bbox 542 1503 644 1557; x_wconf 90' lang='lat' dir='ltr'><strong>dus</strong></span> <span class='ocrx_word' id='word_1_92' title='bbox 670 1501 971 1560; x_wconf 88' lang='lat' dir='ltr'><strong>conﬁrmat,</strong></span> <span class='ocrx_word' id='word_1_93' title='bbox 1025 1509 1079 1552; x_wconf 93' lang='lat' dir='ltr'><strong>et</strong></span> <span class='ocrx_word' id='word_1_94' title='bbox 1120 1496 1463 1552; x_wconf 88' lang='lat' dir='ltr'><strong>conﬁrmatos</strong></span> <span class='ocrx_word' id='word_1_95' title='bbox 1512 1508 1574 1547; x_wconf 90' lang='lat' dir='ltr'><strong>ac</strong></span> <span class='ocrx_word' id='word_1_96' title='bbox 1612 1491 1986 1546; x_wconf 86' lang='lat' dir='ltr'><strong>observandos</strong></span> <span class='ocrx_word' id='word_1_97' title='bbox 2024 1503 2118 1544; x_wconf 88' lang='lat' dir='ltr'><strong>sua</strong></span> 
     </span>
    </p>
   </div>
   <div class='ocr_carea' id='block_1_16' title="bbox 543 1579 2122 1655">
    <p class='ocr_par' dir='ltr' id='par_1_16' title="bbox 543 1579 2122 1655">
     <span class='ocr_line' id='line_1_16' title="bbox 543 1579 2122 1655; baseline -0.008 -9"><span class='ocrx_word' id='word_1_98' title='bbox 543 1592 922 1646; x_wconf 88' lang='lat' dir='ltr'><strong>observatione</strong></span> <span class='ocrx_word' id='word_1_99' title='bbox 949 1588 1301 1647; x_wconf 87' lang='lat' dir='ltr'><strong>demonstrat,</strong></span> <span class='ocrx_word' id='word_1_100' title='bbox 1333 1585 1568 1655; x_wconf 78' lang='lat' dir='ltr'><strong>dirigere</strong></span> <span class='ocrx_word' id='word_1_101' title='bbox 1596 1581 2029 1653; x_wconf 88' lang='lat' dir='ltr'><strong>procuravimus,</strong></span> <span class='ocrx_word' id='word_1_102' title='bbox 2058 1579 2122 1634; x_wconf 90' lang='lat' dir='ltr'><strong>de</strong></span> 
     </span>
    </p>
   </div>
   <div class='ocr_carea' id='block_1_17' title="bbox 543 1670 2123 1745">
    <p class='ocr_par' dir='ltr' id='par_1_17' title="bbox 543 1670 2123 1745">
     <span class='ocr_line' id='line_1_17' title="bbox 543 1670 2123 1745; baseline -0.007 -11"><span class='ocrx_word' id='word_1_103' title='bbox 543 1689 737 1735; x_wconf 68' lang='lat' dir='ltr'><strong>vestrae</strong></span> <span class='ocrx_word' id='word_1_104' title='bbox 784 1678 1123 1733; x_wconf 82' lang='lat' dir='ltr'><strong>auctoritatis</strong></span> <span class='ocrx_word' id='word_1_105' title='bbox 1154 1675 1361 1745; x_wconf 90' lang='lat' dir='ltr'><strong>justitia</strong></span> <span class='ocrx_word' id='word_1_106' title='bbox 1411 1683 1466 1728; x_wconf 90' lang='lat' dir='ltr'><strong>et</strong></span> <span class='ocrx_word' id='word_1_107' title='bbox 1512 1672 1787 1743; x_wconf 85' lang='lat' dir='ltr'><strong>aequitatis</strong></span> <span class='ocrx_word' id='word_1_108' title='bbox 1833 1670 2123 1725; x_wconf 83' lang='lat' dir='ltr'><strong>libramine</strong></span> 
     </span>
    </p>
   </div>
   <div class='ocr_carea' id='block_1_18' title="bbox 545 1759 2124 1824">
    <p class='ocr_par' dir='ltr' id='par_1_18' title="bbox 545 1759 2124 1824">
     <span class='ocr_line' id='line_1_18' title="bbox 545 1759 2124 1824; baseline -0.008 1"><span class='ocrx_word' id='word_1_109' title='bbox 545 1770 841 1824; x_wconf 86' lang='lat' dir='ltr'><strong>dubitare:</strong></span> <span class='ocrx_word' id='word_1_110' title='bbox 876 1778 929 1822; x_wconf 89' lang='lat' dir='ltr'><strong>et</strong></span> <span class='ocrx_word' id='word_1_111' title='bbox 981 1768 1103 1823; x_wconf 89' lang='lat' dir='ltr'><strong>ideo</strong></span> <span class='ocrx_word' id='word_1_112' title='bbox 1149 1776 1207 1821; x_wconf 91' lang='lat' dir='ltr'><strong>ut</strong></span> <span class='ocrx_word' id='word_1_113' title='bbox 1257 1780 1317 1820; x_wconf 90' lang='lat' dir='ltr'><strong>se</strong></span> <span class='ocrx_word' id='word_1_114' title='bbox 1369 1764 1722 1819; x_wconf 83' lang='lat' dir='ltr'><strong>concrederet</strong></span> <span class='ocrx_word' id='word_1_115' title='bbox 1774 1761 2032 1815; x_wconf 89' lang='lat' dir='ltr'><strong>locarium</strong></span> <span class='ocrx_word' id='word_1_116' title='bbox 2074 1759 2124 1814; x_wconf 91' lang='lat' dir='ltr'><strong>ei</strong></span> 
     </span>
    </p>
   </div>
   <div class='ocr_carea' id='block_1_19' title="bbox 2217 571 3801 642">
    <p class='ocr_par' dir='ltr' id='par_1_19' title="bbox 2217 571 3801 642">
     <span class='ocr_line' id='line_1_19' title="bbox 2217 571 3801 642; baseline 0.001 -18"><span class='ocrx_word' id='word_1_117' title='bbox 2217 571 2516 625; x_wconf 82' lang='lat' dir='ltr'><strong>auctoritas</strong></span> <span class='ocrx_word' id='word_1_118' title='bbox 2543 572 2687 626; x_wconf 90' lang='lat' dir='ltr'><strong>illum</strong></span> <span class='ocrx_word' id='word_1_119' title='bbox 2717 588 2838 626; x_wconf 89' lang='lat' dir='ltr'><strong>cum</strong></span> <span class='ocrx_word' id='word_1_120' title='bbox 2886 572 3086 627; x_wconf 89' lang='lat' dir='ltr'><strong>nostris</strong></span> <span class='ocrx_word' id='word_1_121' title='bbox 3118 572 3336 626; x_wconf 87' lang='lat' dir='ltr'><strong>vicariis</strong></span> <span class='ocrx_word' id='word_1_122' title='bbox 3376 573 3442 625; x_wconf 83' lang='lat' dir='ltr'><strong>ad</strong></span> <span class='ocrx_word' id='word_1_123' title='bbox 3474 587 3637 626; x_wconf 87' lang='lat' dir='ltr'><strong>suum</strong></span> <span class='ocrx_word' id='word_1_124' title='bbox 3673 588 3801 642; x_wconf 81' lang='lat' dir='ltr'><strong>pra:-</strong></span> 
     </span>
    </p>
   </div>
   <div class='ocr_carea' id='block_1_20' title="bbox 2218 660 3801 731">
    <p class='ocr_par' dir='ltr' id='par_1_20' title="bbox 2218 660 3801 731">
     <span class='ocr_line' id='line_1_20' title="bbox 2218 660 3801 731; baseline -0.001 -18"><span class='ocrx_word' id='word_1_125' title='bbox 2218 660 2361 729; x_wconf 92' lang='lat' dir='ltr'><strong>ccpit</strong></span> <span class='ocrx_word' id='word_1_126' title='bbox 2393 661 2651 715; x_wconf 89' lang='lat' dir='ltr'><strong>destinari</strong></span> <span class='ocrx_word' id='word_1_127' title='bbox 2679 660 2966 731; x_wconf 82' lang='lat' dir='ltr'><strong>judicium,</strong></span> <span class='ocrx_word' id='word_1_128' title='bbox 3003 662 3222 731; x_wconf 90' lang='lat' dir='ltr'><strong>dignum</strong></span> <span class='ocrx_word' id='word_1_129' title='bbox 3254 672 3310 716; x_wconf 92' lang='lat' dir='ltr'><strong>et</strong></span> <span class='ocrx_word' id='word_1_130' title='bbox 3345 662 3554 731; x_wconf 89' lang='lat' dir='ltr'><strong>justum</strong></span> <span class='ocrx_word' id='word_1_131' title='bbox 3602 671 3710 725; x_wconf 89' lang='lat' dir='ltr'><strong>est,</strong></span> <span class='ocrx_word' id='word_1_132' title='bbox 3752 673 3801 712; x_wconf 86' lang='grc' dir='ltr'><strong>ιιι</strong></span> 
     </span>
    </p>
   </div>
   <div class='ocr_carea' id='block_1_21' title="bbox 2219 734 3803 821">
    <p class='ocr_par' dir='ltr' id='par_1_21' title="bbox 2219 734 3803 821">
     <span class='ocr_line' id='line_1_21' title="bbox 2219 734 3803 821; baseline 0.001 -20"><span class='ocrx_word' id='word_1_133' title='bbox 2219 765 2597 819; x_wconf 80' lang='lat' dir='ltr'><strong>quemcunque</strong></span> <span class='ocrx_word' id='word_1_134' title='bbox 2644 734 2961 821; x_wconf 74' lang='lat' dir='ltr'><strong>episcopum</strong></span> <span class='ocrx_word' id='word_1_135' title='bbox 3011 751 3290 806; x_wconf 80' lang='lat' dir='ltr'><strong>Romanus</strong></span> <span class='ocrx_word' id='word_1_136' title='bbox 3339 748 3583 820; x_wconf 79' lang='lat' dir='ltr'><strong>pontifex</strong></span> <span class='ocrx_word' id='word_1_137' title='bbox 3631 749 3699 802; x_wconf 83' lang='lat' dir='ltr'><strong>ad</strong></span> <span class='ocrx_word' id='word_1_138' title='bbox 3751 767 3803 802; x_wconf 86' lang='lat' dir='ltr'><strong>se</strong></span> 
     </span>
    </p>
   </div>
   <div class='ocr_carea' id='block_1_22' title="bbox 2216 842 3803 914">
    <p class='ocr_par' dir='ltr' id='par_1_22' title="bbox 2216 842 3803 914">
     <span class='ocr_line' id='line_1_22' title="bbox 2216 842 3803 914; baseline -0.001 -17"><span class='ocrx_word' id='word_1_139' title='bbox 2216 844 2445 898; x_wconf 82' lang='lat' dir='ltr'><strong>Romam</strong></span> <span class='ocrx_word' id='word_1_140' title='bbox 2476 844 2657 898; x_wconf 86' lang='lat' dir='ltr'><strong>venire</strong></span> <span class='ocrx_word' id='word_1_141' title='bbox 2690 847 3050 911; x_wconf 84' lang='lat' dir='ltr'><strong>mandaverit,</strong></span> <span class='ocrx_word' id='word_1_142' title='bbox 3096 846 3143 899; x_wconf 88' lang='lat' dir='ltr'><strong>si</strong></span> <span class='ocrx_word' id='word_1_143' title='bbox 3190 844 3503 908; x_wconf 85' lang='lat' dir='ltr'><strong>inﬁrmitas,</strong></span> <span class='ocrx_word' id='word_1_144' title='bbox 3554 842 3645 898; x_wconf 89' lang='lat' dir='ltr'><strong>vel</strong></span> <span class='ocrx_word' id='word_1_145' title='bbox 3687 859 3803 914; x_wconf 80' lang='lat' dir='ltr'><strong>gra-</strong></span> 
     </span>
    </p>
   </div>
   <div class='ocr_carea' id='block_1_23' title="bbox 2219 934 3803 1004">
    <p class='ocr_par' dir='ltr' id='par_1_23' title="bbox 2219 934 3803 1004">
     <span class='ocr_line' id='line_1_23' title="bbox 2219 934 3803 1004; baseline 0.001 -18"><span class='ocrx_word' id='word_1_146' title='bbox 2219 934 2334 987; x_wconf 92' lang='lat' dir='ltr'><strong>vior</strong></span> <span class='ocrx_word' id='word_1_147' title='bbox 2354 950 2729 1004; x_wconf 89' lang='lat' dir='ltr'><strong>quemcunque</strong></span> <span class='ocrx_word' id='word_1_148' title='bbox 2766 938 3062 991; x_wconf 87' lang='lat' dir='ltr'><strong>necessitas</strong></span> <span class='ocrx_word' id='word_1_149' title='bbox 3082 936 3163 989; x_wconf 84' lang='lat' dir='ltr'><strong>vel</strong></span> <span class='ocrx_word' id='word_1_150' title='bbox 3199 935 3631 1004; x_wconf 88' lang='lat' dir='ltr'><strong>impossibilitas,</strong></span> <span class='ocrx_word' id='word_1_151' title='bbox 3671 935 3803 989; x_wconf 89' lang='lat' dir='ltr'><strong>sicut</strong></span> 
     </span>
    </p>
   </div>
   <div class='ocr_carea' id='block_1_24' title="bbox 2218 1026 3801 1097">
    <p class='ocr_par' dir='ltr' id='par_1_24' title="bbox 2218 1026 3801 1097">
     <span class='ocr_line' id='line_1_24' title="bbox 2218 1026 3801 1097; baseline 0.001 -18"><span class='ocrx_word' id='word_1_152' title='bbox 2218 1027 2357 1080; x_wconf 81' lang='lat' dir='ltr'><strong>sacri</strong></span> <span class='ocrx_word' id='word_1_153' title='bbox 2374 1026 2659 1097; x_wconf 71' lang='lat' dir='ltr'><strong>pra-ﬁgunt</strong></span> <span class='ocrx_word' id='word_1_154' title='bbox 2678 1044 2935 1093; x_wconf 87' lang='lat' dir='ltr'><strong>canones,</strong></span> <span class='ocrx_word' id='word_1_155' title='bbox 2954 1045 3075 1083; x_wconf 90' lang='lat' dir='ltr'><strong>cum</strong></span> <span class='ocrx_word' id='word_1_156' title='bbox 3103 1028 3545 1093; x_wconf 84' lang='lat' dir='ltr'><strong>nondctinuerit,</strong></span> <span class='ocrx_word' id='word_1_157' title='bbox 3570 1029 3640 1081; x_wconf 88' lang='lat' dir='ltr'><strong>ad</strong></span> <span class='ocrx_word' id='word_1_158' title='bbox 3663 1027 3801 1083; x_wconf 90' lang='lat' dir='ltr'><strong>illum</strong></span> 
     </span>
    </p>
   </div>
   <div class='ocr_carea' id='block_1_25' title="bbox 2218 1116 3844 1193">
    <p class='ocr_par' dir='ltr' id='par_1_25' title="bbox 2218 1116 3844 1193">
     <span class='ocr_line' id='line_1_25' title="bbox 2218 1116 3844 1193; baseline 0 -23"><span class='ocrx_word' id='word_1_159' title='bbox 2218 1116 2402 1170; x_wconf 89' lang='lat' dir='ltr'><strong>venire</strong></span> <span class='ocrx_word' id='word_1_160' title='bbox 2429 1118 2665 1183; x_wconf 85' lang='lat' dir='ltr'><strong>studeat,</strong></span> <span class='ocrx_word' id='word_1_161' title='bbox 2696 1118 2866 1193; x_wconf 85' lang='lat' dir='ltr'><strong>multo</strong></span> <span class='ocrx_word' id='word_1_162' title='bbox 2899 1118 3068 1190; x_wconf 88' lang='lat' dir='ltr'><strong>magis</strong></span> <span class='ocrx_word' id='word_1_163' title='bbox 3093 1119 3257 1172; x_wconf 87' lang='lat' dir='ltr'><strong>etiam</strong></span> <span class='ocrx_word' id='word_1_164' title='bbox 3299 1119 3364 1183; x_wconf 91' lang='lat' dir='ltr'><strong>is,</strong></span> <span class='ocrx_word' id='word_1_165' title='bbox 3396 1133 3561 1189; x_wconf 89' lang='lat' dir='ltr'><strong>quem</strong></span> <span class='ocrx_word' id='word_1_166' title='bbox 3594 1131 3695 1187; x_wconf 86' lang='lat' dir='ltr'><strong>pro</strong></span> <span class='ocrx_word' id='word_1_167' title='bbox 3719 1116 3802 1170; x_wconf 86' lang='lat' dir='ltr'><strong>tali</strong></span> <span class='ocrx_word' id='word_1_168' title='bbox 3839 1182 3844 1186; x_wconf 29' lang='grc' dir='ltr'>η</span> 
     </span>
    </p>
   </div>
   <div class='ocr_carea' id='block_1_26' title="bbox 2219 1206 3805 1279">
    <p class='ocr_par' dir='ltr' id='par_1_26' title="bbox 2219 1206 3805 1279">
     <span class='ocr_line' id='line_1_26' title="bbox 2219 1206 3805 1279; baseline 0.002 -23"><span class='ocrx_word' id='word_1_169' title='bbox 2219 1206 2438 1275; x_wconf 87' lang='lat' dir='ltr'><strong>querela</strong></span> <span class='ocrx_word' id='word_1_170' title='bbox 2463 1207 2529 1260; x_wconf 88' lang='lat' dir='ltr'><strong>ad</strong></span> <span class='ocrx_word' id='word_1_171' title='bbox 2552 1222 2610 1261; x_wconf 90' lang='lat' dir='ltr'><strong>se</strong></span> <span class='ocrx_word' id='word_1_172' title='bbox 2626 1222 2949 1279; x_wconf 84' lang='lat' dir='ltr'><strong>quocunque</strong></span> <span class='ocrx_word' id='word_1_173' title='bbox 2973 1208 3131 1263; x_wconf 89' lang='lat' dir='ltr'><strong>modo</strong></span> <span class='ocrx_word' id='word_1_174' title='bbox 3153 1209 3476 1263; x_wconf 90' lang='lat' dir='ltr'><strong>clamantem</strong></span> <span class='ocrx_word' id='word_1_175' title='bbox 3505 1206 3805 1277; x_wconf 61' lang='lat' dir='ltr'><strong>praesentia</strong></span> 
     </span>
    </p>
   </div>
   <div class='ocr_carea' id='block_1_27' title="bbox 2218 1290 3806 1371">
    <p class='ocr_par' dir='ltr' id='par_1_27' title="bbox 2218 1290 3806 1371">
     <span class='ocr_line' id='line_1_27' title="bbox 2218 1290 3806 1371; baseline -0.004 -16"><span class='ocrx_word' id='word_1_176' title='bbox 2218 1290 2548 1370; x_wconf 69' lang='lat' dir='ltr'><strong>surejudicat</strong></span> <span class='ocrx_word' id='word_1_177' title='bbox 2569 1296 2949 1356; x_wconf 78' lang='lat' dir='ltr'><strong>exhibendum.</strong></span> <span class='ocrx_word' id='word_1_178' title='bbox 2975 1301 3040 1356; x_wconf 84' lang='lat' dir='ltr'><strong>Et</strong></span> <span class='ocrx_word' id='word_1_179' title='bbox 3061 1301 3368 1371; x_wconf 91' lang='lat' dir='ltr'><strong>quicunque</strong></span> <span class='ocrx_word' id='word_1_180' title='bbox 3392 1300 3593 1355; x_wconf 89' lang='lat' dir='ltr'><strong>viderit</strong></span> <span class='ocrx_word' id='word_1_181' title='bbox 3614 1298 3698 1353; x_wconf 89' lang='lat' dir='ltr'><strong>vel</strong></span> <span class='ocrx_word' id='word_1_182' title='bbox 3719 1314 3806 1351; x_wconf 89' lang='lat' dir='ltr'><strong>au-</strong></span> 
     </span>
    </p>
   </div>
   <div class='ocr_carea' id='block_1_28' title="bbox 2222 1392 3795 1463">
    <p class='ocr_par' dir='ltr' id='par_1_28' title="bbox 2222 1392 3795 1463">
     <span class='ocr_line' id='line_1_28' title="bbox 2222 1392 3795 1463; baseline -0.004 -15"><span class='ocrx_word' id='word_1_183' title='bbox 2222 1393 2401 1456; x_wconf 89' lang='lat' dir='ltr'><strong>dierit,</strong></span> <span class='ocrx_word' id='word_1_184' title='bbox 2427 1395 2570 1463; x_wconf 92' lang='lat' dir='ltr'><strong>quod</strong></span> <span class='ocrx_word' id='word_1_185' title='bbox 2590 1392 2679 1446; x_wconf 74' lang='lat' dir='ltr'><strong>rex&#39;</strong></span> <span class='ocrx_word' id='word_1_186' title='bbox 2702 1401 2756 1447; x_wconf 93' lang='lat' dir='ltr'><strong>et</strong></span> <span class='ocrx_word' id='word_1_187' title='bbox 2781 1393 3021 1462; x_wconf 89' lang='lat' dir='ltr'><strong>episcopi</strong></span> <span class='ocrx_word' id='word_1_188' title='bbox 3046 1393 3355 1463; x_wconf 75' lang='lat' dir='ltr'><strong>apostolica:</strong></span> <span class='ocrx_word' id='word_1_189' title='bbox 3377 1392 3521 1447; x_wconf 86' lang='lat' dir='ltr'><strong>sedis</strong></span> <span class='ocrx_word' id='word_1_190' title='bbox 3538 1404 3795 1444; x_wconf 74' lang='lat' dir='ltr'><strong>summm:</strong></span> 
     </span>
    </p>
   </div>
   <div class='ocr_carea' id='block_1_29' title="bbox 2173 1486 3808 1556">
    <p class='ocr_par' dir='ltr' id='par_1_29' title="bbox 2173 1486 3808 1556">
     <span class='ocr_line' id='line_1_29' title="bbox 2173 1486 3808 1556; baseline -0.004 -15"><span class='ocrx_word' id='word_1_191' title='bbox 2173 1494 2176 1497; x_wconf 45' lang='grc' dir='ltr'>λ</span> <span class='ocrx_word' id='word_1_192' title='bbox 2227 1486 2539 1556; x_wconf 90' lang='lat' dir='ltr'><strong>pontiﬁcem</strong></span> <span class='ocrx_word' id='word_1_193' title='bbox 2572 1496 2819 1556; x_wconf 87' lang='lat' dir='ltr'><strong>prompte</strong></span> <span class='ocrx_word' id='word_1_194' title='bbox 2854 1486 3172 1553; x_wconf 90' lang='lat' dir='ltr'><strong>obaudiunt,</strong></span> <span class='ocrx_word' id='word_1_195' title='bbox 3200 1494 3255 1541; x_wconf 90' lang='lat' dir='ltr'><strong>et</strong></span> <span class='ocrx_word' id='word_1_196' title='bbox 3300 1487 3597 1548; x_wconf 85' lang='lat' dir='ltr'><strong>honorant,</strong></span> <span class='ocrx_word' id='word_1_197' title='bbox 3635 1499 3808 1553; x_wconf 85' lang='lat' dir='ltr'><strong>prom-</strong></span> 
     </span>
    </p>
   </div>
   <div class='ocr_carea' id='block_1_30' title="bbox 2228 1573 3807 1645">
    <p class='ocr_par' dir='ltr' id='par_1_30' title="bbox 2228 1573 3807 1645">
     <span class='ocr_line' id='line_1_30' title="bbox 2228 1573 3807 1645; baseline -0.003 -17"><span class='ocrx_word' id='word_1_198' title='bbox 2228 1575 2376 1645; x_wconf 87' lang='lat' dir='ltr'><strong>ptius</strong></span> <span class='ocrx_word' id='word_1_199' title='bbox 2416 1584 2469 1629; x_wconf 92' lang='lat' dir='ltr'><strong>et</strong></span> <span class='ocrx_word' id='word_1_200' title='bbox 2503 1574 2758 1629; x_wconf 72' lang='grc' dir='ltr'>Ιιιιιιιιιίιις</span> <span class='ocrx_word' id='word_1_201' title='bbox 2789 1575 2869 1630; x_wconf 85' lang='lat' dir='ltr'><strong>eis</strong></span> <span class='ocrx_word' id='word_1_202' title='bbox 2896 1573 3119 1643; x_wconf 83' lang='lat' dir='ltr'><strong>subjecti</strong></span> <span class='ocrx_word' id='word_1_203' title='bbox 3168 1576 3251 1631; x_wconf 90' lang='lat' dir='ltr'><strong>sui</strong></span> <span class='ocrx_word' id='word_1_204' title='bbox 3286 1576 3564 1630; x_wconf 88' lang='lat' dir='ltr'><strong>obedient.</strong></span> <span class='ocrx_word' id='word_1_205' title='bbox 3594 1573 3729 1627; x_wconf 85' lang='lat' dir='ltr'><strong>Nam</strong></span> <span class='ocrx_word' id='word_1_206' title='bbox 3756 1580 3807 1625; x_wconf 92' lang='grc' dir='ltr'><strong>ιιι</strong></span> 
     </span>
    </p>
   </div>
   <div class='ocr_carea' id='block_1_31' title="bbox 2235 1660 3808 1735">
    <p class='ocr_par' dir='ltr' id='par_1_31' title="bbox 2235 1660 3808 1735">
     <span class='ocr_line' id='line_1_31' title="bbox 2235 1660 3808 1735; baseline -0.003 -17"><span class='ocrx_word' id='word_1_207' title='bbox 2235 1665 2427 1718; x_wconf 89' lang='lat' dir='ltr'><strong>beatus</strong></span> <span class='ocrx_word' id='word_1_208' title='bbox 2454 1663 2749 1732; x_wconf 77' lang='lat' dir='ltr'><strong>Gregorius</strong></span> <span class='ocrx_word' id='word_1_209' title='bbox 2775 1664 2909 1719; x_wconf 88' lang='lat' dir='ltr'><strong>dicit</strong></span> <span class='ocrx_word' id='word_1_210' title='bbox 2936 1683 2951 1720; x_wconf 91' lang='lat'>:</span> <span class='ocrx_word' id='word_1_211' title='bbox 2984 1664 3137 1719; x_wconf 89' lang='lat' dir='ltr'><strong>Sicut</strong></span> <span class='ocrx_word' id='word_1_212' title='bbox 3170 1665 3456 1735; x_wconf 82' lang='lat' dir='ltr'><strong>languente</strong></span> <span class='ocrx_word' id='word_1_213' title='bbox 3481 1663 3666 1731; x_wconf 86' lang='lat' dir='ltr'><strong>capite</strong></span> <span class='ocrx_word' id='word_1_214' title='bbox 3694 1660 3808 1715; x_wconf 80' lang='lat' dir='ltr'><strong>sttit-</strong></span> 
     </span>
    </p>
   </div>
   <div class='ocr_carea' id='block_1_32' title="bbox 2224 1753 3809 1827">
    <p class='ocr_par' dir='ltr' id='par_1_32' title="bbox 2224 1753 3809 1827">
     <span class='ocr_line' id='line_1_32' title="bbox 2224 1753 3809 1827; baseline -0.001 -19"><span class='ocrx_word' id='word_1_215' title='bbox 2224 1753 2370 1823; x_wconf 87' lang='lat' dir='ltr'><strong>jecta</strong></span> <span class='ocrx_word' id='word_1_216' title='bbox 2420 1754 2665 1810; x_wconf 84' lang='lat' dir='ltr'><strong>membra</strong></span> <span class='ocrx_word' id='word_1_217' title='bbox 2714 1755 2767 1809; x_wconf 92' lang='lat' dir='ltr'><strong>in</strong></span> <span class='ocrx_word' id='word_1_218' title='bbox 2819 1770 3031 1809; x_wconf 88' lang='lat' dir='ltr'><strong>cassum</strong></span> <span class='ocrx_word' id='word_1_219' title='bbox 3061 1757 3269 1827; x_wconf 80' lang='lat' dir='ltr'><strong>vigent;</strong></span> <span class='ocrx_word' id='word_1_220' title='bbox 3315 1756 3384 1809; x_wconf 91' lang='lat' dir='ltr'><strong>ita</strong></span> <span class='ocrx_word' id='word_1_221' title='bbox 3413 1755 3588 1827; x_wconf 78' lang='lat' dir='ltr'><strong>gloria</strong></span> <span class='ocrx_word' id='word_1_222' title='bbox 3624 1763 3682 1806; x_wconf 90' lang='lat' dir='ltr'><strong>et</strong></span> <span class='ocrx_word' id='word_1_223' title='bbox 3723 1755 3809 1806; x_wconf 87' lang='lat' dir='ltr'><strong>bo-</strong></span> 
     </span>
    </p>
   </div>
   <div class='ocr_carea' id='block_1_33' title="bbox 544 1847 3811 1932">
    <p class='ocr_par' dir='ltr' id='par_1_33' title="bbox 544 1847 3811 1932">
     <span class='ocr_line' id='line_1_33' title="bbox 544 1847 3811 1932; baseline -0.001 -18"><span class='ocrx_word' id='word_1_224' title='bbox 544 1862 883 1932; x_wconf 85' lang='lat' dir='ltr'><strong>promittere,</strong></span> <span class='ocrx_word' id='word_1_225' title='bbox 933 1858 1120 1930; x_wconf 80' lang='lat' dir='ltr'><strong>sicque</strong></span> <span class='ocrx_word' id='word_1_226' title='bbox 1168 1874 1267 1913; x_wconf 88' lang='lat' dir='ltr'><strong>nos</strong></span> <span class='ocrx_word' id='word_1_227' title='bbox 1308 1866 1367 1912; x_wconf 89' lang='lat' dir='ltr'><strong>ut</strong></span> <span class='ocrx_word' id='word_1_228' title='bbox 1412 1856 1629 1911; x_wconf 87' lang='lat' dir='ltr'><strong>insanos</strong></span> <span class='ocrx_word' id='word_1_229' title='bbox 1669 1855 1864 1910; x_wconf 87' lang='lat' dir='ltr'><strong>merito</strong></span> <span class='ocrx_word' id='word_1_230' title='bbox 1910 1855 2130 1910; x_wconf 87' lang='lat' dir='ltr'><strong>denota-</strong></span> <span class='ocrx_word' id='word_1_231' title='bbox 2160 1850 2205 1906; x_wconf 78' lang='grc' dir='ltr'><strong>Β</strong></span> <span class='ocrx_word' id='word_1_232' title='bbox 2233 1861 2365 1901; x_wconf 87' lang='lat' dir='ltr'><strong>nore</strong></span> <span class='ocrx_word' id='word_1_233' title='bbox 2402 1854 2683 1910; x_wconf 80' lang='lat' dir='ltr'><strong>coronato,</strong></span> <span class='ocrx_word' id='word_1_234' title='bbox 2716 1847 2766 1901; x_wconf 86' lang='lat' dir='ltr'><strong>id</strong></span> <span class='ocrx_word' id='word_1_235' title='bbox 2804 1856 2887 1901; x_wconf 79' lang='lat' dir='ltr'><strong>est</strong></span> <span class='ocrx_word' id='word_1_236' title='bbox 2926 1848 3284 1903; x_wconf 77' lang='lat' dir='ltr'><strong>honoriﬁcam</strong></span> <span class='ocrx_word' id='word_1_237' title='bbox 3326 1863 3392 1902; x_wconf 83' lang='lat' dir='ltr'><strong>ac</strong></span> <span class='ocrx_word' id='word_1_238' title='bbox 3433 1849 3697 1902; x_wconf 76' lang='lat' dir='ltr'><strong>decoram</strong></span> <span class='ocrx_word' id='word_1_239' title='bbox 3731 1862 3811 1900; x_wconf 74' lang='lat' dir='ltr'><strong>ca-</strong></span> 
     </span>
    </p>
   </div>
   <div class='ocr_carea' id='block_1_34' title="bbox 544 1945 2130 2023">
    <p class='ocr_par' dir='ltr' id='par_1_34' title="bbox 544 1945 2130 2023">
     <span class='ocr_line' id='line_1_34' title="bbox 544 1945 2130 2023; baseline -0.004 -17"><span class='ocrx_word' id='word_1_240' title='bbox 544 1959 690 2018; x_wconf 82' lang='lat' dir='ltr'><strong>rent,</strong></span> <span class='ocrx_word' id='word_1_241' title='bbox 720 1966 840 2006; x_wconf 91' lang='lat' dir='ltr'><strong>cum</strong></span> <span class='ocrx_word' id='word_1_242' title='bbox 872 1950 1035 2006; x_wconf 90' lang='lat' dir='ltr'><strong>etiam</strong></span> <span class='ocrx_word' id='word_1_243' title='bbox 1067 1951 1111 2023; x_wconf 87' lang='lat' dir='ltr'><strong>si</strong></span> <span class='ocrx_word' id='word_1_244' title='bbox 1144 1948 1260 2004; x_wconf 92' lang='lat' dir='ltr'><strong>ﬁeri</strong></span> <span class='ocrx_word' id='word_1_245' title='bbox 1298 1956 1481 2018; x_wconf 89' lang='lat' dir='ltr'><strong>posset</strong></span> <span class='ocrx_word' id='word_1_246' title='bbox 1508 1946 1673 2017; x_wconf 92' lang='lat' dir='ltr'><strong>(quod</strong></span> <span class='ocrx_word' id='word_1_247' title='bbox 1712 1949 1780 2000; x_wconf 88' lang='lat' dir='ltr'><strong>ab</strong></span> <span class='ocrx_word' id='word_1_248' title='bbox 1825 1945 1913 2000; x_wconf 90' lang='lat' dir='ltr'><strong>illa</strong></span> <span class='ocrx_word' id='word_1_249' title='bbox 1956 1947 2130 2023; x_wconf 81' lang='lat' dir='ltr'><strong>prima</strong></span> 
     </span>
    </p>
   </div>
   <div class='ocr_carea' id='block_1_35' title="bbox 547 2024 2129 2109">
    <p class='ocr_par' dir='ltr' id='par_1_35' title="bbox 547 2024 2129 2109">
     <span class='ocr_line' id='line_1_35' title="bbox 547 2024 2129 2109; baseline -0.003 -11"><span class='ocrx_word' id='word_1_250' title='bbox 547 2052 605 2098; x_wconf 84' lang='lat' dir='ltr'><strong>et</strong></span> <span class='ocrx_word' id='word_1_251' title='bbox 635 2052 823 2097; x_wconf 88' lang='lat' dir='ltr'><strong>sancta</strong></span> <span class='ocrx_word' id='word_1_252' title='bbox 854 2044 980 2097; x_wconf 89' lang='lat' dir='ltr'><strong>sede</strong></span> <span class='ocrx_word' id='word_1_253' title='bbox 1005 2024 1306 2096; x_wconf 32' lang='lat' dir='ltr'><strong>ac&#39;summo</strong></span> <span class='ocrx_word' id='word_1_254' title='bbox 1335 2039 1636 2109; x_wconf 89' lang='lat' dir='ltr'><strong>apostolatu</strong></span> <span class='ocrx_word' id='word_1_255' title='bbox 1675 2048 1851 2095; x_wconf 88' lang='lat' dir='ltr'><strong>vestro</strong></span> <span class='ocrx_word' id='word_1_256' title='bbox 1900 2040 2129 2094; x_wconf 90' lang='lat' dir='ltr'><strong>ﬁendum</strong></span> 
     </span>
    </p>
   </div>
   <div class='ocr_carea' id='block_1_36' title="bbox 546 2132 2130 2204">
    <p class='ocr_par' dir='ltr' id='par_1_36' title="bbox 546 2132 2130 2204">
     <span class='ocr_line' id='line_1_36' title="bbox 546 2132 2130 2204; baseline -0.002 -16"><span class='ocrx_word' id='word_1_257' title='bbox 546 2147 654 2188; x_wconf 85' lang='lat' dir='ltr'><strong>non</strong></span> <span class='ocrx_word' id='word_1_258' title='bbox 684 2132 945 2204; x_wconf 87' lang='lat' dir='ltr'><strong>creditur)</strong></span> <span class='ocrx_word' id='word_1_259' title='bbox 981 2141 1040 2186; x_wconf 90' lang='grc' dir='ltr'><strong>ιιι</strong></span> <span class='ocrx_word' id='word_1_260' title='bbox 1070 2133 1190 2187; x_wconf 90' lang='lat' dir='ltr'><strong>talis</strong></span> <span class='ocrx_word' id='word_1_261' title='bbox 1221 2148 1250 2185; x_wconf 89' lang='lat' dir='ltr'><strong>a</strong></span> <span class='ocrx_word' id='word_1_262' title='bbox 1281 2133 1433 2187; x_wconf 83' lang='lat' dir='ltr'><strong>vobis</strong></span> <span class='ocrx_word' id='word_1_263' title='bbox 1460 2132 1727 2202; x_wconf 88' lang='lat' dir='ltr'><strong>cognitus,</strong></span> <span class='ocrx_word' id='word_1_264' title='bbox 1766 2132 2050 2187; x_wconf 86' lang='lat' dir='ltr'><strong>restitutus</strong></span> <span class='ocrx_word' id='word_1_265' title='bbox 2078 2132 2130 2185; x_wconf 89' lang='lat' dir='ltr'><strong>in</strong></span> 
     </span>
    </p>
   </div>
   <div class='ocr_carea' id='block_1_37' title="bbox 547 2218 2131 2286">
    <p class='ocr_par' dir='ltr' id='par_1_37' title="bbox 547 2218 2131 2286">
     <span class='ocr_line' id='line_1_37' title="bbox 547 2218 2131 2286; baseline 0.001 -12"><span class='ocrx_word' id='word_1_266' title='bbox 547 2222 740 2275; x_wconf 89' lang='lat' dir='ltr'><strong>ordine</strong></span> <span class='ocrx_word' id='word_1_267' title='bbox 768 2222 1097 2286; x_wconf 83' lang='lat' dir='ltr'><strong>nominetur,</strong></span> <span class='ocrx_word' id='word_1_268' title='bbox 1131 2218 1275 2275; x_wconf 91' lang='lat' dir='ltr'><strong>nulla</strong></span> <span class='ocrx_word' id='word_1_269' title='bbox 1303 2223 1369 2276; x_wconf 90' lang='lat' dir='ltr'><strong>de</strong></span> <span class='ocrx_word' id='word_1_270' title='bbox 1392 2231 1588 2276; x_wconf 87' lang='lat' dir='ltr'><strong>caetero</strong></span> <span class='ocrx_word' id='word_1_271' title='bbox 1613 2224 1768 2278; x_wconf 89' lang='lat' dir='ltr'><strong>nobis</strong></span> <span class='ocrx_word' id='word_1_272' title='bbox 1797 2223 2131 2278; x_wconf 89' lang='lat' dir='ltr'><strong>conscientia</strong></span> 
     </span>
    </p>
   </div>
   <div class='ocr_carea' id='block_1_38' title="bbox 552 2311 2131 2383">
    <p class='ocr_par' dir='ltr' id='par_1_38' title="bbox 552 2311 2131 2383">
     <span class='ocr_line' id='line_1_38' title="bbox 552 2311 2131 2383; baseline 0.001 -20"><span class='ocrx_word' id='word_1_273' title='bbox 552 2312 618 2366; x_wconf 87' lang='lat' dir='ltr'><strong>de</strong></span> <span class='ocrx_word' id='word_1_274' title='bbox 646 2311 749 2366; x_wconf 89' lang='lat' dir='ltr'><strong>sibi</strong></span> <span class='ocrx_word' id='word_1_275' title='bbox 777 2326 806 2365; x_wconf 90' lang='lat' dir='ltr'><strong>a</strong></span> <span class='ocrx_word' id='word_1_276' title='bbox 830 2311 980 2366; x_wconf 86' lang='lat' dir='ltr'><strong>vobis</strong></span> <span class='ocrx_word' id='word_1_277' title='bbox 1008 2312 1313 2366; x_wconf 87' lang='lat' dir='ltr'><strong>commissis</strong></span> <span class='ocrx_word' id='word_1_278' title='bbox 1335 2312 1619 2367; x_wconf 87' lang='lat' dir='ltr'><strong>animabus</strong></span> <span class='ocrx_word' id='word_1_279' title='bbox 1640 2321 1783 2368; x_wconf 90' lang='lat' dir='ltr'><strong>esset</strong></span> <span class='ocrx_word' id='word_1_280' title='bbox 1811 2312 2131 2383; x_wconf 82' lang='lat' dir='ltr'><strong>Periculum.</strong></span> 
     </span>
    </p>
   </div>
   <div class='ocr_carea' id='block_1_39' title="bbox 548 2396 2135 2471">
    <p class='ocr_par' dir='ltr' id='par_1_39' title="bbox 548 2396 2135 2471">
     <span class='ocr_line' id='line_1_39' title="bbox 548 2396 2135 2471; baseline 0.001 -17"><span class='ocrx_word' id='word_1_281' title='bbox 548 2399 617 2454; x_wconf 83' lang='lat' dir='ltr'><strong>Et</strong></span> <span class='ocrx_word' id='word_1_282' title='bbox 649 2415 771 2454; x_wconf 86' lang='lat' dir='ltr'><strong>cum</strong></span> <span class='ocrx_word' id='word_1_283' title='bbox 795 2415 983 2454; x_wconf 90' lang='lat' dir='ltr'><strong>omnes</strong></span> <span class='ocrx_word' id='word_1_284' title='bbox 1021 2399 1073 2453; x_wconf 88' lang='lat' dir='ltr'><strong>in</strong></span> <span class='ocrx_word' id='word_1_285' title='bbox 1105 2400 1222 2455; x_wconf 91' lang='lat' dir='ltr'><strong>istis</strong></span> <span class='ocrx_word' id='word_1_286' title='bbox 1267 2401 1573 2471; x_wconf 80' lang='lat' dir='ltr'><strong>regionibus</strong></span> <span class='ocrx_word' id='word_1_287' title='bbox 1604 2396 1801 2462; x_wconf 80' lang='lat' dir='ltr'><strong>Sciant,</strong></span> <span class='ocrx_word' id='word_1_288' title='bbox 1836 2414 1998 2470; x_wconf 88' lang='lat' dir='ltr'><strong>quam</strong></span> <span class='ocrx_word' id='word_1_289' title='bbox 2044 2415 2135 2456; x_wconf 89' lang='lat' dir='ltr'><strong>ne-</strong></span> 
     </span>
    </p>
   </div>
   <div class='ocr_carea' id='block_1_40' title="bbox 550 2482 2135 2559">
    <p class='ocr_par' dir='ltr' id='par_1_40' title="bbox 550 2482 2135 2559">
     <span class='ocr_line' id='line_1_40' title="bbox 550 2482 2135 2559; baseline 0.001 -19"><span class='ocrx_word' id='word_1_290' title='bbox 550 2487 758 2558; x_wconf 80' lang='lat' dir='ltr'><strong>gligens</strong></span> <span class='ocrx_word' id='word_1_291' title='bbox 787 2496 840 2542; x_wconf 88' lang='lat' dir='ltr'><strong>et</strong></span> <span class='ocrx_word' id='word_1_292' title='bbox 873 2495 1214 2556; x_wconf 88' lang='lat' dir='ltr'><strong>contemplor</strong></span> <span class='ocrx_word' id='word_1_293' title='bbox 1255 2488 1535 2542; x_wconf 84' lang='lat' dir='ltr'><strong>sacrorum</strong></span> <span class='ocrx_word' id='word_1_294' title='bbox 1572 2482 1860 2554; x_wconf 81' lang='lat' dir='ltr'><strong>canonum,</strong></span> <span class='ocrx_word' id='word_1_295' title='bbox 1886 2498 1941 2544; x_wconf 92' lang='lat' dir='ltr'><strong>et</strong></span> <span class='ocrx_word' id='word_1_296' title='bbox 1965 2504 2135 2559; x_wconf 87' lang='lat' dir='ltr'><strong>quan-</strong></span> 
     </span>
    </p>
   </div>
   <div class='ocr_carea' id='block_1_41' title="bbox 551 2572 2135 2650">
    <p class='ocr_par' dir='ltr' id='par_1_41' title="bbox 551 2572 2135 2650">
     <span class='ocr_line' id='line_1_41' title="bbox 551 2572 2135 2650; baseline 0.002 -18"><span class='ocrx_word' id='word_1_297' title='bbox 551 2580 667 2644; x_wconf 89' lang='lat' dir='ltr'><strong>diu,</strong></span> <span class='ocrx_word' id='word_1_298' title='bbox 710 2594 981 2649; x_wconf 90' lang='lat' dir='ltr'><strong>quamque</strong></span> <span class='ocrx_word' id='word_1_299' title='bbox 1030 2578 1299 2649; x_wconf 87' lang='lat' dir='ltr'><strong>patienter</strong></span> <span class='ocrx_word' id='word_1_300' title='bbox 1337 2586 1499 2650; x_wconf 85' lang='lat' dir='ltr'><strong>atque</strong></span> <span class='ocrx_word' id='word_1_301' title='bbox 1530 2572 1761 2649; x_wconf 70' lang='lat' dir='ltr'><strong>benigne</strong></span> <span class='ocrx_word' id='word_1_302' title='bbox 1796 2572 1960 2638; x_wconf 78' lang='lat' dir='ltr'><strong>fuerit</strong></span> <span class='ocrx_word' id='word_1_303' title='bbox 2003 2580 2135 2635; x_wconf 87' lang='lat' dir='ltr'><strong>tole-</strong></span> 
     </span>
    </p>
   </div>
   <div class='ocr_carea' id='block_1_42' title="bbox 549 2658 2133 2742">
    <p class='ocr_par' dir='ltr' id='par_1_42' title="bbox 549 2658 2133 2742">
     <span class='ocr_line' id='line_1_42' title="bbox 549 2658 2133 2742; baseline -0.001 -18"><span class='ocrx_word' id='word_1_304' title='bbox 549 2681 727 2734; x_wconf 88' lang='lat' dir='ltr'><strong>ratus,</strong></span> <span class='ocrx_word' id='word_1_305' title='bbox 761 2679 815 2725; x_wconf 92' lang='lat' dir='ltr'><strong>et</strong></span> <span class='ocrx_word' id='word_1_306' title='bbox 843 2687 871 2723; x_wconf 91' lang='lat' dir='ltr'><strong>a</strong></span> <span class='ocrx_word' id='word_1_307' title='bbox 904 2687 1067 2739; x_wconf 88' lang='lat' dir='ltr'><strong>quam</strong></span> <span class='ocrx_word' id='word_1_308' title='bbox 1116 2671 1320 2735; x_wconf 85' lang='lat' dir='ltr'><strong>invitis,</strong></span> <span class='ocrx_word' id='word_1_309' title='bbox 1353 2671 1503 2742; x_wconf 85' lang='lat' dir='ltr'><strong>(quia</strong></span> <span class='ocrx_word' id='word_1_310' title='bbox 1544 2685 1602 2725; x_wconf 91' lang='lat' dir='ltr'><strong>se</strong></span> <span class='ocrx_word' id='word_1_311' title='bbox 1640 2658 1915 2741; x_wconf 83' lang='lat' dir='ltr'><strong>corrigere</strong></span> <span class='ocrx_word' id='word_1_312' title='bbox 1942 2668 2133 2737; x_wconf 89' lang='lat' dir='ltr'><strong>noluit,</strong></span> 
     </span>
    </p>
   </div>
   <div class='ocr_carea' id='block_1_43' title="bbox 550 2744 2134 2831">
    <p class='ocr_par' dir='ltr' id='par_1_43' title="bbox 550 2744 2134 2831">
     <span class='ocr_line' id='line_1_43' title="bbox 550 2744 2134 2831; baseline 0.001 -18"><span class='ocrx_word' id='word_1_313' title='bbox 550 2746 844 2813; x_wconf 85' lang='lat' dir='ltr'><strong>secundum</strong></span> <span class='ocrx_word' id='word_1_314' title='bbox 894 2774 1081 2814; x_wconf 89' lang='lat' dir='ltr'><strong>sacras</strong></span> <span class='ocrx_word' id='word_1_315' title='bbox 1130 2759 1362 2831; x_wconf 86' lang='lat' dir='ltr'><strong>regulas,</strong></span> <span class='ocrx_word' id='word_1_316' title='bbox 1422 2762 1565 2816; x_wconf 85' lang='lat' dir='ltr'><strong>sicut</strong></span> <span class='ocrx_word' id='word_1_317' title='bbox 1607 2775 1704 2815; x_wconf 90' lang='lat' dir='ltr'><strong>eas</strong></span> <span class='ocrx_word' id='word_1_318' title='bbox 1746 2744 2134 2829; x_wconf 78' lang='lat' dir='ltr'><strong>intelleximus)</strong></span> 
     </span>
    </p>
   </div>
   <div class='ocr_carea' id='block_1_44' title="bbox 553 2840 2136 2929">
    <p class='ocr_par' dir='ltr' id='par_1_44' title="bbox 553 2840 2136 2929">
     <span class='ocr_line' id='line_1_44' title="bbox 553 2840 2136 2929; baseline 0.002 -29"><span class='ocrx_word' id='word_1_319' title='bbox 553 2846 729 2902; x_wconf 79' lang='lat' dir='ltr'><strong>fuerat</strong></span> <span class='ocrx_word' id='word_1_320' title='bbox 750 2846 1042 2916; x_wconf 84' lang='lat' dir='ltr'><strong>judicatus,</strong></span> <span class='ocrx_word' id='word_1_321' title='bbox 1094 2848 1295 2901; x_wconf 89' lang='lat' dir='ltr'><strong>nullam</strong></span> <span class='ocrx_word' id='word_1_322' title='bbox 1324 2848 1527 2903; x_wconf 85' lang='lat' dir='ltr'><strong>habere</strong></span> <span class='ocrx_word' id='word_1_323' title='bbox 1564 2863 1842 2918; x_wconf 89' lang='lat' dir='ltr'><strong>possemus</strong></span> <span class='ocrx_word' id='word_1_324' title='bbox 1872 2840 2136 2929; x_wconf 41' lang='lat' dir='ltr'><strong>verecunj</strong></span> 
     </span>
    </p>
   </div>
   <div class='ocr_carea' id='block_1_45' title="bbox 553 2937 2136 3004">
    <p class='ocr_par' dir='ltr' id='par_1_45' title="bbox 553 2937 2136 3004">
     <span class='ocr_line' id='line_1_45' title="bbox 553 2937 2136 3004; baseline 0.001 -12"><span class='ocrx_word' id='word_1_325' title='bbox 553 2937 698 2992; x_wconf 84' lang='lat' dir='ltr'><strong>diam</strong></span> <span class='ocrx_word' id='word_1_326' title='bbox 727 2939 793 2992; x_wconf 87' lang='lat' dir='ltr'><strong>de</strong></span> <span class='ocrx_word' id='word_1_327' title='bbox 837 2938 1179 2993; x_wconf 82' lang='lat' dir='ltr'><strong>restitutione</strong></span> <span class='ocrx_word' id='word_1_328' title='bbox 1231 2939 1375 2994; x_wconf 91' lang='lat' dir='ltr'><strong>illius</strong></span> <span class='ocrx_word' id='word_1_329' title='bbox 1414 2956 1426 2994; x_wconf 77' lang='grc' dir='ltr'><strong><em>τ</em></strong></span> <span class='ocrx_word' id='word_1_330' title='bbox 1459 2938 1519 2994; x_wconf 89' lang='lat' dir='ltr'><strong>si</strong></span> <span class='ocrx_word' id='word_1_331' title='bbox 1551 2939 1690 2995; x_wconf 88' lang='lat' dir='ltr'><strong>foret</strong></span> <span class='ocrx_word' id='word_1_332' title='bbox 1726 2938 1873 2994; x_wconf 88' lang='lat' dir='ltr'><strong>facta</strong></span> <span class='ocrx_word' id='word_1_333' title='bbox 1902 2954 1933 2993; x_wconf 91' lang='lat' dir='ltr'><strong>a</strong></span> <span class='ocrx_word' id='word_1_334' title='bbox 1969 2940 2136 3004; x_wconf 79' lang='lat' dir='ltr'><strong>vestri</strong></span> 
     </span>
    </p>
   </div>
   <div class='ocr_carea' id='block_1_46' title="bbox 555 3014 2136 3097">
    <p class='ocr_par' dir='ltr' id='par_1_46' title="bbox 555 3014 2136 3097">
     <span class='ocr_line' id='line_1_46' title="bbox 555 3014 2136 3097; baseline 0.002 -17"><span class='ocrx_word' id='word_1_335' title='bbox 555 3026 751 3080; x_wconf 87' lang='lat' dir='ltr'><strong>summi</strong></span> <span class='ocrx_word' id='word_1_336' title='bbox 783 3026 1130 3096; x_wconf 88' lang='lat' dir='ltr'><strong>pontiﬁcatus</strong></span> <span class='ocrx_word' id='word_1_337' title='bbox 1150 3036 1434 3097; x_wconf 88' lang='lat' dir='ltr'><strong>potestate.</strong></span> <span class='ocrx_word' id='word_1_338' title='bbox 1462 3027 1597 3095; x_wconf 86' lang='lat' dir='ltr'><strong>Quia</strong></span> <span class='ocrx_word' id='word_1_339' title='bbox 1621 3043 1809 3082; x_wconf 90' lang='lat' dir='ltr'><strong>omnes</strong></span> <span class='ocrx_word' id='word_1_340' title='bbox 1839 3043 1997 3084; x_wconf 90' lang='lat' dir='ltr'><strong>senes</strong></span> <span class='ocrx_word' id='word_1_341' title='bbox 2016 3014 2136 3084; x_wconf 83' lang='lat' dir='ltr'><strong>cum</strong></span> 
     </span>
    </p>
   </div>
   <div class='ocr_carea' id='block_1_47' title="bbox 555 3110 2140 3197">
    <p class='ocr_par' dir='ltr' id='par_1_47' title="bbox 555 3110 2140 3197">
     <span class='ocr_line' id='line_1_47' title="bbox 555 3110 2140 3197; baseline 0.004 -28"><span class='ocrx_word' id='word_1_342' title='bbox 555 3115 866 3186; x_wconf 86' lang='lat' dir='ltr'><strong>junioribus</strong></span> <span class='ocrx_word' id='word_1_343' title='bbox 910 3117 1136 3183; x_wconf 82' lang='lat' dir='ltr'><strong>scimus,</strong></span> <span class='ocrx_word' id='word_1_344' title='bbox 1187 3127 1400 3173; x_wconf 90' lang='lat' dir='ltr'><strong>nostras</strong></span> <span class='ocrx_word' id='word_1_345' title='bbox 1453 3118 1721 3174; x_wconf 83' lang='lat' dir='ltr'><strong>Ecclesias</strong></span> <span class='ocrx_word' id='word_1_346' title='bbox 1748 3110 1991 3197; x_wconf 77' lang='lat' dir='ltr'><strong>subditas</strong></span> <span class='ocrx_word' id='word_1_347' title='bbox 2020 3135 2140 3176; x_wconf 90' lang='lat' dir='ltr'><strong>esse</strong></span> 
     </span>
    </p>
   </div>
   <div class='ocr_carea' id='block_1_48' title="bbox 558 3198 2140 3280">
    <p class='ocr_par' dir='ltr' id='par_1_48' title="bbox 558 3198 2140 3280">
     <span class='ocr_line' id='line_1_48' title="bbox 558 3198 2140 3280; baseline 0.003 -19"><span class='ocrx_word' id='word_1_348' title='bbox 558 3207 816 3263; x_wconf 64' lang='lat' dir='ltr'><strong>Romanae</strong></span> <span class='ocrx_word' id='word_1_349' title='bbox 841 3208 1120 3273; x_wconf 61' lang='lat' dir='ltr'><strong>Ecclesia),</strong></span> <span class='ocrx_word' id='word_1_350' title='bbox 1147 3217 1205 3263; x_wconf 91' lang='lat' dir='ltr'><strong>et</strong></span> <span class='ocrx_word' id='word_1_351' title='bbox 1228 3224 1328 3263; x_wconf 89' lang='lat' dir='ltr'><strong>nos</strong></span> <span class='ocrx_word' id='word_1_352' title='bbox 1348 3211 1629 3280; x_wconf 79' lang='lat' dir='ltr'><strong>episcOpos</strong></span> <span class='ocrx_word' id='word_1_353' title='bbox 1657 3209 1707 3264; x_wconf 93' lang='lat' dir='ltr'><strong>in</strong></span> <span class='ocrx_word' id='word_1_354' title='bbox 1739 3198 1970 3280; x_wconf 82' lang='lat' dir='ltr'><strong>primatu</strong></span> <span class='ocrx_word' id='word_1_355' title='bbox 1998 3210 2140 3265; x_wconf 81' lang='lat' dir='ltr'><strong>beati</strong></span> 
     </span>
    </p>
   </div>
   <div class='ocr_carea' id='block_1_49' title="bbox 556 3291 2141 3372">
    <p class='ocr_par' dir='ltr' id='par_1_49' title="bbox 556 3291 2141 3372">
     <span class='ocr_line' id='line_1_49' title="bbox 556 3291 2141 3372; baseline 0.003 -20"><span class='ocrx_word' id='word_1_356' title='bbox 556 3296 704 3352; x_wconf 84' lang='lat' dir='ltr'><strong>Petri</strong></span> <span class='ocrx_word' id='word_1_357' title='bbox 730 3299 999 3369; x_wconf 90' lang='lat' dir='ltr'><strong>subjectos</strong></span> <span class='ocrx_word' id='word_1_358' title='bbox 1025 3316 1147 3355; x_wconf 91' lang='lat' dir='ltr'><strong>esse</strong></span> <span class='ocrx_word' id='word_1_359' title='bbox 1176 3299 1420 3355; x_wconf 80' lang='lat' dir='ltr'><strong>Romano</strong></span> <span class='ocrx_word' id='word_1_360' title='bbox 1447 3301 1707 3372; x_wconf 86' lang='lat' dir='ltr'><strong>pontiﬁci,</strong></span> <span class='ocrx_word' id='word_1_361' title='bbox 1738 3311 1791 3356; x_wconf 93' lang='lat' dir='ltr'><strong>et</strong></span> <span class='ocrx_word' id='word_1_362' title='bbox 1818 3302 1886 3356; x_wconf 92' lang='lat' dir='ltr'><strong>ob</strong></span> <span class='ocrx_word' id='word_1_363' title='bbox 1914 3303 1965 3357; x_wconf 91' lang='lat' dir='ltr'><strong>id</strong></span> <span class='ocrx_word' id='word_1_364' title='bbox 1996 3291 2141 3356; x_wconf 86' lang='lat' dir='ltr'><strong>salva</strong></span> 
     </span>
    </p>
   </div>
   <div class='ocr_carea' id='block_1_50' title="bbox 560 3389 2142 3465">
    <p class='ocr_par' dir='ltr' id='par_1_50' title="bbox 560 3389 2142 3465">
     <span class='ocr_line' id='line_1_50' title="bbox 560 3389 2142 3465; baseline 0.004 -21"><span class='ocrx_word' id='word_1_365' title='bbox 560 3389 684 3455; x_wconf 91' lang='lat' dir='ltr'><strong>ﬁde,</strong></span> <span class='ocrx_word' id='word_1_366' title='bbox 719 3406 838 3460; x_wconf 82' lang='lat' dir='ltr'><strong>quae</strong></span> <span class='ocrx_word' id='word_1_367' title='bbox 867 3390 918 3445; x_wconf 91' lang='lat' dir='ltr'><strong>in</strong></span> <span class='ocrx_word' id='word_1_368' title='bbox 950 3392 1037 3445; x_wconf 89' lang='lat' dir='ltr'><strong>illa</strong></span> <span class='ocrx_word' id='word_1_369' title='bbox 1061 3392 1303 3448; x_wconf 85' lang='lat' dir='ltr'><strong>Ecclesia</strong></span> <span class='ocrx_word' id='word_1_370' title='bbox 1334 3409 1547 3463; x_wconf 89' lang='lat' dir='ltr'><strong>semper</strong></span> <span class='ocrx_word' id='word_1_371' title='bbox 1581 3396 1775 3465; x_wconf 79' lang='lat' dir='ltr'><strong>viguit,</strong></span> <span class='ocrx_word' id='word_1_372' title='bbox 1811 3405 1865 3450; x_wconf 94' lang='lat' dir='ltr'><strong>et</strong></span> <span class='ocrx_word' id='word_1_373' title='bbox 1914 3397 2142 3452; x_wconf 88' lang='lat' dir='ltr'><strong>Domino</strong></span> 
     </span>
    </p>
   </div>
   <div class='ocr_carea' id='block_1_51' title="bbox 559 3472 2144 3554">
    <p class='ocr_par' dir='ltr' id='par_1_51' title="bbox 559 3472 2144 3554">
     <span class='ocr_line' id='line_1_51' title="bbox 559 3472 2144 3554; baseline 0.004 -21"><span class='ocrx_word' id='word_1_374' title='bbox 559 3488 885 3551; x_wconf 85' lang='lat' dir='ltr'><strong>cooperante</strong></span> <span class='ocrx_word' id='word_1_375' title='bbox 906 3479 1136 3547; x_wconf 90' lang='lat' dir='ltr'><strong>ﬁorebit,</strong></span> <span class='ocrx_word' id='word_1_376' title='bbox 1170 3481 1324 3547; x_wconf 87' lang='lat' dir='ltr'><strong>nobis</strong></span> <span class='ocrx_word' id='word_1_377' title='bbox 1356 3491 1442 3537; x_wconf 91' lang='lat' dir='ltr'><strong>est</strong></span> <span class='ocrx_word' id='word_1_378' title='bbox 1469 3493 1662 3538; x_wconf 67' lang='lat' dir='ltr'><strong>vestra:</strong></span> <span class='ocrx_word' id='word_1_379' title='bbox 1691 3480 2003 3554; x_wconf 64' lang='lat' dir='ltr'><strong>apostolicae</strong></span> <span class='ocrx_word' id='word_1_380' title='bbox 2046 3472 2144 3540; x_wconf 83' lang='lat' dir='ltr'><strong>au-</strong></span> 
     </span>
    </p>
   </div>
   <div class='ocr_carea' id='block_1_52' title="bbox 560 3566 2143 3646">
    <p class='ocr_par' dir='ltr' id='par_1_52' title="bbox 560 3566 2143 3646">
     <span class='ocr_line' id='line_1_52' title="bbox 560 3566 2143 3646; baseline 0.005 -22"><span class='ocrx_word' id='word_1_381' title='bbox 560 3571 798 3625; x_wconf 87' lang='lat' dir='ltr'><strong>ctoritati</strong></span> <span class='ocrx_word' id='word_1_382' title='bbox 845 3568 1224 3627; x_wconf 88' lang='lat' dir='ltr'><strong>obediendum.</strong></span> <span class='ocrx_word' id='word_1_383' title='bbox 1275 3571 1441 3628; x_wconf 87' lang='lat' dir='ltr'><strong>Nobis</strong></span> <span class='ocrx_word' id='word_1_384' title='bbox 1481 3575 1675 3645; x_wconf 91' lang='lat' dir='ltr'><strong>quippe</strong></span> <span class='ocrx_word' id='word_1_385' title='bbox 1704 3566 1837 3631; x_wconf 87' lang='lat' dir='ltr'><strong>cum</strong></span> <span class='ocrx_word' id='word_1_386' title='bbox 1873 3576 1994 3632; x_wconf 91' lang='lat' dir='ltr'><strong>aliis</strong></span> <span class='ocrx_word' id='word_1_387' title='bbox 2021 3577 2143 3646; x_wconf 90' lang='lat' dir='ltr'><strong>qui-</strong></span> 
     </span>
    </p>
   </div>
   <div class='ocr_carea' id='block_1_53' title="bbox 560 3661 2144 3738">
    <p class='ocr_par' dir='ltr' id='par_1_53' title="bbox 560 3661 2144 3738">
     <span class='ocr_line' id='line_1_53' title="bbox 560 3661 2144 3738; baseline 0.004 -22"><span class='ocrx_word' id='word_1_388' title='bbox 560 3661 769 3731; x_wconf 79' lang='lat' dir='ltr'><strong>busqtte</strong></span> <span class='ocrx_word' id='word_1_389' title='bbox 809 3663 1067 3732; x_wconf 90' lang='lat' dir='ltr'><strong>scriptum</strong></span> <span class='ocrx_word' id='word_1_390' title='bbox 1101 3672 1186 3718; x_wconf 88' lang='lat' dir='ltr'><strong>est</strong></span> <span class='ocrx_word' id='word_1_391' title='bbox 1214 3705 1229 3729; x_wconf 93' lang='lat'><strong>,</strong></span> <span class='ocrx_word' id='word_1_392' title='bbox 1275 3665 1398 3732; x_wconf 86' lang='lat' dir='ltr'><strong>quia</strong></span> <span class='ocrx_word' id='word_1_393' title='bbox 1437 3664 1592 3721; x_wconf 87' lang='lat' dir='ltr'><strong>Jesus</strong></span> <span class='ocrx_word' id='word_1_394' title='bbox 1634 3677 1755 3722; x_wconf 88' lang='lat' dir='ltr'><strong>erat</strong></span> <span class='ocrx_word' id='word_1_395' title='bbox 1783 3666 2027 3723; x_wconf 83' lang='lat' dir='ltr'><strong>subditus</strong></span> <span class='ocrx_word' id='word_1_396' title='bbox 2047 3684 2144 3738; x_wconf 84' lang='lat' dir='ltr'><strong>pa-</strong></span> 
     </span>
    </p>
   </div>
   <div class='ocr_carea' id='block_1_54' title="bbox 563 3750 2142 3828">
    <p class='ocr_par' dir='ltr' id='par_1_54' title="bbox 563 3750 2142 3828">
     <span class='ocr_line' id='line_1_54' title="bbox 563 3750 2142 3828; baseline 0.006 -25"><span class='ocrx_word' id='word_1_397' title='bbox 563 3751 809 3806; x_wconf 81' lang='lat' dir='ltr'><strong>rentibus</strong></span> <span class='ocrx_word' id='word_1_398' title='bbox 840 3752 952 3805; x_wconf 87' lang='lat' dir='ltr'><strong>suis</strong></span> <span class='ocrx_word' id='word_1_399' title='bbox 980 3750 1132 3822; x_wconf 89' lang='lat' dir='ltr'><strong>(Luc.</strong></span> <span class='ocrx_word' id='word_1_400' title='bbox 1162 3754 1247 3824; x_wconf 91' lang='grc' dir='ltr'>ιι).</span> <span class='ocrx_word' id='word_1_401' title='bbox 1279 3753 1552 3826; x_wconf 86' lang='lat' dir='ltr'><strong>Nobisque</strong></span> <span class='ocrx_word' id='word_1_402' title='bbox 1581 3756 1710 3810; x_wconf 87' lang='lat' dir='ltr'><strong>item</strong></span> <span class='ocrx_word' id='word_1_403' title='bbox 1738 3758 1996 3828; x_wconf 87' lang='lat' dir='ltr'><strong>scriptmn</strong></span> <span class='ocrx_word' id='word_1_404' title='bbox 2019 3767 2142 3813; x_wconf 82' lang='lat' dir='ltr'><strong>est:</strong></span> 
     </span>
    </p>
   </div>
   <div class='ocr_carea' id='block_1_55' title="bbox 563 3839 2143 3923">
    <p class='ocr_par' dir='ltr' id='par_1_55' title="bbox 563 3839 2143 3923">
     <span class='ocr_line' id='line_1_55' title="bbox 563 3839 2143 3923; baseline 0.005 -27"><span class='ocrx_word' id='word_1_405' title='bbox 563 3839 788 3897; x_wconf 88' lang='lat' dir='ltr'><strong>Obedite</strong></span> <span class='ocrx_word' id='word_1_406' title='bbox 835 3845 1140 3913; x_wconf 67' lang='lat' dir='ltr'><strong>praepositis</strong></span> <span class='ocrx_word' id='word_1_407' title='bbox 1181 3848 1398 3910; x_wconf 87' lang='lat' dir='ltr'><strong>vestris,</strong></span> <span class='ocrx_word' id='word_1_408' title='bbox 1444 3857 1497 3903; x_wconf 90' lang='lat' dir='ltr'><strong>et</strong></span> <span class='ocrx_word' id='word_1_409' title='bbox 1540 3848 1817 3918; x_wconf 84' lang='lat' dir='ltr'><strong>subjacete</strong></span> <span class='ocrx_word' id='word_1_410' title='bbox 1846 3850 1926 3905; x_wconf 91' lang='lat' dir='ltr'><strong>eis</strong></span> <span class='ocrx_word' id='word_1_411' title='bbox 1957 3842 2143 3923; x_wconf 64' lang='lat' dir='ltr'><strong>(Hebr,</strong></span> 
     </span>
    </p>
   </div>
   <div class='ocr_carea' id='block_1_56' title="bbox 563 3933 2145 4011">
    <p class='ocr_par' dir='ltr' id='par_1_56' title="bbox 563 3933 2145 4011">
     <span class='ocr_line' id='line_1_56' title="bbox 563 3933 2145 4011; baseline 0.008 -26"><span class='ocrx_word' id='word_1_412' title='bbox 563 3933 710 4004; x_wconf 75' lang='lat' dir='ltr'><strong>xm).</strong></span> <span class='ocrx_word' id='word_1_413' title='bbox 741 3933 805 3986; x_wconf 85' lang='lat' dir='ltr'><strong>Et</strong></span> <span class='ocrx_word' id='word_1_414' title='bbox 831 3933 906 3987; x_wconf 91' lang='lat' dir='ltr'><strong>nil</strong></span> <span class='ocrx_word' id='word_1_415' title='bbox 956 3949 1052 4003; x_wconf 89' lang='lat' dir='ltr'><strong>per</strong></span> <span class='ocrx_word' id='word_1_416' title='bbox 1092 3938 1521 4003; x_wconf 88' lang='lat' dir='ltr'><strong>contentionem,</strong></span> <span class='ocrx_word' id='word_1_417' title='bbox 1553 3955 1748 4011; x_wconf 91' lang='lat' dir='ltr'><strong>neque,</strong></span> <span class='ocrx_word' id='word_1_418' title='bbox 1792 3957 1889 4011; x_wconf 87' lang='lat' dir='ltr'><strong>per</strong></span> <span class='ocrx_word' id='word_1_419' title='bbox 1927 3934 2145 3998; x_wconf 88' lang='lat' dir='ltr'><strong>inanem</strong></span> 
     </span>
    </p>
   </div>
   <div class='ocr_carea' id='block_1_57' title="bbox 565 4023 2143 4098">
    <p class='ocr_par' dir='ltr' id='par_1_57' title="bbox 565 4023 2143 4098">
     <span class='ocr_line' id='line_1_57' title="bbox 565 4023 2143 4098; baseline 0.009 -25"><span class='ocrx_word' id='word_1_420' title='bbox 565 4023 791 4093; x_wconf 79' lang='lat' dir='ltr'><strong>gloriam</strong></span> <span class='ocrx_word' id='word_1_421' title='bbox 828 4023 995 4092; x_wconf 81' lang='lat' dir='ltr'><strong>(Phil.</strong></span> <span class='ocrx_word' id='word_1_422' title='bbox 1027 4026 1111 4093; x_wconf 88' lang='grc' dir='ltr'>ιι).</span> <span class='ocrx_word' id='word_1_423' title='bbox 1136 4026 1201 4079; x_wconf 85' lang='lat' dir='ltr'><strong>Et</strong></span> <span class='ocrx_word' id='word_1_424' title='bbox 1232 4028 1276 4081; x_wconf 93' lang='lat' dir='ltr'><strong>si</strong></span> <span class='ocrx_word' id='word_1_425' title='bbox 1317 4029 1439 4097; x_wconf 88' lang='lat' dir='ltr'><strong>quis</strong></span> <span class='ocrx_word' id='word_1_426' title='bbox 1466 4029 1580 4083; x_wconf 92' lang='lat' dir='ltr'><strong>vult</strong></span> <span class='ocrx_word' id='word_1_427' title='bbox 1602 4030 1974 4087; x_wconf 86' lang='lat' dir='ltr'><strong>contentiosus</strong></span> <span class='ocrx_word' id='word_1_428' title='bbox 2000 4047 2143 4098; x_wconf 88' lang='lat' dir='ltr'><strong>esse,</strong></span> 
     </span>
    </p>
   </div>
   <div class='ocr_carea' id='block_1_58' title="bbox 566 4112 2150 4191">
    <p class='ocr_par' dir='ltr' id='par_1_58' title="bbox 566 4112 2150 4191">
     <span class='ocr_line' id='line_1_58' title="bbox 566 4112 2150 4191; baseline 0.007 -24"><span class='ocrx_word' id='word_1_429' title='bbox 566 4129 667 4168; x_wconf 89' lang='lat' dir='ltr'><strong>nos</strong></span> <span class='ocrx_word' id='word_1_430' title='bbox 692 4113 853 4167; x_wconf 87' lang='lat' dir='ltr'><strong>talem</strong></span> <span class='ocrx_word' id='word_1_431' title='bbox 888 4112 1335 4173; x_wconf 81' lang='lat' dir='ltr'><strong>consuetudinem</strong></span> <span class='ocrx_word' id='word_1_432' title='bbox 1383 4135 1489 4173; x_wconf 92' lang='lat' dir='ltr'><strong>non</strong></span> <span class='ocrx_word' id='word_1_433' title='bbox 1526 4121 1810 4187; x_wconf 84' lang='lat' dir='ltr'><strong>habemus,</strong></span> <span class='ocrx_word' id='word_1_434' title='bbox 1846 4137 2021 4191; x_wconf 90' lang='lat' dir='ltr'><strong>neque</strong></span> <span class='ocrx_word' id='word_1_435' title='bbox 2051 4123 2150 4178; x_wconf 81' lang='lat' dir='ltr'><strong>Ec-</strong></span> 
     </span>
    </p>
   </div>
   <div class='ocr_carea' id='block_1_59' title="bbox 569 4202 2148 4279">
    <p class='ocr_par' dir='ltr' id='par_1_59' title="bbox 569 4202 2148 4279">
     <span class='ocr_line' id='line_1_59' title="bbox 569 4202 2148 4279; baseline 0.006 -23"><span class='ocrx_word' id='word_1_436' title='bbox 569 4202 733 4256; x_wconf 85' lang='lat' dir='ltr'><strong>clesia</strong></span> <span class='ocrx_word' id='word_1_437' title='bbox 762 4202 857 4257; x_wconf 89' lang='lat' dir='ltr'><strong>Dei</strong></span> <span class='ocrx_word' id='word_1_438' title='bbox 890 4202 940 4274; x_wconf 91' lang='lat' dir='ltr'><strong>(I</strong></span> <span class='ocrx_word' id='word_1_439' title='bbox 969 4203 1091 4259; x_wconf 89' lang='lat' dir='ltr'><strong>Cor.</strong></span> <span class='ocrx_word' id='word_1_440' title='bbox 1133 4206 1233 4275; x_wconf 69' lang='lat' dir='ltr'><strong>xv).</strong></span> <span class='ocrx_word' id='word_1_441' title='bbox 1273 4206 1565 4279; x_wconf 80' lang='lat' dir='ltr'><strong>Propterea</strong></span> <span class='ocrx_word' id='word_1_442' title='bbox 1602 4210 1816 4265; x_wconf 90' lang='lat' dir='ltr'><strong>locutus</strong></span> <span class='ocrx_word' id='word_1_443' title='bbox 1859 4226 1981 4265; x_wconf 88' lang='lat' dir='ltr'><strong>cum</strong></span> <span class='ocrx_word' id='word_1_444' title='bbox 2014 4212 2148 4265; x_wconf 90' lang='lat' dir='ltr'><strong>ﬁde-</strong></span> 
     </span>
    </p>
   </div>
   <div class='ocr_carea' id='block_1_60' title="bbox 568 4291 2148 4370">
    <p class='ocr_par' dir='ltr' id='par_1_60' title="bbox 568 4291 2148 4370">
     <span class='ocr_line' id='line_1_60' title="bbox 568 4291 2148 4370; baseline 0.007 -26"><span class='ocrx_word' id='word_1_445' title='bbox 568 4291 774 4347; x_wconf 90' lang='lat' dir='ltr'><strong>lissimo</strong></span> <span class='ocrx_word' id='word_1_446' title='bbox 810 4293 920 4349; x_wconf 89' lang='lat' dir='ltr'><strong>ﬁlio</strong></span> <span class='ocrx_word' id='word_1_447' title='bbox 965 4305 1169 4361; x_wconf 85' lang='lat' dir='ltr'><strong>vestro,</strong></span> <span class='ocrx_word' id='word_1_448' title='bbox 1214 4298 1415 4353; x_wconf 89' lang='lat' dir='ltr'><strong>domno</strong></span> <span class='ocrx_word' id='word_1_449' title='bbox 1457 4315 1578 4354; x_wconf 90' lang='lat' dir='ltr'><strong>meo</strong></span> <span class='ocrx_word' id='word_1_450' title='bbox 1618 4315 1744 4370; x_wconf 83' lang='lat' dir='ltr'><strong>rege</strong></span> <span class='ocrx_word' id='word_1_451' title='bbox 1784 4298 2038 4370; x_wconf 79' lang='lat' dir='ltr'><strong>glorioso,</strong></span> <span class='ocrx_word' id='word_1_452' title='bbox 2074 4300 2148 4356; x_wconf 92' lang='lat' dir='ltr'><strong>illi</strong></span> 
     </span>
    </p>
   </div>
   <div class='ocr_carea' id='block_1_61' title="bbox 571 4383 2149 4460">
    <p class='ocr_par' dir='ltr' id='par_1_61' title="bbox 571 4383 2149 4460">
     <span class='ocr_line' id='line_1_61' title="bbox 571 4383 2149 4460; baseline 0.006 -24"><span class='ocrx_word' id='word_1_453' title='bbox 571 4383 845 4453; x_wconf 86' lang='lat' dir='ltr'><strong>replicavi,</strong></span> <span class='ocrx_word' id='word_1_454' title='bbox 868 4386 1009 4455; x_wconf 88' lang='lat' dir='ltr'><strong>quod</strong></span> <span class='ocrx_word' id='word_1_455' title='bbox 1033 4402 1174 4457; x_wconf 62' lang='lat' dir='ltr'><strong>serpe</strong></span> <span class='ocrx_word' id='word_1_456' title='bbox 1198 4389 1487 4457; x_wconf 87' lang='lat' dir='ltr'><strong>inculcavi,</strong></span> <span class='ocrx_word' id='word_1_457' title='bbox 1515 4390 1767 4460; x_wconf 89' lang='lat' dir='ltr'><strong>quodque</strong></span> <span class='ocrx_word' id='word_1_458' title='bbox 1796 4390 2149 4446; x_wconf 89' lang='lat' dir='ltr'><strong>libentissime</strong></span> 
     </span>
    </p>
   </div>
   <div class='ocr_carea' id='block_1_62' title="bbox 570 4474 2151 4549">
    <p class='ocr_par' dir='ltr' id='par_1_62' title="bbox 570 4474 2151 4549">
     <span class='ocr_line' id='line_1_62' title="bbox 570 4474 2151 4549; baseline 0.005 -23"><span class='ocrx_word' id='word_1_459' title='bbox 570 4474 798 4544; x_wconf 87' lang='lat' dir='ltr'><strong>accepit,</strong></span> <span class='ocrx_word' id='word_1_460' title='bbox 827 4484 882 4530; x_wconf 90' lang='lat' dir='ltr'><strong>et</strong></span> <span class='ocrx_word' id='word_1_461' title='bbox 908 4477 1212 4547; x_wconf 50' lang='lat' dir='ltr'><strong>.adimplere</strong></span> <span class='ocrx_word' id='word_1_462' title='bbox 1253 4480 1424 4549; x_wconf 88' lang='lat' dir='ltr'><strong>cupit,</strong></span> <span class='ocrx_word' id='word_1_463' title='bbox 1474 4478 1598 4547; x_wconf 90' lang='lat' dir='ltr'><strong>quia</strong></span> <span class='ocrx_word' id='word_1_464' title='bbox 1641 4479 1782 4532; x_wconf 85' lang='lat' dir='ltr'><strong>sicut</strong></span> <span class='ocrx_word' id='word_1_465' title='bbox 1829 4479 2036 4534; x_wconf 89' lang='lat' dir='ltr'><strong>Domini</strong></span> <span class='ocrx_word' id='word_1_466' title='bbox 2068 4488 2151 4534; x_wconf 90' lang='lat' dir='ltr'><strong>est</strong></span> 
     </span>
    </p>
   </div>
   <div class='ocr_carea' id='block_1_63' title="bbox 2232 1935 3810 2007">
    <p class='ocr_par' dir='ltr' id='par_1_63' title="bbox 2232 1935 3810 2007">
     <span class='ocr_line' id='line_1_63' title="bbox 2232 1935 3810 2007; baseline 0.001 -18"><span class='ocrx_word' id='word_1_467' title='bbox 2232 1935 2374 2005; x_wconf 83' lang='lat' dir='ltr'><strong>pile,</strong></span> <span class='ocrx_word' id='word_1_468' title='bbox 2426 1937 2667 2007; x_wconf 87' lang='lat' dir='ltr'><strong>subjecta</strong></span> <span class='ocrx_word' id='word_1_469' title='bbox 2719 1938 2959 1991; x_wconf 90' lang='lat' dir='ltr'><strong>membra</strong></span> <span class='ocrx_word' id='word_1_470' title='bbox 3008 1937 3123 2005; x_wconf 90' lang='lat' dir='ltr'><strong>ejus</strong></span> <span class='ocrx_word' id='word_1_471' title='bbox 3172 1940 3376 1994; x_wconf 87' lang='lat' dir='ltr'><strong>honore</strong></span> <span class='ocrx_word' id='word_1_472' title='bbox 3419 1947 3589 2007; x_wconf 89' lang='lat' dir='ltr'><strong>atque</strong></span> <span class='ocrx_word' id='word_1_473' title='bbox 3626 1937 3810 1991; x_wconf 82' lang='lat' dir='ltr'><strong>decore</strong></span> 
     </span>
    </p>
   </div>
   <div class='ocr_carea' id='block_1_64' title="bbox 2232 2022 3810 2099">
    <p class='ocr_par' dir='ltr' id='par_1_64' title="bbox 2232 2022 3810 2099">
     <span class='ocr_line' id='line_1_64' title="bbox 2232 2022 3810 2099; baseline 0.004 -22"><span class='ocrx_word' id='word_1_474' title='bbox 2232 2022 2534 2095; x_wconf 82' lang='lat' dir='ltr'><strong>fulgebunt.</strong></span> <span class='ocrx_word' id='word_1_475' title='bbox 2568 2026 2635 2080; x_wconf 87' lang='lat' dir='ltr'><strong>Et</strong></span> <span class='ocrx_word' id='word_1_476' title='bbox 2670 2025 2919 2081; x_wconf 82' lang='lat' dir='ltr'><strong>Rotbado</strong></span> <span class='ocrx_word' id='word_1_477' title='bbox 2961 2027 3014 2081; x_wconf 92' lang='lat' dir='ltr'><strong>in</strong></span> <span class='ocrx_word' id='word_1_478' title='bbox 3058 2029 3206 2084; x_wconf 92' lang='lat' dir='ltr'><strong>nullo</strong></span> <span class='ocrx_word' id='word_1_479' title='bbox 3254 2037 3468 2099; x_wconf 87' lang='lat' dir='ltr'><strong>poterat</strong></span> <span class='ocrx_word' id='word_1_480' title='bbox 3508 2029 3707 2084; x_wconf 88' lang='lat' dir='ltr'><strong>melius</strong></span> <span class='ocrx_word' id='word_1_481' title='bbox 3733 2044 3810 2083; x_wconf 83' lang='lat' dir='ltr'><strong>sa-</strong></span> 
     </span>
    </p>
   </div>
   <div class='ocr_carea' id='block_1_65' title="bbox 2233 2114 3808 2189">
    <p class='ocr_par' dir='ltr' id='par_1_65' title="bbox 2233 2114 3808 2189">
     <span class='ocr_line' id='line_1_65' title="bbox 2233 2114 3808 2189; baseline 0 -20"><span class='ocrx_word' id='word_1_482' title='bbox 2233 2114 2460 2179; x_wconf 88' lang='lat' dir='ltr'><strong>tisﬁeri,</strong></span> <span class='ocrx_word' id='word_1_483' title='bbox 2504 2132 2666 2187; x_wconf 85' lang='lat' dir='ltr'><strong>quant</strong></span> <span class='ocrx_word' id='word_1_484' title='bbox 2700 2117 2744 2171; x_wconf 91' lang='lat' dir='ltr'><strong>si</strong></span> <span class='ocrx_word' id='word_1_485' title='bbox 2790 2118 2858 2171; x_wconf 86' lang='lat' dir='ltr'><strong>ad</strong></span> <span class='ocrx_word' id='word_1_486' title='bbox 2903 2126 3138 2172; x_wconf 84' lang='lat' dir='ltr'><strong>vestram</strong></span> <span class='ocrx_word' id='word_1_487' title='bbox 3174 2130 3421 2189; x_wconf 82' lang='lat' dir='ltr'><strong>pergeret</strong></span> <span class='ocrx_word' id='word_1_488' title='bbox 3447 2118 3808 2189; x_wconf 67' lang='lat' dir='ltr'><strong>prmsetttiam,</strong></span> 
     </span>
    </p>
   </div>
   <div class='ocr_carea' id='block_1_66' title="bbox 2233 2205 3809 2279">
    <p class='ocr_par' dir='ltr' id='par_1_66' title="bbox 2233 2205 3809 2279">
     <span class='ocr_line' id='line_1_66' title="bbox 2233 2205 3809 2279; baseline 0.001 -21"><span class='ocrx_word' id='word_1_489' title='bbox 2233 2213 2288 2258; x_wconf 92' lang='lat' dir='ltr'><strong>ct</strong></span> <span class='ocrx_word' id='word_1_490' title='bbox 2333 2205 2382 2259; x_wconf 91' lang='lat' dir='ltr'><strong>ei</strong></span> <span class='ocrx_word' id='word_1_491' title='bbox 2434 2213 2708 2260; x_wconf 88' lang='lat' dir='ltr'><strong>tantorum</strong></span> <span class='ocrx_word' id='word_1_492' title='bbox 2757 2206 3246 2278; x_wconf 66' lang='grc' dir='ltr'><strong>ειιιιεοτὶριίοιιὶὺιιδ</strong></span> <span class='ocrx_word' id='word_1_493' title='bbox 3294 2210 3702 2279; x_wconf 89' lang='lat' dir='ltr'><strong>episcoporum,</strong></span> <span class='ocrx_word' id='word_1_494' title='bbox 3728 2208 3809 2276; x_wconf 78' lang='lat' dir='ltr'><strong>qui</strong></span> 
     </span>
    </p>
   </div>
   <div class='ocr_carea' id='block_1_67' title="bbox 2233 2295 3813 2372">
    <p class='ocr_par' dir='ltr' id='par_1_67' title="bbox 2233 2295 3813 2372">
     <span class='ocr_line' id='line_1_67' title="bbox 2233 2295 3813 2372; baseline 0.005 -21"><span class='ocrx_word' id='word_1_495' title='bbox 2233 2295 2348 2351; x_wconf 80' lang='lat' dir='ltr'><strong>Deo</strong></span> <span class='ocrx_word' id='word_1_496' title='bbox 2386 2303 2442 2350; x_wconf 90' lang='lat' dir='ltr'><strong>et</strong></span> <span class='ocrx_word' id='word_1_497' title='bbox 2484 2296 2639 2352; x_wconf 86' lang='lat' dir='ltr'><strong>vobis</strong></span> <span class='ocrx_word' id='word_1_498' title='bbox 2686 2298 2903 2352; x_wconf 83' lang='lat' dir='ltr'><strong>mentiri</strong></span> <span class='ocrx_word' id='word_1_499' title='bbox 2950 2298 3142 2353; x_wconf 85' lang='lat' dir='ltr'><strong>nolunt</strong></span> <span class='ocrx_word' id='word_1_500' title='bbox 3185 2309 3241 2354; x_wconf 92' lang='lat' dir='ltr'><strong>et</strong></span> <span class='ocrx_word' id='word_1_501' title='bbox 3288 2301 3709 2372; x_wconf 85' lang='lat' dir='ltr'><strong>allegationibus</strong></span> <span class='ocrx_word' id='word_1_502' title='bbox 3745 2312 3813 2359; x_wconf 88' lang='lat' dir='ltr'><strong>tot</strong></span> 
     </span>
    </p>
   </div>
   <div class='ocr_carea' id='block_1_68' title="bbox 2232 2389 3811 2463">
    <p class='ocr_par' dir='ltr' id='par_1_68' title="bbox 2232 2389 3811 2463">
     <span class='ocr_line' id='line_1_68' title="bbox 2232 2389 3811 2463; baseline 0.008 -21"><span class='ocrx_word' id='word_1_503' title='bbox 2232 2389 2565 2444; x_wconf 86' lang='lat' dir='ltr'><strong>vicariorum</strong></span> <span class='ocrx_word' id='word_1_504' title='bbox 2620 2389 2935 2447; x_wconf 81' lang='lat' dir='ltr'><strong>eorumdent</strong></span> <span class='ocrx_word' id='word_1_505' title='bbox 2991 2393 3367 2463; x_wconf 90' lang='lat' dir='ltr'><strong>episcoporum</strong></span> <span class='ocrx_word' id='word_1_506' title='bbox 3422 2393 3623 2462; x_wconf 90' lang='lat' dir='ltr'><strong>fuerit,</strong></span> <span class='ocrx_word' id='word_1_507' title='bbox 3676 2398 3811 2455; x_wconf 85' lang='lat' dir='ltr'><strong>illum</strong></span> 
     </span>
    </p>
   </div>
   <div class='ocr_carea' id='block_1_69' title="bbox 2234 2484 3646 2556">
    <p class='ocr_par' dir='ltr' id='par_1_69' title="bbox 2234 2484 3646 2556">
     <span class='ocr_line' id='line_1_69' title="bbox 2234 2484 3646 2556; baseline 0.004 -18"><span class='ocrx_word' id='word_1_508' title='bbox 2234 2484 2433 2555; x_wconf 86' lang='lat' dir='ltr'><strong>bonam</strong></span> <span class='ocrx_word' id='word_1_509' title='bbox 2463 2500 2687 2540; x_wconf 81' lang='lat' dir='ltr'><strong>causam</strong></span> <span class='ocrx_word' id='word_1_510' title='bbox 2722 2502 3061 2556; x_wconf 87' lang='lat' dir='ltr'><strong>nequaquam</strong></span> <span class='ocrx_word' id='word_1_511' title='bbox 3092 2487 3313 2552; x_wconf 86' lang='lat' dir='ltr'><strong>habere,</strong></span> <span class='ocrx_word' id='word_1_512' title='bbox 3339 2498 3646 2544; x_wconf 89' lang='lat' dir='ltr'><strong>ostensum.</strong></span> 
     </span>
    </p>
   </div>
   <div class='ocr_carea' id='block_1_70' title="bbox 2309 2562 3813 2649">
    <p class='ocr_par' dir='ltr' id='par_1_70' title="bbox 2309 2562 3813 2649">
     <span class='ocr_line' id='line_1_70' title="bbox 2309 2562 3813 2649; baseline 0.008 -23"><span class='ocrx_word' id='word_1_513' title='bbox 2309 2593 2328 2626; x_wconf 78' lang='grc' dir='ltr'><strong>ι</strong></span> <span class='ocrx_word' id='word_1_514' title='bbox 2358 2574 2721 2642; x_wconf 81' lang='lat' dir='ltr'><strong>Quamobrem</strong></span> <span class='ocrx_word' id='word_1_515' title='bbox 2739 2577 2837 2630; x_wconf 88' lang='lat' dir='ltr'><strong>sibi</strong></span> <span class='ocrx_word' id='word_1_516' title='bbox 2865 2576 3056 2646; x_wconf 86' lang='lat' dir='ltr'><strong>ipsi,et</strong></span> <span class='ocrx_word' id='word_1_517' title='bbox 3074 2562 3639 2649; x_wconf 74' lang='lat' dir='ltr'><strong>nonvobis‘reputare</strong></span> <span class='ocrx_word' id='word_1_518' title='bbox 3662 2580 3813 2637; x_wconf 81' lang='lat' dir='ltr'><strong>debe-</strong></span> 
     </span>
    </p>
   </div>
   <div class='ocr_carea' id='block_1_71' title="bbox 2238 2663 3808 2742">
    <p class='ocr_par' dir='ltr' id='par_1_71' title="bbox 2238 2663 3808 2742">
     <span class='ocr_line' id='line_1_71' title="bbox 2238 2663 3808 2742; baseline 0.007 -26"><span class='ocrx_word' id='word_1_519' title='bbox 2238 2663 2338 2728; x_wconf 91' lang='lat' dir='ltr'><strong>bit,</strong></span> <span class='ocrx_word' id='word_1_520' title='bbox 2368 2666 2492 2734; x_wconf 91' lang='lat' dir='ltr'><strong>quia</strong></span> <span class='ocrx_word' id='word_1_521' title='bbox 2519 2666 2637 2721; x_wconf 89' lang='lat' dir='ltr'><strong>sine</strong></span> <span class='ocrx_word' id='word_1_522' title='bbox 2658 2666 2797 2720; x_wconf 87' lang='lat' dir='ltr'><strong>bona</strong></span> <span class='ocrx_word' id='word_1_523' title='bbox 2824 2682 2986 2721; x_wconf 91' lang='lat' dir='ltr'><strong>causa</strong></span> <span class='ocrx_word' id='word_1_524' title='bbox 3014 2683 3072 2721; x_wconf 85' lang='lat' dir='ltr'><strong>sc</strong></span> <span class='ocrx_word' id='word_1_525' title='bbox 3099 2676 3154 2721; x_wconf 84' lang='lat' dir='ltr'><strong>et</strong></span> <span class='ocrx_word' id='word_1_526' title='bbox 3178 2669 3373 2724; x_wconf 89' lang='lat' dir='ltr'><strong>multos</strong></span> <span class='ocrx_word' id='word_1_527' title='bbox 3393 2671 3533 2727; x_wconf 90' lang='lat' dir='ltr'><strong>alios</strong></span> <span class='ocrx_word' id='word_1_528' title='bbox 3559 2673 3808 2742; x_wconf 79' lang='lat' dir='ltr'><strong>fatigavit.</strong></span> 
     </span>
    </p>
   </div>
   <div class='ocr_carea' id='block_1_72' title="bbox 2236 2751 3814 2832">
    <p class='ocr_par' dir='ltr' id='par_1_72' title="bbox 2236 2751 3814 2832">
     <span class='ocr_line' id='line_1_72' title="bbox 2236 2751 3814 2832; baseline 0.006 -26"><span class='ocrx_word' id='word_1_529' title='bbox 2236 2751 2391 2806; x_wconf 84' lang='lat' dir='ltr'><strong>Unde</strong></span> <span class='ocrx_word' id='word_1_530' title='bbox 2418 2754 2564 2807; x_wconf 91' lang='lat' dir='ltr'><strong>illum</strong></span> <span class='ocrx_word' id='word_1_531' title='bbox 2591 2764 2766 2809; x_wconf 83' lang='lat' dir='ltr'><strong>vestra</strong></span> <span class='ocrx_word' id='word_1_532' title='bbox 2795 2756 3185 2811; x_wconf 87' lang='lat' dir='ltr'><strong>discretissima</strong></span> <span class='ocrx_word' id='word_1_533' title='bbox 3211 2760 3405 2826; x_wconf 89' lang='lat' dir='ltr'><strong>pietas,</strong></span> <span class='ocrx_word' id='word_1_534' title='bbox 3428 2775 3555 2830; x_wconf 66' lang='lat' dir='ltr'><strong>quae</strong></span> <span class='ocrx_word' id='word_1_535' title='bbox 3578 2778 3814 2832; x_wconf 84' lang='lat' dir='ltr'><strong>compas-</strong></span> 
     </span>
    </p>
   </div>
   <div class='ocr_carea' id='block_1_73' title="bbox 2242 2843 3812 2915">
    <p class='ocr_par' dir='ltr' id='par_1_73' title="bbox 2242 2843 3812 2915">
     <span class='ocr_line' id='line_1_73' title="bbox 2242 2843 3812 2915; baseline 0.004 -17"><span class='ocrx_word' id='word_1_536' title='bbox 2242 2843 2449 2898; x_wconf 82' lang='lat' dir='ltr'><strong>sionem</strong></span> <span class='ocrx_word' id='word_1_537' title='bbox 2476 2846 2743 2915; x_wconf 82' lang='lat' dir='ltr'><strong>proximo,</strong></span> <span class='ocrx_word' id='word_1_538' title='bbox 2768 2848 2823 2901; x_wconf 89' lang='lat' dir='ltr'><strong>et</strong></span> <span class='ocrx_word' id='word_1_539' title='bbox 2853 2845 3230 2901; x_wconf 85' lang='lat' dir='ltr'><strong>rectitudinem</strong></span> <span class='ocrx_word' id='word_1_540' title='bbox 3259 2848 3455 2903; x_wconf 87' lang='lat' dir='ltr'><strong>debere</strong></span> <span class='ocrx_word' id='word_1_541' title='bbox 3480 2850 3633 2905; x_wconf 87' lang='lat' dir='ltr'><strong>vitiis</strong></span> <span class='ocrx_word' id='word_1_542' title='bbox 3655 2855 3812 2915; x_wconf 82' lang='lat' dir='ltr'><strong>novit,</strong></span> 
     </span>
    </p>
   </div>
   <div class='ocr_carea' id='block_1_74' title="bbox 2237 2932 3815 3009">
    <p class='ocr_par' dir='ltr' id='par_1_74' title="bbox 2237 2932 3815 3009">
     <span class='ocr_line' id='line_1_74' title="bbox 2237 2932 3815 3009; baseline 0.006 -23"><span class='ocrx_word' id='word_1_543' title='bbox 2237 2932 2349 2987; x_wconf 91' lang='lat' dir='ltr'><strong>suis</strong></span> <span class='ocrx_word' id='word_1_544' title='bbox 2380 2934 2692 3004; x_wconf 89' lang='lat' dir='ltr'><strong>apostolicis</strong></span> <span class='ocrx_word' id='word_1_545' title='bbox 2722 2936 2919 2991; x_wconf 88' lang='lat' dir='ltr'><strong>litteris</strong></span> <span class='ocrx_word' id='word_1_546' title='bbox 2961 2935 3289 2993; x_wconf 79' lang='lat' dir='ltr'><strong>sulﬁcientcr</strong></span> <span class='ocrx_word' id='word_1_547' title='bbox 3317 2943 3666 3009; x_wconf 71' lang='lat' dir='ltr'><strong>prmmonuit.</strong></span> <span class='ocrx_word' id='word_1_548' title='bbox 3699 2942 3815 3009; x_wconf 85' lang='lat' dir='ltr'><strong>Qui-</strong></span> 
     </span>
    </p>
   </div>
   <div class='ocr_carea' id='block_1_75' title="bbox 2239 3024 3818 3103">
    <p class='ocr_par' dir='ltr' id='par_1_75' title="bbox 2239 3024 3818 3103">
     <span class='ocr_line' id='line_1_75' title="bbox 2239 3024 3818 3103; baseline 0.007 -28"><span class='ocrx_word' id='word_1_549' title='bbox 2239 3036 2345 3091; x_wconf 91' lang='lat' dir='ltr'><strong>que</strong></span> <span class='ocrx_word' id='word_1_550' title='bbox 2389 3025 2533 3079; x_wconf 82' lang='lat' dir='ltr'><strong>iuter</strong></span> <span class='ocrx_word' id='word_1_551' title='bbox 2563 3024 2699 3079; x_wconf 90' lang='lat' dir='ltr'><strong>alias</strong></span> <span class='ocrx_word' id='word_1_552' title='bbox 2740 3026 3017 3081; x_wconf 88' lang='lat' dir='ltr'><strong>secordias</strong></span> <span class='ocrx_word' id='word_1_553' title='bbox 3061 3025 3124 3100; x_wconf 74' lang='lat'><strong>[5,</strong></span> <span class='ocrx_word' id='word_1_554' title='bbox 3155 3029 3455 3103; x_wconf 87' lang='lat' dir='ltr'><strong>socordias]</strong></span> <span class='ocrx_word' id='word_1_555' title='bbox 3491 3040 3661 3087; x_wconf 79' lang='lat' dir='ltr'><strong>tanta:</strong></span> <span class='ocrx_word' id='word_1_556' title='bbox 3686 3033 3818 3087; x_wconf 86' lang='lat' dir='ltr'><strong>duri-</strong></span> 
     </span>
    </p>
   </div>
   <div class='ocr_carea' id='block_1_76' title="bbox 2246 3111 3813 3191">
    <p class='ocr_par' dir='ltr' id='par_1_76' title="bbox 2246 3111 3813 3191">
     <span class='ocr_line' id='line_1_76' title="bbox 2246 3111 3813 3191; baseline 0.007 -26"><span class='ocrx_word' id='word_1_557' title='bbox 2246 3111 2334 3165; x_wconf 75' lang='lat' dir='ltr'><strong>tim</strong></span> <span class='ocrx_word' id='word_1_558' title='bbox 2372 3112 2727 3183; x_wconf 86' lang='lat' dir='ltr'><strong>dignoscitur,</strong></span> <span class='ocrx_word' id='word_1_559' title='bbox 2754 3123 2814 3169; x_wconf 89' lang='lat' dir='ltr'><strong>ut</strong></span> <span class='ocrx_word' id='word_1_560' title='bbox 2841 3132 2963 3170; x_wconf 91' lang='lat' dir='ltr'><strong>cum</strong></span> <span class='ocrx_word' id='word_1_561' title='bbox 2993 3117 3264 3171; x_wconf 91' lang='lat' dir='ltr'><strong>multoties</strong></span> <span class='ocrx_word' id='word_1_562' title='bbox 3291 3122 3408 3173; x_wconf 89' lang='lat' dir='ltr'><strong>sine</strong></span> <span class='ocrx_word' id='word_1_563' title='bbox 3436 3119 3551 3174; x_wconf 89' lang='lat' dir='ltr'><strong>ullo</strong></span> <span class='ocrx_word' id='word_1_564' title='bbox 3584 3129 3813 3191; x_wconf 86' lang='lat' dir='ltr'><strong>respectu</strong></span> 
     </span>
    </p>
   </div>
   <div class='ocr_carea' id='block_1_77' title="bbox 2170 3194 3813 3280">
    <p class='ocr_par' dir='ltr' id='par_1_77' title="bbox 2170 3194 3813 3280">
     <span class='ocr_line' id='line_1_77' title="bbox 2170 3194 3813 3280; baseline 0.006 -25"><span class='ocrx_word' id='word_1_565' title='bbox 2170 3194 2213 3255; x_wconf 90' lang='lat' dir='ltr'>C</span> <span class='ocrx_word' id='word_1_566' title='bbox 2248 3204 2460 3258; x_wconf 89' lang='lat' dir='ltr'><strong>timoris</strong></span> <span class='ocrx_word' id='word_1_567' title='bbox 2502 3205 2587 3257; x_wconf 89' lang='lat' dir='ltr'><strong>vel</strong></span> <span class='ocrx_word' id='word_1_568' title='bbox 2629 3207 2830 3262; x_wconf 90' lang='lat' dir='ltr'><strong>amoris</strong></span> <span class='ocrx_word' id='word_1_569' title='bbox 2874 3205 3062 3275; x_wconf 89' lang='lat' dir='ltr'><strong>divini,</strong></span> <span class='ocrx_word' id='word_1_570' title='bbox 3099 3218 3155 3262; x_wconf 89' lang='lat' dir='ltr'><strong>et</strong></span> <span class='ocrx_word' id='word_1_571' title='bbox 3195 3210 3401 3280; x_wconf 87' lang='lat' dir='ltr'><strong>absque</strong></span> <span class='ocrx_word' id='word_1_572' title='bbox 3440 3211 3551 3265; x_wconf 83' lang='lat' dir='ltr'><strong>ulla</strong></span> <span class='ocrx_word' id='word_1_573' title='bbox 3594 3213 3813 3267; x_wconf 83' lang='lat' dir='ltr'><strong>humana</strong></span> 
     </span>
    </p>
   </div>
   <div class='ocr_carea' id='block_1_78' title="bbox 2245 3296 3818 3371">
    <p class='ocr_par' dir='ltr' id='par_1_78' title="bbox 2245 3296 3818 3371">
     <span class='ocr_line' id='line_1_78' title="bbox 2245 3296 3818 3371; baseline 0.009 -24"><span class='ocrx_word' id='word_1_574' title='bbox 2245 3296 2597 3361; x_wconf 88' lang='lat' dir='ltr'><strong>verecundia,</strong></span> <span class='ocrx_word' id='word_1_575' title='bbox 2635 3312 2731 3366; x_wconf 86' lang='lat' dir='ltr'><strong>per</strong></span> <span class='ocrx_word' id='word_1_576' title='bbox 2759 3306 2836 3353; x_wconf 92' lang='lat' dir='ltr'><strong>tot</strong></span> <span class='ocrx_word' id='word_1_577' title='bbox 2860 3313 3034 3354; x_wconf 87' lang='lat' dir='ltr'><strong>annos</strong></span> <span class='ocrx_word' id='word_1_578' title='bbox 3061 3308 3115 3353; x_wconf 88' lang='lat' dir='ltr'><strong>et</strong></span> <span class='ocrx_word' id='word_1_579' title='bbox 3144 3301 3196 3354; x_wconf 90' lang='lat' dir='ltr'><strong>in</strong></span> <span class='ocrx_word' id='word_1_580' title='bbox 3230 3303 3397 3357; x_wconf 82' lang='lat' dir='ltr'><strong>tantis</strong></span> <span class='ocrx_word' id='word_1_581' title='bbox 3437 3305 3643 3371; x_wconf 86' lang='lat' dir='ltr'><strong>causis,</strong></span> <span class='ocrx_word' id='word_1_582' title='bbox 3673 3305 3818 3361; x_wconf 75' lang='lat' dir='ltr'><strong>toties</strong></span> 
     </span>
    </p>
   </div>
   <div class='ocr_carea' id='block_1_79' title="bbox 2244 3389 3819 3459">
    <p class='ocr_par' dir='ltr' id='par_1_79' title="bbox 2244 3389 3819 3459">
     <span class='ocr_line' id='line_1_79' title="bbox 2244 3389 3819 3459; baseline 0.009 -18"><span class='ocrx_word' id='word_1_583' title='bbox 2244 3389 2415 3444; x_wconf 88' lang='lat' dir='ltr'><strong>sacris</strong></span> <span class='ocrx_word' id='word_1_584' title='bbox 2454 3392 2777 3459; x_wconf 88' lang='lat' dir='ltr'><strong>canouibus,</strong></span> <span class='ocrx_word' id='word_1_585' title='bbox 2804 3404 2859 3447; x_wconf 90' lang='lat' dir='ltr'><strong>et</strong></span> <span class='ocrx_word' id='word_1_586' title='bbox 2898 3394 3129 3449; x_wconf 87' lang='lat' dir='ltr'><strong>decretis</strong></span> <span class='ocrx_word' id='word_1_587' title='bbox 3167 3406 3369 3451; x_wconf 71' lang='lat' dir='ltr'><strong>sanctae</strong></span> <span class='ocrx_word' id='word_1_588' title='bbox 3399 3399 3547 3454; x_wconf 91' lang='lat' dir='ltr'><strong>sedis</strong></span> <span class='ocrx_word' id='word_1_589' title='bbox 3574 3399 3819 3454; x_wconf 72' lang='lat' dir='ltr'><strong>Romana:</strong></span> 
     </span>
    </p>
   </div>
   <div class='ocr_carea' id='block_1_80' title="bbox 2246 3484 3819 3564">
    <p class='ocr_par' dir='ltr' id='par_1_80' title="bbox 2246 3484 3819 3564">
     <span class='ocr_line' id='line_1_80' title="bbox 2246 3484 3819 3564; baseline 0.006 -28"><span class='ocrx_word' id='word_1_590' title='bbox 2246 3484 2586 3552; x_wconf 89' lang='lat' dir='ltr'><strong>pontiﬁcum,</strong></span> <span class='ocrx_word' id='word_1_591' title='bbox 2610 3495 2666 3541; x_wconf 90' lang='lat' dir='ltr'><strong>et</strong></span> <span class='ocrx_word' id='word_1_592' title='bbox 2696 3503 2806 3542; x_wconf 66' lang='lat' dir='ltr'><strong>suae</strong></span> <span class='ocrx_word' id='word_1_593' title='bbox 2838 3489 3478 3563; x_wconf 82' lang='lat' dir='ltr'><strong>metropolisprivilcgio,</strong></span> <span class='ocrx_word' id='word_1_594' title='bbox 3502 3508 3573 3548; x_wconf 85' lang='lat' dir='ltr'><strong>ac</strong></span> <span class='ocrx_word' id='word_1_595' title='bbox 3601 3493 3819 3564; x_wconf 83' lang='lat' dir='ltr'><strong>synoda-</strong></span> 
     </span>
    </p>
   </div>
   <div class='ocr_carea' id='block_1_81' title="bbox 2246 3573 3819 3654">
    <p class='ocr_par' dir='ltr' id='par_1_81' title="bbox 2246 3573 3819 3654">
     <span class='ocr_line' id='line_1_81' title="bbox 2246 3573 3819 3654; baseline 0.008 -28"><span class='ocrx_word' id='word_1_596' title='bbox 2246 3574 2388 3629; x_wconf 87' lang='lat' dir='ltr'><strong>libus</strong></span> <span class='ocrx_word' id='word_1_597' title='bbox 2403 3573 2626 3644; x_wconf 86' lang='lat' dir='ltr'><strong>judiciis</strong></span> <span class='ocrx_word' id='word_1_598' title='bbox 2654 3578 3017 3646; x_wconf 89' lang='lat' dir='ltr'><strong>resultaverit,</strong></span> <span class='ocrx_word' id='word_1_599' title='bbox 3045 3591 3098 3634; x_wconf 82' lang='lat' dir='ltr'><strong>et</strong></span> <span class='ocrx_word' id='word_1_600' title='bbox 3122 3597 3219 3651; x_wconf 89' lang='lat' dir='ltr'><strong>per</strong></span> <span class='ocrx_word' id='word_1_601' title='bbox 3244 3591 3422 3638; x_wconf 87' lang='lat' dir='ltr'><strong>tantos</strong></span> <span class='ocrx_word' id='word_1_602' title='bbox 3447 3599 3652 3651; x_wconf 87' lang='lat' dir='ltr'><strong>annos,</strong></span> <span class='ocrx_word' id='word_1_603' title='bbox 3671 3594 3819 3654; x_wconf 80' lang='lat' dir='ltr'><strong>atque</strong></span> 
     </span>
    </p>
   </div>
   <div class='ocr_carea' id='block_1_82' title="bbox 2253 3665 3820 3736">
    <p class='ocr_par' dir='ltr' id='par_1_82' title="bbox 2253 3665 3820 3736">
     <span class='ocr_line' id='line_1_82' title="bbox 2253 3665 3820 3736; baseline 0.008 -19"><span class='ocrx_word' id='word_1_604' title='bbox 2253 3678 2283 3717; x_wconf 89' lang='lat' dir='ltr'><strong>a</strong></span> <span class='ocrx_word' id='word_1_605' title='bbox 2314 3665 2480 3720; x_wconf 90' lang='lat' dir='ltr'><strong>tantis</strong></span> <span class='ocrx_word' id='word_1_606' title='bbox 2511 3667 2867 3736; x_wconf 88' lang='lat' dir='ltr'><strong>pertoleratus</strong></span> <span class='ocrx_word' id='word_1_607' title='bbox 2894 3683 2924 3721; x_wconf 90' lang='lat' dir='ltr'><strong>a</strong></span> <span class='ocrx_word' id='word_1_608' title='bbox 2952 3684 3048 3723; x_wconf 90' lang='lat' dir='ltr'><strong>sua</strong></span> <span class='ocrx_word' id='word_1_609' title='bbox 3079 3670 3306 3726; x_wconf 91' lang='lat' dir='ltr'><strong>stultitia</strong></span> <span class='ocrx_word' id='word_1_610' title='bbox 3337 3687 3396 3727; x_wconf 90' lang='lat' dir='ltr'><strong>se</strong></span> <span class='ocrx_word' id='word_1_611' title='bbox 3426 3688 3686 3731; x_wconf 86' lang='lat' dir='ltr'><strong>revocare</strong></span> <span class='ocrx_word' id='word_1_612' title='bbox 3709 3692 3820 3730; x_wconf 89' lang='lat' dir='ltr'><strong>con-</strong></span> 
     </span>
    </p>
   </div>
   <div class='ocr_carea' id='block_1_83' title="bbox 2257 3754 3819 3830">
    <p class='ocr_par' dir='ltr' id='par_1_83' title="bbox 2257 3754 3819 3830">
     <span class='ocr_line' id='line_1_83' title="bbox 2257 3754 3819 3830; baseline 0.009 -25"><span class='ocrx_word' id='word_1_613' title='bbox 2257 3754 2556 3822; x_wconf 89' lang='lat' dir='ltr'><strong>tempserit,</strong></span> <span class='ocrx_word' id='word_1_614' title='bbox 2589 3770 2618 3808; x_wconf 91' lang='lat' dir='ltr'><strong>a</strong></span> <span class='ocrx_word' id='word_1_615' title='bbox 2657 3771 2781 3827; x_wconf 86' lang='lat' dir='ltr'><strong>rege</strong></span> <span class='ocrx_word' id='word_1_616' title='bbox 2806 3764 2860 3810; x_wconf 91' lang='lat' dir='ltr'><strong>et</strong></span> <span class='ocrx_word' id='word_1_617' title='bbox 2883 3757 3149 3827; x_wconf 84' lang='lat' dir='ltr'><strong>episc0pis</strong></span> <span class='ocrx_word' id='word_1_618' title='bbox 3180 3760 3552 3830; x_wconf 88' lang='lat' dir='ltr'><strong>multipliciter</strong></span> <span class='ocrx_word' id='word_1_619' title='bbox 3580 3766 3819 3821; x_wconf 82' lang='lat' dir='ltr'><strong>obsecra-</strong></span> 
     </span>
    </p>
   </div>
   <div class='ocr_carea' id='block_1_84' title="bbox 2248 3845 3820 3919">
    <p class='ocr_par' dir='ltr' id='par_1_84' title="bbox 2248 3845 3820 3919">
     <span class='ocr_line' id='line_1_84' title="bbox 2248 3845 3820 3919; baseline 0.008 -22"><span class='ocrx_word' id='word_1_620' title='bbox 2248 3852 2357 3911; x_wconf 90' lang='lat' dir='ltr'><strong>tus,</strong></span> <span class='ocrx_word' id='word_1_621' title='bbox 2386 3845 2438 3898; x_wconf 93' lang='lat' dir='ltr'><strong>in</strong></span> <span class='ocrx_word' id='word_1_622' title='bbox 2469 3846 2572 3900; x_wconf 90' lang='lat' dir='ltr'><strong>boc</strong></span> <span class='ocrx_word' id='word_1_623' title='bbox 2597 3846 2789 3901; x_wconf 82' lang='lat' dir='ltr'><strong>adduci</strong></span> <span class='ocrx_word' id='word_1_624' title='bbox 2816 3864 2920 3903; x_wconf 91' lang='lat' dir='ltr'><strong>non</strong></span> <span class='ocrx_word' id='word_1_625' title='bbox 2948 3851 3143 3919; x_wconf 87' lang='lat' dir='ltr'><strong>potuit,</strong></span> <span class='ocrx_word' id='word_1_626' title='bbox 3168 3860 3225 3904; x_wconf 92' lang='lat' dir='ltr'><strong>ut</strong></span> <span class='ocrx_word' id='word_1_627' title='bbox 3250 3854 3424 3907; x_wconf 90' lang='lat' dir='ltr'><strong>sacris</strong></span> <span class='ocrx_word' id='word_1_628' title='bbox 3453 3856 3749 3911; x_wconf 86' lang='lat' dir='ltr'><strong>canonibus</strong></span> <span class='ocrx_word' id='word_1_629' title='bbox 3771 3864 3820 3910; x_wconf 90' lang='lat' dir='ltr'><strong>et</strong></span> 
     </span>
    </p>
   </div>
   <div class='ocr_carea' id='block_1_85' title="bbox 2248 3938 3822 4014">
    <p class='ocr_par' dir='ltr' id='par_1_85' title="bbox 2248 3938 3822 4014">
     <span class='ocr_line' id='line_1_85' title="bbox 2248 3938 3822 4014; baseline 0.007 -23"><span class='ocrx_word' id='word_1_630' title='bbox 2248 3938 2484 3993; x_wconf 88' lang='lat' dir='ltr'><strong>decretis</strong></span> <span class='ocrx_word' id='word_1_631' title='bbox 2512 3946 2715 3994; x_wconf 81' lang='lat' dir='ltr'><strong>sanctae</strong></span> <span class='ocrx_word' id='word_1_632' title='bbox 2741 3942 2886 3995; x_wconf 87' lang='lat' dir='ltr'><strong>sedis</strong></span> <span class='ocrx_word' id='word_1_633' title='bbox 2914 3940 3170 3997; x_wconf 75' lang='lat' dir='ltr'><strong>Romanae</strong></span> <span class='ocrx_word' id='word_1_634' title='bbox 3195 3946 3535 4014; x_wconf 89' lang='lat' dir='ltr'><strong>pontiﬁcum,</strong></span> <span class='ocrx_word' id='word_1_635' title='bbox 3561 3959 3618 4002; x_wconf 92' lang='lat' dir='ltr'><strong>et</strong></span> <span class='ocrx_word' id='word_1_636' title='bbox 3643 3964 3822 4004; x_wconf 85' lang='lat' dir='ltr'><strong>secun-</strong></span> 
     </span>
    </p>
   </div>
   <div class='ocr_carea' id='block_1_86' title="bbox 2250 4031 3820 4107">
    <p class='ocr_par' dir='ltr' id='par_1_86' title="bbox 2250 4031 3820 4107">
     <span class='ocr_line' id='line_1_86' title="bbox 2250 4031 3820 4107; baseline 0.006 -22"><span class='ocrx_word' id='word_1_637' title='bbox 2250 4031 2375 4085; x_wconf 90' lang='lat' dir='ltr'><strong>dum</strong></span> <span class='ocrx_word' id='word_1_638' title='bbox 2402 4047 2464 4086; x_wconf 93' lang='lat' dir='ltr'><strong>ea</strong></span> <span class='ocrx_word' id='word_1_639' title='bbox 2497 4048 2607 4087; x_wconf 72' lang='lat' dir='ltr'><strong>sua:</strong></span> <span class='ocrx_word' id='word_1_640' title='bbox 2636 4035 2951 4103; x_wconf 89' lang='lat' dir='ltr'><strong>metropolis</strong></span> <span class='ocrx_word' id='word_1_641' title='bbox 2980 4036 3262 4107; x_wconf 85' lang='lat' dir='ltr'><strong>privilegio</strong></span> <span class='ocrx_word' id='word_1_642' title='bbox 3287 4038 3354 4092; x_wconf 87' lang='lat' dir='ltr'><strong>de</strong></span> <span class='ocrx_word' id='word_1_643' title='bbox 3380 4048 3584 4095; x_wconf 69' lang='lat' dir='ltr'><strong>caztero</strong></span> <span class='ocrx_word' id='word_1_644' title='bbox 3610 4056 3670 4095; x_wconf 88' lang='lat' dir='ltr'><strong>se</strong></span> <span class='ocrx_word' id='word_1_645' title='bbox 3698 4041 3820 4096; x_wconf 77' lang='lat' dir='ltr'><strong>ohe-</strong></span> 
     </span>
    </p>
   </div>
   <div class='ocr_carea' id='block_1_87' title="bbox 2250 4121 3821 4197">
    <p class='ocr_par' dir='ltr' id='par_1_87' title="bbox 2250 4121 3821 4197">
     <span class='ocr_line' id='line_1_87' title="bbox 2250 4121 3821 4197; baseline 0.003 -21"><span class='ocrx_word' id='word_1_646' title='bbox 2250 4121 2490 4176; x_wconf 88' lang='lat' dir='ltr'><strong>diturum</strong></span> <span class='ocrx_word' id='word_1_647' title='bbox 2519 4124 2887 4179; x_wconf 87' lang='lat' dir='ltr'><strong>subscriberet</strong></span> <span class='ocrx_word' id='word_1_648' title='bbox 2909 4126 3184 4197; x_wconf 88' lang='lat' dir='ltr'><strong>(quoniam</strong></span> <span class='ocrx_word' id='word_1_649' title='bbox 3210 4128 3328 4181; x_wconf 90' lang='lat' dir='ltr'><strong>siue</strong></span> <span class='ocrx_word' id='word_1_650' title='bbox 3354 4129 3547 4183; x_wconf 85' lang='lat' dir='ltr'><strong>borum</strong></span> <span class='ocrx_word' id='word_1_651' title='bbox 3573 4131 3821 4185; x_wconf 65' lang='lat' dir='ltr'><strong>obseru-</strong></span> 
     </span>
    </p>
   </div>
   <div class='ocr_carea' id='block_1_88' title="bbox 2251 4209 3822 4290">
    <p class='ocr_par' dir='ltr' id='par_1_88' title="bbox 2251 4209 3822 4290">
     <span class='ocr_line' id='line_1_88' title="bbox 2251 4209 3822 4290; baseline 0.005 -28"><span class='ocrx_word' id='word_1_652' title='bbox 2251 4209 2398 4264; x_wconf 87' lang='lat' dir='ltr'><strong>tione</strong></span> <span class='ocrx_word' id='word_1_653' title='bbox 2442 4225 2601 4265; x_wconf 85' lang='lat' dir='ltr'><strong>nemo</strong></span> <span class='ocrx_word' id='word_1_654' title='bbox 2646 4221 2886 4266; x_wconf 89' lang='lat' dir='ltr'><strong>nostrum</strong></span> <span class='ocrx_word' id='word_1_655' title='bbox 2935 4224 3113 4285; x_wconf 88' lang='lat' dir='ltr'><strong>potest</strong></span> <span class='ocrx_word' id='word_1_656' title='bbox 3153 4231 3275 4271; x_wconf 89' lang='lat' dir='ltr'><strong>esse</strong></span> <span class='ocrx_word' id='word_1_657' title='bbox 3318 4218 3631 4290; x_wconf 85' lang='lat' dir='ltr'><strong>cpiscopus)</strong></span> <span class='ocrx_word' id='word_1_658' title='bbox 3660 4228 3713 4275; x_wconf 86' lang='lat' dir='ltr'><strong>et</strong></span> <span class='ocrx_word' id='word_1_659' title='bbox 3751 4218 3822 4272; x_wconf 86' lang='lat' dir='ltr'><strong>sic</strong></span> 
     </span>
    </p>
   </div>
   <div class='ocr_carea' id='block_1_89' title="bbox 2249 4299 3818 4376">
    <p class='ocr_par' dir='ltr' id='par_1_89' title="bbox 2249 4299 3818 4376">
     <span class='ocr_line' id='line_1_89' title="bbox 2249 4299 3818 4376; baseline 0.006 -24"><span class='ocrx_word' id='word_1_660' title='bbox 2249 4314 2384 4369; x_wconf 91' lang='lat' dir='ltr'><strong>pace</strong></span> <span class='ocrx_word' id='word_1_661' title='bbox 2421 4299 2663 4355; x_wconf 85' lang='lat' dir='ltr'><strong>fraterna</strong></span> <span class='ocrx_word' id='word_1_662' title='bbox 2707 4302 2759 4355; x_wconf 93' lang='lat' dir='ltr'><strong>in</strong></span> <span class='ocrx_word' id='word_1_663' title='bbox 2802 4305 3054 4361; x_wconf 89' lang='lat' dir='ltr'><strong>omnibus</strong></span> <span class='ocrx_word' id='word_1_664' title='bbox 3097 4307 3383 4376; x_wconf 85' lang='lat' dir='ltr'><strong>potiretur.</strong></span> <span class='ocrx_word' id='word_1_665' title='bbox 3414 4308 3607 4364; x_wconf 84' lang='lat' dir='ltr'><strong>Postea</strong></span> <span class='ocrx_word' id='word_1_666' title='bbox 3652 4319 3818 4364; x_wconf 86' lang='lat' dir='ltr'><strong>autem</strong></span> 
     </span>
    </p>
   </div>
   <div class='ocr_carea' id='block_1_90' title="bbox 2251 4390 3818 4468">
    <p class='ocr_par' dir='ltr' id='par_1_90' title="bbox 2251 4390 3818 4468">
     <span class='ocr_line' id='line_1_90' title="bbox 2251 4390 3818 4468; baseline 0.007 -26"><span class='ocrx_word' id='word_1_667' title='bbox 2251 4404 2348 4443; x_wconf 87' lang='lat' dir='ltr'><strong>sua</strong></span> <span class='ocrx_word' id='word_1_668' title='bbox 2384 4399 2576 4459; x_wconf 89' lang='lat' dir='ltr'><strong>sponte</strong></span> <span class='ocrx_word' id='word_1_669' title='bbox 2618 4390 2670 4446; x_wconf 92' lang='lat' dir='ltr'><strong>in</strong></span> <span class='ocrx_word' id='word_1_670' title='bbox 2703 4392 2882 4447; x_wconf 84' lang='lat' dir='ltr'><strong>libello</strong></span> <span class='ocrx_word' id='word_1_671' title='bbox 2916 4409 3028 4449; x_wconf 86' lang='lat' dir='ltr'><strong>suae</strong></span> <span class='ocrx_word' id='word_1_672' title='bbox 3054 4394 3424 4465; x_wconf 82' lang='lat' dir='ltr'><strong>professionis,</strong></span> <span class='ocrx_word' id='word_1_673' title='bbox 3449 4412 3547 4466; x_wconf 89' lang='lat' dir='ltr'><strong>per</strong></span> <span class='ocrx_word' id='word_1_674' title='bbox 3573 4414 3731 4468; x_wconf 87' lang='lat' dir='ltr'><strong>quem</strong></span> <span class='ocrx_word' id='word_1_675' title='bbox 3758 4397 3818 4453; x_wconf 81' lang='lat' dir='ltr'><strong>ad</strong></span> 
     </span>
    </p>
   </div>
   <div class='ocr_carea' id='block_1_91' title="bbox 2253 4480 3823 4554">
    <p class='ocr_par' dir='ltr' id='par_1_91' title="bbox 2253 4480 3823 4554">
     <span class='ocr_line' id='line_1_91' title="bbox 2253 4480 3823 4554; baseline 0.003 -19"><span class='ocrx_word' id='word_1_676' title='bbox 2253 4480 2549 4535; x_wconf 89' lang='lat' dir='ltr'><strong>electorum</strong></span> <span class='ocrx_word' id='word_1_677' title='bbox 2583 4480 2845 4550; x_wconf 88' lang='lat' dir='ltr'><strong>judicium</strong></span> <span class='ocrx_word' id='word_1_678' title='bbox 2885 4484 3223 4553; x_wconf 88' lang='lat' dir='ltr'><strong>provocavit,</strong></span> <span class='ocrx_word' id='word_1_679' title='bbox 3261 4486 3377 4541; x_wconf 84' lang='lat' dir='ltr'><strong>haec</strong></span> <span class='ocrx_word' id='word_1_680' title='bbox 3416 4502 3487 4549; x_wconf 86' lang='lat' dir='ltr'><strong>se</strong></span> <span class='ocrx_word' id='word_1_681' title='bbox 3513 4487 3823 4554; x_wconf 76' lang='lat' dir='ltr'><strong>observasse</strong></span> 
     </span>
    </p>
   </div>
   <div class='ocr_carea' id='block_1_92' title="bbox 572 4551 3824 4645">
    <p class='ocr_par' dir='ltr' id='par_1_92' title="bbox 572 4551 3824 4645">
     <span class='ocr_line' id='line_1_92' title="bbox 572 4551 3824 4645; baseline 0.003 -28"><span class='ocrx_word' id='word_1_682' title='bbox 572 4575 715 4618; x_wconf 88' lang='lat' dir='ltr'><strong>terra</strong></span> <span class='ocrx_word' id='word_1_683' title='bbox 747 4573 801 4620; x_wconf 91' lang='lat' dir='ltr'><strong>et</strong></span> <span class='ocrx_word' id='word_1_684' title='bbox 841 4565 1122 4635; x_wconf 89' lang='lat' dir='ltr'><strong>plenitudo</strong></span> <span class='ocrx_word' id='word_1_685' title='bbox 1149 4567 1288 4636; x_wconf 88' lang='lat' dir='ltr'><strong>ejus,</strong></span> <span class='ocrx_word' id='word_1_686' title='bbox 1318 4569 1466 4623; x_wconf 88' lang='lat' dir='ltr'><strong>orbis</strong></span> <span class='ocrx_word' id='word_1_687' title='bbox 1511 4576 1781 4622; x_wconf 85' lang='lat' dir='ltr'><strong>terrarum</strong></span> <span class='ocrx_word' id='word_1_688' title='bbox 1823 4576 1878 4621; x_wconf 91' lang='lat' dir='ltr'><strong>et</strong></span> <span class='ocrx_word' id='word_1_689' title='bbox 1909 4569 2147 4624; x_wconf 88' lang='lat' dir='ltr'><strong>universi</strong></span> <span class='ocrx_word' id='word_1_690' title='bbox 2180 4551 2227 4610; x_wconf 76' lang='grc' dir='ltr'>ι)</span> <span class='ocrx_word' id='word_1_691' title='bbox 2255 4570 2621 4639; x_wconf 88' lang='lat' dir='ltr'><strong>impudenter,</strong></span> <span class='ocrx_word' id='word_1_692' title='bbox 2650 4572 2774 4641; x_wconf 87' lang='lat' dir='ltr'><strong>quia</strong></span> <span class='ocrx_word' id='word_1_693' title='bbox 2806 4551 3101 4628; x_wconf 81' lang='lat' dir='ltr'><strong>scientibus</strong></span> <span class='ocrx_word' id='word_1_694' title='bbox 3130 4576 3343 4629; x_wconf 87' lang='lat' dir='ltr'><strong>cunctis</strong></span> <span class='ocrx_word' id='word_1_695' title='bbox 3368 4551 3725 4642; x_wconf 82' lang='lat' dir='ltr'><strong>mendaciter,</strong></span> <span class='ocrx_word' id='word_1_696' title='bbox 3751 4590 3824 4645; x_wconf 83' lang='lat' dir='ltr'><strong>sy-</strong></span> 
     </span>
    </p>
   </div>
   <div class='ocr_carea' id='block_1_93' title="bbox 571 4656 2148 4729">
    <p class='ocr_par' dir='ltr' id='par_1_93' title="bbox 571 4656 2148 4729">
     <span class='ocr_line' id='line_1_93' title="bbox 571 4656 2148 4729; baseline 0.006 -22"><span class='ocrx_word' id='word_1_697' title='bbox 571 4657 662 4723; x_wconf 88' lang='lat' dir='ltr'><strong>qui</strong></span> <span class='ocrx_word' id='word_1_698' title='bbox 694 4656 943 4713; x_wconf 80' lang='lat' dir='ltr'><strong>habitant</strong></span> <span class='ocrx_word' id='word_1_699' title='bbox 972 4659 1025 4712; x_wconf 92' lang='lat' dir='ltr'><strong>iu</strong></span> <span class='ocrx_word' id='word_1_700' title='bbox 1072 4674 1160 4722; x_wconf 89' lang='lat' dir='ltr'><strong>eo,</strong></span> <span class='ocrx_word' id='word_1_701' title='bbox 1213 4656 1384 4729; x_wconf 76' lang='lat' dir='ltr'><strong>(Paul.</strong></span> <span class='ocrx_word' id='word_1_702' title='bbox 1422 4659 1580 4728; x_wconf 67' lang='grc' dir='ltr'>χχιιι)</span> <span class='ocrx_word' id='word_1_703' title='bbox 1610 4675 1623 4711; x_wconf 91' lang='lat'><strong>:</strong></span> <span class='ocrx_word' id='word_1_704' title='bbox 1651 4666 1706 4713; x_wconf 89' lang='lat' dir='ltr'><strong>et</strong></span> <span class='ocrx_word' id='word_1_705' title='bbox 1742 4658 1912 4728; x_wconf 89' lang='lat' dir='ltr'><strong>ipsius</strong></span> <span class='ocrx_word' id='word_1_706' title='bbox 1950 4668 2033 4715; x_wconf 89' lang='lat' dir='ltr'><strong>est</strong></span> <span class='ocrx_word' id='word_1_707' title='bbox 2058 4676 2148 4716; x_wconf 87' lang='lat' dir='ltr'><strong>re-</strong></span> 
     </span>
    </p>
   </div>
   <div class='ocr_carea' id='block_1_94' title="bbox 572 4747 2150 4821">
    <p class='ocr_par' dir='ltr' id='par_1_94' title="bbox 572 4747 2150 4821">
     <span class='ocr_line' id='line_1_94' title="bbox 572 4747 2150 4821; baseline 0.001 -20"><span class='ocrx_word' id='word_1_708' title='bbox 572 4762 759 4818; x_wconf 85' lang='lat' dir='ltr'><strong>gnum,</strong></span> <span class='ocrx_word' id='word_1_709' title='bbox 805 4759 861 4804; x_wconf 93' lang='lat' dir='ltr'><strong>et</strong></span> <span class='ocrx_word' id='word_1_710' title='bbox 906 4748 993 4804; x_wconf 88' lang='lat' dir='ltr'><strong>cui</strong></span> <span class='ocrx_word' id='word_1_711' title='bbox 1028 4749 1259 4803; x_wconf 90' lang='lat' dir='ltr'><strong>voluerit</strong></span> <span class='ocrx_word' id='word_1_712' title='bbox 1301 4747 1449 4802; x_wconf 83' lang='lat' dir='ltr'><strong>dabit</strong></span> <span class='ocrx_word' id='word_1_713' title='bbox 1492 4747 1855 4817; x_wconf 73' lang='lat' dir='ltr'><strong>illud(Matt/a.</strong></span> <span class='ocrx_word' id='word_1_714' title='bbox 1889 4749 2041 4821; x_wconf 77' lang='lat' dir='ltr'><strong>xvi):</strong></span> <span class='ocrx_word' id='word_1_715' title='bbox 2075 4751 2150 4805; x_wconf 90' lang='lat' dir='ltr'><strong>ita</strong></span> 
     </span>
    </p>
   </div>
   <div class='ocr_carea' id='block_1_95' title="bbox 574 4837 2149 4911">
    <p class='ocr_par' dir='ltr' id='par_1_95' title="bbox 574 4837 2149 4911">
     <span class='ocr_line' id='line_1_95' title="bbox 574 4837 2149 4911; baseline 0.003 -20"><span class='ocrx_word' id='word_1_716' title='bbox 574 4838 692 4908; x_wconf 86' lang='lat' dir='ltr'><strong>ipse</strong></span> <span class='ocrx_word' id='word_1_717' title='bbox 746 4854 909 4909; x_wconf 90' lang='lat' dir='ltr'><strong>supra</strong></span> <span class='ocrx_word' id='word_1_718' title='bbox 963 4837 1373 4893; x_wconf 89' lang='lat' dir='ltr'><strong>fundamentum</strong></span> <span class='ocrx_word' id='word_1_719' title='bbox 1422 4838 1733 4908; x_wconf 71' lang='lat' dir='ltr'><strong>apostolica:</strong></span> <span class='ocrx_word' id='word_1_720' title='bbox 1784 4850 1951 4911; x_wconf 85' lang='lat' dir='ltr'><strong>petrae</strong></span> <span class='ocrx_word' id='word_1_721' title='bbox 1996 4855 2149 4896; x_wconf 91' lang='lat' dir='ltr'><strong>suam</strong></span> 
     </span>
    </p>
   </div>
   <div class='ocr_carea' id='block_1_96' title="bbox 576 4929 2153 5002">
    <p class='ocr_par' dir='ltr' id='par_1_96' title="bbox 576 4929 2153 5002">
     <span class='ocr_line' id='line_1_96' title="bbox 576 4929 2153 5002; baseline 0.003 -20"><span class='ocrx_word' id='word_1_722' title='bbox 576 4929 820 4985; x_wconf 89' lang='lat' dir='ltr'><strong>fundavit</strong></span> <span class='ocrx_word' id='word_1_723' title='bbox 861 4931 1158 4986; x_wconf 78' lang='lat' dir='ltr'><strong>Ecclesium</strong></span> <span class='ocrx_word' id='word_1_724' title='bbox 1191 4929 1372 4999; x_wconf 83' lang='lat' dir='ltr'><strong>(Joan.</strong></span> <span class='ocrx_word' id='word_1_725' title='bbox 1416 4930 1531 5002; x_wconf 80' lang='lat' dir='ltr'><strong>xx),</strong></span> <span class='ocrx_word' id='word_1_726' title='bbox 1562 4946 1723 5000; x_wconf 90' lang='lat' dir='ltr'><strong>quam</strong></span> <span class='ocrx_word' id='word_1_727' title='bbox 1768 4941 1822 4986; x_wconf 92' lang='lat' dir='ltr'><strong>et</strong></span> <span class='ocrx_word' id='word_1_728' title='bbox 1863 4942 1988 4987; x_wconf 87' lang='lat' dir='ltr'><strong>ante</strong></span> <span class='ocrx_word' id='word_1_729' title='bbox 2030 4948 2153 5001; x_wconf 85' lang='lat' dir='ltr'><strong>pas-</strong></span> 
     </span>
    </p>
   </div>
   <div class='ocr_carea' id='block_1_97' title="bbox 2253 4662 3861 4739">
    <p class='ocr_par' dir='ltr' id='par_1_97' title="bbox 2253 4662 3861 4739">
     <span class='ocr_line' id='line_1_97' title="bbox 2253 4662 3861 4739; baseline 0.006 -22"><span class='ocrx_word' id='word_1_730' title='bbox 2253 4662 2393 4718; x_wconf 86' lang='lat' dir='ltr'><strong>nodo</strong></span> <span class='ocrx_word' id='word_1_731' title='bbox 2425 4664 2595 4729; x_wconf 86' lang='lat' dir='ltr'><strong>misit,</strong></span> <span class='ocrx_word' id='word_1_732' title='bbox 2627 4672 2682 4718; x_wconf 91' lang='lat' dir='ltr'><strong>et</strong></span> <span class='ocrx_word' id='word_1_733' title='bbox 2725 4664 2805 4719; x_wconf 90' lang='lat' dir='ltr'><strong>sic</strong></span> <span class='ocrx_word' id='word_1_734' title='bbox 2852 4665 2919 4720; x_wconf 90' lang='lat' dir='ltr'><strong>ad</strong></span> <span class='ocrx_word' id='word_1_735' title='bbox 2960 4664 3222 4733; x_wconf 88' lang='lat' dir='ltr'><strong>judicium</strong></span> <span class='ocrx_word' id='word_1_736' title='bbox 3266 4669 3601 4738; x_wconf 83' lang='lat' dir='ltr'><strong>provocavit,</strong></span> <span class='ocrx_word' id='word_1_737' title='bbox 3630 4683 3747 4739; x_wconf 71' lang='lat' dir='ltr'><strong>qum</strong></span> <span class='ocrx_word' id='word_1_738' title='bbox 3771 4681 3822 4720; x_wconf 82' lang='lat' dir='ltr'><strong>se</strong></span> <span class='ocrx_word' id='word_1_739' title='bbox 3858 4726 3861 4727; x_wconf 30' lang='grc' dir='ltr'><em>ν</em></span> 
     </span>
    </p>
   </div>
   <div class='ocr_carea' id='block_1_98' title="bbox 2253 4756 3821 4826">
    <p class='ocr_par' dir='ltr' id='par_1_98' title="bbox 2253 4756 3821 4826">
     <span class='ocr_line' id='line_1_98' title="bbox 2253 4756 3821 4826; baseline 0.001 -18"><span class='ocrx_word' id='word_1_740' title='bbox 2253 4765 2596 4810; x_wconf 84' lang='lat' dir='ltr'><strong>servaturqu</strong></span> <span class='ocrx_word' id='word_1_741' title='bbox 2630 4770 2698 4809; x_wconf 89' lang='lat' dir='ltr'><strong>ne</strong></span> <span class='ocrx_word' id='word_1_742' title='bbox 2722 4756 3082 4826; x_wconf 85' lang='lat' dir='ltr'><strong>judicaretur,</strong></span> <span class='ocrx_word' id='word_1_743' title='bbox 3114 4758 3457 4813; x_wconf 87' lang='lat' dir='ltr'><strong>subscribere</strong></span> <span class='ocrx_word' id='word_1_744' title='bbox 3485 4758 3821 4815; x_wconf 77' lang='lat' dir='ltr'><strong>detreCtavit.</strong></span> 
     </span>
    </p>
   </div>
   <div class='ocr_carea' id='block_1_99' title="bbox 2254 4836 3824 4917">
    <p class='ocr_par' dir='ltr' id='par_1_99' title="bbox 2254 4836 3824 4917">
     <span class='ocr_line' id='line_1_99' title="bbox 2254 4836 3824 4917; baseline 0.002 -21"><span class='ocrx_word' id='word_1_745' title='bbox 2254 4836 2404 4912; x_wconf 90' lang='lat' dir='ltr'><strong>Quod</strong></span> <span class='ocrx_word' id='word_1_746' title='bbox 2447 4845 2584 4908; x_wconf 89' lang='lat' dir='ltr'><strong>ideo,</strong></span> <span class='ocrx_word' id='word_1_747' title='bbox 2615 4845 2755 4900; x_wconf 80' lang='lat' dir='ltr'><strong>sicut</strong></span> <span class='ocrx_word' id='word_1_748' title='bbox 2782 4855 2968 4915; x_wconf 87' lang='lat' dir='ltr'><strong>postea</strong></span> <span class='ocrx_word' id='word_1_749' title='bbox 3010 4847 3167 4901; x_wconf 88' lang='lat' dir='ltr'><strong>nobis</strong></span> <span class='ocrx_word' id='word_1_750' title='bbox 3193 4847 3469 4912; x_wconf 78' lang='lat' dir='ltr'><strong>dixerunt,</strong></span> <span class='ocrx_word' id='word_1_751' title='bbox 3501 4850 3592 4917; x_wconf 83' lang='lat' dir='ltr'><strong>qui</strong></span> <span class='ocrx_word' id='word_1_752' title='bbox 3623 4849 3691 4903; x_wconf 82' lang='lat' dir='ltr'><strong>ab</strong></span> <span class='ocrx_word' id='word_1_753' title='bbox 3716 4849 3824 4916; x_wconf 84' lang='lat' dir='ltr'><strong>ipso</strong></span> 
     </span>
    </p>
   </div>
   <div class='ocr_carea' id='block_1_100' title="bbox 2255 4934 3825 5010">
    <p class='ocr_par' dir='ltr' id='par_1_100' title="bbox 2255 4934 3825 5010">
     <span class='ocr_line' id='line_1_100' title="bbox 2255 4934 3825 5010; baseline 0.001 -21"><span class='ocrx_word' id='word_1_754' title='bbox 2255 4934 2564 5000; x_wconf 87' lang='lat' dir='ltr'><strong>audierunt,</strong></span> <span class='ocrx_word' id='word_1_755' title='bbox 2596 4935 2944 4991; x_wconf 88' lang='lat' dir='ltr'><strong>subscribere</strong></span> <span class='ocrx_word' id='word_1_756' title='bbox 2974 4936 3164 4999; x_wconf 91' lang='lat' dir='ltr'><strong>noluit,</strong></span> <span class='ocrx_word' id='word_1_757' title='bbox 3197 4938 3339 5006; x_wconf 82' lang='lat' dir='ltr'><strong>quod</strong></span> <span class='ocrx_word' id='word_1_758' title='bbox 3369 4949 3422 4993; x_wconf 89' lang='lat' dir='ltr'><strong>et</strong></span> <span class='ocrx_word' id='word_1_759' title='bbox 3461 4956 3562 4996; x_wconf 89' lang='lat' dir='ltr'><strong>nos</strong></span> <span class='ocrx_word' id='word_1_760' title='bbox 3594 4938 3825 5010; x_wconf 85' lang='lat' dir='ltr'><strong>percepi-</strong></span> 
     </span>
    </p>
   </div>
  </div>
