3974 5392
140 290 239 349 169

679 290 1030 350 Βιδτοιιικε
1068 286 1427 347 11061,εὸιῶ
1468 282 1747 343 REME‘SS

1853 279 2032 335 [.le
2071 278 2428 348 euncoa.
2468 310 2538 321 -
2574 280 2703 335 us.
2741 277 2827 335 ιιι.

3291 279 3395 333 ΠΟ

135 418 295 463 erant
333 409 626 479 exposuit:
658 410 756 465 sed
782 410 849 463 ad
879 408 1167 472 Ananiam,
1202 423 1232 461 a
1261 421 1370 477 quo
1397 403 1599 475 agenda
1626 416 1720 455 au-
1745 404 1795 461 Α
1823 396 2099 451 interitum
2130 396 2334 460 carnis,
2378 392 2616 458 Satente,
2663 404 2723 449 ut
2769 394 2991 462 spiritus
3031 393 3213 450 salvus
3247 394 3317 450 sit
3346 395 3399 449 in

139 500 352 555 diturus
380 510 437 555 et
462 511 785 572 accepturus
826 508 963 565 erat,
991 500 1138 555 illum
1170 498 1387 553 direxit.
1420 495 1511 551 Sic
1547 502 1604 550 et
1634 508 1723 547 en-

139 594 289 665 gelns
322 596 669 661 Cornelium,
709 606 994 665 postquam
1044 595 1194 649 illum
1246 592 1558 647 exauditum
1603 600 1725 645 esse

140 686 502 749 denuntiavit,
531 687 600 741 ad
643 687 787 741 Petri
818 687 1124 741 doctrinam
1164 696 1327 753 atque
1359 681 1722 737 obedientiam

142 774 280 829 misit
308 775 454 837 (Act.
485 775 563 846 x).
604 775 773 842 Quem
822 775 950 829 licet
990 782 1115 827 ante
1158 772 1484 840 baptismum
1514 779 1722 831 sancto,

142 875 192 918 ut
224 865 302 917 ita
338 866 607 929 dicamus,
630 862 830 934 Spiritu
852 864 1208 932 baptizatum.
1235 863 1425 916 beatus
1449 859 1642 914 Petrus
1665 858 1728 912 il-

142 954 237 1008 lius
282 954 638 1024 baptismate,
669 953 759 1023 qui
803 954 1037 1021 haptizat
1080 952 1135 1005 in
1179 951 1385 1021 Spiritu
1431 957 1643 1010 sancto,
1673 955 1725 1002 ct

143 1045 190 1098 in
216 1060 327 1113 quo
357 1043 699 1098 credentium
728 1042 893 1095 corda
932 1040 1033 1095 fide
1061 1042 1433 1111 purilicantur,
1459 1037 1726 1106 baptizari

144 1133 399 1203 prmcepit
424 1132 566 1197 (Act.
595 1133 696 1201 xt).
724 1130 877 1186 Unde
903 1130 1040 1184 facta
1065 1131 1364 1198 quaestione
1392 1137 1581 1183 contra
1606 1141 1727 1181 eum

143 1222 298 1277 etiam
325 1238 358 1275 a
385 1222 693 1276 minoribus
715 1222 849 1284 suis,
878 1231 1059 1275 tamen
1092 1220 1362 1283 fidelibus,
1386 1234 1485 1273 cur
1508 1218 1575 1272 ad
1597 1233 1730 1288 gen—

148 1322 219 1366 tes
251 1313 568 1375 intraverit,
602 1312 774 1366 isdem
806 1311 1175 1381 apostolorum
1209 1311 1471 1380 princeps
1495 1324 1733 1363 summo-

146 1418 254 1457 rum
300 1404 484 1473 gratia
535 1404 795 1459 donorum
852 1403 1091 1473 repletus
1141 1412 1194 1457 et
1254 1402 1731 1459 inmunerabilium

147 1495 533 1549 miraculorum
582 1503 850 1565 potestate
899 1491 1180 1557 suffultus,
1228 1494 1461 1562 querela:
1512 1508 1617 1547 non
1663 1507 1731 1546 ex

148 1597 441 1657 potestate,
470 1588 565 1643 sed
609 1603 679 1643 ex
721 1587 930 1642 ratione
962 1587 1253 1655 respondit,
1281 1600 1608 1656 causamque
1637 1599 1735 1654 per

149 1678 392 1732 ordinem
428 1692 494 1732 ea
535 1677 947 1732 mansuetudine
980 1676 1250 1747 exposuit,
1280 1692 1385 1746 qua
1430 1676 1734 1730 humilitate

1826 486 1914 541 die
1943 487 2151 541 Domini
2186 484 2236 556 (I
2262 483 2387 540 Cor.
2417 484 2495 557 v).
2532 485 2633 557 Ipsi
2665 486 2808 541 enim
2846 486 3246 542 Corinthiorum
3286 503 3402 543 rcc~

1824 587 1971 632 tores
2003 576 2148 631 illum
2182 576 2522 633 tradiderunt
2543 578 2595 631 iu
2624 578 2900 633 interitum
2947 580 3128 635 carnis
3163 579 3402 647 Sataute,

1826 679 1881 723 et
1911 666 2105 721 Paulus
2146 666 2361 736 cognito
2401 664 2515 733 ejus
2546 680 2732 736 opere,
2779 681 2874 721 sua
2928 670 3244 723 auctoritate
3276 652 3400 726 cum

1828 758 1968 814 illis:
2018 767 2072 813 et
2103 765 2379 827 comperta
2427 756 2543 825 ejus
2577 756 2913 827 pmuiteutia,
2962 756 3062 827 ipsi
3095 774 3217 813 eum
3247 756 3407 815 resti-

1831 858 2066 914 tuerunt,
2122 858 2177 904 et
2222 847 2418 903 Paulus
2461 864 2555 902 sua
2598 848 2916 903 auctoritate
2963 864 3084 903 cum
3129 849 3276 907 illis:
3309 850 3411 908 Cui

1829 944 2102 1013 inquiens,
2133 941 2336 1012 aliquid
2369 942 2628 1003 donastis.
2676 950 2731 995 et
2780 957 2899 1012 ego.
2934 941 3067 996 Nam
3122 951 3179 998 et
3221 959 3323 1016 ego
3364 944 3413 1003 si

1830 1039 1956 1107 quid
1973 1037 2166 1113 donavi
2186 1047 2404 1106 propter
2424 1052 2518 1090 vos
2534 1036 2585 1090 in
2611 1051 2836 1105 persona
2857 1037 3055 1092 Christi
3080 1036 3161 1107 (11
3183 1037 3304 1094 Cor.
3324 1038 3410 1107 tt).

1832 1124 1970 1181 Hinc
1998 1129 2193 1183 beatus
2245 1126 2537 1197 Gregorius
2587 1127 2699 1199 (lib.
2732 1144 2903 1184 xxxttt
2946 1126 3137 1182 Morel.
3181 1145 3304 1202 cap.
3357 1130 3412 1196 8,

1832 1219 1901 1273 al.
1941 1220 2060 1289 ll):
2096 1220 2138 1275 Λ
2170 1220 2331 1284 bono,
2357 1219 2551 1289 inquit,
2586 1231 2765 1276 vestro
2805 1237 2907 1274 non
2934 1221 3215 1277 dissentio.
3240 1221 3416 1279 Meum

1832 1308 1905 1362 sit
1930 1309 2073 1378 quod
2104 1308 2201 1378 ipsi
2236 1308 2457 1362 fecistis.
2499 1309 2597 1363 Cui
2622 1309 2764 1363 velut
2795 1314 2838 1365 si
2890 1312 3070 1367 dicere
3123 1326 3420 1382 praesuma-

1835 1414 1980 1460 ntus,
2024 1414 2195 1467 quare
2225 1399 2298 1453 ita
2341 1408 2496 1453 caute
2525 1397 2802 1469 discipulis
2844 1410 2893 1455 te
2942 1402 3203 1472 copulas?
3252 1418 3423 1473 quare

1833 1489 1920 1543 vel
1954 1498 2004 1544 te
2029 1489 2263 1554 illorum,
2291 1490 2374 1545 vel
2398 1490 2521 1545 illos
2553 1492 2657 1545 tuis
2686 1493 2992 1547 actionilms
3037 1505 3144 1549 tam
3192 1496 3423 1553 sollicita

1838 1586 2019 1632 mente
2056 1578 2401 1634 conformas?
2449 1589 2507 1633 ιιι
2536 1597 2637 1633 non
2667 1582 3178 1644 circumveniantur.
3229 1586 3423 1654 inquit,

1839 1686 1871 1726 ει
1908 1673 2110 1726 Satana
2148 1688 2162 1725 :
2207 1687 2314 1725 non
2353 1672 2498 1726 enim
2555 1671 2865 1743 ignoramus
2901 1674 3260 1745 cogitationes
3305 1675 3426 1745 ejus

151 1768 371 1838 pnefato
406 1768 660 1824 Cornelio
697 1782 755 1823 se
791 1769 1019 1822 adorare
1049 1766 1247 1820 volenti
1278 1766 1412 1821 dixit
1442 1781 1457 1819 :
1492 1763 1626 1821 Vide
1667 1781 1736 1821 ne
1764 1759 1809 1818 B
1840 1764 1891 1819 id
1918 1773 2022 1825 est,
2053 1778 2121 1817 ne
2146 1763 2245 1817 hoc
2271 1764 2412 1832 quod
2439 1763 2577 1817 bene
2618 1779 2768 1817 meus
2804 1764 3017 1819 inchoat
3051 1767 3162 1836 ipse
3212 1768 3264 1821 in
3315 1783 3428 1822 ma-

152 1862 361 1917 feeeris.
406 1859 544 1915 Nam
598 1869 650 1915 et
702 1875 804 1930 ego
855 1859 970 1928 ipse
1013 1857 1178 1912 homo
1220 1857 1364 1922 sum,
1390 1856 1530 1912 sicut
1576 1866 1631 1912 et
1679 1865 1737 1911 tu

154 1953 283 2019 (.lct.
318 1952 402 2022 x).
436 1949 495 2005 Si
533 1950 677 2005 enim
724 1951 777 2004 in
823 1948 1042 2019 querela
1075 1947 1333 2011 fidelium,
1360 1957 1418 2001 ιιι
1445 1946 1741 2019 Gregorius

154 2043 318 2106 dicit,
370 2040 576 2111 aliquid
625 2040 693 2094 de
746 2054 844 2093 sua
892 2046 1157 2108 potestate
1204 2038 1438 2102 diceret,
1495 2034 1742 2106 profecto

155 2132 345 2187 doctor
389 2130 823 2186 mansuetudinis
867 2146 972 2185 non
1012 2129 1222 2185 fuisset.
1263 2129 1459 2184 llmnili
1489 2145 1619 2200 ergo
1647 2143 1743 2185 eos

157 2224 365 2278 ratione
396 2223 648 2293 placavit.
682 2231 844 2292 atque
878 2222 931 2275 in
969 2237 1131 2277 causa
1167 2222 1605 2293 reprehensionis
1633 2237 1745 2277 sua:

158 2315 436 2370 humiliter
482 2316 749 2369 rationem
790 2314 1042 2378 reddidit,
1072 2322 1128 2369 et
1171 2313 1335 2368 etiam
1382 2322 1548 2369 testes
1586 2313 1745 2368 adhi-

158 2408 289 2472 bnit,
312 2409 505 2463 dicens
533 2426 548 2462 :
584 2407 863 2462 Venerunt
896 2417 1078 2462 autem
1108 2420 1318 2461 mecum
1343 2416 1398 2461 ct
1426 2423 1517 2463 sex
1552 2406 1750 2461 fratres

158 2499 242 2554 isti
270 2500 415 2569 (Act.
447 2498 548 2568 ιι).
587 2496 753 2566 Cujus
782 2496 1039 2552 humilem
1081 2499 1487 2565 auctoritatem,
1511 2507 1567 2553 et
1597 2513 1750 2551 mau-

161 2590 525 2643 suetissiutam
574 2597 930 2657 potestatem,
980 2598 1034 2644 et
1086 2588 1446 2644 rectissimam
1490 2588 1750 2658 praedictio

162 2681 359 2734 tionem
401 2680 637 2734 dtcentis
662 2697 676 2733 :
702 2678 819 2734 Non
846 2679 1187 2734 dominantes
1225 2679 1276 2732 in
1314 2678 1484 2743 clero,
1516 2679 1610 2734 sed
1640 2677 1751 2733 for-

164 2789 246 2826 ma
268 2772 395 2828 facti
428 2773 577 2845 gregi
607 2772 657 2843 (I
683 2770 829 2827 Petr.
855 2773 932 2839 v),
965 2780 1188 2827 secutus
1215 2770 1276 2824 Β.
1306 2770 1556 2826 Celasins
1584 2771 1639 2826 in
1665 2772 1754 2826 de-

162 2866 322 2919 cretis
343 2867 460 2920 suis
484 2866 658 2935 (epist.
691 2866 746 2937 9)
779 2867 846 2920 ad
866 2879 1055 2920 omnes
1075 2866 1379 2934 episcopos,
1404 2865 1470 2920 de
1494 2863 1754 2919 institutis

166 2955 555 3011 ecclesiasticis
577 2956 741 3009 dicit:
771 2954 1014 3025 Cumque
1044 2954 1199 3008 nobis
1218 2965 1409 3008 contra
1432 2954 1751 3008 salutarium

169 3047 530 3100 reverentiam
551 3044 877 3115 rcgularium
892 3044 1176 3114 cupiamus
1191 3053 1395 3099 temere
1417 3043 1544 3098 nihil
1562 3045 1750 3098 licere:

1838 1853 1967 1908 lilia:
1995 1854 2152 1908 linem
2197 1863 2389 1909 vertat.
2436 1854 2502 1908 Et
2548 1854 2892 1910 Innocentius
2925 1859 3095 1928 (epist.
3142 1873 3316 1921 xxvtt,
3354 1858 3427 1914 ad

1839 1957 1991 2018 epist.
2028 1946 2310 2015 Maced.):
2361 1945 2486 2003 litce
2534 1948 2601 2001 ad
2650 1945 2961 2003 Corinthios
3006 1951 3297 2019 apostolica
3345 1958 3431 2006 est

1840 2038 2112 2092 declarata
2164 2035 2490 2107 benignitas,
2521 2046 2581 2091 ut
2628 2037 2681 2093 in
2719 2055 2826 2091 ttuo
2863 2038 3053 2110 spiritu
3107 2042 3321 2097 ductam
3360 2057 3429 2098 ac

1842 2128 2119 2185 reductam
2149 2130 2474 2185 sententiam
2502 2128 2629 2186 boui
2660 2146 2877 2202 semper
2928 2132 3301 2189 indilicrenter
3344 2149 3434 2191 se-

1844 2230 2102 2293 quatitur.

1922 2331 1941 2363 ι
1969 2312 2035 2369 Et
2058 2312 2167 2369 Leo
2186 2328 2250 2368 ex
2282 2312 2540 2384 Apostolo
2572 2313 2746 2381 (epist.
2769 2315 2859 2380 85,
2890 2333 3007 2386 cap.
3045 2316 3129 2388 ll)
3163 2335 3175 2372 :
3216 2337 3236 2371 ι
3265 2316 3436 2374 Nemo

1845 2401 1988 2473 quod
2019 2417 2174 2456 suum
2215 2409 2299 2456 est
2327 2412 2555 2473 qmcrat,
2583 2405 2678 2459 sed
2710 2407 2853 2475 quod
2903 2406 3148 2470 alterius,
3175 2417 3224 2461 et
3261 2423 3433 2463 unus-

1847 2492 2078 2562 quisque
2104 2494 2351 2559 proximo
2379 2507 2478 2548 suo
2506 2492 2716 2563 placeat
2756 2497 2809 2550 in
2852 2496 2992 2550 bono
3020 2498 3086 2551 ad
3122 2498 3438 2553 :edlllcatio-

1849 2597 1972 2636 nem
2003 2580 2054 2651 (1
2091 2578 2216 2636 Cor.
2253 2583 2331 2653 x).
2389 2581 2504 2637 Non
2546 2584 2691 2638 enim
2736 2586 2933 2655 poterit
2984 2586 3209 2642 unitatis
3239 2596 3438 2643 nostra

1850 2669 2005 2727 ﬁrma
2032 2687 2153 2727 esse
2198 2687 2482 2744 compago,
2509 2676 2611 2730 nisi
2646 2691 2743 2730 nos
2768 2677 2835 2730 ad
2865 2677 3277 2746 inseparabilem
3308 2677 3441 2733 solio

1850 2763 2071 2820 ditatem
2125 2766 2399 2821 vinculum
2448 2768 2732 2824 cbaritatis
2775 2770 3112 2825 astrinxerit.
3169 2770 3439 2838 Quoniam

1852 2853 1992 2909 sicut
2011 2855 2062 2909 in
2095 2871 2202 2909 uno
2226 2871 2455 2928 corpore
2485 2859 2651 2912 multa
2682 2860 2922 2913 membra
2953 2860 3235 2925 habemus,
3257 2863 3439 2917 omnia

1855 2952 2031 2998 autem
2088 2946 2331 3001 membra
2385 2964 2491 3002 non
2544 2951 2793 3003 eumdem
2843 2960 3024 3005 actum
3077 2951 3327 3007 habent:
3366 2951 3441 3008 ita

1857 3034 2008 3088 multi
2039 3050 2202 3089 ttnum
2228 3052 2425 3107 corpus
2448 3054 2632 3094 sumus
2652 3040 2707 3094 in
2738 3038 2977 3104 Christo.
3025 3041 3217 3113 singuli
3257 3052 3440 3099 autem

167 3145 222 3187 et
244 3150 361 3188 cum
386 3134 548 3189 sedes
578 3134 870 3203 apostolica
901 3150 1063 3203 super
1085 3135 1213 3207 [or.,
1242 3132 1511 3206 superior]
1535 3134 1621 3189 his
1643 3150 1753 3188 oui.
1781 3112 1826 3175 C
1858 3123 1994 3178 alter
2020 3125 2243 3181 alterius
2269 3130 2508 3183 membra
2550 3128 2602 3201 (Ι
2634 3130 2757 3185 Cor.
2792 3133 2913 3202 xu).
2954 3133 3234 3190 Councxio
3278 3136 3442 3192 totius

168 3226 342 3288 nibus,
378 3226 597 3280 favente
619 3226 864 3289 Domino,
889 3241 1008 3295 qute
1038 3225 1281 3295 paternis
1308 3224 1606 3280 canonibus
1627 3234 1755 3281 sunt

169 3315 409 3384 przciixa,
458 3317 568 3385 pio,
612 3315 915 3384 devotaque
960 3315 1176 3370 studeat
1221 3323 1406 3369 tenere
1456 3315 1753 3386 proposito,

168 3407 305 3461 satis
353 3406 636 3475 indignum
676 3415 781 3469 est,
818 3420 1143 3475 quemquam
1186 3405 1266 3459 vel
1307 3406 1639 3475 pontilicuut,
1670 3406 1755 3460 vel

166 3497 418 3551 ordinum
483 3497 960 3567 subsequentium,
1016 3498 1157 3551 hanc
1207 3498 1608 3551 observantiam
1667 3513 1756 3553 re-

173 3586 372 3652 futare,
401 3604 564 3657 quam
586 3588 649 3643 Β.
681 3586 823 3645 Petri
852 3591 1056 3656 sedem,
1092 3600 1148 3645 et
1176 3590 1327 3659 sequi
1360 3592 1537 3646 videat
1572 3600 1627 3647 et
1664 3594 1760 3647 do-

172 3693 335 3733 cere:
367 3681 607 3750 satisque
655 3680 984 3735 conveniens
1029 3682 1100 3734 sit
1138 3689 1194 3734 ut
1230 3696 1428 3750 corpus
1460 3681 1560 3753 lor.
1589 3682 1759 3736 addit.

174 3769 373 3843 totum]
424 3770 682 3826 Ecclesia:
714 3771 766 3825 in
806 3774 906 3825 hac
951 3771 1168 3827 sibimet
1213 3770 1591 3827 observatione
1634 3788 1764 3827 cou-

174 3861 384 3925 cordet,
422 3877 586 3931 quam
631 3861 708 3916 illi
757 3862 937 3933 vigere
990 3862 1308 3931 eonspiciet,
1359 3864 1449 3918 ubi
1508 3864 1763 3919 Dominus

178 3951 431 4006 Ecclesia:
463 3952 626 4007 totius
659 3953 833 4022 posuit
867 3952 1223 4022 principatum
1261 3950 1402 4022 (Cal.
1436 3956 1498 4022 ι).
1532 3953 1605 4007 De
1629 3953 1764 4006 Bar-

182 4047 325 4096 naha
374 4058 587 4114 quoque
648 4053 704 4098 et
753 4042 917 4099 Saulo
960 4044 1171 4099 dicente
1223 4044 1508 4106 veraciter,
1569 4042 1767 4101 Paulus

180 4137 455 4205 apostolus
509 4152 615 4191 non
655 4138 726 4191 ab
775 4136 1104 4197 hominibus,
1138 4150 1311 4206 neque
1340 4151 1435 4204 per
1466 4136 1763 4208 hominem,

182 4226 281 4278 sed
313 4239 400 4294 per
427 4224 613 4279 Jesum
641 4224 918 4280 Christum
954 4233 1009 4280 et
1052 4224 1339 4278 Dominum
1384 4223 1622 4278 Patrem.
1664 4222 1768 4291 Qui

184 4326 461 4383 postquam
491 4316 697 4371 diutius
727 4316 874 4371 fruiti
914 4325 1040 4370 sunt
1076 4316 1438 4386 apestolorutu
1472 4319 1767 4382 consortio,

187 4418 297 4457 non
326 4405 447 4474 ipsis
480 4405 763 4476 apostolis,
793 4406 889 4460 sed
913 4405 1062 4473 juxta
1096 4407 1252 4459 lidetu
1288 4420 1457 4459 sacra:
1504 4405 1765 4469 historize.

186 4495 622 4551 ministrantibus
653 4496 881 4550 Domino
911 4495 1189 4565 prophetis
1236 4504 1292 4549 et
1333 4495 1645 4549 doctoribus
1676 4496 1768 4566 qui

190 4597 345 4638 erant
384 4587 708 4652 Antiochim,
748 4586 884 4641 dixit
930 4586 1162 4654 Spiritus
1211 4594 1471 4639 sanctus:
1512 4584 1775 4655 Separate

191 4674 321 4729 mihi
377 4676 675 4731 Barnabam
721 4684 777 4730 et
817 4673 1040 4728 Saulum
1087 4674 1139 4727 in
1183 4689 1318 4743 opus
1349 4675 1655 4743 ministerii,
1703 4676 1771 4730 ad

192 4768 334 4835 quod
373 4768 634 4836 assumpsi
675 4783 772 4823 eos
802 4767 942 4837 (Act.
978 4766 1117 4835 xm).
1169 4765 1321 4822 Tune
1363 4765 1671 4837 jejuaautes
1717 4774 1776 4820 et

194 4868 425 4921 orantes,
458 4860 909 4929 imponentcsquc
938 4856 1019 4910 eis
1045 4873 1257 4925 manus,
1285 4857 1604 4913 dimiserunt
1631 4857 1768 4914 illos.

194 4950 273 5004 Et
292 4950 378 5019 ipsi
409 4952 622 5020 quidem
652 4952 801 5007 missi
831 4968 862 5005 a
889 4950 1093 5021 Spiritu
1115 4962 1305 5009 sancto
1326 4952 1573 5009 abierunt
1595 4953 1773 5011 vocati

196 5043 440 5109 apostoli.
467 5041 594 5095 etin
623 5043 876 5113 sequenti
915 5055 1080 5105 anim,
1110 5041 1162 5096 id
1188 5052 1272 5096 est
1309 5043 1373 5096 14
1407 5054 1529 5110 post
1570 5044 1775 5113 passio-

198 5147 324 5187 netu
350 5130 580 5202 Domini,
607 5133 731 5190 licet
760 5135 857 5205 qui
880 5141 1140 5202 operatus
1167 5143 1249 5189 est
1274 5133 1441 5188 Petro
1470 5134 1524 5188 in
1557 5145 1773 5203 aposto-

1853 3217 2100 3285 corporis
2156 3231 2317 3271 unam
2383 3219 2707 3285 sanitatem,
2769 3237 2933 3277 unam
2986 3224 3440 3293 pulchritudinem

1856 3303 2007 3363 facit.
2050 3309 2115 3363 Et
2144 3311 2256 3366 hmc
2285 3312 2502 3381 quidem
2529 3316 2796 3370 connexio
2828 3317 2990 3370 totius
3027 3319 3269 3390 corporis
3306 3333 3439 3374 nna-

1859 3399 2159 3456 nituitatem
2195 3403 2441 3472 requirit,
2465 3405 2557 3458 sed
2586 3407 2854 3476 prter-iptio
2882 3409 3050 3481 exigit
3091 3413 3441 3467 concordiam

1859 3490 2222 3548 sacerdotum.
2272 3492 2476 3559 Quibus
2519 3495 2619 3549 etsi
2674 3498 2807 3551 ordo
2852 3509 2935 3553 est
2987 3500 3289 3571 generalis,
3335 3518 3442 3559 non

1864 3588 2039 3634 tamen
2072 3583 2375 3638 communis
2410 3592 2497 3638 est
2539 3585 2774 3653 dignitas
2814 3589 3083 3644 omnibus.
3125 3610 3143 3643 ι
3188 3590 3311 3647 ll.ec
3339 3608 3443 3647 au-

1865 3683 1994 3738 tem,
2021 3685 2234 3730 servata
2263 3675 2440 3731 altiori
2469 3677 2846 3750 intelligentia,
2888 3697 3035 3737 eirea
3069 3698 3231 3753 supra
3267 3686 3444 3739 dictos

1863 3775 1990 3821 sunt
2035 3776 2185 3832 acta,
2238 3777 2294 3822 et
2340 3784 2371 3822 a
2417 3770 2689 3838 praedictis
2743 3774 2936 3838 docta,
2984 3783 3046 3829 ut
3094 3787 3453 3845 cognoscatur

1863 3858 2095 3930 qualiter
2126 3859 2362 3915 minores
2404 3861 2704 3931 potioribus
2735 3863 2963 3919 debeant
2999 3865 3239 3926 obedire,
3271 3877 3325 3922 ct
3354 3883 3449 3938 pn-

1867 3951 2034 4005 tiores
2059 3950 2358 4005 miuorihus
2385 3952 2689 4021 providere,
2718 3963 2775 4007 et
2800 3955 2933 4008 ordo
2965 3970 2993 4009 a
3026 3956 3136 4009 Deo
3157 3957 3451 4022 dispositus

1866 4039 1934 4094 ab
1956 4038 2224 4102 omnibus,
2254 4047 2310 4093 et
2348 4039 2401 4092 in
2433 4042 2687 4095 omnibus
2719 4043 2896 4097 valeat
2935 4049 3263 4099 conservari.
3302 4045 3452 4102 Unde

1866 4145 2111 4187 Summus
2148 4129 2401 4185 Ecclesia:
2446 4141 2631 4201 pastor
2667 4133 2863 4188 docet:
2899 4134 2955 4188 Si
2995 4135 3117 4203 quis
3159 4136 3450 4201 ministrat,

1868 4228 2126 4290 tauquam
2172 4235 2239 4276 ex
2281 4223 2480 4277 virtute
2530 4238 2692 4293 quam
2742 4225 3083 4279 administrat
3115 4226 3277 4292 Deus,
3312 4236 3371 4281 nt
3399 4228 3452 4283 in

1866 4314 2119 4368 omnibus
2160 4314 2551 4370 honorificetur
2577 4317 2714 4371 Deus
2762 4316 2813 4386 (ι
2849 4314 2996 4371 Petr.
3030 4319 3128 4387 tv),
3159 4320 3251 4390 qui
3282 4320 3457 4375 servis

1874 4405 1987 4460 suis
2009 4402 2282 4460 couuniSit
2308 4407 2520 4477 negotia
2569 4423 2688 4470 sua.
2731 4417 2784 4462 et
2825 4411 3113 4480 unicuique
3163 4414 3456 4467 secundum

1874 4497 2146 4567 propriam
2178 4496 2430 4551 virtutem
2459 4496 2678 4569 (Manli.
2701 4501 2870 4571 xxv);
2910 4502 3048 4556 sicut
3079 4512 3132 4556 et
3155 4504 3221 4558 de
3251 4488 3458 4573 Spiritu

1872 4598 2061 4643 sancto
2090 4588 2350 4657 scriptum
2376 4600 2480 4654 est,
2511 4592 2653 4659 quod
2681 4591 2821 4645 dona
2847 4593 3036 4648 dividit
3059 4595 3281 4665 singulis
3305 4606 3466 4665 prout

1875 4679 1988 4733 vult
2009 4677 2064 4749 (1
2095 4677 2220 4732 Cor.
2255 4680 2376 4749 xtt).
2398 4680 2465 4733 Et
2497 4681 2623 4735 hinc
2642 4680 2798 4750 juxta
2820 4681 3144 4740 Sardiccnse
3171 4686 3461 4742 concilium

1878 4769 2016 4841 (cap.
2044 4768 2098 4839 7)
2127 4782 2140 4821 :
2167 4783 2413 4824 summus
2448 4770 2637 4839 prima:
2678 4779 2733 4827 et
2759 4784 2962 4828 sancta:
3014 4777 3157 4831 sedis
3209 4776 3470 4833 Romana:

1876 4858 2144 4930 pontifex,
2167 4874 2267 4929 pro
2293 4859 2559 4916 examinis
2580 4861 2928 4920 renovatione
2955 4866 3024 4922 ad
3054 4882 3113 4923 se
3126 4869 3475 4925 reclamantis

1876 4960 1933 5009 et
1958 4951 2319 5022 confugientis
2346 4967 2470 5010 cum
2517 4970 2616 5012 sua
2662 4958 2985 5014 clamatione
3016 4960 3209 5032 deiecti
3256 4947 3476 5033 proriné

1879 5041 2033 5100 cialis
2058 5043 2329 5114 episcopi,
2360 5058 2466 5101 non
2489 5048 2673 5104 statim
2697 5048 3079 5120 singularitate
3103 5052 3392 5124 privilegii,
3420 5062 3478 5108 et

1881 5136 2226 5220 auctoritatis
2273 5152 2389 5194 sua:
2437 5137 2715 5208 restituit;
2762 5139 2859 5193 sed
2909 5144 3194 5198 remittens
3236 5156 3357 5196 cum
3410 5132 3476 5195 ad
