3974 5392
548 295 644 350 ΠΙ

1562 322 1569 365 ς
1609 293 1994 353 ηουωιωι
2034 292 2349 352 CANONIC!
2391 290 2733 352 REMENSIS

3711 293 3803 353 ΠΞ

549 413 740 468 bentcs
778 410 895 481 ejus
936 406 1315 463 auctoritatem
1353 416 1647 478 praesentes
1697 422 1821 461 cum
1870 407 2137 475 episcopis
2166 412 2214 471 Α
2243 408 2297 462 in
2320 409 2582 480 synodum
2615 409 2807 465 deduci
2838 409 3215 480 permisimus,
3257 409 3593 482 parvipensis
3618 418 3676 466 et
3698 409 3805 467 sine

544 503 811 575 judicent,
847 509 901 555 et
925 499 1210 569 diligenter
1230 512 1447 553 causam
1485 496 1801 565 inquisitam
1828 496 2132 565 diﬂiniant;

551 603 645 649 aut
688 594 939 664 dignatur
976 591 1197 645 credere
1223 590 1503 659 episcopos
1534 586 1798 655 sullicere,
1829 598 1889 642 ut
1919 589 2136 657 negotio

550 673 842 742 terminum
888 683 1101 754 possint
1146 682 1438 752 imponere.
1476 680 1542 735 Et
1574 680 1920 735 innocentius
1960 678 2133 749 (epist.

546 780 604 843 2,
635 795 683 832 ε.
711 776 767 849 5)
796 795 808 830 ;
847 797 866 829 ι
903 775 959 831 St
983 790 1102 845 qua:
1129 789 1307 829 causae
1337 772 1419 827 vel
1445 772 1821 828 contentiones
1849 772 1991 827 inter
2026 772 2135 828 cle-

548 871 693 926 ricos
719 878 829 924 tam
857 867 1153 939 superioris
1194 865 1424 929 ordinis,
1470 879 1631 935 quam
1661 863 1825 917 etiam
1858 862 2134 919 inferioris

549 960 754 1017 fuerint
813 970 1052 1023 esortze,
1115 955 1457 1027 congregatis
1512 954 1808 1010 secundum
1865 953 2133 1025 synodum

548 1052 824 1110 Nicmnam
852 1048 1005 1123 (Syn.
1047 1047 1169 1103 Nic.
1213 1063 1263 1103 c.
1307 1047 1362 1118 5)
1404 1045 1641 1116 ejusdem
1680 1044 1970 1115 provincize
2022 1044 2134 1114 epi-

551 1143 730 1216 scopis
777 1141 1019 1214 jurgium
1074 1138 1319 1210 praecipit
1370 1136 1668 1191 terminari.
1720 1135 1787 1189 Et
1823 1133 2134 1190 Bonifacius

552 1239 656 1308 (ep.
686 1236 743 1309 2)
780 1236 846 1292 de
874 1234 1106 1289 Maximo
1134 1231 1338 1294 scribit,
1375 1238 1432 1284 ut
1459 1228 1526 1283 ad
1569 1227 1903 1299 provinciam
1944 1228 2134 1281 venire

551 1339 798 1403 cogatur,
824 1338 879 1385 et
918 1327 1025 1384 illic
1054 1340 1113 1381 se
1143 1325 1439 1381 constituto
1468 1332 1798 1394 prxsentare
1819 1320 2047 1391 judicio,
2078 1330 2133 1375 et

548 1423 811 1496 quidquid
856 1423 921 1478 de
967 1420 1058 1476 illo
1087 1418 1339 1474 duxerint
1364 1415 1652 1487 provincia:
1679 1412 1915 1485 episcopi
1946 1412 2133 1467 decer-

548 1518 811 1583 nendum,
839 1529 963 1569 cum
993 1514 1062 1568 ad
1089 1527 1212 1568 cum
1238 1508 1467 1567 relatum
1496 1506 1657 1571 foret,
1690 1520 1785 1560 sua
1826 1504 2134 1558 ﬁrmaretur

551 1608 875 1663 auctoritate
902 1626 915 1661 ε
946 1615 1238 1677 quatenus.
1267 1610 1329 1657 ut
1359 1601 1503 1656 idem
1531 1599 1704 1671 (epist.
1730 1597 1786 1663 5,
1816 1614 1937 1652 can.
1979 1595 2035 1663 6)
2065 1596 2132 1651 ad

548 1699 815 1756 llilarium
851 1697 1064 1762 scribit,
1096 1690 1495 1762 metropolitani
1525 1689 1609 1746 sui
1645 1702 1980 1758 unaquaeque
2007 1700 2134 1757 pro-

2236 500 2412 570 aliqua
2446 503 2785 557 correctione
2809 502 3050 558 dimissis
3077 504 3156 559 eis
3185 504 3456 574 capitulis,
3504 504 3807 560 auctoritati

2233 600 2427 645 vestra:
2456 592 2556 646 sub
2586 590 2709 646 fidei
2752 591 3138 667 astipulatione
3181 593 3422 658 directis,
3476 609 3572 663 pro
3626 593 3806 662 quibus

2234 677 2414 735 fuerat
2453 680 2726 749 judicatus
2775 683 2843 737 ab
2880 685 3168 755 episcopis,
3212 684 3280 739 ad
3309 683 3805 756 quorumjuziicium

2233 783 2644 845 provocaverat,
2687 775 2981 829 secundum
3022 786 3283 846 expresSa
3330 790 3611 832 sacrorum
3660 792 3806 833 cano-

2234 880 2362 919 num
2383 873 2438 919 et
2465 865 2775 935 apostolica:
2818 866 2962 920 sedis
3001 865 3243 932 decreta,
3284 867 3579 924 Caelestino
3610 867 3810 923 dicente

2234 956 2406 1026 (epist.
2435 957 2491 1023 5)
2522 972 2536 1010 :
2575 976 2592 1009 ι
2632 956 2762 1023 Qua:
2785 958 2928 1012 enim
2958 973 2987 1012 a
3018 958 3175 1013 nobis
3195 972 3283 1014 res
3306 960 3465 1030 digna
3489 960 3808 1022 servabitur.

2234 1047 2279 1101 si
2306 1046 2658 1102 decretalium
2687 1063 2877 1102 norma
2906 1050 3326 1124 constitutorum
3374 1067 3471 1121 pro
3514 1050 3810 1121 aliquorum

2233 1138 2389 1195 libitu
2421 1139 2638 1195 licentia
2683 1139 2892 1211 populis
2931 1142 3215 1211 permissa,
3258 1142 3578 1214 frangatur?
3629 1162 3648 1195 ι
3701 1142 3810 1198 Mox

2233 1242 2425 1287 vestra:
2454 1233 2711 1303 potestati
2740 1232 3007 1303 placuerit
3032 1233 3179 1289 illum
3213 1235 3517 1299 restituere,
3552 1243 3611 1288 ut
3638 1234 3811 1304 prima:

2232 1325 2376 1380 sedis
2406 1334 2461 1380 et
2499 1325 2693 1380 matris
2736 1341 2800 1381 ac
2842 1326 3116 1396 magistra:
3162 1326 3404 1380 ontnium
3457 1324 3812 1380 Ecelesiarum

2231 1416 2526 1488 pontificis,
2564 1427 2994 1489 cunctorumque
3039 1417 3415 1491 episcoporum
3457 1420 3635 1491 patris
3666 1431 3813 1489 atque

2234 1510 2478 1582 magistri
2533 1509 2781 1581 regulare
2825 1511 3090 1581 judicium
3141 1512 3287 1567 ferre
3336 1512 3617 1578 convenit,
3676 1527 3814 1581 teque

2233 1601 2416 1656 animo
2441 1599 2633 1656 feram.
2678 1599 2857 1656 Credo
2882 1610 3060 1656 tamen
3100 1600 3574 1673 diligentissimam
3627 1601 3814 1658 discre-

2238 1694 2437 1748 tionem
2482 1702 2716 1748 vestram
2768 1693 3110 1764 provisuram
3162 1704 3533 1766 contentptum
3590 1696 3667 1750 ac‘
3699 1710 3812 1749 cond

547 1791 726 1847 vincia
765 1790 820 1846 in
856 1786 1106 1845 omnibus
1148 1786 1310 1839 rebus
1347 1780 1742 1837 ordinationem
1781 1794 1995 1849 semper
2032 1793 2131 1833 ex-
2161 1772 2207 1831 Β
2237 1782 2527 1838 tumaciam
2560 1782 2929 1852 subiectorum
2957 1798 3083 1853 erga
3116 1783 3367 1855 pradatos
3394 1800 3539 1849 suos,
3579 1794 3636 1839 et
3663 1785 3812 1839 liber-

548 1890 775 1953 spectet,
796 1880 935 1953 sicut
955 1877 1217 1947 scriptum
1241 1882 1325 1930 est
1344 1873 1399 1927 in
1413 1871 1631 1926 Nicaeno
1646 1868 1875 1926 concilio
1891 1868 2033 1941 (can.
2050 1867 2130 1939 5),

546 1984 611 2028 ut
641 1972 781 2026 sicut
800 1968 943 2037 apud
966 1965 1369 2028 Alexandriam,
1395 1963 1521 2034 quia
1547 1970 1603 2017 et
1628 1959 1779 2016 urbis
1806 1960 1992 2015 Romte
2018 1960 2133 2030 epi-

549 2076 714 2131 scopo
740 2059 928 2130 parilis
953 2072 1071 2115 mos
1089 2066 1191 2111 cst.
1228 2054 1490 2111 Similiter
1509 2062 1563 2109 et
1591 2053 1733 2124 apud
1765 2052 2132 2118 Antiochiam,

548 2163 881 2224 exterasque
905 2149 1235 2223 provincias,
1266 2148 1378 2204 suis
1404 2146 1683 2219 privilegia
1713 2156 1999 2202 serventur
2028 2146 2133 2201 Ec-

547 2245 751 2303 clesiis.
788 2263 807 2296 ›
844 2260 862 2295 ι
903 2241 1054 2297 Unde
1096 2241 1235 2296 bene
1263 2239 1466 2309 placuit
1499 2237 1691 2309 (lbid.,
1723 2253 1843 2291 can.
1877 2236 1934 2307 5)
1978 2237 2135 2291 annis

546 2336 771 2411 singulis
797 2350 893 2406 per
920 2346 1359 2404 unamquamque
1386 2328 1718 2400 provinciam
1764 2327 1849 2383 bis
1896 2329 1949 2382 itt
1992 2342 2136 2382 anno

547 2426 775 2487 concilia
824 2423 1110 2489 celebrari,
1158 2431 1218 2478 ut
1262 2421 1624 2478 communiter
1668 2420 1921 2476 omnibus
1975 2419 2132 2475 simul

547 2517 817 2589 episcopis
842 2514 1184 2586 congregatis
1209 2511 1517 2586 provinciae,
1560 2511 1921 2569 discutiantur
1948 2511 2135 2581 hujus-

548 2608 693 2665 modi
724 2606 1069 2677 quaestiones.
1101 2624 1120 2658 ι

627 2720 645 2752 ι
668 2700 863 2756 Etlncc
877 2698 1017 2765 dico,
1042 2713 1168 2766 non,
1189 2697 1331 2767 quod
1353 2697 1512 2764 absit,
1539 2694 1894 2767 pra‘judicans
1912 2708 2136 2748 somnne

551 2793 696 2849 sedis
720 2791 1045 2862 apostolicae,
1075 2798 1131 2845 et
1158 2789 1331 2845 sancti
1361 2788 1697 2860 apostolatus
1741 2788 1912 2842 vestri
1956 2786 2009 2841 in
2037 2786 2139 2840 ali-

549 2898 656 2953 quo
681 2889 1025 2953 potestatem,
1052 2880 1139 2935 cui
1180 2882 1233 2935 itt
1269 2880 1521 2935 onmibus
1565 2894 1707 2945 sum,
1757 2878 1899 2933 sicut
1926 2887 2135 2932 rectum

546 2985 653 3054 est,
672 2974 905 3030 obedire
948 2983 1189 3044 paratus.
1247 2972 1355 3028 Sed
1394 2973 1522 3043 quia
1572 2987 1796 3027 summae
1825 2972 2135 3027 auctoritati

546 3077 745 3125 vestra:
772 3067 1091 3138 obsequium
1127 3073 1386 3137 praestare
1421 3079 1508 3120 me
1537 3074 1688 3136 puto,
1735 3078 1857 3119 cum
1906 3079 1969 3119 ea
2016 3079 2136 3135 qua:

2237 1884 2401 1932 tatem
2423 1873 2641 1944 impune
2656 1874 3001 1945 delinquendi
3017 1885 3206 1930 contra
3221 1890 3457 1932 canones
3476 1891 3688 1941 saeros,
3707 1890 3813 1946 qua

2234 1964 2361 2020 ltinc
2392 1963 2443 2018 in
2491 1961 2699 2018 nostris
2746 1964 3055 2033 regionibus
3102 1974 3353 2036 poterunt
3382 1965 3462 2036 (ut
3498 1965 3810 2034 quibusdam

2237 2053 2472 2124 videtur)
2504 2053 2699 2110 noxias
2727 2054 2873 2109 vires
2901 2055 3150 2125 accipere
3174 2072 3188 2110 :
3235 2056 3540 2127 praesertim
3592 2071 3715 2111 cum
3740 2073 3813 2109 Sa—

2233 2146 2587 2217 pientissimte
2629 2147 2941 2202 auctoritati
2971 2156 3404 2203 vestrteconstct
3439 2164 3564 2203 esse
3607 2148 3814 2203 notissi-

2235 2252 2402 2299 mum,
2428 2237 2803 2292 demonstrare
2836 2237 3162 2292 Sardicense
3186 2238 3478 2293 concilium
3509 2238 3568 2292 in
3598 2239 3813 2308 septimo

2234 2344 2334 2384 suo
2369 2328 2607 2399 capitulo
2637 2348 2650 2383 :
2672 2328 2908 2400 qualiter
2929 2327 3121 2396 dejecti
3146 2338 3201 2382 et
3223 2328 3290 2383 ad
3321 2344 3380 2384 se
3402 2328 3694 2384 clamantis
3714 2329 3815 2397 cpi~

2234 2420 2381 2491 scopi
2408 2419 2785 2485 restitutionis,
2813 2418 2895 2473 vel
2944 2419 2995 2473 in
3042 2418 3376 2488 depasitione
3427 2418 3814 2489 permansionis

2234 2511 2535 2576 exsecutio,
2568 2526 2689 2566 cum
2737 2510 3087 2565 indemnitate
3118 2509 3440 2580 simpliciter
3462 2508 3813 2578 judicantiunt

2234 2606 2303 2661 ab
2325 2603 2616 2676 apostolica
2642 2602 2769 2657 sede
2793 2603 2988 2657 debeat
3019 2602 3305 2657 celebrari.
3356 2602 3511 2670 Quod
3563 2613 3622 2657 et
3665 2600 3811 2655 Ιιιιιιις

2237 2697 2466 2762 centius,
2508 2711 2574 2751 ac
2598 2694 2931 2761 Bonifacius,
2954 2710 3142 2750 verum
3183 2695 3293 2751 Leo
3333 2696 3386 2751 in
3434 2696 3674 2751 decretis
3717 2695 3815 2765 (ubi

2235 2789 2439 2859 supra),
2468 2796 2524 2842 et
2549 2786 2845 2857 Gregorius
2879 2786 3181 2842 evidentius
3211 2787 3263 2841 in
3300 2786 3554 2857 epistolis
3578 2787 3694 2842 suis
3731 2788 3816 2840 de-

2239 2889 2562 2945 monstrant,
2608 2878 3053 2949 Cartltaginensis
3096 2879 3333 2944 concilii,
3377 2879 3487 2933 imo
3516 2878 3816 2949 apostolica:

2239 2976 2417 3041 Sedis,
2448 2992 2567 3047 qua:
2597 2977 2649 3030 in
2680 2975 2794 3030 suis
2828 2975 3004 3029 eidem
3049 2972 3305 3045 prmsedit
3340 2973 3566 3028 vicariis
3614 2972 3815 3027 decreta

2241 3079 2531 3141 sequentes
2559 3066 2746 3140 (Cone.
2788 3065 2971 3122 Cartlt.
3014 3082 3108 3131 ιιι,
3133 3082 3254 3119 can.
3288 3065 3374 3135 ill)
3408 3084 3419 3118 :
3457 3084 3474 3116 ι
3509 3064 3767 3119 Videlicet
3791 3078 3816 3115 a

547 3159 750 3225 sentio,
794 3168 889 3213 aut
932 3157 1000 3211 ad
1041 3157 1436 3228 probationem,
1485 3164 1578 3211 aut
1624 3157 1692 3211 ad
1741 3134 2135 3212 correctionem
2165 3134 2210 3195 (ἶ
2243 3134 2943 3232 quibuscunquejudicibus
2965 3134 3438 3212 ecclesiasticisad
3465 3154 3818 3226 aliosjudiecs

546 3253 828 3328 humiliter
853 3252 1133 3323 sapientia:
1158 3250 1323 3306 vestri
1352 3248 1648 3320 magisterii
1677 3248 1854 3321 pando
1882 3265 1897 3314 ;
1928 3256 1982 3302 et
2027 3246 2138 3300 llo-

551 3347 701 3403 tbadi
730 3361 910 3402 mores
945 3342 1099 3400 vobis
1136 3343 1389 3398 intimare
1424 3355 1687 3412 procuro,
1718 3355 1784 3394 ne
1814 3353 1931 3393 mea
1966 3337 2136 3408 negli-

548 3436 754 3510 gentia,
784 3436 878 3507 qui
912 3450 1007 3491 eos
1031 3434 1175 3500 novi,
1209 3449 1303 3488 vos
1351 3431 1578 3498 lateant,
1619 3440 1886 3501 quatenus
1934 3428 2135 3485 certius

552 3529 699 3600 quod
744 3528 897 3583 vobis
936 3526 1199 3598 placuerit
1248 3525 1313 3580 de
1357 3523 1449 3579 illo
1477 3536 1608 3578 vera
1632 3521 1931 3576 auctoritas
1951 3519 2136 3575 decer-

546 3636 683 3679 gnere
719 3620 928 3685 valeat.
953 3617 1123 3685 Quem
1164 3617 1208 3673 si
1238 3631 1379 3670 nunc
1412 3616 1463 3669 in
1494 3611 1848 3683 dispositione
1869 3610 2134 3679 judicium

552 3724 795 3771 vestrum
836 3725 1055 3766 manere
1096 3708 1421 3771 decreverit,
1466 3706 1671 3761 scimus
1716 3705 1780 3759 de
1806 3703 2137 3774 benignitate

552 3817 608 3862 et
634 3805 900 3863 modestia
923 3819 989 3860 ac
1014 3802 1214 3875 pietate
1244 3794 1336 3854 lilii
1376 3797 1540 3854 vestri
1591 3797 1771 3852 domni
1819 3795 1989 3851 nostri
2031 3794 2136 3849 Ka-

552 3896 676 3964 roli,
705 3896 963 3966 quoniam
994 3891 1255 3963 quidquid
1298 3890 1365 3945 de
1412 3888 1504 3944 illo
1548 3886 1771 3957 prtefato
1809 3885 1919 3940 tilio
1955 3896 2137 3940 vestro

550 3989 938 4062 ptmeeperitis,
961 3995 1019 4042 et
1043 3982 1442 4039 rationabiliter
1463 3981 1663 4051 poterit
1682 3977 1996 4049 adimplere,
2020 3978 2137 4031 sine

553 4082 661 4136 ulla
691 4078 1070 4136 retractatione
1096 4075 1331 4131 obediet.
1372 4073 1478 4128 Sed
1523 4082 1579 4126 et
1623 4070 1923 4140 coepiscopi
1965 4066 2134 4122 nostri

556 4172 623 4225 de
660 4166 1026 4222 Ecclesiarum
1077 4177 1297 4218 suarum
1345 4158 1627 4229 stipendiis
1676 4154 2137 4211 abundantissime

553 4261 632 4316 illi
657 4256 984 4330 impendent.
1017 4253 1134 4310 Mea
1157 4253 1319 4309 etiam
1348 4249 1636 4319 exiguitas,
1681 4247 1819 4301 sicut
1862 4258 2134 4312 nunquam

554 4351 622 4407 ad
655 4346 1060 4405 retributionem
1102 4343 1225 4399 mali
1266 4348 1490 4411 propter
1541 4345 1882 4404 contemptus
1925 4343 1980 4388 et
2009 4350 2138 4387 con-

552 4443 808 4513 tumelias
856 4440 925 4496 ab
972 4438 1064 4494 illo
1109 4436 1242 4492 mibi
1282 4434 1460 4488 illatas
1502 4429 1786 4501 pervenire
1833 4426 2009 4492 volui;
2060 4426 2134 4481 ita

552 4534 816 4608 quidquid
840 4528 1190 4601 benignitatis
1226 4536 1436 4595 potero,
1466 4521 1821 4577 libentissime
1855 4520 2135 4575 abundan-

553 4630 662 4684 tius
690 4627 876 4690 etiam,
904 4636 1067 4692 quam
1096 4632 1330 4688 unquam
1369 4613 1613 4680 fecerim,
1654 4613 1965 4682 impendere
2013 4627 2143 4680 pro-

556 4720 779 4775 curabo.
829 4715 887 4770 Si
918 4728 1049 4768 vero
1086 4710 1205 4764 sine
1235 4707 1341 4762 ulla
1370 4705 1740 4762 satisfactione
1789 4714 1897 4758 tam
1944 4703 2136 4758 diutini

552 4817 899 4878 contemptus
920 4817 1201 4860 sacrorum
1227 4815 1519 4863 canonum,
1558 4806 1614 4853 et
1651 4796 1797 4852 scdts
1829 4795 2139 4865 apostolica:

553 4902 922 4959 decretorum,
949 4908 1012 4948 ac
1040 4906 1152 4946 sua:
1182 4888 1495 4961 metropolis
1528 4886 1813 4957 prit'ihgii,
1842 4897 2005 4955 atque
2050 4900 2140 4956 sy-

553 4985 834 5050 nodalium
877 4983 1227 5055 judiciorum,
1259 4979 1601 5057 quibusnec
1638 4977 1882 5042 obedire,
1941 4989 2041 5030 nec
2081 4988 2142 5030 se

558 5079 903 5139 olzediturum
946 5074 1014 5131 de
1058 5081 1255 5130 caetero
1280 5066 1535 5143 prollteri'
1552 5068 1637 5125 vel
1672 5067 2021 5125 subscribere
2051 5080 2143 5121 vo-

559 5173 680 5239 luit,
731 5177 786 5225 ct
829 5167 1034 5238 absque
1089 5162 1444 5239 professione,
1497 5160 1583 5216 vel
1627 5159 1988 5228 suscriptione
2032 5173 2144 5213 suae

558 5262 915 5318 correctionis
958 5270 1016 5316 et
1067 5256 1411 5318 obcdientim.
1460 5269 1646 5310 coram
1692 5250 1955 5306 fratribus
2006 5251 2143 5315 suis,

2164 4488 2216 4548 D

2241 3249 2661 3314 ecclesiasticos,
2692 3247 2777 3303 ubi
2824 3255 2908 3302 est
2945 3247 3119 3317 tnajor
3148 3245 3468 3307 auctoritas,
3499 3244 3671 3300 fuerit
3709 3260 3820 3313 pro.

2238 3353 2512 3409 vocatum,
2536 3359 2644 3397 non
2672 3342 2753 3397 eis
2779 3340 2946 3410 obsit,
2971 3356 3198 3412 quorttm
3229 3340 3389 3396 fuerit
3417 3338 3597 3395 soluta
3625 3349 3821 3394 senten-

2240 3440 2335 3504 tia,
2369 3438 2416 3493 si
2465 3436 2715 3493 convinci
2762 3452 2867 3490 non
2910 3434 3208 3505 potuerint,
3241 3433 3324 3487 vel
3377 3433 3605 3487 inimico
3652 3432 3819 3486 animo

2230 3528 2537 3599 iudicasse,
2580 3526 2666 3582 vel
2712 3526 2890 3597 aliqua
2936 3524 3232 3596 cupiditate
3276 3531 3369 3577 aut
3417 3524 3593 3593 gratia
3640 3522 3820 3592 depra-

2236 3622 2377 3677 vari.
2411 3639 2429 3674 ι
2474 3619 2630 3675 Unde
2661 3618 2815 3674 nobis
2842 3627 2897 3673 et
2931 3617 3264 3672 conscientia
3308 3616 3681 3670 testimonium
3710 3629 3822 3684 per.

2236 3715 2403 3776 bibet,
2448 3721 2501 3767 et
2544 3710 2798 3766 omnibus
2848 3710 2940 3781 qui
2990 3707 3352 3763 interfuerunt
3395 3716 3584 3762 notutn
3636 3705 3819 3761 factum

2235 3806 2401 3863 fuisse
2445 3806 2801 3878 dignoscitur,
2856 3804 3113 3875 quoniam
3179 3802 3329 3858 illum
3383 3817 3609 3857 scrvare
3670 3815 3819 3870 quam

2230 3897 2479 3970 judicare
2525 3896 2835 3959 maluimus,
2867 3896 2910 3949 si
2955 3910 3053 3965 pro
3096 3909 3378 3949 sacrorum
3419 3909 3691 3948 canonum
3734 3906 3821 3945 ne-

2238 3988 2415 4060 glectu
2447 4003 2635 4043 eorum
2659 3984 2885 4055 judicio,
2916 4001 3012 4055 per
3041 4000 3175 4056 quos
3204 3984 3407 4056 Spiritu
3434 3994 3630 4039 sancto
3661 3984 3821 4054 inspi-

2238 4089 2393 4135 rante
2436 4077 2761 4150 promulgati
2792 4086 2940 4143 sunt,
2969 4092 3090 4132 cum
3129 4092 3194 4131 eo
3236 4091 3394 4147 quem
3426 4076 3706 4147 corrigere
3732 4089 3820 4129 ue-

2237 4170 2543 4239 quibamus,
2578 4168 2827 4222 damnari
2877 4168 3082 4238 pariter
3128 4183 3234 4220 non
3277 4167 3614 4222 timeremus.
3652 4166 3717 4221 Et
3750 4165 3823 4220 ἰόφ

2238 4262 2385 4316 circo
2435 4259 2581 4313 nullo
2624 4260 2843 4313 inimico
2906 4260 3117 4324 animo,
3175 4257 3321 4312 nulla
3380 4258 3687 4327 cupiditate
3736 4264 3821 4310 aut

2237 4350 2411 4422 gratia
2439 4348 2739 4419 depravati,
2767 4346 2959 4404 ﬂentes
3001 4349 3144 4402 illius
3173 4346 3607 4418 incorrigibilcm
3648 4362 3822 4401 socor-

2240 4442 2413 4505 diam,
2454 4450 2510 4495 et
2551 4439 2959 4495 irrevocabilem
3007 4438 3400 4509 pertinaciam,
3450 4438 3722 4510 regularia
3773 4438 3821 4489 in

2240 4546 2363 4586 eum
2401 4529 2603 4601 judicia
2639 4529 2876 4584 exsecuti
2921 4543 3131 4593 sumus,
3160 4543 3279 4598 quae
3307 4528 3375 4583 ab
3401 4542 3464 4583 eo
3496 4528 3823 4598 suspendere

2242 4623 2445 4677 diutius
2471 4637 2577 4676 non
2604 4620 3070 4690 praesumpsimus.

2316 4732 2337 4765 ι
2364 4714 2553 4768 Vestra
2580 4712 2741 4766 etiam
2768 4719 2823 4765 et
2851 4725 3058 4765 summa
3089 4707 3385 4762 auctoritas
3410 4707 3461 4761 itt
3484 4705 3823 4762 decernendo

2241 4805 2483 4858 attendet
2532 4801 2848 4872 Apostolum
2904 4800 3220 4862 docentem,
3274 4798 3401 4867 quia
3466 4797 3825 4868 quorumdam

2241 4901 2463 4965 peccata
2502 4890 2860 4961 praecedentia
2902 4898 3030 4943 sunt
3052 4889 3119 4942 ad
3156 4888 3441 4957 judicintn,
3470 4887 3823 4957 quorumdam

2245 4984 2411 5039 etiam
2440 4993 2493 5037 et
2520 4981 2923 5051 subsequuntur
2953 4979 3002 5051 (ι
3032 4978 3168 5033 Tim.
3195 4980 3270 5049 ν).
3300 4978 3445 5045 Quae.
3474 4979 3617 5033 sicut
3644 4979 3826 5033 beatus

2245 5078 2465 5149 exponit
2488 5075 2807 5131 Ambrosius
2832 5074 2941 5146 (lib.
2974 5090 2990 5128 ι
3018 5072 3097 5128 De
3125 5073 3263 5143 apol.
3298 5072 3485 5139 David,
3519 5071 3669 5143 c.6),
3698 5087 3760 5126 ac
3784 5070 3824 5123 si

2246 5172 2424 5241 posita
2451 5171 2503 5224 in
2532 5168 2761 5228 bilance.
2786 5167 2840 5221 in
2861 5165 3066 5235 judicio
3089 5175 3213 5219 sunt
3239 5165 3625 5231 examinanda,
3653 5176 3824 5219 utrum

2243 5260 2388 5316 bona
2425 5275 2591 5320 onera
2626 5258 2855 5320 amplius
2899 5256 3174 5320 pensando
3203 5253 3600 5309 remuneranda
3631 5266 3828 5320 ωτι-ρει
