3974 5392
153 288 254 345 1ἷ3

732 289 1078 350 ιιιδῖοιιιΑῑ
1113 288 1466 350 εεειιεδιλῖ
1511 288 1778 346 ΠΕΣΙΕΧΕ

1894 291 2069 347 ιιιιιιι
2113 287 2468 360 oearcoa.
2506 322 2576 333 .-
2619 288 2743 343 LtB.
2785 286 2866 342 ιιι.

3335 279 3436 332 lib

154 413 208 462 in
255 409 509 464 Rothado
555 428 680 464 cum
732 407 887 463 lactis
934 410 1046 464 suis
1098 411 1490 478 pensavimus:
1523 418 1576 462 et
1606 407 1750 461 velut
1777 416 1823 471 Α
1852 409 2146 462 secundum
2181 409 2419 478 Apostoli
2465 407 2836 477 Erangelium,
2872 406 3202 460 redditurum
3255 403 3439 459 Domi-

156 504 446 556 fn-nlneain
491 502 905 562 infructuosam,
941 512 1140 553 terrain
1193 501 1510 554 rationalem
1542 499 1748 552 diutius

158 596 426 648 inutiliter
451 605 829 662 occupantem,
861 602 916 646 et
959 593 1122 645 etiam
1154 603 1272 660 pOst
1300 592 1452 661 plura
1485 601 1746 658 tempora,

159 692 452 760 pluresque
487 689 907 764 admonitiones,
933 689 1084 756 quasi
1118 689 1380 756 cophinos
1410 685 1750 757 pinguedinis

159 783 258 835 sibi
288 780 573 851 nppositos
607 796 710 832 non
746 779 1117 848 recipientem,
1147 780 1238 831 sed
1268 779 1507 831 sterilem
1539 793 1750 845 perunt-

162 885 404 934 uertem,
431 888 538 925 non
561 873 674 924 sine
690 873 871 923 dolore
897 858 1072 925 cordis
1107 871 1493 925 s:nrcidendmn
1513 869 1751 937 piovitli-

162 979 300 1016 mus.
327 962 394 1015 Et
424 976 550 1016 cum
583 961 696 1014 ιιςδε
730 961 801 1014 ita
826 977 883 1014 se
910 963 1166 1026 habeant,
1194 962 1396 1028 alisque
1419 960 1755 1014 tlttbll:ili01.0

164 1059 396 1117 condito,
422 1057 550 1123 quia
597 1056 744 1112 illud,
782 1055 922 1122 quod
967 1055 1016 1107 in
1061 1054 1754 1124 priefatoCarthagiueusis

167 1148 374 1201 cont-di
402 1145 588 1216 (Cone.
611 1147 643 1199 ὖ
667 1146 843 1198 (Ima/3.
871 1162 990 1199 ean.
1015 1147 1098 1209 lt),
1117 1158 1166 1200 et
1184 1147 1348 1218 Afr-ie,
1368 1162 1487 1199 ean.
1506 1146 1594 1212 89)
1613 1146 1759 1212 capi—

172 1241 276 1294 tulo
302 1241 424 1292 sine
465 1240 575 1291 ulla
629 1239 1039 1307 inter-putatione
1090 1239 1458 1308 subsequitur,
1484 1241 1759 1293 decretum

172 1331 327 1384 vestri
360 1329 754 1384 moderaminis
783 1344 1121 1398 nequaquam
1150 1330 1419 1397 pt‘a'lcrict
1453 1347 1463 1380 :
1491 1326 1655 1390 Sane,
1682 1328 1761 1380 ir.—

170 1424 311 1493 qnit,
342 1423 391 1474 si
422 1437 486 1474 ex
521 1436 792 1474 consensu
847 1421 1078 1490 partium
1107 1420 1266 1472 electi
1311 1420 1505 1473 l'uerint
1533 1420 1760 1489 judiccs,

169 1516 327 1568 ctiam
351 1511 662 1582 apauciore
693 1525 936 1574 numero,
957 1525 1117 1578 quam
1141 1509 1494 1563 constitutum
1523 1519 1622 1570 est,
1655 1523 1763 1561 non

172 1608 324 1659 liceat
354 1603 670 1672 provocari.
709 1602 806 1666 Qui
837 1618 1094 1654 numerus
1136 1602 1460 1654 constitutus
1490 1601 1540 1651 in
1567 1601 1670 1652 duo
1695 1600 1765 1652 le-

170 1702 304 1751 cirno
327 1697 602 1764 superiori
651 1696 885 1765 capitulo
928 1696 1352 1757 deinonstratus‘,
1382 1706 1436 1748 et
1467 1708 1764 1748 consensus

1852 515 1979 552 num
2027 502 2314 570 unicuique
2341 502 2640 553 secundum
2685 514 2848 566 opera
2890 498 3006 566 ejus
3036 494 3131 564 (ll
3189 494 3311 550 Cor.
3360 503 3437 565 v).

1853 592 2222 645 testimonium
2280 592 2534 644 reddente
2594 592 2698 645 illis
2748 591 3076 645 conscientia
3115 588 3292 660 (llam.
3347 594 3436 651 ii).

1853 695 1906 739 ct
1937 685 2102 738 inter‘
2124 701 2181 737 se
2211 685 2440 738 invicem
2470 684 2854 753 cogitationum
2884 693 3284 745 accusantium,
3344 693 3440 735 aut

1856 776 2021 828 etiam
2055 775 2476 839 defendentium,
2523 778 2578 827 in
2629 774 2716 828 die
2763 789 2868 841 qua
2914 773 3177 843 judicanit
3227 774 3440 828 occulta

1859 868 2154 922 hominum.
2185 867 2262 920 lit
2299 878 2356 921 nt
2389 867 2496 920 Leo
2527 867 2657 920 ..ιι-ιι
2685 881 2698 918 :
2733 867 2788 920 Si
2827 865 2954 936 quid
3001 881 3097 933 per
3127 868 3442 919 servitutem

1859 971 2136 1024 nostram,
2189 961 2437 1014 videlicet
2490 960 2919 1022 sacerdotalem,
2975 959 3116 1012 bono
3162 960 3349 1014 ordine.
3394 970 3451 1013 ct

1860 1052 2180 1121 gratulando
2239 1052 2492 1121 impletur
2547 1050 2765 1115 allectu,
2807 1066 2911 1105 non
2971 1051 3307 1119 ambigamos
3356 1065 3453 1120 por

1864 1144 2125 1213 Spiritum
2163 1152 2409 1196 sanetum
2446 1143 2599 1196 nobis
2639 1142 2802 1197 fuisse
2855 1145 3146 1206 donatum;
3198 1153 3254 1196 et
3303 1143 3451 1212 quod

1864 1251 2024 1290 secus
2071 1234 2251 1296 fuerit.
2285 1245 2458 1288 ratum
2495 1251 2748 1290 essenon
2777 1237 2976 1305 poterit
3005 1254 3017 1288 :
3069 1236 3245 1290 modis
3275 1239 3456 1290 omni-

1863 1329 1984 1391 bus,
2039 1337 2300 1396 quantum
2333 1327 2446 1397 ipse
2474 1329 2772 1391 donaverit,
2801 1343 2831 1381 a
2873 1344 2978 1398 quo
3013 1337 3098 1382 est
3142 1342 3302 1382 omne
3352 1327 3451 1381 da-

1865 1433 1978 1478 tum
2028 1423 2288 1491 optimum
2341 1432 2395 1477 et
2443 1439 2604 1476 omne
2655 1424 2852 1478 donum
2882 1421 3182 1493 perfectum
3214 1421 3356 1488 (Jac.
3388 1425 3453 1483 ι).

1865 1515 2148 1584 providere
2178 1515 2424 1579 studebo,
2477 1531 2543 1569 ne
2570 1532 2598 1568 a
2623 1515 3004 1569 communione
3050 1515 3194 1570 sedis
3230 1526 3448 1581 apostoo

1871 1607 1986 1660 licae
2007 1606 2172 1676 (quod
2201 1606 2362 1676 absit)
2387 1606 2802 1675 quolibetmodo
2826 1615 3102 1662 extorrem
3132 1605 3455 1660 tttcultiintts

1871 1699 2006 1763 dies,
2037 1700 2129 1769 qui
2173 1699 2304 1752 mihi
2337 1699 2575 1754 incertus
2607 1708 2713 1763 cst,
2743 1708 2797 1753 et
2817 1697 2994 1753 subito
3036 1697 3222 1752 venire
3255 1707 3454 1766 potest,

177 1793 409 1862 partium
438 1795 747 1862 expetitus,
776 1792 828 1844 in
860 1790 1241 1860 dijudicatiune
1269 1791 1500 1844 llntliadi
1554 1801 1769 1844 constat
1803 1784 1842 1837 Β
1874 1789 2131 1845 inveniat.
2165 1789 2278 1842 Erit
2313 1789 2477 1852 enim,
2512 1789 2758 1858 quamvis
2799 1789 3004 1842 tardius
3025 1804 3187 1858 quam
3236 1803 3460 1843 necesse

179 1884 336 1937 fuisse
369 1885 699 1951 completus.
744 1883 984 1949 Quorum
1027 1892 1078 1936 et
1124 1883 1166 1934 si
1204 1883 1464 1952 judicium
1507 1898 1601 1950 pro
1639 1897 1768 1950 qua-

180 1991 392 2044 cunque
437 1991 606 2029 causa
653 1975 791 2029 forte
841 1976 1268 2039 rationabiliore,
1310 1986 1359 2028 et
1399 1975 1576 2029 adhuc
1616 1975 1769 2028 nobis

181 2067 477 2134 incognita,
514 2076 710 2120 vestra:
759 2081 983 2120 summa:
1029 2066 1362 2126 auctoritati,
1396 2080 1558 2134 quam
1605 2064 1770 2118 multa

183 2157 329 2211 nobis
373 2157 588 2212 occulta
641 2168 753 2210 non
808 2167 1124 2220 transeunt,
1167 2157 1431 2226 placuerit
1481 2156 1768 2226 refragari,

187 2251 305 2316 quia
335 2263 518 2302 meum
549 2259 636 2302 est
665 2263 788 2301 mea
816 2247 969 2301 vobis
993 2248 1296 2302 obediendo
1330 2247 1692 2310 committere,
1719 2255 1774 2300 et

190 2356 291 2392 non
326 2340 533 2408 judicia
578 2347 760 2393 vestra
803 2338 1110 2401 discmere,
1154 2337 1454 2399 sustinebo,
1487 2347 1541 2392 et
1585 2346 1772 2391 contra

189 2442 418 2485 vestram
489 2429 794 2500 regularem
844 2429 1278 2491 restitutionem,
1330 2430 1374 2482 si
1428 2428 1566 2483 forte
1611 2429 1664 2482 in
1710 2443 1776 2482 eo

188 2523 389 2591 agenda
429 2524 543 2575 visa
583 2519 750 2575 fuerit
783 2519 860 2591 (in
896 2535 1001 2588 qua
1035 2531 1209 2573 vestra
1243 2520 1495 2588 disponet
1527 2521 1771 2574 auctoris

195 2626 289 2675 tas,
319 2613 562 2684 qualiter
613 2613 757 2667 idem
803 2613 997 2675 victor,
1027 2622 1085 2666 ut
1127 2612 1282 2675 solet,
1311 2619 1365 2665 et
1404 2612 1510 2666 voti
1557 2628 1778 2680 compos

195 2724 305 2776 qua:
337 2716 468 2760 sunt
506 2706 747 2776 episcopi
773 2705 840 2760 de
866 2705 1070 2773 reliquo
1106 2704 1290 2773 faciat)
1319 2721 1424 2758 non
1463 2703 1775 2758 recalcitra-

192 2800 274 2864 lia,
303 2800 512 2852 ducens
538 2813 638 2867 pro
664 2814 877 2869 magno,
901 2799 944 2852 si
972 2815 1000 2850 a
1029 2796 1251 2851 diutinis
1289 2807 1344 2851 et
1381 2797 1561 2851 inultis
1607 2795 1776 2851 uiole-

191 2894 467 2960 stiis.qnas
493 2892 560 2946 ab
585 2892 672 2944 illo
713 2901 767 2945 et
793 2906 890 2961 pro
913 2891 1002 2944 illo
1024 2906 1215 2959 passus
1245 2907 1386 2954 sam,
1421 2891 1533 2960 jam
1563 2890 1777 2943 tandem

191 2982 480 3050 aliquando
515 2980 726 3035 valeam
759 2981 1026 3050 respirare
1056 2997 1068 3034 :
1096 2991 1150 3034 ct
1189 2995 1460 3050 nunquam
1491 2981 1620 3034 mihi
1652 2997 1780 3034 con-

195 3074 359 3143 tingat
390 3071 622 3125 uberius
653 3066 840 3126 centra
885 3072 1030 3127 illius
1076 3073 1477 3143 inquietudines
1519 3073 1780 3127 inutiliter

196 3163 456 3216 laborare.
495 3161 559 3216 lit
585 3162 727 3230 quod
759 3177 865 3216 non
898 3162 1076 3216 solum
1119 3163 1186 3216 ab
1225 3162 1612 3216 ecclesiasticis
1652 3177 1778 3232 per-
1808 3140 1853 3200 (ἶ

199 3254 357 3319 souis,
394 3269 586 3306 vernn
625 3262 680 3306 et
717 3252 884 3308 multo
924 3254 1096 3322 magis
1145 3253 1308 3306 etiam
1356 3269 1386 3306 a
1435 3252 1784 3307 saecularibus

200 3357 376 3398 nostra
418 3344 628 3412 judicia
678 3353 1116 3408 contemnuntur,
1148 3353 1202 3398 et
1239 3360 1336 3412 pro
1373 3345 1540 3398 nihilo
1579 3345 1780 3398 ducun-

206 3448 304 3501 tur,
332 3437 644 3492 dicentibus
674 3435 775 3499 eis,
807 3445 862 3489 et
891 3437 957 3489 ad
990 3438 1226 3490 medium
1259 3436 1644 3490 devocantibns
1673 3434 1781 3497 illa,

209 3544 316 3595 qua:
338 3529 470 3582 mihi
503 3537 698 3582 vestra:
721 3528 1032 3581 auctoritati
1064 3543 1168 3581 non
1201 3535 1327 3580 sunt
1356 3527 1698 3590 ascribenda,
1730 3536 1788 3579 ut

213 3633 308 3670 non
336 3618 579 3671 animum
626 3617 928 3672 dulcedinis
959 3627 1153 3672 vestra:
1201 3619 1250 3671 in
1292 3617 1472 3688 aliquo
1515 3633 1784 3680 moveam,

217 3708 342 3773 quod
387 3723 738 3777 summopere
781 3723 973 3762 eatere
1019 3709 1283 3762 desidero.
1322 3708 1377 3762 Si
1423 3709 1514 3778 qui
1565 3709 1615 3761 in
1666 3724 1792 3777 pro-

220 3800 377 3853 \incia
405 3811 614 3864 nostra,
640 3817 873 3870 quorum
904 3801 1122 3869 querela
1158 3801 1270 3866 (illo
1301 3802 1570 3871 restituto)
1601 3803 1665 3855 ad
1699 3818 1792 3855 vos

219 3889 380 3944 Valeat
414 3893 720 3960 pervenire.
755 3893 1053 3957 uilioribus
1090 3893 1272 3946 causis
1317 3893 1383 3946 de
1415 3903 1614 3946 caetero
1645 3908 1790 3960 qna:-

219 3984 327 4035 datn
369 3983 766 4048 commiserint,
803 3983 943 4037 sicut
987 3983 1052 4036 de
1098 3983 1418 4052 quibusdam
1472 3983 1635 4035 rebus
1683 3983 1792 4036 l't'e-

219 4075 456 4139 quentius
525 4073 578 4126 in
652 4073 804 4136 istis,
872 4087 1034 4141 quam
1104 4075 1394 4128 retroactis
1461 4073 1794 4142 temporibus

223 4165 652 4226 counnittnntur,
721 4180 790 4218 ne
854 4180 883 4215 a
937 4163 1044 4216 Deo
1098 4164 1326 4217 damner
1388 4163 1635 4226 silentio,
1705 4181 1798 4218 eos

224 4269 551 4308 wmmoncre
610 4255 862 4317 studelio,
911 4253 1045 4308 etsi
1090 4255 1364 4324 corrigere
1419 4272 1476 4308 se
1530 4254 1800 4308 voluerint

227 4348 580 4417 congmdebo.
615 4348 709 4400 Sin
761 4361 964 4410 autem,
1009 4351 1075 4401 ad
1125 4359 1368 4402 vestrum
1407 4365 1498 4402 eos
1533 4350 1794 4418 judicium

229 4439 529 4502 provocabo.
564 4438 666 4504 Qui
713 4438 757 4492 si
806 4437 885 4493 ire
928 4438 1216 4502 voluerint,
1249 4449 1431 4493 vestra
1475 4451 1664 4494 sancta
1712 4455 1797 4495 sa~

1869 1883 1962 1944 sit,
2008 1881 2266 1951 quoniam
2315 1899 2414 1951 ego
2473 1883 2652 1950 gravis
2707 1891 2994 1950 peceator,
3041 1881 3190 1952 gravi
3239 1897 3461 1936 carcere

1871 1973 2113 2041 corporis
2171 1972 2260 2024 diu
2326 1972 2565 2024 inclusus
2619 1983 2804 2025 teneor
2837 2013 2851 2035 ,
2899 1971 3092 2026 ιιι.)ιίιο
3171 1972 3224 2025 in
3278 1971 3463 2025 multis

1873 2063 2145 2126 alllictus,
2195 2063 2666 2132 pi‘ovidentissimo
2719 2063 2944 2117 Domino
3001 2064 3348 2133 providente,
3405 2069 3464 2116 et.

1875 2164 2106 2223 tempus,
2139 2164 2193 2206 et
2219 2169 2449 2223 persona
2494 2154 2547 2208 in
2583 2155 2874 2208 llemurum
2911 2155 3151 2208 Ecclesia
3173 2195 3187 2219 ,
3219 2154 3466 2223 quando,

1874 2255 1930 2298 et
1971 2245 2022 2298 in
2050 2260 2154 2314 qua
2185 2245 2251 2297 ab
2275 2245 2570 2314 apostolit'a
2618 2246 2939 2299 auctoritate
2965 2245 3305 2313 privilegium
3332 2245 3471 2300 intc-

1875 2345 2091 2406 gratum
2139 2336 2239 2390 sibi
2284 2351 2350 2391 ex
2388 2338 2606 2406 antiqua
2657 2337 3047 2391 consuetudine
3095 2336 3347 2391 collatum
3408 2346 3466 2390 et

1879 2437 2258 2482 conservatqu
2316 2428 2650 2482 habebitur:
2703 2445 2823 2497 qua:
2873 2444 3144 2497 nunquam
3172 2470 3186 2491 .
3234 2438 3463 2497 excepto

1880 2519 2124 2574 Romano
2174 2521 2443 2588 pontiﬁce,
2493 2521 2776 2590 primatem
2823 2522 3028 2586 habuit,
3071 2522 3173 2576 nisi
3224 2525 3465 2592 quandiu

1881 2611 2053 2680 ejeeto
2081 2611 2196 2664 sine
2229 2610 2334 2664 ullo
2363 2612 2591 2666 crimine
2631 2613 2700 2665 ab
2726 2627 2790 2668 ea
2821 2630 2919 2666 suo
2949 2615 3228 2683 p0tittiiCc,
3257 2615 3468 2668 violen-

1887 2705 1958 2757 tia
2010 2704 2224 2774 tyranni
2257 2703 2492 2768 Milonis,
2553 2714 2796 2774 tempore
2834 2706 3016 2760 liaroli
3063 2707 3325 2778 principis
3377 2718 3471 2776 pa-

1883 2803 2033 2848 store
2094 2810 2334 2859 vacans,
2389 2795 2663 2850 Bonil'aeio
2715 2798 3023 2867 apostolica:
3076 2799 3222 2853 sedis
3269 2800 3470 2871 legato,

1887 2888 2218 2957 aliquandiu,
2261 2890 2396 2942 sicut
2428 2899 2482 2942 et
2506 2889 2744 2943 Ecclesia
2775 2890 3147 2954 'l‘reverensis,
3181 2893 3473 2947 commissa

1887 2982 2007 3036 fuit.
2041 2981 2186 3034 Inter
2229 2998 2381 3050 quas,
2420 2981 2738 3035 llemeuseiu
2768 2983 2975 3037 scilicet
3000 2995 3054 3038 et
3080 2983 3471 3039 'l‘rererenseiu

1889 3072 2183 3127 Ecclesiam
2239 3073 2360 3142 (has
2399 3073 2543 3126 enim
2595 3071 2729 3126 duas
2768 3083 2976 3127 tantum
3007 3075 3315 3144 provincias
3352 3075 3476 3132 Bel-

1889 3164 2004 3232 gica
2034 3164 2181 3234 regio
2221 3163 2402 3234 habet)
2435 3164 2550 3217 bare
2581 3172 2794 3232 Semper
2844 3164 3120 3220 distinctio
3162 3166 3281 3232 l'uit,
3331 3167 3474 3223 sicut

1889 3259 1941 3312 in
1972 3257 2354 3312 ecclesiasticis
2385 3258 2748 3311 monumentis
2773 3257 3100 3323 llH‘Cllitl’lllS,
3127 3268 3182 3313 et
3222 3261 3477 3315 vetustis-

1890 3349 2082 3401 simam
2129 3347 2571 3402 eonsttetudiuem
2609 3361 2824 3416 semper
2863 3349 3164 3404 obtinuisse
3209 3351 3480 3422 comperi-

1893 3455 2046 3501 iuus,
2090 3450 2148 3492 ut
2194 3439 2363 3493 isdem
2415 3439 2701 3509 cpiscopus
2754 3457 2857 3494 non
2914 3440 3037 3505 loci,
3071 3443 3164 3496 sed
3213 3442 3475 3513 dignitate

1891 3531 2098 3585 ordinis
2151 3532 2298 3600 prior
2327 3535 2620 3585 secundum
2667 3547 2853 3586 sacras
2903 3532 3114 3602 regulas
3167 3533 3480 3594 haberetur.

1893 3623 1984 3693 qui
2019 3623 2154 3677 foret
2189 3624 2240 3677 in
2267 3624 2504 3693 qualibet
2528 3625 2752 3679 istarum
2807 3625 3166 3681 Ecclesiarum
3198 3617 3482 3694 metropoli

1896 3724 2056 3767 antea
2100 3715 2402 3768 ordinatus.
2449 3713 2576 3768 Mihi
2607 3731 2736 3768 vero
2768 3731 2989 3769 necesse
3015 3717 3137 3776 erit,
3186 3734 3272 3770 me
3303 3718 3483 3772 taliter

1897 3819 2104 3875 gerere,
2156 3821 2221 3858 ne
2271 3806 2430 3859 toties
2468 3807 2811 3860 auctoritatis
2853 3816 3043 3860 vestra:
3091 3807 3350 3876 epistolas
3381 3825 3478 3863 ex—

1900 3895 2416 3950 commnnicationcs
2447 3895 2776 3950 intentantes
2797 3908 2849 3949 et
2883 3897 3311 3969 objurgationcs,
3343 3915 3480 3968 quas

1903 4003 2025 4042 raro
2054 3995 2109 4040 et
2141 4002 2335 4054 magna
2360 3989 2700 4042 'iieeessitate
2747 3987 2950 4042 [lendas
2994 3989 3047 4042 in“
3101 3990 3473 4057 apostolorum

1902 4079 2143 4131 virorum
2193 4076 2390 4131 litteris
2436 4076 2696 4146 legimus,
2757 4077 2993 4134 ferentes
3042 4080 3108 4135 de
3150 4080 3355 4150 reliquo
3399 4099 3490 4136 ac-

1904 4172 2126 4242 cipiam,
2157 4172 2298 4225 sient
2336 4173 2454 4226 istis
2476 4175 2828 4242 temporibus,
2859 4177 3096 4244 peccatis
3117 4178 3252 4232 meis
3276 4195 3489 4234 meren-

1909 4265 2054 4320 tibus
2087 4265 2399 4334 l'rcquenter
2445 4267 2651 4336 accepi.
2690 4265 2842 4332 Quod
2894 4268 2937 4322 si
2988 4270 3265 4324 sanctitati
3296 4282 3494 4325 \estrai

1907 4357 2197 4428 placuerit,
2228 4373 2334 4411 non
2374 4358 2527 4412 vobis
2547 4374 2682 4428 opus
2707 4374 2868 4430 agere
2896 4360 2946 4413 in
2985 4362 3331 4429 postmodum
3363 4364 3488 4428 erit,

1907 4451 2080 4504 donec
2108 4451 2402 4515 apostolica
2435 4460 2614 4505 vestra
2655 4451 2828 4522 jussio
2873 4469 2958 4505 me
3007 4454 3406 4509 iaobeilicntcm
3437 4456 3491 4509 in

230 4526 410 4595 pientia
457 4528 589 4597 quid
639 4526 762 4582 inde
817 4527 1009 4581 melius
1046 4527 1270 4593 viderit,
1320 4528 1613 4584 decernere
1665 4545 1764 4599 pro

2655 4501 2822 4522 να---

1910 4539 2093 4609 aliquo
2124 4548 2317 4594 contra
2362 4539 2574 4608 regulas
2601 4555 2784 4594 sacras
2814 4555 2908 4610 per
2935 4551 3326 4612 contemptum.
3351 4545 3495 4614 quod

235 4621 440 4675 curam.
476 4621 533 4676 Si
575 4621 874 4686 autemire
911 4619 1214 4684 noluerint,
1263 4620 1461 4676 facient
1508 4625 1650 4691 quod
1701 4622 1802 4677 sibi

239 4711 350 4764 utile
378 4712 760 4780 iudicaverint.
803 4711 888 4766 Me
931 4714 1136 4766 utinam
1186 4714 1313 4768 nine
1358 4732 1386 4768 a
1429 4714 1611 4769 divina
1653 4715 1807 4769 dam-

240 4806 432 4860 natione
475 4808 739 4861 sententia
785 4808 960 4860 sancti
993 4808 1269 4886 Ambrosii
1316 4808 1530 4870 liberet,
1563 4825 1668 4878 qua
1722 4809 1804 4864 di-

243 4897 338 4949 cit:
366 4898 444 4961 Si,
471 4901 737 4970 inquiens,
768 4901 896 4969 quis
925 4910 1247 4969 potestatem
1280 4918 1383 4955 non
1419 4902 1601 4967 habet,
1642 4918 1805 4973 quam

245 4989 332 5041 scit
367 5006 507 5042 reum
546 4993 798 5060 abjicere,
833 5001 930 5044 aut
961 4992 1188 5061 probare
1219 5009 1324 5048 non
1358 4992 1521 5058 valet,
1553 4995 1811 5050 immunis

245 5089 332 5132 est.
362 5081 555 5152 Sicque
598 5097 653 5137 ut
706 5096 862 5154 puto,
889 5085 1017 5152 quia
1067 5087 1117 5138 in
1170 5087 1355 5140 multis
1401 5100 1718 5157 occupatus,
1758 5099 1813 5143 et

247 5169 436 5228 itineris
479 5174 804 5245 longitudine
855 5186 1022 5245 atque
1078 5177 1130 5230 in
1183 5178 1454 5233 soliditate
1511 5182 1814 5239 obstrictus

248 5261 306 5312 de
329 5263 581 5326 omnibus,
613 5277 906 5337 antequam
957 5266 1300 5324 insolentium
1344 5271 1565 5338 querela
1611 5276 1676 5328 ad
1718 5287 1815 5326 v03

249 5356 500 5392 Imrrmii-u
568 5359 626 5392 ml
670 5358 1026 5392 unnc'nlin'nn
1050 5360 1226 5392 ann-n
1256 5362 1460 5392 multum“
1492 5377 1594 5392 an...
1641 5375 1753 5392 ....l..

1911 4630 2073 4693 absit,
2108 4629 2396 4684 invenerit.
2431 4628 2531 4696 Qui
2559 4631 2702 4684 enim
2734 4645 2899 4699 quare
2929 4631 3187 4685 Dominus
3218 4632 3269 4685 in
3320 4631 3496 4690 Ενιιιιὸ

1913 4720 2052 4790 gelio
2089 4720 2424 4775 centurionis
2455 4719 2613 4773 tidem
2651 4721 2786 4790 (sub.
2818 4721 3137 4784 laudaverit,
3162 4723 3236 4776 rel
3271 4724 3398 4793 quid
3427 4725 3500 4778 si-

1914 4812 2090 4880 mile),
2124 4813 2357 4868 dicentis
2403 4831 2413 4864 :
2445 4812 2539 4866 Die
2565 4818 2728 4868 verbo
2751 4823 2802 4868 et
2824 4815 3110 4871 sanabitur
3160 4832 3292 4886 puer
3346 4835 3499 4874 incus

1917 4905 2130 4975 (Matth.
2153 4908 2294 4974 vni),
2321 4906 2571 4976 intelligit
2590 4926 2752 4978 quam
2779 4913 3511 4986 operatoriuiusitepiscopi.

1922 4999 2029 5050 imo
2100 4997 2241 5052 sicut
2303 5000 2354 5052 in
2403 4997 2572 5053 Paulo
2624 5003 2677 5058 in
2723 5017 2780 5055 se
2815 4995 3094 5069 loquentis
3145 5003 3347 5058 Christi
3399 5003 3510 5072 (ll

1922 5088 2046 5143 Cor.
2098 5090 2246 5162 ini),
2297 5096 2502 5161 quanto
2535 5095 2715 5165 magis
2737 5091 3011 5161 pontiﬁcis
3044 5093 3350 5166 apostolica:
3375 5093 3519 5148 sedis

1921 5181 2166 5246 verbum,
2217 5199 2274 5240 et
2317 5201 2478 5257 quam
2515 5187 2823 5246 obedieuda
2880 5185 2948 5238 sit
3005 5187 3172 5256 ipsius
3211 5186 3520 5253 pl‘xccpiit).

1922 5274 2086 5326 etiam
2125 5274 2245 5330 sine
2284 5277 2392 5330 tilla
2428 5276 2790 5344 adjnrationis
2839 5273 3162 5340 adjectione,
3221 5274 3518 5340 cognoscit.

1925 5364 2078 5392 Ιῖηη]
2127 5368 2177 5392 nd
2211 5366 2507 5392 ...;ξ.....21...ι.
2543 5369 2554 5390 2
2681 5371 2690 5388 I
2772 5381 2823 5386 -.α
2894 5373 2936 5384 -κι
3133 5366 3144 5377 ⁸
3226 5361 3279 5378 δ”
3399 5364 3411 5375 ⁸
3465 5363 3492 5373 ν’
