3904 5396
475 340 582 395 475

1551 324 1938 388 ινιιθυοΑῐιυι
1977 325 2297 384 CANONICI
2338 323 2682 384 llESll‘INSIS

3657 321 3751 378 l'Ili

468 458 522 512 iii
557 453 752 526 quibus
779 452 1040 506 hactenus
1069 445 1466 512 laboravimus,
1516 460 1843 516 magnopere
1899 444 2050 498 labo-
2097 452 2140 507 Λ
2171 442 2432 498 hactenus
2481 455 2728 498 servasse
2759 451 3032 512 putamus.
3069 436 3176 494 \'os
3209 435 3459 493 videbitis
3487 437 3621 508 quid
3651 437 3768 496 inde

467 560 596 601 rare
637 562 651 598 :
691 542 886 612 quippe
941 536 1198 609 quoniam
1251 535 1357 592 erit
1407 545 1462 591 et
1509 535 1595 591 lex
1650 546 1707 591 et
1777 550 1903 606 spes
1955 535 2057 590 sibi

467 637 717 708 quisque.
769 629 922 698 Quod
974 629 1196 700 quidem
1267 638 1449 684 vestra
1512 627 1803 684 humilitati
1863 638 2060 682 iiostr.e

467 724 1055 801 seripsitsuliliinitas,
1103 722 1279 792 primo
1333 737 1429 778 vos
1472 733 1774 778 commotos
1824 734 1942 776 esse
1993 720 2057 772 ad

468 818 702 875 Rothadi
738 829 960 873 causam
1017 810 1414 882 inquirendam,
1466 825 1618 872 cura,
1663 825 1766 880 qua
1812 825 1908 880 pro
1943 810 2059 863 nui-

465 915 640 969 versis
688 911 946 966 fratribus
987 911 1183 966 vestris
1237 908 1694 980 consuingiiuini,
1739 922 1860 961 cum
1911 906 2062 960 delii-

475 1016 528 1059 ta
580 1004 886 1060 reverentia
945 1014 1224 1072 gratanter
1287 1003 1468 1070 accepi
1517 1017 1531 1054 :
1582 1000 1886 1070 intelligens
1931 997 2056 1067 quia

470 1097 526 1151 in
576 1110 803 1150 iiuuiero
857 1094 1086 1150 fratrum
1139 1107 1238 1149 uos
1291 1095 1694 1162 qualescunque
1748 1087 2053 1158 metropoli-

471 1189 581 1242 taiii
625 1187 925 1258 computari
965 1187 1246 1241 debemus.
1300 1184 1374 1239 lia
1419 1195 1638 1254 propter
1681 1181 1825 1237 sicut
1869 1191 2062 1235 vestra-

471 1279 787 1335 discretioni
840 1277 1229 1347 providendum
1257 1285 1361 1338 est,
1390 1288 1455 1328 ue
1485 1272 1715 1342 subjecti
1745 1271 1984 1341 episcopi
2029 1289 2059 1323 a

477 1368 912 1438 iiietropolitauis
951 1366 1323 1435 irregulariter
1349 1363 1781 1420 comlemueutur
1829 1379 1842 1415 :
1874 1360 1948 1415 ita
1981 1359 2062 1414 iii-

472 1459 764 1516 hilominus
786 1459 1172 1529 providendum
1197 1469 1281 1514 est
1319 1467 1376 1510 ut
1411 1455 1806 1525 metropolitani
1830 1472 1856 1506 ιι
1881 1450 2062 1522 subje-

472 1553 576 1608 ctis
600 1553 868 1623 episcopis
898 1567 1002 1606 non
1030 1550 1403 1620 irregiilai'itet‘
1431 1558 1871 1604 contemnantur.
1905 1546 2064 1600 Dein-

473 1644 539 1698 de
568 1641 711 1712 qiiod
737 1641 1174 1712 perspectissime
1207 1639 1508 1710 scripsistis
1532 1637 2064 1705 secimdo.quoiiiaiii

473 1736 657 1790 sedem
691 1734 1044 1804 apostolicam
1117 1733 1398 1788 llothadus
1442 1731 1687 1787 noscitur
1739 1730 2060 1799 appellasse,

470 1835 529 1880 et
591 1840 658 1881 ne
721 1825 1010 1880 videamini
1079 1824 1332 1880 Eeelcsim
1395 1834 1588 1877 vestra:
1645 1822 2056 1892 privilegiorutn

469 1921 794 1976 detrimenta
859 1919 1050 1976 diebus
1107 1920 1302 1974 vestris
1349 1917 1728 1988 :equaniuiiter
1787 1915 2062 1971 tolerare:

469 2021 525 2064 et
566 2010 669 2065 lioc
741 2009 1089 2064 nihilominus
1139 2023 1169 2061 a
1223 2007 1408 2071 nobis,
1455 2017 1510 2061 ct
1569 2007 1638 2060 ab
1691 2006 1942 2059 omnibus
1986 2017 2068 2062 est

477 2099 782 2154 rectissime
815 2099 1237 2167 suscipiendum,
1269 2107 1322 2152 et
1353 2095 1708 2151 solertissime
1734 2109 2066 2148 conservau-

477 2192 630 2245 dtiiii.
660 2190 812 2258 Quod
837 2199 892 2244 et
924 2205 1026 2261 ego
1067 2203 1164 2258 pro
1199 2187 1415 2242 modulo
1455 2202 1575 2241 :iieo
1599 2185 1922 2240 servandum
1949 2198 2069 2239 esse

469 2282 639 2346 volui,
686 2292 740 2336 et
791 2281 934 2346 volo,
977 2289 1032 2335 et
1073 2280 1285 2334 favente
1321 2277 1624 2333 Dominoin
1654 2276 1757 2331 hac
1786 2275 2067 2330 devotione

470 2373 741 2436 manebo,
797 2373 975 2426 sciens
1026 2370 1365 2442 privilegium
1441 2367 1868 2436 nietropolitaiim
1923 2366 2068 2421 sedis

473 2467 790 2529 Remorum,
825 2465 933 2535 (cui
960 2480 1044 2519 uie
1076 2465 1259 2518 divitia
1282 2462 1518 2534 dignatio
1541 2462 1746 2516 servire
1781 2456 2066 2529 disposuit)

470 2558 761 2614 insomnio
799 2555 1080 2626 privilegio
1117 2565 1326 2610 sancite
1371 2553 1514 2608 sedis
1539 2551 1797 2607 ltomauai
1824 2565 2066 2615 manere,

470 2658 526 2704 et
577 2647 918 2718 privilegium
974 2659 1094 2700 esse
1149 2644 1294 2699 sedis
1343 2643 1623 2708 Romanae,
1675 2642 1720 2695 si
1762 2656 1858 2696 sua
1889 2649 2069 2693 aucto-

470 2741 630 2794 ritate
659 2737 997 2808 privilegium
1029 2735 1130 2790 sibi
1161 2736 1418 2804 subjectae
1463 2735 1607 2788 sedis
1637 2732 1823 2787 fecerit
1867 2732 2066 2802 vigere,

473 2840 528 2885 et
557 2829 824 2884 studuerit
859 2827 1204 2882 confirmare.
1238 2824 1314 2880 De
1340 2840 1404 2879 eo
1431 2840 1559 2879 vero
1587 2824 1728 2892 quod
1761 2823 1924 2877 tertio
1953 2823 2071 2877 loco

473 2921 540 2976 ad
575 2921 806 2975 medium
839 2915 1163 2978 devocastis,
1192 2915 1431 2970 scribere
1457 2913 1604 2967 aliud
1635 2912 1766 2966 nihil
1807 2928 2070 2982 priesuia-

473 3011 580 3080 psi,
628 3009 733 3064 nisi
765 3007 890 3077 quia
927 3021 1091 3061 causa
1137 3003 1371 3060 Itotliadi
1427 3020 1457 3058 a
1501 3003 1681 3057 causis
1727 3002 1963 3066 illorum,
2003 3001 2070 3056 de

471 3101 670 3170 quibus
698 3097 1016 3168 scripsistis,
1057 3107 1140 3151 est
1164 3110 1302 3166 pene
1334 3097 1388 3150 iu
1413 3095 1626 3150 eunetis
1650 3093 1946 3148 dissimilis.
1992 3092 2068 3148 De

471 3206 536 3245 eo
570 3189 714 3260 quod
757 3189 972 3242 tandem
1019 3187 1312 3257 apostolica
1360 3196 1541 3242 vestra
1581 3185 1886 3255 benignitas
1931 3183 2068 3238 iudi-

473 3277 666 3349 gnitati
713 3292 846 3332 meae
877 3276 1114 3330 scribere
1145 3285 1226 3330 est
1264 3275 1507 3345 dignata,
1543 3285 1602 3328 ut
1645 3275 1758 3328 liiee
1791 3273 2067 3328 vobiscom

473 3367 729 3438 cogitem,
780 3374 834 3420 et
864 3365 1006 3435 quod
1034 3365 1099 3420 de
1141 3365 1386 3419 ilotliado
1432 3365 1724 3419 decernitis
1755 3365 2066 3434 approlicni,

476 3470 529 3512 et
565 3473 670 3511 nou
714 3457 781 3511 ad
831 3455 934 3510 mei
977 3452 1230 3522 iniuriam
1261 3456 1312 3508 id
1341 3471 1437 3510 vos
1465 3455 1640 3526 egisse
1674 3455 2067 3524 aliquantulum

473 3558 769 3613 autumeni,
801 3555 1060 3617 quantum
1093 3544 1247 3599 valeo
1274 3545 1403 3600 totis
1442 3545 1693 3599 medullis
1719 3545 1919 3607 cordis,
1946 3559 2066 3597 cum

473 3641 621 3697 omni
651 3639 1048 3711 supplicatione
1078 3648 1132 3691 ct
1157 3637 1337 3693 debita
1367 3653 1429 3691 ac
1461 3637 1728 3692 submissa
1767 3637 2070 3691 humilitate

475 3739 776 3793 immensas
835 3734 1134 3804 gratiarum
1191 3732 1434 3786 actiones
1482 3739 1670 3785 sancto
1746 3729 2068 3800 apostolatui

472 3837 660 3884 vestro
693 3826 961 3896 rependo,
993 3841 1114 3879 cum
1155 3823 1304 3877 onmi
1334 3823 1647 3877 s'uceritate
1676 3822 1840 3876 animi
1877 3823 2070 3876 rescri—

475 3919 630 3982 beus,
673 3920 798 3989 quia
830 3918 971 3973 sicut
1012 3917 1141 3971 mihi
1188 3916 1426 3972 scribere
1458 3916 1658 3985 dignati
1683 3916 1838 3980 estis,
1862 3915 1933 3968 ita
1961 3931 2057 3983 per

473 4013 655 4069 omnia
682 4013 866 4067 credo.
891 4011 957 4064 Et.
985 4012 1108 4080 quia
1136 4010 1476 4079 privilegium
1513 4011 1675 4064 vestri
1714 4010 1908 4064 summi
1938 4022 2070 4076 pon-

476 4106 735 4168 titicatus,
767 4112 826 4157 ιιι
867 4102 1150 4165 condecet,
1184 4110 1236 4154 et
1265 4115 1454 4154 omnes
1497 4101 1885 4165 desideramus,
1920 4103 2070 4156 evin-

476 4194 710 4247 dicatum
743 4191 990 4252 habetis,
1023 4189 1163 4257 quod
1193 4204 1349 4242 nemo
1385 4198 1627 4242 nostrum
1670 4191 2069 4244 contradixerat

483 4284 539 4338 in
563 4281 884 4338 deductione
908 4279 1140 4333 Rothadi
1159 4319 1173 4342 ,
1202 4278 1362 4332 sicuti
1388 4279 1718 4347 pra'cepisiis
1742 4279 1806 4332 ad
1835 4290 2065 4334 vestram

482 4372 828 4444 praisentiaiu
855 4385 870 4424 :
895 4379 953 4424 ut
987 4371 1286 4440 perdonare
1308 4367 1510 4438 dignati
1535 4370 1684 4435 estis,
1719 4371 1901 4424 videre
1930 4372 2073 4427 desi-

2177 536 2321 591 facto
2351 537 2544 591 melius
2568 536 2692 597 erit,
2725 547 2776 591 et
2804 532 3444 604 nobisinjinlieiovesiro
3480 535 3763 589 videndum

2173 640 2277 689 est,
2299 630 2427 698 quid
2455 629 2592 683 I'teus
2621 628 2778 691 velit;
2805 627 3062 698 quoniam
3098 627 3292 694 iiijiista
3321 644 3441 681 esse
3481 643 3590 680 iam
3626 640 3768 695 pote-

2174 728 2299 772 runt
2340 718 2516 772 divina
2566 717 2788 788 judicia,
2837 717 2960 786 quia
3010 732 3038 770 τι
3097 717 3368 770 Soliilitate
3409 717 3767 770 confessionis

2173 809 2482 876 apostolica:
2537 819 2740 876 petrae,
2789 806 3050 861 adversus
3089 823 3250 875 quam
3301 805 3455 858 ini'eri
3497 817 3693 875 porta‘,
3722 807 3765 859 id

2173 913 2280 964 est,
2323 913 2696 972 siiggestioiies
2723 901 2805 956 vel
2843 900 3185 969 Operationes
3219 914 3395 966 pravze
3425 915 3530 952 uni.
3567 915 3768 968 pra-va-

2177 991 2363 1046 leliunt
2414 990 2632 1060 (Matth.
2685 991 2820 1057 .vvi),
2871 989 3106 1043 dictante
3143 987 3350 1057 justitia
3403 987 3764 1056 proferentur.

2175 1079 2466 1150 Epistolam
2489 1096 2650 1149 quam
2671 1079 2800 1134 milii
2825 1079 3120 1134 auctoritas
3153 1089 3348 1140 vestra,
3368 1095 3493 1132 cuii:
3525 1083 3767 1133 obtesta-

2175 1173 2320 1227 tione
2351 1172 2607 1243 pra-cepit
2633 1171 2879 1225 ltotliado
2901 1170 3154 1240 dirigere,
3188 1171 3417 1224 domnus
3446 1179 3638 1224 uoster
3661 1185 3768 1232 rex,

2177 1264 2316 1317 tilius
2363 1274 2559 1324 tester,
2614 1279 2736 1316 mox
2785 1273 2842 1316 ut
2875 1264 2938 1316 ad
2987 1276 3109 1314 eum
3167 1261 3331 1323 venit,
3385 1276 3482 1331 per
3512 1259 3766 1320 abbatem

2175 1373 2330 1412 suum
2365 1355 2617 1408 liotliado
2639 1355 2851 1408 direxit.

2247 1465 2265 1497 ι
2293 1445 2553 1500 ltodulfns
2570 1460 2804 1516 queque,
2824 1443 3062 1513 ejusdem
3089 1443 3181 1496 filii
3209 1443 3370 1497 vestri
3392 1442 3581 1498 domui
3603 1446 3768 1500 nostri

2177 1539 2318 1610 regis
2347 1539 2664 1603 avunculus,
2698 1554 2754 1592 ιιι
2791 1538 2912 1592 ldus
2941 1553 3080 1591 mine
3105 1537 3271 1605 elapsi
3307 1537 3507 1591 mensis
3543 1539 3768 1592 lteeem-

2176 1621 2286 1684 bris
2341 1629 2408 1684 ab
2459 1629 2732 1684 Ludovico
2785 1628 3091 1683 Germaniae
3141 1645 3264 1700 rege
3309 1639 3612 1695 revertens,
3649 1644 3769 1685 cuin

2178 1721 2330 1776 valde
2354 1722 2560 1791 vesperi
2589 1738 2617 1774 a
2649 1733 2798 1776 coite
2826 1721 2966 1790 regis
3006 1722 3176 1775 nostri
3220 1722 3284 1774 ad
3331 1722 3649 1776 mansiones
3682 1739 3776 1776 uo-

2173 1823 2315 1867 stras
2347 1829 2508 1882 super
2535 1813 2753 1866 fluvium
2810 1812 3065 1882 Ligerim,
3101 1829 3257 1867 secus
3288 1813 3586 1867 confinium
3626 1814 3774 1884 regni

2172 1904 2478 1974 Aquitanize
2497 1904 2895 1967 festiiiareiniis,
2917 1903 3062 1958 misit
3089 1905 3153 1957 ad
3173 1919 3256 1958 me
3287 1905 3561 1959 hominem
3591 1921 3769 1971 suum,

2175 1995 2392 2050 nomine
2434 1995 2756 2058 ltodulfnm,
2791 1995 3054 2048 mandans
3083 1995 3208 2064 quia
3242 1994 3502 2064 pra-fatus
3545 2012 3638 2049 rex
3673 1995 3771 2048 Lu-

2173 2088 2395 2143 dovicus
2439 2087 2728 2157 quemdam
2772 2087 3045 2142 hominem
3093 2087 3348 2149 ltotliadi,
3374 2103 3500 2141 enin
3529 2088 3774 2157 epistolis

2173 2191 2369 2236 vestra:
2414 2180 2739 2245 sanctitatis,
2793 2180 2998 2244 manui,
3045 2189 3099 2234 et
3149 2179 3406 2234 tiileisme
3445 2179 3768 2234 commisit:

2174 2281 2442 2342 quatenus
2471 2272 2542 2325 ita
2575 2272 2640 2324 ad
2672 2273 3014 2341 pra'seiitiaiii
3048 2271 3230 2325 domui
3273 2272 3447 2325 nostri
3483 2273 3629 2338 regis
3663 2271 3770 2325 Ka-

2180 2363 2278 2418 roli
2321 2378 2444 2417 cum
2495 2362 2698 2416 eisdem
2728 2361 2995 2431 episcopis
3023 2375 3147 2415 eum
3191 2364 3534 2430 perduceret,
3572 2373 3630 2415 ut
3661 2361 3776 2416 uui-

2175 2457 2288 2512 lum
2323 2457 2521 2512 malum
2562 2458 2608 2512 ei
2653 2455 2896 2512 inferret.
2935 2457 3029 2512 Est
3056 2457 3200 2512 enim
3229 2457 3368 2526 apud
3396 2459 3658 2511 domuum
3686 2473 3778 2512 no-

2175 2558 2346 2602 strum
2374 2563 2555 2617 regem
2587 2547 2728 2602 idem
2773 2548 2933 2601 homo
2964 2557 3266 2606 accusatus.
3291 2549 3434 2616 quod
3466 2546 3686 2601 furatus
3711 2548 3777 2602 sit

2174 2656 2262 2696 res
2302 2650 2357 2695 et
2393 2642 2706 2697 thesaurum
2755 2641 3034 2706 Ecclesiae,
3074 2650 3128 2695 et
3177 2650 3297 2710 post
3324 2641 3630 2712 perjurinm
3658 2642 3777 2695 inde

2175 2732 2558 2798 commissum,
2591 2732 2713 2804 fuga
2761 2731 2962 2802 lapsus,
2991 2733 3056 2785 ad
3086 2732 3416 2787 Ludovicuin
3449 2747 3633 2801 regem
3659 2747 3777 2801 per-

2178 2827 2398 2882 rexerit.
2454 2825 2608 2881 Unde
2655 2826 2795 2880 idem
2849 2823 3112 2878 ltodulfus
3156 2824 3330 2892 petiit,
3383 2831 3442 2876 ut
3484 2837 3586 2892 ego
3627 2823 3773 2876 illuni

2177 2919 2300 2974 inde
2343 2919 2482 2988 apud
2525 2918 2780 2971 domuum
2819 2927 3062 2971 nostrum
3123 2932 3300 2986 regem
3325 2913 3642 2982 adjuvareiii
3677 2930 3691 2966 :
3722 2923 3776 2968 ut

2178 3008 2433 3079 quoniam
2462 3009 2778 3078 praedictum
2809 3007 3084 3061 hominem
3116 3007 3166 3058 iii
3202 3022 3296 3059 sua
3333 3005 3437 3058 fide
3463 3014 3773 3074 acceperat,

2177 3100 2382 3154 nullum
2438 3099 2638 3153 malum
2692 3099 2934 3152 haberet.
2987 3097 3081 3150 Cui
3133 3095 3405 3164 respondi,
3452 3104 3511 3147 ut
3567 3103 3776 3148 teneret

2176 3186 2348 3256 ipsum
2391 3187 2661 3241 hominem
2712 3202 2916 3250 secum,
2963 3199 3031 3238 ue
3088 3185 3303 3238 interim
3350 3183 3524 3236 ulliiiii
3569 3183 3772 3237 llluilllll

2171 3285 2488 3346 pateretur,
2533 3277 2704 3331 donec
2748 3277 2814 3331 ad
2861 3285 3065 3330 cortem
3121 3277 3376 3338 redirem,
3415 3285 3471 3330 et
3506 3287 3774 3344 quantum

2172 3384 2384 3439 possem
2421 3369 2542 3424 inde
2574 3368 2720 3423 illum
2763 3369 3022 3438 adjuvare
3063 3382 3336 3422 curarem.
3371 3367 3549 3436 Ipsum
3583 3378 3768 3422 autem

2173 3461 2447 3516 hominem
2479 3477 2578 3516 nec
2611 3470 2758 3526 tunc,
2794 3478 2892 3516 nec
2920 3470 3104 3531 postea
3132 3461 3260 3524 vidi,
3288 3476 3387 3514 nec
3409 3475 3519 3528 quo
3551 3462 3775 3515 absces-

2171 3554 2303 3608 serit
2333 3569 2456 3608 cum
2501 3553 2764 3622 epistolis,
2820 3553 3022 3607 audivi.
3075 3551 3462 3618 ριιςυ,ἱιιεὲι·ςυ
3493 3553 3773 3606 sanctitati

2172 3657 2365 3700 vestra:
2401 3647 2643 3700 scribere
2683 3646 2897 3708 studui,
2927 3647 3055 3699 utsi
3095 3645 3289 3713 aliquis
3325 3645 3651 3698 iiialivoinm
3681 3661 3777 3699 no-

2178 3744 2415 3790 strorum
2459 3737 2643 3806 (more
2665 3737 2794 3805 suo)
2820 3736 2970 3790 vobis
3009 3735 3299 3804 quidquam
3339 3736 3549 3790 sinistri
3572 3752 3640 3790 ex
3674 3737 3773 3791 hoc

2171 3844 2463 3899 suggerere
2493 3829 2742 3892 voluerit,
2773 3828 2900 3898 quid
2942 3828 3063 3882 inde
3100 3843 3283 3881 verum
3314 3828 3383 3881 sit
3404 3829 3774 3898 cognoscatis,

2168 3927 2222 3972 et
2248 3935 2373 3988 erga
2402 3936 2488 3974 nie
2512 3929 2753 3974 vestrum
2783 3918 3022 3971 animum
3057 3933 3162 3971 non
3192 3917 3482 3976 moveatis.

2246 4029 2264 4063 ι
2305 4011 2590 4065 Rationem
2619 4009 2852 4078 denique
2873 4025 3033 4077 quam
3095 4007 3299 4062 reddidi
3347 4022 3534 4061 coram
3579 4007 3772 4062 eiectis

2165 4102 2468 4171 jndieibus,
2506 4101 2571 4154 de
2600 4100 2797 4168 quibus
2841 4114 2938 4169 per
2986 4097 3223 4153 libellum
3267 4096 3681 4166 provocationis
3703 4097 3770 4150 ad

2170 4190 2464 4244 electorum
2513 4187 2782 4257 judicium
2833 4188 3040 4240 fueram
3099 4202 3128 4240 a
3168 4186 3416 4240 ltotliado
3464 4187 3771 4254 iinpetitus,

2166 4281 2271 4350 ipsi
2298 4279 2634 4334 venerabiles
2657 4279 2894 4348 episcopi
2930 4288 3122 4333 vestra-
3145 4277 3457 4332 auelmitati
3489 4278 3772 4332 transmit-

2174 4381 2311 4426 tunt.
2340 4373 2414 4426 De
2463 4372 2631 4442 gestis
2659 4387 2788 4425 vero
2820 4389 2848 4424 a
2884 4370 3131 4424 Rolliado
3162 4379 3282 4439 post
3319 4371 3772 4425 excommunica-

483 4469 636 4530 dero,
677 4472 728 4518 et
762 4463 1001 4518 visurum
1035 4475 1120 4514 me
1161 4475 1279 4514 esse
1314 4460 1560 4524 confido;
1589 4460 1714 4530 quia
1751 4477 1855 4517 non
1887 4462 2063 4524 aliud,
2100 4489 2145 4546 ο
2176 4464 2371 4517 tionem
2414 4477 2565 4515 suam
2607 4461 2660 4515 in
2713 4461 3028 4530 provinciali
3061 4459 3268 4531 synodo
3291 4459 3628 4528 couipilatis,
3656 4472 3774 4529 quae

479 4559 583 4614 nisi
633 4566 690 4611 ut
729 4570 891 4626 supra
929 4552 1257 4616 monstravi,
1295 4550 1438 4621 quod
1462 4553 1655 4622 regulae
1681 4569 1849 4610 sacrie
1878 4559 2068 4626 praeci-

478 4651 653 4720 piunt,
678 4657 731 4703 et
763 4646 892 4700 iiiilti
929 4643 1214 4714 petendum
1265 4652 1318 4697 et
1356 4643 1507 4698 vobis
1527 4645 1928 4700 concedendum
1961 4656 2064 4710 est,

478 4737 730 4811 postulo:
770 4737 1033 4798 videlicet,
1089 4744 1146 4788 ut
1193 4734 1271 4788 sic
1323 4733 1572 4790 Rothado
1626 4736 1694 4790 ab
1745 4738 2066 4794 auctoritate

481 4841 661 4886 vestra
695 4828 999 4899 eompassio
1025 4826 1368 4893 exhibentur,
1399 4837 1458 4881 ut
1487 4828 1638 4897 vigor
1667 4828 2066 4884 ecclesiasticus

479 4937 586 4975 non
633 4917 959 4972 dissolvatur
998 4933 1012 4968 :
1049 4926 1103 4968 et
1132 4916 1210 4969 sic
1242 4915 1392 4984 vigor
1421 4916 1818 4972 ecclesiasticus
1847 4933 2067 4972 conser-

478 5023 653 5075 vetur,
689 5019 748 5064 ut
774 5008 952 5063 debita
985 5005 1357 5062 misericordia
1383 5016 1436 5061 et
1473 5008 1773 5062 necessaria
1804 5008 2063 5063 sumeieuo

2175 4568 2267 4621 per
2298 4551 2503 4606 vicinos
2535 4559 2750 4605 uestros
2790 4550 2855 4604 ad
2880 4566 2974 4605 vos
2998 4551 3050 4604 in
3087 4550 3495 4618 derogatiouem
3522 4562 3771 4605 nostram

2173 4643 2484 4713 pervenisse
2509 4643 2834 4705 audivimus,
2876 4641 3114 4711 episcopi
3145 4639 3438 4694 Remorum
3472 4641 3772 4710 provincia:

2173 4749 2268 4803 per
2308 4750 2622 4789 communes
2683 4733 2886 4804 legatos
2948 4743 3161 4788 nostros
3211 4742 3405 4786 vestra:
3463 4733 3770 4794 sanctitati,

2173 4842 2292 4894 quae
2321 4826 2516 4889 sciunt,
2551 4825 2801 4879 intimare
2827 4832 3108 4877 curarunt.
3131 4843 3148 4873 ι
3171 4823 3299 4877 item
3334 4833 3458 4891 post
3487 4825 3770 4894 aliquanta

2173 4916 2239 4970 de
2271 4917 2608 4985 promotione
2648 4915 2816 4984 ipsius
2867 4914 3049 4968 domui
3078 4913 3351 4968 lliiicmari
3378 4914 3444 4968 ad
3479 4916 3769 4985 episcopa-

2174 5019 2306 5073 tum,
2339 5026 2457 5079 qum
2479 5009 2590 5078 jam
2625 5010 2872 5079 superius
2899 5009 3098 5077 partim
3131 5017 3435 5079 przeiiotata
3475 5026 3589 5066 non
3615 5027 3770 5066 cura-
