3904 5396
144 237 259 298 ΓΠ

715 236 1062 296 HISTORIAS
1106 236 1457 297 ECCLESH‘S
1500 234 1736 294 REMEN

1885 237 2064 297 LIBRI
2105 238 2458 309 QUATUOR.
2501 272 2572 283 —
2610 241 2737 298 LIB.
2781 241 2867 298 Ill.

3321 232 3427 298 {78'

134 365 238 417 nte,
276 348 520 406 maxime
542 359 721 407 autem
762 352 1093 422 quiescentis
1138 352 1193 407 in
1230 352 1457 407 Domino
1504 351 1718 416 animae,
1751 354 1799 414 Α
1827 353 1916 422 qui
1944 354 2012 409 ad
2039 369 2135 410 sua
2178 364 2324 420 vota,
2369 356 2592 412 auribus
2614 358 2920 427 prurientes
2936 355 2983 428 (Ι
3012 354 3272 422 Tim.tv),
3303 372 3422 413 ma-

136 443 227 513 qui
274 456 387 496 non
424 458 526 513 pro
564 444 963 499 exorbitatione
989 459 1018 497 a
1049 444 1330 499 catholicte
1359 443 1481 498 ﬁdei
1506 444 1738 500 sanitate

139 534 665 599 auathematizatus,
715 533 811 589 sed
865 550 961 588 sua
1015 535 1346 590 conscientia
1395 533 1737 606 stimulante,

137 627 378 695 primum
411 639 444 680 a
471 626 673 696 seipso,
702 635 756 680 et
781 636 966 695 postea
995 642 1024 678 a
1057 628 1287 698 synodo,
1319 625 1414 680 sed
1444 634 1499 680 et
1526 634 1741 694 aposto-

138 719 238 774 lica
269 720 407 774 sele
437 721 730 774 dautnatus
751 719 982 783 exstitit,
1010 722 1112 774 hoc
1134 720 1428 788 prohibere
1462 718 1578 774 sine
1607 732 1740 788 apo-

137 810 348 866 stolicte
392 810 543 865 sedis
567 810 887 865 auctoritate
917 825 1260 880 nequaquam
1291 809 1630 880 prmsumpsi,
1653 809 1740 863 di-

137 911 299 958 cente
350 902 521 957 beato
547 902 838 957 Caelestino
866 916 1000 972 papa
1026 901 1197 971 (epist.
1234 902 1286 964 t,
1315 917 1434 971 cap.
1467 901 1577 971 ii).
1604 900 1741 967 Quia

137 992 292 1049 nefas
315 1003 406 1049 est
437 995 551 1049 bzec
576 994 687 1065 pati
744 992 1026 1064 religiosas
1063 994 1308 1058 animas,
1337 1007 1566 1062 quarum
1609 988 1744 1046 allii-

134 1087 318 1142 ctione
347 1088 513 1158 (quia
547 1087 789 1143 membra
821 1097 1010 1142 nostra
1061 1085 1221 1153 sunt)
1252 1101 1349 1141 nos
1371 1101 1587 1157 quoque
1615 1100 1743 1140 con-

133 1179 283 1233 venit
320 1179 613 1234 macerari.
657 1177 812 1233 Nunc
838 1187 1019 1233 autem
1072 1179 1125 1232 in
1168 1178 1411 1248 epistolis
1440 1178 1744 1233 sanctitatis

134 1278 360 1334 vestrm,
385 1284 529 1339 quas
576 1268 922 1341 Engelwiuus
949 1270 1210 1325 diaconus
1248 1268 1401 1324 nobis
1432 1269 1630 1333 attulit,
1655 1269 1741 1323 in-

136 1362 414 1427 venimus,
465 1372 524 1416 ut
549 1360 940 1431 Teotgaudium
984 1370 1042 1417 et
1068 1360 1391 1416 Guntarium
1419 1361 1473 1415 in
1499 1360 1743 1430 catalogo

139 1455 527 1525 episcoporum
560 1469 665 1508 non
701 1453 1047 1524 recipiamus.
1089 1453 1156 1507 Et
1184 1453 1581 1508 Antiochenam
1607 1467 1740 1507 con-

142 1547 326 1603 cilium
384 1545 640 1618 [subaudi
681 1546 895 1609 statuit,
926 1555 1019 1600 aut
1044 1544 1322 1618 praecepit]
1348 1563 1361 1599 :
1393 1553 1451 1599 ttt
1485 1545 1744 1615 prtetttisi-

105 1709 119 1727 ⁸
145 1653 288 1701 mus,
319 1645 377 1692 et
411 1638 605 1693 melius
652 1638 750 1707 ipsi
783 1639 956 1703 scitis,
984 1639 1051 1693 de
1079 1653 1146 1692 eo
1170 1638 1260 1708 qui
1290 1646 1412 1709 post
1439 1637 1741 1691 damnatio-

1839 446 2040 518 gistros
2086 448 2186 503 sibi
2229 463 2555 504 coacervare
2579 447 2887 515 decer'ant,
2913 465 3157 520 quturere
3190 448 3439 505 indebite‘

1841 538 2118 607 (quoniam
2175 538 2415 609 legitime
2477 554 2583 593 non
2632 539 2867 610 poterat)
2914 539 3260 596 simulatione
3299 538 3425 593 vitm

1841 629 2105 699 religiosae
2141 638 2197 685 et
2245 629 2492 686 doctrina
2541 645 2794 700 praeesse.
2844 630 3086 701 Quisque
3134 645 3164 685 a
3227 629 3426 685 Remo—

1842 736 1961 776 rum
2008 721 2415 794 chorepiscopu,
2450 723 2542 793 qui
2593 730 2725 777 tunc
2762 732 2910 787 erat,
2961 730 3153 777 contra
3203 721 3416 793 regulas

1843 814 2124 885 presbyter
2180 814 2495 877 ordinatus,
2560 829 2591 868 a
2640 813 2973 868 monasterio
3051 810 3426 884 irregulariter

1841 907 2099 971 existens,
2159 908 2462 976 peragratis
2501 906 2812 976 regionibus
2854 908 3124 978 plurimis,
3153 918 3210 964 et
3234 908 3426 963 exitio-

1843 1011 1902 1051 sa
1940 997 2146 1051 semina
2202 1005 2351 1051 sator
2389 997 2656 1067 pessimus
2715 998 3030 1064 seminans,
3100 999 3318 1053 tandem
3368 1000 3422 1052 in

1844 1084 2150 1157 Moguntina
2189 1088 2407 1143 civitate
2436 1087 2617 1141 habita
2665 1090 2870 1159 synodo
2901 1088 3012 1161 (an.
3046 1088 3208 1160 8&8)"
3248 1086 3428 1142 Raba-

1846 1192 1915 1232 no
1963 1178 2372 1248 archiepiscopo
2429 1178 2672 1234 libellum
2728 1179 2812 1234 sui
2855 1181 3062 1235 erroris
3102 1179 3425 1249 porrigens,

1844 1270 2130 1325 damnatus
2188 1271 2256 1324 ab
2290 1269 2542 1326 omnibus
2596 1270 2902 1326 Germaniae
2950 1271 3239 1343 episcopis,
3301 1285 3425 1327 cum

1843 1358 2039 1416 litteris
2071 1360 2417 1431 synodalibus
2463 1361 2531 1416 ad
2582 1363 2924 1433 metropolim
2972 1362 3264 1417 Remorum
3317 1362 3425 1432 (cui

1838 1448 1950 1519 jam
1980 1460 2202 1506 auctore
2228 1451 2457 1506 Domino
2491 1455 2782 1523 praeeram)
2814 1462 2897 1508 est
2927 1453 3204 1508 remissus.
3235 1450 3427 1507 Postea

1844 1552 2024 1599 autem
2075 1559 2103 1599 τι
2154 1543 2383 1613 Belgica:
2431 1543 2747 1609 Remorum,
2781 1560 2846 1600 ac
2874 1545 3167 1601 Galliarum
3217 1544 3431 1615 provin-

1843 1636 2051 1692 ciarum
2091 1636 2359 1705 episcopis
2404 1636 2660 1702 auditus,
2720 1646 2777 1692 et
2821 1638 3070 1692 inventus
3116 1636 3427 1700 hmreticus,

146 1740 265 1784 nem
299 1727 465 1796 juxta
506 1730 903 1798 prtecedentem
943 1729 1409 1795 consuetudinem,
1443 1726 1745 1799 episcopale
1775 1716 1822 1778 Β
1849 1727 1977 1798 quia
2031 1727 2353 1797 resipiscere
2402 1741 2433 1781 a
2476 1743 2575 1783 sua
2621 1729 2890 1798 pravitate
2939 1742 3044 1783 non
3095 1728 3305 1792 voluit,
3360 1743 3431 1782 ne

144 1824 429 1894 praesumit
479 1823 841 1879 ministerium
896 1824 1072 1897 (quod
1121 1824 1360 1879 Ebonem
1405 1822 1599 1878 fecisse
1635 1837 1742 1877 non

148 1915 370 1969 dubium
405 1915 548 1983 est),
602 1915 910 1970 rescribere
960 1916 1089 1970 tuihi
1146 1915 1395 1985 dignetur
1443 1914 1740 1984 apostolica

145 2015 323 2061 vestra
344 2007 667 2072 auctoritas,
694 2018 877 2061 utrum
907 2007 1157 2061 eumdem
1191 2005 1425 2060 Ebonem
1456 2003 1598 2059 inter
1634 2003 1744 2074 epi-

145 2112 336 2169 scopos
386 2100 441 2153 in
492 2100 665 2154 sacris
685 2100 1031 2170 diptychisin
1067 2098 1295 2154 ecclesia
1325 2105 1508 2152 nostra
1562 2096 1741 2151 nomi-

146 2205 275 2246 nare
308 2192 662 2259 permittam,
703 2206 794 2259 an,
832 2207 902 2248 ne
936 2192 1003 2247 de
1032 2201 1230 2247 czetero
1275 2190 1330 2247 in
1365 2191 1741 2262 episcoporum

145 2284 395 2352 eatalogo
442 2284 757 2338 nominetur
800 2284 1089 2355 prohibere
1152 2284 1420 2349 debeam;
1474 2290 1743 2354 quatenus

145 2384 326 2432 vestra
351 2379 681 2433 auctoritate
707 2377 896 2443 fultus,
915 2379 1044 2449 quid
1064 2379 1116 2432 in
1141 2386 1327 2433 nostra
1354 2376 1593 2432 Ecclesia
1617 2376 1744 2433 inde

144 2465 214 2520 sit
253 2468 695 2534 observandum,
743 2468 862 2523 sine
896 2468 1283 2540 ambiguitate,
1325 2465 1743 2523 decernentibus

145 2560 294 2617 vobis
322 2559 702 2617 demonstrem
732 2560 916 2627 (Cone.
946 2561 1190 2614 Antioch.
1222 2575 1265 2625 ι.
1303 2574 1354 2616 c.
1389 2560 1466 2630 Δ).
1499 2575 1519 2611 ι

747 2651 978 2708 CAPUT
1012 2649 1151 2707 XiV.

372 2741 454 2799 De
494 2743 726 2814 quodam
765 2741 1108 2797 Cotlmcalco
1144 2741 1498 2797 stltismatico.

207 2833 482 2891 Cancrum
520 2834 696 2889 Luido
718 2834 851 2889 mihi
878 2835 1034 2898 dixit,
1065 2834 1208 2901 quod
1232 2848 1355 2889 cum
1384 2849 1450 2888 eo
1480 2835 1743 2888 rationem

143 2922 209 2980 de
237 2926 594 2980 damnatione
624 2933 678 2979 et
729 2923 1037 2980 reclusioue
1084 2922 1426 2979 Gothescalci
1456 2923 1742 2979 habuisse-

144 3015 231 3070 tis.
264 3014 418 3071 Unde
446 3014 708 3085 quouiam
738 3028 835 3084 per
861 3014 999 3069 alios
1025 3013 1137 3082 jam
1170 3014 1469 3079 audieram,
1510 3014 1577 3069 ad
1613 3029 1740 3070 san-

1844 1820 1966 1876 aliis
2004 1831 2244 1884 noceret,
2272 1820 2362 1890 qui
2387 1821 2487 1875 sibi
2514 1821 2773 1891 prodesse
2802 1818 3031 1883 nolebat,
3056 1818 3260 1889 judicio
3286 1834 3428 1891 prae-

1843 1910 2075 1966 l'atarum
2105 1913 2505 1982 provinciarum
2544 1912 2943 1982 episcoporum,
2998 1911 3051 1965 in
3084 1920 3268 1966 nostra
3321 1925 3420 1982 pa-

1842 2005 2025 2060 rochia
2055 2004 2332 2077 (quoniam
2362 2004 2665 2071 Rothadus,
2692 2004 2761 2059 de
2794 2003 2951 2071 cujus
2990 2004 3248 2073 parocbia
3287 2011 3426 2068 erat,

1843 2094 1918 2151 illi
1947 2095 2223 2151 nesciebat
2251 2096 2527 2165 resistere)
2559 2102 2618 2148 et
2661 2095 2933 2151 novitates
2964 2109 3155 2149 amans
3204 2093 3432 2149 timeba-

1845 2195 1933 2241 tur
1982 2201 2013 2242 a
2063 2186 2219 2241 nobis
2257 2202 2326 2242 ne
2366 2186 2601 2241 disceret
2641 2200 2805 2256 prava
2855 2184 3079 2252 sentire,
3117 2184 3209 2256 qui
3260 2183 3434 2239 noluit

1844 2288 1998 2337 recta
2029 2280 2240 2336 discere
2269 2280 2464 2335 docere
2498 2296 2513 2332 :
2556 2292 2692 2333 neve
2714 2277 2856 2331 idem
2886 2275 3280 2332 Gothescalcus
3302 2286 3431 2329 cum

1844 2372 1966 2428 aliis
2013 2386 2358 2429 communem
2403 2370 2566 2425 vitam
2616 2369 2821 2425 ducens
2870 2368 3042 2424 errori
3086 2381 3187 2423 suo
3229 2367 3434 2423 faceret

1843 2478 1965 2520 esse
1989 2477 2324 2528 communes,
2374 2460 2743 2517 monasteriali
2778 2461 3039 2517 custodite
3083 2459 3429 2529 mancipatus

1844 2561 1949 2622 est,
2000 2554 2230 2610 docente
2278 2550 2587 2623 Apostolu:
2629 2550 2954 2607 ila-relicum
3006 2550 3282 2606 hominem
3304 2558 3431 2622 post

1842 2646 2074 2716 primam
2100 2654 2157 2702 et
2204 2644 2496 2700 secundam
2523 2643 2919 2715 correptionem
2943 2642 3122 2698 devita
3155 2641 3286 2713 (Tit.
3318 2643 3427 2713 ut),

1844 2739 2023 2794 sciens
2065 2739 2386 2794 subversum
2422 2750 2550 2791 esse
2578 2734 2883 2803 huiusmodi
2903 2774 2919 2801 ,
2950 2743 3007 2789 et
3032 2735 3257 2806 proprio
3282 2732 3431 2803 judi-

1845 2830 1932 2886 cio
1955 2830 2391 2885 condemnatum.
2420 2827 2523 2894 Qui
2571 2836 2631 2881 ut
2659 2826 2772 2881 Leo
2812 2841 2949 2897 papa
3004 2827 3177 2896 (epist.
3227 2826 3315 2895 15)
3361 2825 3432 2882 de

1847 2921 2134 2977 Eutichete
2163 2920 2316 2984 dicit,
2339 2934 2462 2973 cum
2495 2918 2705 2974 videret
2725 2916 3046 2987 insipientia:
3070 2933 3182 2972 suae
3206 2931 3425 2973 sensum

1847 3013 2129 3068 catholicis
2158 3010 2378 3067 auribus
2404 3009 2712 3079 displicere,
2744 3023 3005 3065 revocare
3035 3025 3095 3065 se
3121 3024 3151 3064 a
3179 3024 3275 3065 sua
3309 3009 3432 3081 opi-

144 3110 387 3166 ctitatem
424 3118 665 3165 vestram
714 3109 881 3163 verba
942 3108 1187 3174 venisse,
1242 3106 1373 3163 mihi
1425 3107 1737 3162 auctoritati
1763 3076 1811 3140 ο
1848 3106 2006 3162 nione
2033 3106 2312 3170 debuerat,
2345 3119 2445 3160 nec
2470 3104 2544 3158 ita
2578 3101 2837 3158 Ecclesia;
2877 3101 3138 3174 prtesules
3183 3117 3426 3159 commoo

145 3209 342 3257 vestra:
363 3202 614 3271 quaedam
652 3215 719 3254 ex
755 3199 936 3255 verbis
971 3207 1027 3255 et
1063 3197 1449 3253 catholicorum
1496 3199 1744 3254 sensibus

147 3293 199 3348 in
246 3293 445 3356 rotula,
494 3291 730 3361 qualiter
769 3299 957 3347 contra
1012 3290 1180 3359 ipsius
1222 3288 1464 3358 pestiferi
1514 3289 1746 3344 hominis

150 3397 365 3439 sensum
416 3382 670 3447 sentiam,
721 3397 819 3452 per
864 3382 1105 3438 Odonem
1145 3383 1481 3452 episcopum,
1512 3390 1567 3436 et
1611 3381 1746 3437 nihil

154 3476 271 3531 inde
292 3474 662 3544 responsionis
707 3474 955 3545 accipere
982 3475 1174 3530 merui.
1210 3475 1286 3529 De
1310 3491 1417 3545 quo
1465 3474 1744 3528 nihilomi-

159 3580 254 3620 nus
270 3576 327 3619 ut
359 3566 642 3621 redderem
669 3566 956 3629 rationem,
985 3565 1205 3636 quidam
1235 3565 1492 3635 episcopi,
1515 3580 1745 3635 quorum

160 3653 286 3707 nihil
311 3654 376 3709 de
404 3654 494 3709 illo
518 3644 781 3709 intererat
810 3653 1084 3724 (quoniam
1125 3669 1226 3709 nec
1257 3668 1375 3720 eos,
1406 3664 1467 3709 ιιι
1493 3654 1608 3723 ipse
1632 3670 1748 3709 ma-

167 3744 362 3801 nifestis
398 3747 614 3802 indiciis
659 3747 1035 3816 prodiderunt,
1077 3748 1144 3801 ad
1181 3745 1286 3801 hoc
1331 3746 1572 3802 Charitas
1603 3760 1749 3802 com-

171 3836 407 3890 movebat
424 3876 439 3902 ,
469 3852 572 3892 nec
599 3837 895 3891 auctoritas
922 3836 1264 3909 deducebat),
1290 3852 1377 3890 me
1403 3837 1470 3892 ad
1488 3836 1746 3892 concilia-

174 3924 341 3981 bulum
383 3944 556 3998 nuper
595 3928 752 3983 Metis
798 3928 1063 3993 habitum,
1111 3930 1254 3998 quod
1277 3929 1456 3984 vocari
1484 3929 1746 4001 synodum

174 4018 442 4084 vetuistis,
484 4028 628 4075 sucut
696 4019 956 4091 intelligo,
1003 4020 1373 4089 irregularitcr
1419 4029 1617 4095 quarto
1659 4019 1748 4076 die

178 4117 445 4179 antequam
474 4121 906 4182 congregaretur
932 4117 1043 4183 (an.
1077 4112 1227 4184 865),
1261 4128 1382 4167 cum
1410 4128 1512 4184 ego
1540 4112 1750 4184 longius

182 4211 322 4266 quam
376 4201 670 4273 octoginta,
728 4211 784 4256 et
832 4203 971 4258 idem
1018 4202 1410 4260 Gothescalcus
1461 4204 1747 4274 plusquam

182 4300 374 4346 centum
408 4293 650 4348 millibus
679 4293 748 4347 ab
782 4294 895 4364 ipsa
933 4295 1155 4351 civitate
1183 4295 1442 4365 disparati
1470 4309 1745 4361 essemus,

183 4379 301 4434 nihil
328 4399 411 4438 me
433 4383 555 4438 inde
567 4394 697 4439 ante
719 4386 1095 4456 prtemonitum
1121 4402 1221 4457 per
1243 4387 1531 4457 quemdam
1554 4385 1745 4441 laicum

184 4470 431 4530 hominem
467 4476 668 4533 litteris
710 4487 1060 4534 vocaverunt.
1107 4479 1174 4533 Et
1204 4495 1347 4534 nunc
1374 4479 1494 4534 ideo
1515 4479 1749 4534 breviter

187 4567 245 4622 de
270 4585 327 4624 eo
365 4572 644 4628 sanctitati
670 4581 868 4627 vestrm
892 4586 1141 4642 suggero,
1176 4573 1429 4643 quoniam
1458 4581 1746 4641 antequam

190 4658 246 4712 ad
258 4661 580 4733 episcOpatus
607 4663 857 4718 ordinem
889 4664 1254 4733 pervenirem,
1271 4664 1412 4719 sicut
1431 4664 1600 4719 abbas
1618 4678 1752 4719 suus

189 4756 237 4802 et
260 4753 513 4821 monachi,
548 4754 691 4809 inter
717 4768 857 4823 ques
893 4751 1071 4808 fuerat
1106 4763 1491 4815 conversatus,
1523 4753 1571 4810 ei
1601 4754 1754 4810 testi—

192 4843 403 4898 monium
433 4847 742 4914 perhibent,
766 4846 820 4901 in
852 4846 1167 4916 metropolis
1184 4845 1439 4901 Ecclesiae
1460 4844 1750 4901 Remorum

192 4937 490 4990 monasterio
515 4978 529 5003 ,
569 4937 621 4992 in
673 4936 1009 4992 Suessoniea
1041 4938 1316 5008 parochia,
1349 4939 1492 5006 quod
1522 4936 1752 4995 Orbacis

196 5020 262 5093 Li,
310 5026 562 5104 Orbacus]
599 5032 821 5092 dicitur,
857 5030 1043 5084 habitu
1073 5031 1391 5094 monachus,
1421 5041 1603 5089 mente
1623 5032 1753 5090 feri-

198 5132 310 5182 nus,
335 5124 523 5191 quietis
551 5126 865 5197 impatiens,
896 5133 953 5179 et
978 5138 1170 5180 vacum
1198 5123 1440 5180 novitate
1452 5126 1748 5190 delectans,

200 5222 250 5263 ac
274 5211 404 5267 inter
449 5230 567 5269 suos
611 5216 923 5274 mobilitate
965 5215 1122 5269 noxia
1153 5213 1463 5286 singularis,
1487 5218 1553 5273 de
1570 5217 1751 5273 omni-

201 5296 281 5354 bus
316 5318 429 5372 qua:
473 5306 522 5360 in
553 5308 631 5364 his
663 5306 983 5379 regionibus
1022 5320 1276 5374 perverse
1318 5315 1445 5361 tunc
1494 5308 1753 5379 temporis

1844 3215 1995 3264 vere,
2014 3207 2073 3253 ιιι
2095 3197 2456 3253 damnationis
2482 3196 2806 3252 sententiam
2828 3205 3135 3252 mereretur
3151 3196 3424 3268 excipere:

1846 3291 2019 3358 Quam
2067 3290 2255 3360 utique
2300 3289 2429 3344 siin
2471 3304 2571 3345 suo
2620 3303 2781 3344 sensu
2810 3287 3043 3343 voluerit
3085 3302 3426 3360 permanere,

1848 3383 2026 3440 nullus
2076 3382 2277 3454 poterit
2330 3382 2596 3438 relaxare.
2670 3381 2714 3436 A
2792 3397 2896 3451 qua
2954 3382 3305 3437 damnatione
3379 3383 3427 3437 si

1846 3476 2108 3531 voluisset
2132 3477 2198 3530 ad
2225 3490 2445 3532 sensum
2478 3474 2808 3531 catholicum
2838 3475 3177 3547 resipiscere,
3206 3483 3429 3545 paratus

1844 3582 2063 3636 semper
2096 3566 2168 3621 fui
2219 3550 2281 3621 et
2327 3582 2447 3621 sum
2480 3566 2787 3638 (quoniam
2840 3566 2920 3621 sic
2964 3566 3304 3621 venerabiles
3344 3565 3432 3635 ju-

1846 3659 2167 3714 dicaverunt
2216 3659 2493 3728 episcopi)
2543 3673 2668 3713 eum
2733 3658 2788 3712 in
2849 3657 3129 3713 catholica:
3177 3656 3432 3712 Ecclesiai

1847 3749 2281 3805 communionem
2327 3750 2591 3819 recipere,
2639 3749 2780 3803 sicut
2824 3748 2874 3803 ei
2922 3749 3089 3819 jubeo
3142 3763 3262 3819 quae
3308 3754 3433 3803 sunt

1847 3841 2061 3909 corpori
2124 3841 2433 3896 necessaria
2483 3839 2815 3897 ministrare.
2867 3839 2924 3896 Si
2994 3850 3174 3896 autem
3251 3847 3431 3894 vestra

1846 3930 2111 3988 catholica
2159 3931 2425 4003 sapientia
2466 3930 2582 3987 vult
2621 3932 2790 4008 scire,
2819 3947 2941 4003 qua:
2969 3941 3159 3987 contra
3203 3929 3432 3985 catholi-

1847 4038 1970 4079 cam
2001 4023 2158 4078 lidem
2203 4038 2271 4079 ex
2299 4021 2471 4078 veteri
2514 4021 2707 4077 haeresi
2761 4020 3242 4077 Prasdestinatiana
3273 4020 3437 4090 (qua:

1848 4118 2080 4187 primum
2109 4114 2163 4169 in
2211 4113 2416 4177 Africa,
2446 4121 2632 4184 postea
2671 4112 2724 4168 in
2753 4111 2942 4169 Galliis
2974 4129 3071 4185 per
3105 4113 3249 4169 idem
3293 4120 3457 4168 tem-‘

1848 4218 1971 4275 pus,
1999 4203 2217 4273 quando
2243 4213 2300 4258 et
2341 4202 2663 4258 Nestoriana
2709 4202 2956 4269 haeresis,
2985 4212 3069 4259 est
3098 4211 3287 4259 exorta
3314 4241 3332 4270 ,
3379 4215 3437 4261 et

1849 4300 2090 4363 tempore
2121 4292 2401 4348 Cwlestini
2436 4308 2593 4364 papa:
2634 4292 2808 4363 ipsius
2853 4293 3203 4360 auctoritate,
3247 4300 3302 4349 et
3355 4295 3438 4349 in-

1851 4385 2051 4440 stantia
2081 4386 2254 4441 sancti
2283 4385 2534 4455 Prosperi
2570 4394 2655 4442 est
2685 4385 2910 4455 revicta)
2956 4386 3139 4442 dicere
3167 4387 3436 4452 videatur,

1851 4479 1919 4534 de
1975 4478 2163 4535 multis
2210 4492 2385 4549 pauca
2430 4478 2588 4534 vobis
2629 4492 2888 4543 numero,
2920 4479 3015 4534 sed
3045 4492 3151 4533 non
3179 4478 3438 4548 pondere,

1851 4570 2184 4641 capitulatim
2217 4568 2602 4639 signiﬁcamus.
3138 4583 3155 4590 -

1923 4663 2087 4727 Dicit,
2119 4662 2261 4732 quod
2285 4669 2339 4715 ct
2369 4668 2582 4718 veteres
2629 4659 3099 4716 Prtedestinatiani
3159 4660 3435 4725 dixerunt,

1852 4754 2106 4823 quoniam
2138 4752 2280 4809 sicut
2328 4750 2473 4805 Deus
2520 4748 2783 4822 quosdam
2834 4749 2903 4805 ad
2939 4752 3107 4806 vitam
3152 4761 3437 4817 teternam,

1857 4843 1929 4898 ita
1984 4843 2248 4914 quosdam
2301 4840 2711 4912 pratdestinavit
2757 4841 2828 4896 ad
2874 4852 3108 4898 mortem
3158 4849 3437 4896 aeternam.

1855 4935 2017 5002 Dicit,
2096 4935 2241 5006 quod
2293 4942 2352 4989 et
2372 4944 2591 4993 veteres
2633 4931 3108 4992 Praedestinatiani
3160 4933 3440 4996 dixerunt,

1852 5028 2108 5097 quoniam
2137 5043 2243 5084 non
2270 5024 2384 5081 vult
2408 5025 2556 5084 Deus
2578 5038 2771 5083 omnes
2811 5025 3064 5083 homines
3092 5021 3268 5080 salvos
3298 5019 3436 5080 ﬁeri.

1855 5120 1949 5175 sed
1983 5128 2192 5175 tantum
2215 5134 2311 5176 eos
2342 5116 2437 5189 qui
2463 5120 2779 5181 salvantur;
2833 5131 3024 5172 omnes
3058 5120 3237 5171 autem
3266 5108 3443 5163 salva-

1856 5211 1901 5265 ri
1948 5227 2192 5283 quosque
2220 5212 2336 5281 ipse
2384 5210 2600 5268 salvare
2629 5207 2885 5274 voluerit,
2914 5221 2982 5262 ac
3012 5222 3110 5278 per
3163 5200 3266 5255 hoc
3318 5197 3442 5266 (Ιυίζ

1858 5315 2075 5370 cunque
2117 5317 2224 5357 non
2249 5297 2553 5367 salvantur,
2596 5295 2810 5370 penitus
2840 5308 2947 5349 non
2990 5298 3112 5349 esse
3149 5284 3443 5340 voluntatis
