  <div class='ocr_page' id='page_1' title='image "/cluster/home/n/w/nwhite01/storage/ocr_20150623/135/hvd.32044015471758/095.png"; bbox 0 0 3904 5396; ppageno 0'>
   <div class='ocr_carea' id='block_1_1' title="bbox 461 259 569 322">
    <p class='ocr_par' dir='ltr' id='par_1_1' title="bbox 461 259 569 322">
     <span class='ocr_line' id='line_1_1' title="bbox 461 259 569 322; baseline 0 -9"><span class='ocrx_word' id='word_1_1' title='bbox 461 259 569 322; x_wconf 64' lang='grc' dir='ltr'><strong>ἣῖθ</strong></span> 
     </span>
    </p>
   </div>
   <div class='ocr_carea' id='block_1_2' title="bbox 1521 264 2705 330">
    <p class='ocr_par' dir='ltr' id='par_1_2' title="bbox 1521 264 2705 330">
     <span class='ocr_line' id='line_1_2' title="bbox 1521 264 2705 330; baseline 0.005 -6"><span class='ocrx_word' id='word_1_2' title='bbox 1521 264 1912 326; x_wconf 68' lang='lat' dir='ltr'><strong>FLODOARDI</strong></span> <span class='ocrx_word' id='word_1_3' title='bbox 1950 266 2266 327; x_wconf 67' lang='lat' dir='ltr'><strong>CANONICI</strong></span> <span class='ocrx_word' id='word_1_4' title='bbox 2303 270 2646 330; x_wconf 73' lang='lat' dir='ltr'><strong>REMENSIS</strong></span> <span class='ocrx_word' id='word_1_5' title='bbox 2700 288 2705 295; x_wconf 81' lang='lat'><em>‘</em></span> 
     </span>
    </p>
   </div>
   <div class='ocr_carea' id='block_1_3' title="bbox 3634 232 3735 333">
    <p class='ocr_par' dir='ltr' id='par_1_3' title="bbox 3634 232 3735 333">
     <span class='ocr_line' id='line_1_3' title="bbox 3634 232 3735 333; baseline 0 0"><span class='ocrx_word' id='word_1_6' title='bbox 3634 232 3735 333; x_wconf 62' lang='lat' dir='ltr'><strong>no</strong></span> 
     </span>
    </p>
   </div>
   <div class='ocr_carea' id='block_1_4' title="bbox 456 374 3735 463">
    <p class='ocr_par' dir='ltr' id='par_1_4' title="bbox 456 374 3735 463">
     <span class='ocr_line' id='line_1_4' title="bbox 456 374 3735 463; baseline 0.007 -35"><span class='ocrx_word' id='word_1_7' title='bbox 456 385 649 443; x_wconf 80' lang='lat' dir='ltr'><strong>potens</strong></span> <span class='ocrx_word' id='word_1_8' title='bbox 699 376 788 444; x_wconf 91' lang='lat' dir='ltr'><strong>qui</strong></span> <span class='ocrx_word' id='word_1_9' title='bbox 837 374 963 432; x_wconf 87' lang='lat' dir='ltr'><strong>fecit</strong></span> <span class='ocrx_word' id='word_1_10' title='bbox 1009 393 1346 451; x_wconf 68' lang='lat' dir='ltr'><strong>quaecunque</strong></span> <span class='ocrx_word' id='word_1_11' title='bbox 1399 382 1587 450; x_wconf 88' lang='lat' dir='ltr'><strong>voluit,</strong></span> <span class='ocrx_word' id='word_1_12' title='bbox 1635 386 1851 443; x_wconf 76' lang='lat' dir='ltr'><strong>dicente</strong></span> <span class='ocrx_word' id='word_1_13' title='bbox 1889 385 2038 442; x_wconf 83' lang='lat' dir='ltr'><strong>Scri-</strong></span> <span class='ocrx_word' id='word_1_14' title='bbox 2066 392 2111 447; x_wconf 84' lang='grc' dir='ltr'>Λ</span> <span class='ocrx_word' id='word_1_15' title='bbox 2142 389 2274 444; x_wconf 87' lang='lat' dir='ltr'><strong>rodu</strong></span> <span class='ocrx_word' id='word_1_16' title='bbox 2302 398 2355 443; x_wconf 71' lang='grc' dir='ltr'><strong>τι.</strong></span> <span class='ocrx_word' id='word_1_17' title='bbox 2395 388 2578 445; x_wconf 84' lang='lat' dir='ltr'><strong>Facile</strong></span> <span class='ocrx_word' id='word_1_18' title='bbox 2608 400 2789 447; x_wconf 85' lang='lat' dir='ltr'><strong>autem</strong></span> <span class='ocrx_word' id='word_1_19' title='bbox 2820 431 2833 453; x_wconf 87' lang='lat'><strong>.</strong></span> <span class='ocrx_word' id='word_1_20' title='bbox 2883 390 3170 460; x_wconf 82' lang='lat' dir='ltr'><strong>adjovante</strong></span> <span class='ocrx_word' id='word_1_21' title='bbox 3214 390 3476 458; x_wconf 88' lang='lat' dir='ltr'><strong>Domino,</strong></span> <span class='ocrx_word' id='word_1_22' title='bbox 3510 404 3735 463; x_wconf 83' lang='lat' dir='ltr'><strong>portare</strong></span> 
     </span>
    </p>
   </div>
   <div class='ocr_carea' id='block_1_5' title="bbox 456 469 2036 543">
    <p class='ocr_par' dir='ltr' id='par_1_5' title="bbox 456 469 2036 543">
     <span class='ocr_line' id='line_1_5' title="bbox 456 469 2036 543; baseline 0.008 -20"><span class='ocrx_word' id='word_1_23' title='bbox 456 475 655 538; x_wconf 84' lang='lat' dir='ltr'><strong>ptura:</strong></span> <span class='ocrx_word' id='word_1_24' title='bbox 694 469 882 525; x_wconf 80' lang='lat' dir='ltr'><strong>Omnia</strong></span> <span class='ocrx_word' id='word_1_25' title='bbox 910 486 1245 543; x_wconf 67' lang='lat' dir='ltr'><strong>qumcunque</strong></span> <span class='ocrx_word' id='word_1_26' title='bbox 1293 475 1464 532; x_wconf 82' lang='lat' dir='ltr'><strong>voluit</strong></span> <span class='ocrx_word' id='word_1_27' title='bbox 1516 476 1779 534; x_wconf 67' lang='lat' dir='ltr'><strong>D‘tmduus</strong></span> <span class='ocrx_word' id='word_1_28' title='bbox 1826 478 2036 535; x_wconf 79' lang='lat' dir='ltr'><strong>fecit&#39;in</strong></span> 
     </span>
    </p>
   </div>
   <div class='ocr_carea' id='block_1_6' title="bbox 455 557 2039 643">
    <p class='ocr_par' dir='ltr' id='par_1_6' title="bbox 455 557 2039 643">
     <span class='ocr_line' id='line_1_6' title="bbox 455 557 2039 643; baseline 0.006 -28"><span class='ocrx_word' id='word_1_29' title='bbox 455 557 596 615; x_wconf 59' lang='lat' dir='ltr'><strong>cutio</strong></span> <span class='ocrx_word' id='word_1_30' title='bbox 641 568 698 613; x_wconf 91' lang='lat' dir='ltr'><strong>et</strong></span> <span class='ocrx_word' id='word_1_31' title='bbox 744 560 795 613; x_wconf 90' lang='lat' dir='ltr'><strong>in</strong></span> <span class='ocrx_word' id='word_1_32' title='bbox 826 568 989 621; x_wconf 86' lang='lat' dir='ltr'><strong>terra.</strong></span> <span class='ocrx_word' id='word_1_33' title='bbox 1029 563 1082 617; x_wconf 93' lang='lat' dir='ltr'><strong>in</strong></span> <span class='ocrx_word' id='word_1_34' title='bbox 1127 565 1265 619; x_wconf 90' lang='lat' dir='ltr'><strong>mari</strong></span> <span class='ocrx_word' id='word_1_35' title='bbox 1321 575 1376 621; x_wconf 86' lang='lat' dir='ltr'><strong>et</strong></span> <span class='ocrx_word' id='word_1_36' title='bbox 1424 568 1494 622; x_wconf 89' lang='lat' dir='ltr'><strong>in</strong></span> <span class='ocrx_word' id='word_1_37' title='bbox 1527 571 1781 625; x_wconf 85' lang='lat' dir='ltr'><strong>omnibus</strong></span> <span class='ocrx_word' id='word_1_38' title='bbox 1826 571 2039 643; x_wconf 71' lang='lat' dir='ltr'><strong>aliyssis</strong></span> 
     </span>
    </p>
   </div>
   <div class='ocr_carea' id='block_1_7' title="bbox 455 648 2038 722">
    <p class='ocr_par' dir='ltr' id='par_1_7' title="bbox 455 648 2038 722">
     <span class='ocr_line' id='line_1_7' title="bbox 455 648 2038 722; baseline 0.011 -20"><span class='ocrx_word' id='word_1_39' title='bbox 455 648 630 709; x_wconf 80' lang='lat' dir='ltr'><strong>(Psal.</strong></span> <span class='ocrx_word' id='word_1_40' title='bbox 676 654 916 719; x_wconf 74' lang='lat' dir='ltr'><strong>cxxxrv).</strong></span> <span class='ocrx_word' id='word_1_41' title='bbox 973 654 1039 708; x_wconf 82' lang='lat' dir='ltr'><strong>Et</strong></span> <span class='ocrx_word' id='word_1_42' title='bbox 1087 655 1215 711; x_wconf 89' lang='lat' dir='ltr'><strong>item</strong></span> <span class='ocrx_word' id='word_1_43' title='bbox 1250 671 1265 711; x_wconf 88' lang='lat'><strong>:</strong></span> <span class='ocrx_word' id='word_1_44' title='bbox 1311 658 1365 713; x_wconf 82' lang='lat' dir='ltr'><strong>In</strong></span> <span class='ocrx_word' id='word_1_45' title='bbox 1397 659 1675 716; x_wconf 80' lang='lat' dir='ltr'><strong>voluntate</strong></span> <span class='ocrx_word' id='word_1_46' title='bbox 1705 671 1816 722; x_wconf 88' lang='lat' dir='ltr'><strong>tua,</strong></span> <span class='ocrx_word' id='word_1_47' title='bbox 1851 662 2038 718; x_wconf 88' lang='lat' dir='ltr'><strong>Domi-</strong></span> 
     </span>
    </p>
   </div>
   <div class='ocr_carea' id='block_1_8' title="bbox 453 748 2038 825">
    <p class='ocr_par' dir='ltr' id='par_1_8' title="bbox 453 748 2038 825">
     <span class='ocr_line' id='line_1_8' title="bbox 453 748 2038 825; baseline 0.011 -31"><span class='ocrx_word' id='word_1_48' title='bbox 453 757 542 803; x_wconf 82' lang='lat' dir='ltr'><strong>ne,</strong></span> <span class='ocrx_word' id='word_1_49' title='bbox 572 751 765 798; x_wconf 83' lang='lat' dir='ltr'><strong>cuncta</strong></span> <span class='ocrx_word' id='word_1_50' title='bbox 807 753 933 807; x_wconf 84' lang='lat' dir='ltr'><strong>sunt</strong></span> <span class='ocrx_word' id='word_1_51' title='bbox 954 748 1148 815; x_wconf 85' lang='lat' dir='ltr'><strong>posita.</strong></span> <span class='ocrx_word' id='word_1_52' title='bbox 1197 760 1395 808; x_wconf 88' lang='lat' dir='ltr'><strong>etnon</strong></span> <span class='ocrx_word' id='word_1_53' title='bbox 1443 764 1528 808; x_wconf 89' lang='lat' dir='ltr'><strong>est</strong></span> <span class='ocrx_word' id='word_1_54' title='bbox 1574 756 1664 822; x_wconf 98' lang='lat' dir='ltr'><strong>qui</strong></span> <span class='ocrx_word' id='word_1_55' title='bbox 1703 759 1874 825; x_wconf 90' lang='lat' dir='ltr'><strong>possit</strong></span> <span class='ocrx_word' id='word_1_56' title='bbox 1933 766 2038 811; x_wconf 67' lang='lat' dir='ltr'><strong>tua:</strong></span> 
     </span>
    </p>
   </div>
   <div class='ocr_carea' id='block_1_9' title="bbox 451 835 2037 914">
    <p class='ocr_par' dir='ltr' id='par_1_9' title="bbox 451 835 2037 914">
     <span class='ocr_line' id='line_1_9' title="bbox 451 835 2037 914; baseline 0.009 -27"><span class='ocrx_word' id='word_1_57' title='bbox 451 835 708 894; x_wconf 62' lang='lat' dir='ltr'><strong>resistere</strong></span> <span class='ocrx_word' id='word_1_58' title='bbox 770 838 1033 914; x_wconf 72' lang='lat' dir='ltr'><strong>voluntati</strong></span> <span class='ocrx_word' id='word_1_59' title='bbox 1094 839 1327 909; x_wconf 74' lang='lat' dir='ltr'><strong>(Est/ter.</strong></span> <span class='ocrx_word' id='word_1_60' title='bbox 1389 848 1508 909; x_wconf 73' lang='lat' dir='ltr'><strong>xm)</strong></span> <span class='ocrx_word' id='word_1_61' title='bbox 1560 864 1572 900; x_wconf 93' lang='lat'><strong>:</strong></span> <span class='ocrx_word' id='word_1_62' title='bbox 1624 848 1667 901; x_wconf 89' lang='lat' dir='ltr'><strong>si</strong></span> <span class='ocrx_word' id='word_1_63' title='bbox 1726 847 2037 903; x_wconf 74' lang='lat' dir='ltr'><strong>decreveris</strong></span> 
     </span>
    </p>
   </div>
   <div class='ocr_carea' id='block_1_10' title="bbox 449 926 2056 1008">
    <p class='ocr_par' dir='ltr' id='par_1_10' title="bbox 449 926 2056 1008">
     <span class='ocr_line' id='line_1_10' title="bbox 449 926 2056 1008; baseline 0.009 -28"><span class='ocrx_word' id='word_1_64' title='bbox 449 926 659 980; x_wconf 70' lang='lat' dir='ltr'><strong>salvam</strong></span> <span class='ocrx_word' id='word_1_65' title='bbox 726 944 845 992; x_wconf 80' lang='lat' dir='ltr'><strong>nos,</strong></span> <span class='ocrx_word' id='word_1_66' title='bbox 888 932 1146 988; x_wconf 84' lang='lat' dir='ltr'><strong>continuo</strong></span> <span class='ocrx_word' id='word_1_67' title='bbox 1186 934 1555 991; x_wconf 51' lang='lat' dir='ltr'><strong>lii-eraltitnitr.</strong></span> <span class='ocrx_word' id='word_1_68' title='bbox 1585 939 1744 1003; x_wconf 85' lang='lat' dir='ltr'><strong>Dicit,</strong></span> <span class='ocrx_word' id='word_1_69' title='bbox 1788 941 1931 1008; x_wconf 89' lang='lat' dir='ltr'><strong>quod</strong></span> <span class='ocrx_word' id='word_1_70' title='bbox 1981 948 2056 994; x_wconf 86' lang='lat' dir='ltr'><strong>ct-</strong></span> 
     </span>
    </p>
   </div>
   <div class='ocr_carea' id='block_1_11' title="bbox 449 1018 2037 1099">
    <p class='ocr_par' dir='ltr' id='par_1_11' title="bbox 449 1018 2037 1099">
     <span class='ocr_line' id='line_1_11' title="bbox 449 1018 2037 1099; baseline 0.008 -28"><span class='ocrx_word' id='word_1_71' title='bbox 449 1029 662 1072; x_wconf 65' lang='lat' dir='ltr'><strong>vctcres</strong></span> <span class='ocrx_word' id='word_1_72' title='bbox 718 1018 1180 1077; x_wconf 70' lang='lat' dir='ltr'><strong>Ptmdcstiuatiani</strong></span> <span class='ocrx_word' id='word_1_73' title='bbox 1240 1025 1534 1092; x_wconf 75' lang='lat' dir='ltr'><strong>dixerunt,</strong></span> <span class='ocrx_word' id='word_1_74' title='bbox 1582 1031 1724 1099; x_wconf 82' lang='lat' dir='ltr'><strong>quod</strong></span> <span class='ocrx_word' id='word_1_75' title='bbox 1783 1045 1890 1083; x_wconf 91' lang='lat' dir='ltr'><strong>non</strong></span> <span class='ocrx_word' id='word_1_76' title='bbox 1939 1045 2037 1099; x_wconf 85' lang='lat' dir='ltr'><strong>pro</strong></span> 
     </span>
    </p>
   </div>
   <div class='ocr_carea' id='block_1_12' title="bbox 449 1110 2036 1189">
    <p class='ocr_par' dir='ltr' id='par_1_12' title="bbox 449 1110 2036 1189">
     <span class='ocr_line' id='line_1_12' title="bbox 449 1110 2036 1189; baseline 0.007 -27"><span class='ocrx_word' id='word_1_77' title='bbox 449 1110 616 1164; x_wconf 86' lang='lat' dir='ltr'><strong>tutius</strong></span> <span class='ocrx_word' id='word_1_78' title='bbox 640 1112 822 1166; x_wconf 68' lang='lat' dir='ltr'><strong>mnuzii</strong></span> <span class='ocrx_word' id='word_1_79' title='bbox 848 1115 1236 1184; x_wconf 78' lang='lat' dir='ltr'><strong>redemptione,</strong></span> <span class='ocrx_word' id='word_1_80' title='bbox 1264 1116 1315 1171; x_wconf 82' lang='lat' dir='ltr'><strong>i.l</strong></span> <span class='ocrx_word' id='word_1_81' title='bbox 1353 1130 1436 1173; x_wconf 89' lang='lat' dir='ltr'><strong>est</strong></span> <span class='ocrx_word' id='word_1_82' title='bbox 1460 1136 1559 1189; x_wconf 89' lang='lat' dir='ltr'><strong>pro</strong></span> <span class='ocrx_word' id='word_1_83' title='bbox 1594 1121 1837 1175; x_wconf 90' lang='lat' dir='ltr'><strong>omnium</strong></span> <span class='ocrx_word' id='word_1_84' title='bbox 1865 1122 2036 1176; x_wconf 78' lang='lat' dir='ltr'><strong>lmini-</strong></span> 
     </span>
    </p>
   </div>
   <div class='ocr_carea' id='block_1_13' title="bbox 447 1205 2037 1277">
    <p class='ocr_par' dir='ltr' id='par_1_13' title="bbox 447 1205 2037 1277">
     <span class='ocr_line' id='line_1_13' title="bbox 447 1205 2037 1277; baseline 0.008 -21"><span class='ocrx_word' id='word_1_85' title='bbox 447 1217 576 1256; x_wconf 82' lang='lat' dir='ltr'><strong>num</strong></span> <span class='ocrx_word' id='word_1_86' title='bbox 610 1205 785 1260; x_wconf 82' lang='lat' dir='ltr'><strong>salute</strong></span> <span class='ocrx_word' id='word_1_87' title='bbox 813 1215 867 1260; x_wconf 86' lang='lat' dir='ltr'><strong>ct</strong></span> <span class='ocrx_word' id='word_1_88' title='bbox 894 1208 1266 1277; x_wconf 90' lang='lat' dir='ltr'><strong>redemptione</strong></span> <span class='ocrx_word' id='word_1_89' title='bbox 1294 1209 1554 1268; x_wconf 85' lang='lat' dir='ltr'><strong>Dominus</strong></span> <span class='ocrx_word' id='word_1_90' title='bbox 1589 1222 1645 1268; x_wconf 88' lang='lat' dir='ltr'><strong>et</strong></span> <span class='ocrx_word' id='word_1_91' title='bbox 1669 1212 1920 1268; x_wconf 74' lang='lat' dir='ltr'><strong>Salvator</strong></span> <span class='ocrx_word' id='word_1_92' title='bbox 1942 1227 2037 1267; x_wconf 84' lang='lat' dir='ltr'><strong>no-</strong></span> 
     </span>
    </p>
   </div>
   <div class='ocr_carea' id='block_1_14' title="bbox 446 1292 2034 1367">
    <p class='ocr_par' dir='ltr' id='par_1_14' title="bbox 446 1292 2034 1367">
     <span class='ocr_line' id='line_1_14' title="bbox 446 1292 2034 1367; baseline 0.01 -22"><span class='ocrx_word' id='word_1_93' title='bbox 446 1303 562 1348; x_wconf 66' lang='lat' dir='ltr'><strong>nter</strong></span> <span class='ocrx_word' id='word_1_94' title='bbox 600 1292 758 1349; x_wconf 79' lang='lat' dir='ltr'><strong>Jcsus</strong></span> <span class='ocrx_word' id='word_1_95' title='bbox 800 1296 1051 1353; x_wconf 81' lang='lat' dir='ltr'><strong>Christus</strong></span> <span class='ocrx_word' id='word_1_96' title='bbox 1080 1300 1152 1355; x_wconf 89' lang='lat' dir='ltr'><strong>sit</strong></span> <span class='ocrx_word' id='word_1_97' title='bbox 1190 1302 1484 1357; x_wconf 73' lang='lat' dir='ltr'><strong>crucifixus</strong></span> <span class='ocrx_word' id='word_1_98' title='bbox 1527 1312 1584 1359; x_wconf 89' lang='lat' dir='ltr'><strong>et</strong></span> <span class='ocrx_word' id='word_1_99' title='bbox 1626 1314 1892 1367; x_wconf 86' lang='lat' dir='ltr'><strong>mortuus,</strong></span> <span class='ocrx_word' id='word_1_100' title='bbox 1930 1306 2034 1361; x_wconf 84' lang='lat' dir='ltr'><strong>sed</strong></span> 
     </span>
    </p>
   </div>
   <div class='ocr_carea' id='block_1_15' title="bbox 446 1388 2037 1466">
    <p class='ocr_par' dir='ltr' id='par_1_15' title="bbox 446 1388 2037 1466">
     <span class='ocr_line' id='line_1_15' title="bbox 446 1388 2037 1466; baseline 0.011 -33"><span class='ocrx_word' id='word_1_101' title='bbox 446 1394 659 1439; x_wconf 84' lang='lat' dir='ltr'><strong>tantum</strong></span> <span class='ocrx_word' id='word_1_102' title='bbox 700 1402 797 1456; x_wconf 88' lang='lat' dir='ltr'><strong>pro</strong></span> <span class='ocrx_word' id='word_1_103' title='bbox 835 1388 921 1444; x_wconf 78' lang='lat' dir='ltr'><strong>liis</strong></span> <span class='ocrx_word' id='word_1_104' title='bbox 965 1390 1056 1459; x_wconf 89' lang='lat' dir='ltr'><strong>qui</strong></span> <span class='ocrx_word' id='word_1_105' title='bbox 1088 1391 1387 1447; x_wconf 68' lang='lat' dir='ltr'><strong>salvantur.</strong></span> <span class='ocrx_word' id='word_1_106' title='bbox 1426 1394 1568 1448; x_wconf 87' lang='lat' dir='ltr'><strong>Dicit</strong></span> <span class='ocrx_word' id='word_1_107' title='bbox 1606 1410 1827 1466; x_wconf 89' lang='lat' dir='ltr'><strong>quoquo</strong></span> <span class='ocrx_word' id='word_1_108' title='bbox 1876 1395 2037 1451; x_wconf 78' lang='lat' dir='ltr'><strong>modo</strong></span> 
     </span>
    </p>
   </div>
   <div class='ocr_carea' id='block_1_16' title="bbox 446 1473 2036 1555">
    <p class='ocr_par' dir='ltr' id='par_1_16' title="bbox 446 1473 2036 1555">
     <span class='ocr_line' id='line_1_16' title="bbox 446 1473 2036 1555; baseline 0.009 -30"><span class='ocrx_word' id='word_1_109' title='bbox 446 1473 653 1543; x_wconf 77' lang='lat' dir='ltr'><strong>dispari</strong></span> <span class='ocrx_word' id='word_1_110' title='bbox 693 1477 1004 1543; x_wconf 81' lang='lat' dir='ltr'><strong>traditione,</strong></span> <span class='ocrx_word' id='word_1_111' title='bbox 1051 1482 1144 1536; x_wconf 87' lang='lat' dir='ltr'><strong>sed</strong></span> <span class='ocrx_word' id='word_1_112' title='bbox 1171 1483 1287 1552; x_wconf 87' lang='lat' dir='ltr'><strong>pari</strong></span> <span class='ocrx_word' id='word_1_113' title='bbox 1330 1499 1536 1548; x_wconf 82' lang='lat' dir='ltr'><strong>errore,</strong></span> <span class='ocrx_word' id='word_1_114' title='bbox 1566 1487 1710 1555; x_wconf 88' lang='lat' dir='ltr'><strong>quod</strong></span> <span class='ocrx_word' id='word_1_115' title='bbox 1745 1496 2036 1541; x_wconf 82' lang='lat' dir='ltr'><strong>etvcteres</strong></span> 
     </span>
    </p>
   </div>
   <div class='ocr_carea' id='block_1_17' title="bbox 444 1564 2058 1651">
    <p class='ocr_par' dir='ltr' id='par_1_17' title="bbox 444 1564 2058 1651">
     <span class='ocr_line' id='line_1_17' title="bbox 444 1564 2058 1651; baseline 0.011 -31"><span class='ocrx_word' id='word_1_116' title='bbox 444 1564 911 1629; x_wconf 63' lang='lat' dir='ltr'><strong>Prtedestinatlani</strong></span> <span class='ocrx_word' id='word_1_117' title='bbox 941 1574 1217 1639; x_wconf 78' lang='lat' dir='ltr'><strong>dixerunt.</strong></span> <span class='ocrx_word' id='word_1_118' title='bbox 1241 1593 1522 1647; x_wconf 80' lang='lat' dir='ltr'><strong>exponens</strong></span> <span class='ocrx_word' id='word_1_119' title='bbox 1558 1581 1885 1636; x_wconf 89' lang='lat' dir='ltr'><strong>sententiam</strong></span> <span class='ocrx_word' id='word_1_120' title='bbox 1910 1595 2058 1651; x_wconf 83' lang='lat' dir='ltr'><strong>apo-&#39;</strong></span> 
     </span>
    </p>
   </div>
   <div class='ocr_carea' id='block_1_18' title="bbox 444 1658 2033 1741">
    <p class='ocr_par' dir='ltr' id='par_1_18' title="bbox 444 1658 2033 1741">
     <span class='ocr_line' id='line_1_18' title="bbox 444 1658 2033 1741; baseline 0.01 -30"><span class='ocrx_word' id='word_1_121' title='bbox 444 1658 567 1719; x_wconf 82' lang='lat' dir='ltr'><strong>stoli</strong></span> <span class='ocrx_word' id='word_1_122' title='bbox 611 1659 755 1716; x_wconf 81' lang='lat' dir='ltr'><strong>Petri</strong></span> <span class='ocrx_word' id='word_1_123' title='bbox 805 1681 819 1717; x_wconf 87' lang='lat'><strong>:</strong></span> <span class='ocrx_word' id='word_1_124' title='bbox 864 1664 1000 1720; x_wconf 81' lang='lat' dir='ltr'><strong>Eum</strong></span> <span class='ocrx_word' id='word_1_125' title='bbox 1047 1668 1140 1735; x_wconf 90' lang='lat' dir='ltr'><strong>qui</strong></span> <span class='ocrx_word' id='word_1_126' title='bbox 1189 1670 1322 1724; x_wconf 89' lang='lat' dir='ltr'><strong>emit</strong></span> <span class='ocrx_word' id='word_1_127' title='bbox 1370 1686 1484 1729; x_wconf 75' lang='lat' dir='ltr'><strong>eos.</strong></span> <span class='ocrx_word' id='word_1_128' title='bbox 1524 1672 1809 1727; x_wconf 88' lang='lat' dir='ltr'><strong>Dominum</strong></span> <span class='ocrx_word' id='word_1_129' title='bbox 1839 1689 2033 1741; x_wconf 73' lang='lat' dir='ltr'><strong>negan-</strong></span> 
     </span>
    </p>
   </div>
   <div class='ocr_carea' id='block_1_19' title="bbox 2139 477 3736 557">
    <p class='ocr_par' dir='ltr' id='par_1_19' title="bbox 2139 477 3736 557">
     <span class='ocr_line' id='line_1_19' title="bbox 2139 477 3736 557; baseline 0.007 -27"><span class='ocrx_word' id='word_1_130' title='bbox 2139 477 2328 532; x_wconf 81' lang='lat' dir='ltr'><strong>valebo</strong></span> <span class='ocrx_word' id='word_1_131' title='bbox 2351 520 2387 552; x_wconf 23' lang='grc' dir='ltr'><strong>,ἰ</strong></span> <span class='ocrx_word' id='word_1_132' title='bbox 2425 481 2549 549; x_wconf 88' lang='lat' dir='ltr'><strong>quia</strong></span> <span class='ocrx_word' id='word_1_133' title='bbox 2599 490 2654 535; x_wconf 91' lang='lat' dir='ltr'><strong>et</strong></span> <span class='ocrx_word' id='word_1_134' title='bbox 2705 482 2835 536; x_wconf 79' lang='lat' dir='ltr'><strong>milii</strong></span> <span class='ocrx_word' id='word_1_135' title='bbox 2889 497 3120 551; x_wconf 81' lang='lat' dir='ltr'><strong>peucum</strong></span> <span class='ocrx_word' id='word_1_136' title='bbox 3173 493 3427 553; x_wconf 84' lang='lat' dir='ltr'><strong>superest</strong></span> <span class='ocrx_word' id='word_1_137' title='bbox 3473 490 3736 557; x_wconf 77' lang='lat' dir='ltr'><strong>temporis</strong></span> 
     </span>
    </p>
   </div>
   <div class='ocr_carea' id='block_1_20' title="bbox 2139 572 3736 646">
    <p class='ocr_par' dir='ltr' id='par_1_20' title="bbox 2139 572 3736 646">
     <span class='ocr_line' id='line_1_20' title="bbox 2139 572 3736 646; baseline 0.008 -23"><span class='ocrx_word' id='word_1_138' title='bbox 2139 572 2401 638; x_wconf 80' lang='lat' dir='ltr'><strong>spatium.</strong></span> <span class='ocrx_word' id='word_1_139' title='bbox 2454 580 2509 628; x_wconf 86' lang='lat' dir='ltr'><strong>et</strong></span> <span class='ocrx_word' id='word_1_140' title='bbox 2554 572 2599 627; x_wconf 90' lang='lat' dir='ltr'><strong>si</strong></span> <span class='ocrx_word' id='word_1_141' title='bbox 2655 574 2798 629; x_wconf 89' lang='lat' dir='ltr'><strong>inter</strong></span> <span class='ocrx_word' id='word_1_142' title='bbox 2845 574 2985 630; x_wconf 79' lang='lat' dir='ltr'><strong>filios</strong></span> <span class='ocrx_word' id='word_1_143' title='bbox 3037 575 3336 640; x_wconf 76' lang='lat' dir='ltr'><strong>Ecclesiae,</strong></span> <span class='ocrx_word' id='word_1_144' title='bbox 3382 578 3736 646; x_wconf 82' lang='lat' dir='ltr'><strong>permittente</strong></span> 
     </span>
    </p>
   </div>
   <div class='ocr_carea' id='block_1_21' title="bbox 2136 656 3740 734">
    <p class='ocr_par' dir='ltr' id='par_1_21' title="bbox 2136 656 3740 734">
     <span class='ocr_line' id='line_1_21' title="bbox 2136 656 3740 734; baseline 0.006 -22"><span class='ocrx_word' id='word_1_145' title='bbox 2136 656 2248 714; x_wconf 82' lang='lat' dir='ltr'><strong>Deo</strong></span> <span class='ocrx_word' id='word_1_146' title='bbox 2273 697 2288 722; x_wconf 85' lang='lat'><strong>,</strong></span> <span class='ocrx_word' id='word_1_147' title='bbox 2336 660 2387 713; x_wconf 93' lang='lat' dir='ltr'><strong>in</strong></span> <span class='ocrx_word' id='word_1_148' title='bbox 2415 676 2500 715; x_wconf 86' lang='lat' dir='ltr'><strong>me</strong></span> <span class='ocrx_word' id='word_1_149' title='bbox 2523 664 2829 733; x_wconf 81' lang='lat' dir='ltr'><strong>acceperint</strong></span> <span class='ocrx_word' id='word_1_150' title='bbox 2856 674 3179 733; x_wconf 82' lang='lat' dir='ltr'><strong>potestatem</strong></span> <span class='ocrx_word' id='word_1_151' title='bbox 3213 667 3574 734; x_wconf 71' lang='lat' dir='ltr'><strong>corporaliter</strong></span> <span class='ocrx_word' id='word_1_152' title='bbox 3604 667 3740 722; x_wconf 76' lang='lat' dir='ltr'><strong>afﬂi-</strong></span> 
     </span>
    </p>
   </div>
   <div class='ocr_carea' id='block_1_22' title="bbox 2137 752 3736 829">
    <p class='ocr_par' dir='ltr' id='par_1_22' title="bbox 2137 752 3736 829">
     <span class='ocr_line' id='line_1_22' title="bbox 2137 752 3736 829; baseline 0.006 -23"><span class='ocrx_word' id='word_1_153' title='bbox 2137 752 2294 822; x_wconf 76' lang='lat' dir='ltr'><strong>gendi</strong></span> <span class='ocrx_word' id='word_1_154' title='bbox 2323 793 2339 816; x_wconf 91' lang='lat'><strong>,</strong></span> <span class='ocrx_word' id='word_1_155' title='bbox 2373 754 2553 808; x_wconf 88' lang='lat' dir='ltr'><strong>divina</strong></span> <span class='ocrx_word' id='word_1_156' title='bbox 2594 756 2763 819; x_wconf 69' lang='lat' dir='ltr'><strong>gratia</strong></span> <span class='ocrx_word' id='word_1_157' title='bbox 2795 758 3081 823; x_wconf 85' lang='lat' dir='ltr'><strong>adjuvantc</strong></span> <span class='ocrx_word' id='word_1_158' title='bbox 3106 799 3121 819; x_wconf 88' lang='lat'><strong>.</strong></span> <span class='ocrx_word' id='word_1_159' title='bbox 3152 761 3485 814; x_wconf 72' lang='lat' dir='ltr'><strong>exereeliunt</strong></span> <span class='ocrx_word' id='word_1_160' title='bbox 3517 762 3736 829; x_wconf 86' lang='lat' dir='ltr'><strong>patien-</strong></span> 
     </span>
    </p>
   </div>
   <div class='ocr_carea' id='block_1_23' title="bbox 2138 843 3741 905">
    <p class='ocr_par' dir='ltr' id='par_1_23' title="bbox 2138 843 3741 905">
     <span class='ocr_line' id='line_1_23' title="bbox 2138 843 3741 905; baseline 0.004 -9"><span class='ocrx_word' id='word_1_161' title='bbox 2138 844 2287 897; x_wconf 89' lang='lat' dir='ltr'><strong>tiam.</strong></span> <span class='ocrx_word' id='word_1_162' title='bbox 2329 843 2435 899; x_wconf 90' lang='lat' dir='ltr'><strong>Sed</strong></span> <span class='ocrx_word' id='word_1_163' title='bbox 2483 846 2585 900; x_wconf 88' lang='lat' dir='ltr'><strong>etsi</strong></span> <span class='ocrx_word' id='word_1_164' title='bbox 2631 848 3004 902; x_wconf 79' lang='lat' dir='ltr'><strong>tantummodo</strong></span> <span class='ocrx_word' id='word_1_165' title='bbox 3037 848 3180 905; x_wconf 90' lang='lat' dir='ltr'><strong>male</strong></span> <span class='ocrx_word' id='word_1_166' title='bbox 3224 849 3513 905; x_wconf 85' lang='lat' dir='ltr'><strong>sentiendo</strong></span> <span class='ocrx_word' id='word_1_167' title='bbox 3542 850 3741 905; x_wconf 82' lang='lat' dir='ltr'><strong>adver-</strong></span> 
     </span>
    </p>
   </div>
   <div class='ocr_carea' id='block_1_24' title="bbox 2137 932 3738 1010">
    <p class='ocr_par' dir='ltr' id='par_1_24' title="bbox 2137 932 3738 1010">
     <span class='ocr_line' id='line_1_24' title="bbox 2137 932 3738 1010; baseline 0.006 -23"><span class='ocrx_word' id='word_1_168' title='bbox 2137 932 2418 999; x_wconf 78' lang='lat' dir='ltr'><strong>sahuntur,</strong></span> <span class='ocrx_word' id='word_1_169' title='bbox 2447 938 2775 990; x_wconf 82' lang='lat' dir='ltr'><strong>exercetumt</strong></span> <span class='ocrx_word' id='word_1_170' title='bbox 2825 939 3364 1010; x_wconf 87' lang='lat' dir='ltr'><strong>quantulamcunque</strong></span> <span class='ocrx_word' id='word_1_171' title='bbox 3406 942 3696 996; x_wconf 83' lang='lat' dir='ltr'><strong>scientiam</strong></span> <span class='ocrx_word' id='word_1_172' title='bbox 3720 981 3738 1006; x_wconf 85' lang='lat'><strong>,</strong></span> 
     </span>
    </p>
   </div>
   <div class='ocr_carea' id='block_1_25' title="bbox 2135 1029 3737 1104">
    <p class='ocr_par' dir='ltr' id='par_1_25' title="bbox 2135 1029 3737 1104">
     <span class='ocr_line' id='line_1_25' title="bbox 2135 1029 3737 1104; baseline 0.007 -24"><span class='ocrx_word' id='word_1_173' title='bbox 2135 1036 2190 1081; x_wconf 90' lang='lat' dir='ltr'><strong>ct</strong></span> <span class='ocrx_word' id='word_1_174' title='bbox 2227 1036 2287 1082; x_wconf 91' lang='lat' dir='ltr'><strong>ut</strong></span> <span class='ocrx_word' id='word_1_175' title='bbox 2326 1029 2491 1084; x_wconf 75' lang='lat' dir='ltr'><strong>etiam</strong></span> <span class='ocrx_word' id='word_1_176' title='bbox 2549 1030 2750 1086; x_wconf 86' lang='lat' dir='ltr'><strong>inimici</strong></span> <span class='ocrx_word' id='word_1_177' title='bbox 2787 1033 3086 1088; x_wconf 75' lang='lat' dir='ltr'><strong>secundum</strong></span> <span class='ocrx_word' id='word_1_178' title='bbox 3132 1046 3463 1104; x_wconf 74' lang='lat' dir='ltr'><strong>pra-ceptum</strong></span> <span class='ocrx_word' id='word_1_179' title='bbox 3518 1036 3737 1091; x_wconf 88' lang='lat' dir='ltr'><strong>Domini</strong></span> 
     </span>
    </p>
   </div>
   <div class='ocr_carea' id='block_1_26' title="bbox 2136 1115 3737 1190">
    <p class='ocr_par' dir='ltr' id='par_1_26' title="bbox 2136 1115 3737 1190">
     <span class='ocr_line' id='line_1_26' title="bbox 2136 1115 3737 1190; baseline 0.006 -20"><span class='ocrx_word' id='word_1_180' title='bbox 2136 1115 2427 1187; x_wconf 73' lang='lat' dir='ltr'><strong>diligantur</strong></span> <span class='ocrx_word' id='word_1_181' title='bbox 2451 1118 2667 1190; x_wconf 77' lang='lat' dir='ltr'><strong>(Matth.</strong></span> <span class='ocrx_word' id='word_1_182' title='bbox 2696 1137 2750 1183; x_wconf 76' lang='grc' dir='ltr'><strong>ν,</strong></span> <span class='ocrx_word' id='word_1_183' title='bbox 2773 1120 2887 1185; x_wconf 66' lang='lat' dir='ltr'><strong>ul,</strong></span> <span class='ocrx_word' id='word_1_184' title='bbox 2915 1122 3245 1177; x_wconf 54' lang='lat' dir='ltr'><strong>esereebunt</strong></span> <span class='ocrx_word' id='word_1_185' title='bbox 3273 1122 3737 1183; x_wconf 76' lang='lat' dir='ltr'><strong>benevolentiam.</strong></span> 
     </span>
    </p>
   </div>
   <div class='ocr_carea' id='block_1_27' title="bbox 2135 1206 3744 1278">
    <p class='ocr_par' dir='ltr' id='par_1_27' title="bbox 2135 1206 3744 1278">
     <span class='ocr_line' id='line_1_27' title="bbox 2135 1206 3744 1278; baseline 0.006 -16"><span class='ocrx_word' id='word_1_186' title='bbox 2135 1206 2426 1262; x_wconf 73' lang='lat' dir='ltr'><strong>Praefatum</strong></span> <span class='ocrx_word' id='word_1_187' title='bbox 2470 1220 2648 1265; x_wconf 77' lang='lat' dir='ltr'><strong>autem</strong></span> <span class='ocrx_word' id='word_1_188' title='bbox 2691 1211 3107 1270; x_wconf 77' lang='lat' dir='ltr'><strong>Gotliescalcum</strong></span> <span class='ocrx_word' id='word_1_189' title='bbox 3136 1250 3153 1278; x_wconf 82' lang='lat'><strong>,</strong></span> <span class='ocrx_word' id='word_1_190' title='bbox 3207 1215 3251 1269; x_wconf 85' lang='lat' dir='ltr'><strong>si</strong></span> <span class='ocrx_word' id='word_1_191' title='bbox 3306 1225 3491 1271; x_wconf 81' lang='lat' dir='ltr'><strong>vestra</strong></span> <span class='ocrx_word' id='word_1_192' title='bbox 3549 1225 3744 1272; x_wconf 89' lang='lat' dir='ltr'><strong>aucto-</strong></span> 
     </span>
    </p>
   </div>
   <div class='ocr_carea' id='block_1_28' title="bbox 2137 1298 3741 1373">
    <p class='ocr_par' dir='ltr' id='par_1_28' title="bbox 2137 1298 3741 1373">
     <span class='ocr_line' id='line_1_28' title="bbox 2137 1298 3741 1373; baseline 0.005 -21"><span class='ocrx_word' id='word_1_193' title='bbox 2137 1298 2270 1353; x_wconf 86' lang='lat' dir='ltr'><strong>ritas</strong></span> <span class='ocrx_word' id='word_1_194' title='bbox 2319 1300 2451 1355; x_wconf 82' lang='lat' dir='ltr'><strong>milu</strong></span> <span class='ocrx_word' id='word_1_195' title='bbox 2487 1303 2808 1373; x_wconf 89' lang='lat' dir='ltr'><strong>scripserit.</strong></span> <span class='ocrx_word' id='word_1_196' title='bbox 2841 1312 2901 1357; x_wconf 93' lang='grc' dir='ltr'><strong>ιιι</strong></span> <span class='ocrx_word' id='word_1_197' title='bbox 2941 1320 3063 1359; x_wconf 90' lang='lat' dir='ltr'><strong>eum</strong></span> <span class='ocrx_word' id='word_1_198' title='bbox 3114 1320 3144 1359; x_wconf 74' lang='grc' dir='ltr'><strong>ιι</strong></span> <span class='ocrx_word' id='word_1_199' title='bbox 3190 1307 3433 1361; x_wconf 81' lang='lat' dir='ltr'><strong>custodia</strong></span> <span class='ocrx_word' id='word_1_200' title='bbox 3492 1307 3741 1368; x_wconf 78' lang='lat' dir='ltr'><strong>solvam.</strong></span> 
     </span>
    </p>
   </div>
   <div class='ocr_carea' id='block_1_29' title="bbox 2135 1392 3741 1468">
    <p class='ocr_par' dir='ltr' id='par_1_29' title="bbox 2135 1392 3741 1468">
     <span class='ocr_line' id='line_1_29' title="bbox 2135 1392 3741 1468; baseline 0.007 -26"><span class='ocrx_word' id='word_1_201' title='bbox 2135 1397 2192 1443; x_wconf 89' lang='lat' dir='ltr'><strong>et</strong></span> <span class='ocrx_word' id='word_1_202' title='bbox 2246 1399 2340 1443; x_wconf 86' lang='lat' dir='ltr'><strong>aut</strong></span> <span class='ocrx_word' id='word_1_203' title='bbox 2381 1402 2440 1445; x_wconf 90' lang='lat' dir='ltr'><strong>ut</strong></span> <span class='ocrx_word' id='word_1_204' title='bbox 2467 1392 2534 1445; x_wconf 92' lang='lat' dir='ltr'><strong>ad</strong></span> <span class='ocrx_word' id='word_1_205' title='bbox 2586 1407 2683 1448; x_wconf 86' lang='lat' dir='ltr'><strong>vos</strong></span> <span class='ocrx_word' id='word_1_206' title='bbox 2725 1394 2886 1449; x_wconf 85' lang='lat' dir='ltr'><strong>eundi</strong></span> <span class='ocrx_word' id='word_1_207' title='bbox 2914 1436 2928 1456; x_wconf 90' lang='lat'><strong>.</strong></span> <span class='ocrx_word' id='word_1_208' title='bbox 2983 1404 3045 1449; x_wconf 86' lang='lat' dir='ltr'><strong>ut</strong></span> <span class='ocrx_word' id='word_1_209' title='bbox 3086 1411 3182 1467; x_wconf 89' lang='lat' dir='ltr'><strong>per</strong></span> <span class='ocrx_word' id='word_1_210' title='bbox 3232 1413 3327 1452; x_wconf 90' lang='lat' dir='ltr'><strong>vos</strong></span> <span class='ocrx_word' id='word_1_211' title='bbox 3376 1397 3497 1468; x_wconf 78' lang='lat' dir='ltr'><strong>ejus</strong></span> <span class='ocrx_word' id='word_1_212' title='bbox 3529 1400 3741 1455; x_wconf 83' lang='lat' dir='ltr'><strong>doctri-</strong></span> 
     </span>
    </p>
   </div>
   <div class='ocr_carea' id='block_1_30' title="bbox 2136 1485 3744 1559">
    <p class='ocr_par' dir='ltr' id='par_1_30' title="bbox 2136 1485 3744 1559">
     <span class='ocr_line' id='line_1_30' title="bbox 2136 1485 3744 1559; baseline 0.007 -23"><span class='ocrx_word' id='word_1_213' title='bbox 2136 1498 2262 1537; x_wconf 86' lang='lat' dir='ltr'><strong>nam</strong></span> <span class='ocrx_word' id='word_1_214' title='bbox 2309 1485 2664 1554; x_wconf 75' lang='lat' dir='ltr'><strong>experiamini</strong></span> <span class='ocrx_word' id='word_1_215' title='bbox 2691 1527 2706 1549; x_wconf 84' lang='lat'><strong>,</strong></span> <span class='ocrx_word' id='word_1_216' title='bbox 2754 1496 2846 1541; x_wconf 88' lang='lat' dir='ltr'><strong>aut</strong></span> <span class='ocrx_word' id='word_1_217' title='bbox 2892 1488 2959 1542; x_wconf 89' lang='lat' dir='ltr'><strong>ad</strong></span> <span class='ocrx_word' id='word_1_218' title='bbox 2993 1501 3371 1559; x_wconf 83' lang='lat' dir='ltr'><strong>quemcunque</strong></span> <span class='ocrx_word' id='word_1_219' title='bbox 3411 1506 3479 1545; x_wconf 82' lang='lat' dir='ltr'><strong>ex</strong></span> <span class='ocrx_word' id='word_1_220' title='bbox 3517 1493 3744 1547; x_wconf 87' lang='lat' dir='ltr'><strong>nomine</strong></span> 
     </span>
    </p>
   </div>
   <div class='ocr_carea' id='block_1_31' title="bbox 2138 1576 3746 1652">
    <p class='ocr_par' dir='ltr' id='par_1_31' title="bbox 2138 1576 3746 1652">
     <span class='ocr_line' id='line_1_31' title="bbox 2138 1576 3746 1652; baseline 0.006 -23"><span class='ocrx_word' id='word_1_221' title='bbox 2138 1576 2478 1647; x_wconf 80' lang='lat' dir='ltr'><strong>designatum</strong></span> <span class='ocrx_word' id='word_1_222' title='bbox 2523 1578 2779 1649; x_wconf 78' lang='lat' dir='ltr'><strong>pergendi</strong></span> <span class='ocrx_word' id='word_1_223' title='bbox 2812 1579 3086 1634; x_wconf 89' lang='lat' dir='ltr'><strong>licentiam</strong></span> <span class='ocrx_word' id='word_1_224' title='bbox 3119 1580 3335 1644; x_wconf 68' lang='lat' dir='ltr'><strong>tionem,</strong></span> <span class='ocrx_word' id='word_1_225' title='bbox 3374 1583 3503 1652; x_wconf 90' lang='lat' dir='ltr'><strong>quia</strong></span> <span class='ocrx_word' id='word_1_226' title='bbox 3537 1591 3601 1636; x_wconf 90' lang='lat' dir='ltr'><strong>ut</strong></span> <span class='ocrx_word' id='word_1_227' title='bbox 3634 1599 3746 1639; x_wconf 83' lang='lat' dir='ltr'><strong>me-</strong></span> 
     </span>
    </p>
   </div>
   <div class='ocr_carea' id='block_1_32' title="bbox 2138 1665 3749 1742">
    <p class='ocr_par' dir='ltr' id='par_1_32' title="bbox 2138 1665 3749 1742">
     <span class='ocr_line' id='line_1_32' title="bbox 2138 1665 3749 1742; baseline 0.005 -23"><span class='ocrx_word' id='word_1_228' title='bbox 2138 1665 2241 1721; x_wconf 89' lang='lat' dir='ltr'><strong>lius</strong></span> <span class='ocrx_word' id='word_1_229' title='bbox 2282 1666 2377 1735; x_wconf 83' lang='lat' dir='ltr'><strong>ipsi</strong></span> <span class='ocrx_word' id='word_1_230' title='bbox 2427 1666 2619 1731; x_wconf 84' lang='lat' dir='ltr'><strong>scitis,</strong></span> <span class='ocrx_word' id='word_1_231' title='bbox 2650 1668 2793 1721; x_wconf 88' lang='lat' dir='ltr'><strong>sicut</strong></span> <span class='ocrx_word' id='word_1_232' title='bbox 2840 1668 3087 1723; x_wconf 77' lang='lat' dir='ltr'><strong>absolute</strong></span> <span class='ocrx_word' id='word_1_233' title='bbox 3134 1670 3363 1740; x_wconf 82' lang='lat' dir='ltr'><strong>quisque</strong></span> <span class='ocrx_word' id='word_1_234' title='bbox 3413 1670 3749 1742; x_wconf 78' lang='lat' dir='ltr'><strong>regulariter</strong></span> 
     </span>
    </p>
   </div>
   <div class='ocr_carea' id='block_1_33' title="bbox 442 1742 3742 1831">
    <p class='ocr_par' dir='ltr' id='par_1_33' title="bbox 442 1742 3742 1831">
     <span class='ocr_line' id='line_1_33' title="bbox 442 1742 3742 1831; baseline 0.002 -24"><span class='ocrx_word' id='word_1_235' title='bbox 442 1759 529 1813; x_wconf 77' lang='lat' dir='ltr'><strong>tes</strong></span> <span class='ocrx_word' id='word_1_236' title='bbox 568 1749 676 1819; x_wconf 86' lang='grc'><strong>(11</strong></span> <span class='ocrx_word' id='word_1_237' title='bbox 716 1751 863 1808; x_wconf 80' lang='lat' dir='ltr'><strong>Pelr.</strong></span> <span class='ocrx_word' id='word_1_238' title='bbox 913 1755 1008 1826; x_wconf 78' lang='grc' dir='ltr'>ιι).</span> <span class='ocrx_word' id='word_1_239' title='bbox 1066 1758 1325 1829; x_wconf 87' lang='lat' dir='ltr'><strong>Baptismi</strong></span> <span class='ocrx_word' id='word_1_240' title='bbox 1358 1800 1375 1824; x_wconf 91' lang='lat'><strong>,</strong></span> <span class='ocrx_word' id='word_1_241' title='bbox 1422 1762 1633 1831; x_wconf 82' lang='lat' dir='ltr'><strong>inquit,</strong></span> <span class='ocrx_word' id='word_1_242' title='bbox 1687 1775 2028 1821; x_wconf 71' lang='lat' dir='ltr'><strong>sacramento</strong></span> <span class='ocrx_word' id='word_1_243' title='bbox 2064 1742 2373 1812; x_wconf 77' lang='lat' dir='ltr'><strong>BorJinari</strong></span> <span class='ocrx_word' id='word_1_244' title='bbox 2417 1771 2521 1810; x_wconf 87' lang='lat' dir='ltr'><strong>non</strong></span> <span class='ocrx_word' id='word_1_245' title='bbox 2567 1756 2746 1821; x_wconf 86' lang='lat' dir='ltr'><strong>valet,</strong></span> <span class='ocrx_word' id='word_1_246' title='bbox 2801 1758 2870 1811; x_wconf 89' lang='lat' dir='ltr'><strong>ita</strong></span> <span class='ocrx_word' id='word_1_247' title='bbox 2926 1758 3028 1811; x_wconf 86' lang='lat' dir='ltr'><strong>nisi</strong></span> <span class='ocrx_word' id='word_1_248' title='bbox 3086 1773 3149 1812; x_wconf 76' lang='lat' dir='ltr'><strong>ex</strong></span> <span class='ocrx_word' id='word_1_249' title='bbox 3205 1759 3374 1827; x_wconf 84' lang='lat' dir='ltr'><strong>ipsius</strong></span> <span class='ocrx_word' id='word_1_250' title='bbox 3434 1776 3742 1824; x_wconf 82' lang='lat' dir='ltr'><strong>consensu,</strong></span> 
     </span>
    </p>
   </div>
   <div class='ocr_carea' id='block_1_34' title="bbox 441 1844 3747 1920">
    <p class='ocr_par' dir='ltr' id='par_1_34' title="bbox 441 1844 3747 1920">
     <span class='ocr_line' id='line_1_34' title="bbox 441 1844 3747 1920; baseline 0.004 -28"><span class='ocrx_word' id='word_1_251' title='bbox 441 1855 540 1894; x_wconf 70' lang='lat' dir='ltr'><strong>eos</strong></span> <span class='ocrx_word' id='word_1_252' title='bbox 588 1844 740 1905; x_wconf 86' lang='lat' dir='ltr'><strong>emit.</strong></span> <span class='ocrx_word' id='word_1_253' title='bbox 791 1858 896 1900; x_wconf 90' lang='lat' dir='ltr'><strong>non</strong></span> <span class='ocrx_word' id='word_1_254' title='bbox 943 1857 1125 1902; x_wconf 88' lang='lat' dir='ltr'><strong>tamen</strong></span> <span class='ocrx_word' id='word_1_255' title='bbox 1174 1864 1274 1918; x_wconf 91' lang='lat' dir='ltr'><strong>pro</strong></span> <span class='ocrx_word' id='word_1_256' title='bbox 1315 1852 1396 1908; x_wconf 88' lang='lat' dir='ltr'><strong>eis</strong></span> <span class='ocrx_word' id='word_1_257' title='bbox 1436 1868 1654 1909; x_wconf 87' lang='lat' dir='ltr'><strong>crucem</strong></span> <span class='ocrx_word' id='word_1_258' title='bbox 1699 1855 1887 1918; x_wconf 88' lang='lat' dir='ltr'><strong>subiit.</strong></span> <span class='ocrx_word' id='word_1_259' title='bbox 1936 1872 2054 1911; x_wconf 42' lang='lat' dir='ltr'><strong>ne»</strong></span> <span class='ocrx_word' id='word_1_260' title='bbox 2136 1846 2289 1916; x_wconf 78' lang='lat' dir='ltr'><strong>cujus</strong></span> <span class='ocrx_word' id='word_1_261' title='bbox 2339 1862 2461 1903; x_wconf 87' lang='lat' dir='ltr'><strong>esse</strong></span> <span class='ocrx_word' id='word_1_262' title='bbox 2512 1847 2881 1920; x_wconf 77' lang='lat' dir='ltr'><strong>dignoscitur.</strong></span> <span class='ocrx_word' id='word_1_263' title='bbox 2941 1860 3103 1904; x_wconf 66' lang='lat' dir='ltr'><strong>certae</strong></span> <span class='ocrx_word' id='word_1_264' title='bbox 3154 1865 3401 1920; x_wconf 70' lang='lat' dir='ltr'><strong>personte</strong></span> <span class='ocrx_word' id='word_1_265' title='bbox 3452 1866 3747 1907; x_wconf 85' lang='lat' dir='ltr'><strong>commeu-.</strong></span> 
     </span>
    </p>
   </div>
   <div class='ocr_carea' id='block_1_35' title="bbox 442 1938 3751 2016">
    <p class='ocr_par' dir='ltr' id='par_1_35' title="bbox 442 1938 3751 2016">
     <span class='ocr_line' id='line_1_35' title="bbox 442 1938 3751 2016; baseline 0.008 -30"><span class='ocrx_word' id='word_1_266' title='bbox 442 1948 549 2003; x_wconf 88' lang='lat' dir='ltr'><strong>que</strong></span> <span class='ocrx_word' id='word_1_267' title='bbox 596 1946 823 1992; x_wconf 87' lang='lat' dir='ltr'><strong>mortem</strong></span> <span class='ocrx_word' id='word_1_268' title='bbox 867 1940 1104 2008; x_wconf 86' lang='lat' dir='ltr'><strong>pertulit.</strong></span> <span class='ocrx_word' id='word_1_269' title='bbox 1142 1958 1317 2012; x_wconf 86' lang='lat' dir='ltr'><strong>neque</strong></span> <span class='ocrx_word' id='word_1_270' title='bbox 1347 1948 1667 2014; x_wconf 69' lang='lat' dir='ltr'><strong>sanguinem</strong></span> <span class='ocrx_word' id='word_1_271' title='bbox 1691 1947 1845 2004; x_wconf 81' lang='lat' dir='ltr'><strong>fudit.</strong></span> <span class='ocrx_word' id='word_1_272' title='bbox 1876 1949 2030 2016; x_wconf 82' lang='lat' dir='ltr'><strong>Quod</strong></span> <span class='ocrx_word' id='word_1_273' title='bbox 2136 1938 2380 2000; x_wconf 60' lang='grc' dir='ltr'>(ιίηιάιιεο</span> <span class='ocrx_word' id='word_1_274' title='bbox 2429 1947 2483 1994; x_wconf 74' lang='grc' dir='ltr'>οι</span> <span class='ocrx_word' id='word_1_275' title='bbox 2517 1942 2582 1993; x_wconf 67' lang='grc' dir='ltr'>Ωιι</span> <span class='ocrx_word' id='word_1_276' title='bbox 2629 1949 2838 1995; x_wconf 56' lang='lat' dir='ltr'><strong>Celmi“</strong></span> <span class='ocrx_word' id='word_1_277' title='bbox 2891 1940 3063 1995; x_wconf 64' lang='lat' dir='ltr'><strong>IOW&#39;&quot;</strong></span> <span class='ocrx_word' id='word_1_278' title='bbox 3099 1942 3398 1997; x_wconf 63' lang='grc' dir='ltr'><strong>ηιοηποῖηῑε</strong></span> <span class='ocrx_word' id='word_1_279' title='bbox 3424 1983 3441 2007; x_wconf 68' lang='grc' dir='ltr'><strong>ι</strong></span> <span class='ocrx_word' id='word_1_280' title='bbox 3475 1943 3561 1998; x_wconf 66' lang='grc' dir='ltr'>νει</span> <span class='ocrx_word' id='word_1_281' title='bbox 3595 1945 3751 2012; x_wconf 59' lang='lat' dir='ltr'><strong>(liti-‘1&#39;!</strong></span> 
     </span>
    </p>
   </div>
   <div class='ocr_carea' id='block_1_36' title="bbox 446 2026 3749 2109">
    <p class='ocr_par' dir='ltr' id='par_1_36' title="bbox 446 2026 3749 2109">
     <span class='ocr_line' id='line_1_36' title="bbox 446 2026 3749 2109; baseline 0.008 -35"><span class='ocrx_word' id='word_1_282' title='bbox 446 2034 630 2080; x_wconf 85' lang='lat' dir='ltr'><strong>autem</strong></span> <span class='ocrx_word' id='word_1_283' title='bbox 677 2026 930 2098; x_wconf 86' lang='lat' dir='ltr'><strong>baptismi</strong></span> <span class='ocrx_word' id='word_1_284' title='bbox 980 2032 1256 2100; x_wconf 80' lang='lat' dir='ltr'><strong>perceptio</strong></span> <span class='ocrx_word' id='word_1_285' title='bbox 1299 2035 1598 2105; x_wconf 83' lang='lat' dir='ltr'><strong>redemptio</strong></span> <span class='ocrx_word' id='word_1_286' title='bbox 1652 2049 2029 2109; x_wconf 71' lang='lat' dir='ltr'><strong>nuncupatur,</strong></span> <span class='ocrx_word' id='word_1_287' title='bbox 2133 2048 2241 2103; x_wconf 71' lang='lat' dir='ltr'><strong>title</strong></span> <span class='ocrx_word' id='word_1_288' title='bbox 2290 2032 2392 2087; x_wconf 60' lang='lat' dir='ltr'><strong>sui!</strong></span> <span class='ocrx_word' id='word_1_289' title='bbox 2448 2033 2627 2104; x_wconf 69' lang='lat' dir='ltr'><strong>regula</strong></span> <span class='ocrx_word' id='word_1_290' title='bbox 2685 2033 3051 2095; x_wconf 67' lang='grc' dir='ltr'><strong>οοηεῑῖῑιιῑηες</strong></span> <span class='ocrx_word' id='word_1_291' title='bbox 3105 2050 3133 2089; x_wconf 69' lang='lat'><strong>3</strong></span> <span class='ocrx_word' id='word_1_292' title='bbox 3183 2034 3303 2090; x_wconf 65' lang='lat'><strong>1000</strong></span> <span class='ocrx_word' id='word_1_293' title='bbox 3360 2050 3463 2092; x_wconf 66' lang='lat'><strong>$130</strong></span> <span class='ocrx_word' id='word_1_294' title='bbox 3530 2037 3749 2091; x_wconf 48' lang='lat'><strong>311501“</strong></span> 
     </span>
    </p>
   </div>
   <div class='ocr_carea' id='block_1_37' title="bbox 445 2113 3749 2197">
    <p class='ocr_par' dir='ltr' id='par_1_37' title="bbox 445 2113 3749 2197">
     <span class='ocr_line' id='line_1_37' title="bbox 445 2113 3749 2197; baseline 0.005 -31"><span class='ocrx_word' id='word_1_295' title='bbox 445 2113 637 2167; x_wconf 84' lang='lat' dir='ltr'><strong>doctor</strong></span> <span class='ocrx_word' id='word_1_296' title='bbox 699 2117 937 2185; x_wconf 78' lang='lat' dir='ltr'><strong>gentium</strong></span> <span class='ocrx_word' id='word_1_297' title='bbox 986 2120 1272 2177; x_wconf 78' lang='lat' dir='ltr'><strong>manifeste</strong></span> <span class='ocrx_word' id='word_1_298' title='bbox 1326 2122 1574 2179; x_wconf 84' lang='lat' dir='ltr'><strong>fatetur:</strong></span> <span class='ocrx_word' id='word_1_299' title='bbox 1610 2124 1785 2183; x_wconf 85' lang='lat' dir='ltr'><strong>Nolite</strong></span> <span class='ocrx_word' id='word_1_300' title='bbox 1832 2130 2032 2184; x_wconf 89' lang='lat' dir='ltr'><strong>contri-</strong></span> <span class='ocrx_word' id='word_1_301' title='bbox 2130 2127 2283 2197; x_wconf 71' lang='lat' dir='ltr'><strong>jttXta</strong></span> <span class='ocrx_word' id='word_1_302' title='bbox 2336 2127 2551 2196; x_wconf 72' lang='lat' dir='ltr'><strong>regulas</strong></span> <span class='ocrx_word' id='word_1_303' title='bbox 2599 2141 2784 2181; x_wconf 86' lang='lat' dir='ltr'><strong>sacras</strong></span> <span class='ocrx_word' id='word_1_304' title='bbox 2829 2143 2933 2181; x_wconf 85' lang='lat' dir='ltr'><strong>non</strong></span> <span class='ocrx_word' id='word_1_305' title='bbox 2974 2127 3135 2188; x_wconf 85' lang='lat' dir='ltr'><strong>valet,</strong></span> <span class='ocrx_word' id='word_1_306' title='bbox 3163 2127 3359 2182; x_wconf 80' lang='lat' dir='ltr'><strong>vestris</strong></span> <span class='ocrx_word' id='word_1_307' title='bbox 3398 2126 3749 2193; x_wconf 84' lang='lat' dir='ltr'><strong>jussionibus</strong></span> 
     </span>
    </p>
   </div>
   <div class='ocr_carea' id='block_1_38' title="bbox 442 2208 3748 2294">
    <p class='ocr_par' dir='ltr' id='par_1_38' title="bbox 442 2208 3748 2294">
     <span class='ocr_line' id='line_1_38' title="bbox 442 2208 3748 2294; baseline 0.003 -34"><span class='ocrx_word' id='word_1_308' title='bbox 442 2215 612 2271; x_wconf 78' lang='lat' dir='ltr'><strong>stare,</strong></span> <span class='ocrx_word' id='word_1_309' title='bbox 645 2208 844 2278; x_wconf 87' lang='lat' dir='ltr'><strong>inquit,</strong></span> <span class='ocrx_word' id='word_1_310' title='bbox 876 2210 1145 2283; x_wconf 83' lang='lat' dir='ltr'><strong>Spiritum</strong></span> <span class='ocrx_word' id='word_1_311' title='bbox 1167 2226 1412 2283; x_wconf 79' lang='lat' dir='ltr'><strong>sanctum</strong></span> <span class='ocrx_word' id='word_1_312' title='bbox 1460 2218 1574 2285; x_wconf 86' lang='lat' dir='ltr'><strong>Dei,</strong></span> <span class='ocrx_word' id='word_1_313' title='bbox 1617 2221 1669 2274; x_wconf 92' lang='lat' dir='ltr'><strong>iu</strong></span> <span class='ocrx_word' id='word_1_314' title='bbox 1699 2237 1806 2291; x_wconf 89' lang='lat' dir='ltr'><strong>quo</strong></span> <span class='ocrx_word' id='word_1_315' title='bbox 1834 2224 2029 2294; x_wconf 75' lang='lat' dir='ltr'><strong>signati</strong></span> <span class='ocrx_word' id='word_1_316' title='bbox 2138 2215 2286 2271; x_wconf 92' lang='lat' dir='ltr'><strong>nullo</strong></span> <span class='ocrx_word' id='word_1_317' title='bbox 2331 2217 2490 2271; x_wconf 72' lang='lat' dir='ltr'><strong>modo</strong></span> <span class='ocrx_word' id='word_1_318' title='bbox 2539 2216 2837 2271; x_wconf 80' lang='lat' dir='ltr'><strong>reSultabo.</strong></span> <span class='ocrx_word' id='word_1_319' title='bbox 2873 2216 3106 2270; x_wconf 87' lang='lat' dir='ltr'><strong>Tantum</strong></span> <span class='ocrx_word' id='word_1_320' title='bbox 3138 2229 3199 2271; x_wconf 90' lang='lat' dir='ltr'><strong>ut</strong></span> <span class='ocrx_word' id='word_1_321' title='bbox 3236 2216 3625 2272; x_wconf 84' lang='lat' dir='ltr'><strong>auctoritatem</strong></span> <span class='ocrx_word' id='word_1_322' title='bbox 3659 2232 3748 2271; x_wconf 80' lang='lat' dir='ltr'><strong>ve—</strong></span> 
     </span>
    </p>
   </div>
   <div class='ocr_carea' id='block_1_39' title="bbox 442 2300 3744 2387">
    <p class='ocr_par' dir='ltr' id='par_1_39' title="bbox 442 2300 3744 2387">
     <span class='ocr_line' id='line_1_39' title="bbox 442 2300 3744 2387; baseline 0.008 -36"><span class='ocrx_word' id='word_1_323' title='bbox 442 2300 575 2355; x_wconf 63' lang='lat' dir='ltr'><strong>estis</strong></span> <span class='ocrx_word' id='word_1_324' title='bbox 606 2301 658 2356; x_wconf 89' lang='lat' dir='ltr'><strong>in</strong></span> <span class='ocrx_word' id='word_1_325' title='bbox 690 2302 778 2357; x_wconf 89' lang='lat' dir='ltr'><strong>die</strong></span> <span class='ocrx_word' id='word_1_326' title='bbox 818 2304 1205 2375; x_wconf 81' lang='lat' dir='ltr'><strong>redemptionis</strong></span> <span class='ocrx_word' id='word_1_327' title='bbox 1253 2308 1470 2379; x_wconf 79' lang='lat' dir='ltr'><strong>(Ep/trs.</strong></span> <span class='ocrx_word' id='word_1_328' title='bbox 1525 2314 1621 2384; x_wconf 84' lang='lat' dir='ltr'><strong>tv).</strong></span> <span class='ocrx_word' id='word_1_329' title='bbox 1659 2313 1731 2368; x_wconf 86' lang='lat' dir='ltr'><strong>At</strong></span> <span class='ocrx_word' id='word_1_330' title='bbox 1778 2315 1865 2370; x_wconf 91' lang='lat' dir='ltr'><strong>illa</strong></span> <span class='ocrx_word' id='word_1_331' title='bbox 1912 2332 2051 2387; x_wconf 69' lang='lat' dir='ltr'><strong>qum</strong></span> <span class='ocrx_word' id='word_1_332' title='bbox 2136 2317 2306 2361; x_wconf 65' lang='grc' dir='ltr'><strong>εῑτὶὶῐη</strong></span> <span class='ocrx_word' id='word_1_333' title='bbox 2354 2306 2618 2367; x_wconf 66' lang='grc' dir='ltr'><strong>ιιτὶῖιθῖπηο</strong></span> <span class='ocrx_word' id='word_1_334' title='bbox 2658 2322 2726 2363; x_wconf 70' lang='lat' dir='ltr'><strong>ne</strong></span> <span class='ocrx_word' id='word_1_335' title='bbox 2756 2315 3030 2361; x_wconf 57' lang='lat' dir='ltr'><strong>[animum</strong></span> <span class='ocrx_word' id='word_1_336' title='bbox 3060 2306 3439 2377; x_wconf 61' lang='grc' dir='ltr'>θρῖεθοροτιιῐη</span> <span class='ocrx_word' id='word_1_337' title='bbox 3464 2304 3744 2371; x_wconf 61' lang='grc' dir='ltr'>ἱιιιιίοῖυῐη</span> 
     </span>
    </p>
   </div>
   <div class='ocr_carea' id='block_1_40' title="bbox 439 2394 2035 2482">
    <p class='ocr_par' dir='ltr' id='par_1_40' title="bbox 439 2394 2033 2465">
     <span class='ocr_line' id='line_1_40' title="bbox 439 2394 2033 2465; baseline 0.01 -19"><span class='ocrx_word' id='word_1_338' title='bbox 439 2394 657 2461; x_wconf 70' lang='lat' dir='ltr'><strong>Wopria</strong></span> <span class='ocrx_word' id='word_1_339' title='bbox 709 2403 763 2448; x_wconf 88' lang='lat' dir='ltr'><strong>et</strong></span> <span class='ocrx_word' id='word_1_340' title='bbox 818 2397 1069 2465; x_wconf 85' lang='lat' dir='ltr'><strong>specialis</strong></span> <span class='ocrx_word' id='word_1_341' title='bbox 1118 2410 1202 2454; x_wconf 87' lang='lat' dir='ltr'><strong>cst</strong></span> <span class='ocrx_word' id='word_1_342' title='bbox 1251 2401 1490 2457; x_wconf 87' lang='lat' dir='ltr'><strong>solorum</strong></span> <span class='ocrx_word' id='word_1_343' title='bbox 1535 2406 1778 2459; x_wconf 87' lang='lat' dir='ltr'><strong>omnium</strong></span> <span class='ocrx_word' id='word_1_344' title='bbox 1831 2406 2033 2462; x_wconf 85' lang='lat' dir='ltr'><strong>electo-</strong></span> 
     </span>
    </p>
   </div>
   <div class='ocr_carea' id='block_1_41' title="bbox 2142 2394 3741 2482">
    <p class='ocr_par' dir='ltr' id='par_1_41' title="bbox 2142 2394 3741 2466">
     <span class='ocr_line' id='line_1_41' title="bbox 2142 2394 3741 2466; baseline -0.001 -16"><span class='ocrx_word' id='word_1_345' title='bbox 2142 2410 2256 2450; x_wconf 86' lang='lat' dir='ltr'><strong>mea</strong></span> <span class='ocrx_word' id='word_1_346' title='bbox 2302 2396 2720 2466; x_wconf 68' lang='lat' dir='ltr'><strong>pmsutnptione</strong></span> <span class='ocrx_word' id='word_1_347' title='bbox 2768 2396 3161 2466; x_wconf 83' lang='lat' dir='ltr'><strong>parvipeudere</strong></span> <span class='ocrx_word' id='word_1_348' title='bbox 3192 2397 3398 2450; x_wconf 84' lang='lat' dir='ltr'><strong>videar.</strong></span> <span class='ocrx_word' id='word_1_349' title='bbox 3432 2394 3553 2452; x_wconf 85' lang='lat' dir='ltr'><strong>Non</strong></span> <span class='ocrx_word' id='word_1_350' title='bbox 3587 2397 3741 2452; x_wconf 83' lang='lat' dir='ltr'><strong>enim</strong></span> 
     </span>
    </p>
   </div>
   <div class='ocr_carea' id='block_1_42' title="bbox 445 2488 2035 2569">
    <p class='ocr_par' dir='ltr' id='par_1_42' title="bbox 445 2488 2032 2569">
     <span class='ocr_line' id='line_1_42' title="bbox 445 2488 2032 2569; baseline 0.013 -35"><span class='ocrx_word' id='word_1_351' title='bbox 445 2498 608 2546; x_wconf 82' lang='lat' dir='ltr'><strong>l&#39;tlllt,</strong></span> <span class='ocrx_word' id='word_1_352' title='bbox 658 2501 822 2556; x_wconf 81' lang='lat' dir='ltr'><strong>quam</strong></span> <span class='ocrx_word' id='word_1_353' title='bbox 894 2488 976 2543; x_wconf 88' lang='lat' dir='ltr'><strong>eis</strong></span> <span class='ocrx_word' id='word_1_354' title='bbox 1035 2495 1408 2547; x_wconf 68' lang='lat' dir='ltr'><strong>tantummodo</strong></span> <span class='ocrx_word' id='word_1_355' title='bbox 1448 2494 1742 2551; x_wconf 79' lang='lat' dir='ltr'><strong>cruciﬁxus</strong></span> <span class='ocrx_word' id='word_1_356' title='bbox 1789 2498 2032 2569; x_wconf 87' lang='lat' dir='ltr'><strong>imperti-</strong></span> 
     </span>
    </p>
   </div>
   <div class='ocr_carea' id='block_1_43' title="bbox 2142 2488 3749 2569">
    <p class='ocr_par' dir='ltr' id='par_1_43' title="bbox 2142 2489 3749 2559">
     <span class='ocr_line' id='line_1_43' title="bbox 2142 2489 3749 2559; baseline -0.003 -16"><span class='ocrx_word' id='word_1_357' title='bbox 2142 2490 2280 2544; x_wconf 84' lang='lat' dir='ltr'><strong>illius</strong></span> <span class='ocrx_word' id='word_1_358' title='bbox 2333 2490 2629 2552; x_wconf 71' lang='lat' dir='ltr'><strong>delector,</strong></span> <span class='ocrx_word' id='word_1_359' title='bbox 2670 2505 2832 2559; x_wconf 88' lang='lat' dir='ltr'><strong>quam</strong></span> <span class='ocrx_word' id='word_1_360' title='bbox 2887 2490 3034 2557; x_wconf 88' lang='lat' dir='ltr'><strong>juste</strong></span> <span class='ocrx_word' id='word_1_361' title='bbox 3087 2489 3321 2545; x_wconf 86' lang='lat' dir='ltr'><strong>sustinet</strong></span> <span class='ocrx_word' id='word_1_362' title='bbox 3375 2489 3749 2559; x_wconf 87' lang='lat' dir='ltr'><strong>pertinaciter</strong></span> 
     </span>
    </p>
   </div>
   <div class='ocr_carea' id='block_1_44' title="bbox 440 2577 3746 2663">
    <p class='ocr_par' dir='ltr' id='par_1_44' title="bbox 440 2577 3746 2663">
     <span class='ocr_line' id='line_1_44' title="bbox 440 2577 3746 2663; baseline 0.003 -40"><span class='ocrx_word' id='word_1_363' title='bbox 440 2577 522 2633; x_wconf 73' lang='lat' dir='ltr'><strong>vit</strong></span> <span class='ocrx_word' id='word_1_364' title='bbox 591 2579 714 2646; x_wconf 84' lang='lat' dir='ltr'><strong>pius</strong></span> <span class='ocrx_word' id='word_1_365' title='bbox 774 2581 1105 2654; x_wconf 74' lang='lat' dir='ltr'><strong>Redemptor</strong></span> <span class='ocrx_word' id='word_1_366' title='bbox 1174 2587 1456 2656; x_wconf 85' lang='lat' dir='ltr'><strong>ipsorum,</strong></span> <span class='ocrx_word' id='word_1_367' title='bbox 1509 2590 1648 2645; x_wconf 81' lang='lat' dir='ltr'><strong>sicut</strong></span> <span class='ocrx_word' id='word_1_368' title='bbox 1709 2607 1738 2645; x_wconf 69' lang='grc' dir='ltr'><strong>ιι</strong></span> <span class='ocrx_word' id='word_1_369' title='bbox 1788 2594 2034 2663; x_wconf 80' lang='lat' dir='ltr'><strong>przeteri-</strong></span> <span class='ocrx_word' id='word_1_370' title='bbox 2136 2578 2963 2651; x_wconf 70' lang='lat' dir='ltr'><strong>contumax,quantulacunque</strong></span> <span class='ocrx_word' id='word_1_371' title='bbox 2990 2579 3308 2635; x_wconf 74' lang='lat' dir='ltr'><strong>reclusionis</strong></span> <span class='ocrx_word' id='word_1_372' title='bbox 3337 2578 3746 2641; x_wconf 83' lang='lat' dir='ltr'><strong>motestia,setl</strong></span> 
     </span>
    </p>
   </div>
   <div class='ocr_carea' id='block_1_45' title="bbox 442 2668 2035 2748">
    <p class='ocr_par' dir='ltr' id='par_1_45' title="bbox 442 2668 2032 2748">
     <span class='ocr_line' id='line_1_45' title="bbox 442 2668 2032 2748; baseline 0.013 -28"><span class='ocrx_word' id='word_1_373' title='bbox 442 2668 534 2733; x_wconf 78' lang='lat' dir='ltr'><strong>tis.</strong></span> <span class='ocrx_word' id='word_1_374' title='bbox 576 2669 648 2726; x_wconf 89' lang='lat' dir='ltr'><strong>ita</strong></span> <span class='ocrx_word' id='word_1_375' title='bbox 705 2671 959 2728; x_wconf 79' lang='lat' dir='ltr'><strong>nimirum</strong></span> <span class='ocrx_word' id='word_1_376' title='bbox 1016 2688 1071 2730; x_wconf 91' lang='lat' dir='ltr'><strong>et</strong></span> <span class='ocrx_word' id='word_1_377' title='bbox 1120 2693 1149 2732; x_wconf 88' lang='lat' dir='ltr'><strong>a</strong></span> <span class='ocrx_word' id='word_1_378' title='bbox 1201 2681 1562 2748; x_wconf 76' lang='lat' dir='ltr'><strong>przcsentilius</strong></span> <span class='ocrx_word' id='word_1_379' title='bbox 1600 2692 1774 2745; x_wconf 82' lang='lat' dir='ltr'><strong>natos,</strong></span> <span class='ocrx_word' id='word_1_380' title='bbox 1833 2694 1886 2738; x_wconf 84' lang='lat' dir='ltr'><strong>ct</strong></span> <span class='ocrx_word' id='word_1_381' title='bbox 1935 2702 2032 2740; x_wconf 58' lang='lat' dir='ltr'><strong>uae</strong></span> 
     </span>
    </p>
   </div>
   <div class='ocr_carea' id='block_1_46' title="bbox 2142 2668 3743 2748">
    <p class='ocr_par' dir='ltr' id='par_1_46' title="bbox 2142 2671 3743 2742">
     <span class='ocr_line' id='line_1_46' title="bbox 2142 2671 3743 2742; baseline -0.002 -15"><span class='ocrx_word' id='word_1_382' title='bbox 2142 2672 2293 2729; x_wconf 91' lang='lat' dir='ltr'><strong>doleo</strong></span> <span class='ocrx_word' id='word_1_383' title='bbox 2337 2686 2367 2726; x_wconf 87' lang='lat' dir='ltr'><strong>a</strong></span> <span class='ocrx_word' id='word_1_384' title='bbox 2418 2687 2521 2742; x_wconf 92' lang='lat' dir='ltr'><strong>qua</strong></span> <span class='ocrx_word' id='word_1_385' title='bbox 2573 2672 2815 2728; x_wconf 84' lang='lat' dir='ltr'><strong>revocari</strong></span> <span class='ocrx_word' id='word_1_386' title='bbox 2867 2687 2971 2726; x_wconf 87' lang='lat' dir='ltr'><strong>non</strong></span> <span class='ocrx_word' id='word_1_387' title='bbox 3005 2679 3180 2741; x_wconf 87' lang='lat' dir='ltr'><strong>potest</strong></span> <span class='ocrx_word' id='word_1_388' title='bbox 3220 2671 3528 2741; x_wconf 82' lang='lat' dir='ltr'><strong>perfidiam.</strong></span> <span class='ocrx_word' id='word_1_389' title='bbox 3563 2671 3743 2737; x_wconf 83' lang='lat' dir='ltr'><strong>Quem</strong></span> 
     </span>
    </p>
   </div>
   <div class='ocr_carea' id='block_1_47' title="bbox 445 2760 3748 2845">
    <p class='ocr_par' dir='ltr' id='par_1_47' title="bbox 445 2760 3748 2845">
     <span class='ocr_line' id='line_1_47' title="bbox 445 2760 3748 2845; baseline 0.001 -33"><span class='ocrx_word' id='word_1_390' title='bbox 445 2760 680 2816; x_wconf 75' lang='lat' dir='ltr'><strong>scituros</strong></span> <span class='ocrx_word' id='word_1_391' title='bbox 708 2803 724 2826; x_wconf 91' lang='lat'><strong>,</strong></span> <span class='ocrx_word' id='word_1_392' title='bbox 762 2764 915 2820; x_wconf 83' lang='lat' dir='ltr'><strong>vivos</strong></span> <span class='ocrx_word' id='word_1_393' title='bbox 959 2775 1013 2820; x_wconf 90' lang='lat' dir='ltr'><strong>ct</strong></span> <span class='ocrx_word' id='word_1_394' title='bbox 1060 2777 1340 2831; x_wconf 87' lang='lat' dir='ltr'><strong>mortuos,</strong></span> <span class='ocrx_word' id='word_1_395' title='bbox 1392 2772 1644 2827; x_wconf 81' lang='lat' dir='ltr'><strong>videlicet</strong></span> <span class='ocrx_word' id='word_1_396' title='bbox 1689 2788 1879 2829; x_wconf 86' lang='lat' dir='ltr'><strong>omnes</strong></span> <span class='ocrx_word' id='word_1_397' title='bbox 1932 2790 2032 2845; x_wconf 73' lang='grc' dir='ltr'>[ιιι-</span> <span class='ocrx_word' id='word_1_398' title='bbox 2137 2765 2181 2818; x_wconf 93' lang='lat' dir='ltr'><strong>si</strong></span> <span class='ocrx_word' id='word_1_399' title='bbox 2222 2764 2529 2834; x_wconf 87' lang='lat' dir='ltr'><strong>cuicunque</strong></span> <span class='ocrx_word' id='word_1_400' title='bbox 2565 2765 3050 2820; x_wconf 85' lang='lat' dir='ltr'><strong>commendandum</strong></span> <span class='ocrx_word' id='word_1_401' title='bbox 3102 2773 3283 2819; x_wconf 85' lang='lat' dir='ltr'><strong>vestra</strong></span> <span class='ocrx_word' id='word_1_402' title='bbox 3317 2765 3629 2819; x_wconf 81' lang='lat' dir='ltr'><strong>auctoritas</strong></span> <span class='ocrx_word' id='word_1_403' title='bbox 3662 2764 3748 2817; x_wconf 85' lang='lat' dir='ltr'><strong>vi-</strong></span> 
     </span>
    </p>
   </div>
   <div class='ocr_carea' id='block_1_48' title="bbox 446 2851 3739 2937">
    <p class='ocr_par' dir='ltr' id='par_1_48' title="bbox 446 2851 3739 2937">
     <span class='ocr_line' id='line_1_48' title="bbox 446 2851 3739 2937; baseline 0.004 -34"><span class='ocrx_word' id='word_1_404' title='bbox 446 2851 582 2907; x_wconf 84' lang='lat' dir='ltr'><strong>riter</strong></span> <span class='ocrx_word' id='word_1_405' title='bbox 629 2853 831 2909; x_wconf 87' lang='lat' dir='ltr'><strong>electos</strong></span> <span class='ocrx_word' id='word_1_406' title='bbox 886 2859 1154 2926; x_wconf 85' lang='lat' dir='ltr'><strong>redemit,</strong></span> <span class='ocrx_word' id='word_1_407' title='bbox 1205 2862 1390 2926; x_wconf 89' lang='lat' dir='ltr'><strong>eruit,</strong></span> <span class='ocrx_word' id='word_1_408' title='bbox 1453 2863 1727 2934; x_wconf 87' lang='lat' dir='ltr'><strong>abluitque</strong></span> <span class='ocrx_word' id='word_1_409' title='bbox 1774 2870 2029 2937; x_wconf 82' lang='lat' dir='ltr'><strong>peccatis.</strong></span> <span class='ocrx_word' id='word_1_410' title='bbox 2134 2857 2317 2921; x_wconf 83' lang='lat' dir='ltr'><strong>derit,</strong></span> <span class='ocrx_word' id='word_1_411' title='bbox 2348 2856 2450 2912; x_wconf 86' lang='lat' dir='ltr'><strong>hoc</strong></span> <span class='ocrx_word' id='word_1_412' title='bbox 2496 2856 2547 2910; x_wconf 81' lang='lat' dir='ltr'><strong>in</strong></span> <span class='ocrx_word' id='word_1_413' title='bbox 2579 2855 3049 2910; x_wconf 69' lang='lat' dir='ltr'><strong>commendatione</strong></span> <span class='ocrx_word' id='word_1_414' title='bbox 3079 2855 3242 2909; x_wconf 66' lang='lat' dir='ltr'><strong>Etiam</strong></span> <span class='ocrx_word' id='word_1_415' title='bbox 3286 2854 3601 2925; x_wconf 60' lang='lat' dir='ltr'><strong>providet!“</strong></span> <span class='ocrx_word' id='word_1_416' title='bbox 3630 2894 3647 2915; x_wconf 79' lang='lat'><strong>.</strong></span> <span class='ocrx_word' id='word_1_417' title='bbox 3678 2863 3739 2909; x_wconf 75' lang='grc' dir='ltr'><strong>ιιι</strong></span> 
     </span>
    </p>
   </div>
   <div class='ocr_carea' id='block_1_49' title="bbox 445 2941 3747 3027">
    <p class='ocr_par' dir='ltr' id='par_1_49' title="bbox 445 2941 3747 3027">
     <span class='ocr_line' id='line_1_49' title="bbox 445 2941 3747 3027; baseline -0.001 -27"><span class='ocrx_word' id='word_1_418' title='bbox 445 2941 552 3012; x_wconf 74' lang='lat' dir='ltr'><strong>ipsi</strong></span> <span class='ocrx_word' id='word_1_419' title='bbox 599 2960 862 3014; x_wconf 87' lang='lat' dir='ltr'><strong>prorsus,</strong></span> <span class='ocrx_word' id='word_1_420' title='bbox 900 2949 1000 3018; x_wconf 86' lang='lat' dir='ltr'><strong>ipsi</strong></span> <span class='ocrx_word' id='word_1_421' title='bbox 1046 2960 1172 3014; x_wconf 76' lang='lat' dir='ltr'><strong>sunt</strong></span> <span class='ocrx_word' id='word_1_422' title='bbox 1213 2953 1482 3018; x_wconf 79' lang='lat' dir='ltr'><strong>mundus,</strong></span> <span class='ocrx_word' id='word_1_423' title='bbox 1531 2969 1631 3024; x_wconf 77' lang='lat' dir='ltr'><strong>pm</strong></span> <span class='ocrx_word' id='word_1_424' title='bbox 1686 2969 1793 3025; x_wconf 76' lang='lat' dir='ltr'><strong>quo</strong></span> <span class='ocrx_word' id='word_1_425' title='bbox 1844 2971 2035 3027; x_wconf 56' lang='lat' dir='ltr'><strong>passus</strong></span> <span class='ocrx_word' id='word_1_426' title='bbox 2139 2945 2226 3000; x_wconf 71' lang='lat' dir='ltr'><strong>cui</strong></span> <span class='ocrx_word' id='word_1_427' title='bbox 2268 2944 2741 3001; x_wconf 84' lang='lat' dir='ltr'><strong>commendabitur</strong></span> <span class='ocrx_word' id='word_1_428' title='bbox 2795 2944 3096 3000; x_wconf 82' lang='lat' dir='ltr'><strong>catholicus</strong></span> <span class='ocrx_word' id='word_1_429' title='bbox 3145 2945 3256 3009; x_wconf 82' lang='lat' dir='ltr'><strong>sit,</strong></span> <span class='ocrx_word' id='word_1_430' title='bbox 3301 2952 3358 2999; x_wconf 88' lang='lat' dir='ltr'><strong>et</strong></span> <span class='ocrx_word' id='word_1_431' title='bbox 3404 2943 3747 3013; x_wconf 79' lang='lat' dir='ltr'><strong>gravitatem</strong></span> 
     </span>
    </p>
   </div>
   <div class='ocr_carea' id='block_1_50' title="bbox 444 3033 3746 3121">
    <p class='ocr_par' dir='ltr' id='par_1_50' title="bbox 444 3033 3746 3121">
     <span class='ocr_line' id='line_1_50' title="bbox 444 3033 3746 3121; baseline -0.002 -27"><span class='ocrx_word' id='word_1_432' title='bbox 444 3044 531 3089; x_wconf 65' lang='lat' dir='ltr'><strong>est</strong></span> <span class='ocrx_word' id='word_1_433' title='bbox 593 3037 910 3102; x_wconf 62' lang='lat' dir='ltr'><strong>Dominus,</strong></span> <span class='ocrx_word' id='word_1_434' title='bbox 945 3048 1008 3095; x_wconf 89' lang='lat' dir='ltr'><strong>ut</strong></span> <span class='ocrx_word' id='word_1_435' title='bbox 1077 3042 1191 3110; x_wconf 84' lang='lat' dir='ltr'><strong>ipse</strong></span> <span class='ocrx_word' id='word_1_436' title='bbox 1255 3043 1393 3098; x_wconf 75' lang='lat' dir='ltr'><strong>dixit</strong></span> <span class='ocrx_word' id='word_1_437' title='bbox 1433 3062 1455 3100; x_wconf 70' lang='grc' dir='ltr'><strong>ι</strong></span> <span class='ocrx_word' id='word_1_438' title='bbox 1495 3043 1658 3101; x_wconf 58' lang='lat' dir='ltr'><strong>Pani;</strong></span> <span class='ocrx_word' id='word_1_439' title='bbox 1721 3065 1873 3119; x_wconf 71' lang='lat' dir='ltr'><strong>quem</strong></span> <span class='ocrx_word' id='word_1_440' title='bbox 1938 3067 2033 3121; x_wconf 62' lang='lat' dir='ltr'><strong>ego</strong></span> <span class='ocrx_word' id='word_1_441' title='bbox 2066 3110 2104 3121; x_wconf 82' lang='lat'>_</span> <span class='ocrx_word' id='word_1_442' title='bbox 2136 3035 2559 3092; x_wconf 86' lang='lat' dir='ltr'><strong>ecclesiasticam</strong></span> <span class='ocrx_word' id='word_1_443' title='bbox 2606 3043 2662 3090; x_wconf 88' lang='lat' dir='ltr'><strong>ct</strong></span> <span class='ocrx_word' id='word_1_444' title='bbox 2706 3034 2954 3105; x_wconf 72' lang='lat' dir='ltr'><strong>vigorem</strong></span> <span class='ocrx_word' id='word_1_445' title='bbox 3012 3049 3074 3089; x_wconf 88' lang='lat' dir='ltr'><strong>ac</strong></span> <span class='ocrx_word' id='word_1_446' title='bbox 3114 3033 3525 3103; x_wconf 86' lang='lat' dir='ltr'><strong>Scripturarum</strong></span> <span class='ocrx_word' id='word_1_447' title='bbox 3562 3033 3746 3089; x_wconf 83' lang='lat' dir='ltr'><strong>scicn-</strong></span> 
     </span>
    </p>
   </div>
   <div class='ocr_carea' id='block_1_51' title="bbox 445 3110 2035 3208">
    <p class='ocr_par' dir='ltr' id='par_1_51' title="bbox 445 3125 2027 3208">
     <span class='ocr_line' id='line_1_51' title="bbox 445 3125 2027 3208; baseline 0.013 -31"><span class='ocrx_word' id='word_1_448' title='bbox 445 3125 674 3190; x_wconf 74' lang='lat' dir='ltr'><strong>dalero,</strong></span> <span class='ocrx_word' id='word_1_449' title='bbox 724 3145 847 3183; x_wconf 76' lang='lat' dir='ltr'><strong>raro</strong></span> <span class='ocrx_word' id='word_1_450' title='bbox 892 3147 1005 3185; x_wconf 83' lang='lat' dir='ltr'><strong>mea</strong></span> <span class='ocrx_word' id='word_1_451' title='bbox 1057 3143 1134 3187; x_wconf 62' lang='lat' dir='ltr'><strong>ext</strong></span> <span class='ocrx_word' id='word_1_452' title='bbox 1178 3151 1274 3205; x_wconf 84' lang='lat' dir='ltr'><strong>pro</strong></span> <span class='ocrx_word' id='word_1_453' title='bbox 1320 3137 1504 3190; x_wconf 79' lang='lat' dir='ltr'><strong>mundi</strong></span> <span class='ocrx_word' id='word_1_454' title='bbox 1548 3138 1652 3191; x_wconf 78' lang='lat' dir='ltr'><strong>vita</strong></span> <span class='ocrx_word' id='word_1_455' title='bbox 1712 3138 1893 3208; x_wconf 80' lang='lat' dir='ltr'><strong>(Joan.</strong></span> <span class='ocrx_word' id='word_1_456' title='bbox 1945 3155 2027 3205; x_wconf 85' lang='lat' dir='ltr'><strong>vt,</strong></span> 
     </span>
    </p>
   </div>
   <div class='ocr_carea' id='block_1_52' title="bbox 2142 3110 3750 3208">
    <p class='ocr_par' dir='ltr' id='par_1_52' title="bbox 2142 3130 3750 3205">
     <span class='ocr_line' id='line_1_52' title="bbox 2142 3130 3750 3205; baseline -0.001 -19"><span class='ocrx_word' id='word_1_457' title='bbox 2142 3133 2266 3187; x_wconf 89' lang='lat' dir='ltr'><strong>liam</strong></span> <span class='ocrx_word' id='word_1_458' title='bbox 2311 3133 2506 3205; x_wconf 64' lang='lat' dir='ltr'><strong>habent</strong></span> <span class='ocrx_word' id='word_1_459' title='bbox 2535 3173 2550 3196; x_wconf 90' lang='lat'><strong>,</strong></span> <span class='ocrx_word' id='word_1_460' title='bbox 2589 3132 2713 3200; x_wconf 90' lang='lat' dir='ltr'><strong>quia</strong></span> <span class='ocrx_word' id='word_1_461' title='bbox 2758 3146 2861 3184; x_wconf 84' lang='lat' dir='ltr'><strong>non</strong></span> <span class='ocrx_word' id='word_1_462' title='bbox 2910 3130 3082 3185; x_wconf 87' lang='lat' dir='ltr'><strong>solum</strong></span> <span class='ocrx_word' id='word_1_463' title='bbox 3132 3130 3445 3200; x_wconf 84' lang='lat' dir='ltr'><strong>Scripturas</strong></span> <span class='ocrx_word' id='word_1_464' title='bbox 3474 3131 3544 3184; x_wconf 86' lang='lat' dir='ltr'><strong>ad</strong></span> <span class='ocrx_word' id='word_1_465' title='bbox 3578 3147 3750 3187; x_wconf 69' lang='lat' dir='ltr'><strong>suum</strong></span> 
     </span>
    </p>
   </div>
   <div class='ocr_carea' id='block_1_53' title="bbox 444 3215 3746 3286">
    <p class='ocr_par' dir='ltr' id='par_1_53' title="bbox 444 3215 3746 3286">
     <span class='ocr_line' id='line_1_53' title="bbox 444 3215 3746 3286; baseline 0.002 -17"><span class='ocrx_word' id='word_1_466' title='bbox 444 3215 578 3286; x_wconf 66' lang='lat'><strong>53).</strong></span> <span class='ocrx_word' id='word_1_467' title='bbox 628 3218 696 3273; x_wconf 83' lang='lat' dir='ltr'><strong>Et</strong></span> <span class='ocrx_word' id='word_1_468' title='bbox 744 3221 869 3281; x_wconf 79' lang='lat' dir='ltr'><strong>item</strong></span> <span class='ocrx_word' id='word_1_469' title='bbox 940 3222 1065 3277; x_wconf 87' lang='lat' dir='ltr'><strong>alibi</strong></span> <span class='ocrx_word' id='word_1_470' title='bbox 1130 3224 1270 3280; x_wconf 87' lang='lat' dir='ltr'><strong>idem</strong></span> <span class='ocrx_word' id='word_1_471' title='bbox 1317 3225 1704 3284; x_wconf 84' lang='lat' dir='ltr'><strong>Gothescalcus</strong></span> <span class='ocrx_word' id='word_1_472' title='bbox 1766 3230 1957 3285; x_wconf 86' lang='lat' dir='ltr'><strong>scribit</strong></span> <span class='ocrx_word' id='word_1_473' title='bbox 2012 3246 2028 3285; x_wconf 89' lang='lat'><strong>:</strong></span> <span class='ocrx_word' id='word_1_474' title='bbox 2132 3238 2348 3279; x_wconf 79' lang='lat' dir='ltr'><strong>sensum</strong></span> <span class='ocrx_word' id='word_1_475' title='bbox 2378 3223 2638 3279; x_wconf 76' lang='lat' dir='ltr'><strong>violenter</strong></span> <span class='ocrx_word' id='word_1_476' title='bbox 2669 3221 2917 3283; x_wconf 79' lang='lat' dir='ltr'><strong>iullexas.</strong></span> <span class='ocrx_word' id='word_1_477' title='bbox 2963 3222 3134 3275; x_wconf 89' lang='lat' dir='ltr'><strong>sedet</strong></span> <span class='ocrx_word' id='word_1_478' title='bbox 3162 3220 3559 3276; x_wconf 82' lang='lat' dir='ltr'><strong>catholicorum</strong></span> <span class='ocrx_word' id='word_1_479' title='bbox 3593 3222 3746 3275; x_wconf 79' lang='lat' dir='ltr'><strong>dicta</strong></span> 
     </span>
    </p>
   </div>
   <div class='ocr_carea' id='block_1_54' title="bbox 443 3310 3744 3383">
    <p class='ocr_par' dir='ltr' id='par_1_54' title="bbox 443 3310 3744 3383">
     <span class='ocr_line' id='line_1_54' title="bbox 443 3310 3744 3383; baseline -0 -16"><span class='ocrx_word' id='word_1_480' title='bbox 443 3310 600 3377; x_wconf 63' lang='lat' dir='ltr'><strong>Absit</strong></span> <span class='ocrx_word' id='word_1_481' title='bbox 645 3314 887 3382; x_wconf 85' lang='lat' dir='ltr'><strong>procula</strong></span> <span class='ocrx_word' id='word_1_482' title='bbox 932 3331 1056 3381; x_wconf 84' lang='lat' dir='ltr'><strong>me,</strong></span> <span class='ocrx_word' id='word_1_483' title='bbox 1088 3326 1149 3372; x_wconf 83' lang='lat' dir='ltr'><strong>ut</strong></span> <span class='ocrx_word' id='word_1_484' title='bbox 1190 3318 1275 3372; x_wconf 79' lang='lat' dir='ltr'><strong>vel</strong></span> <span class='ocrx_word' id='word_1_485' title='bbox 1322 3320 1450 3374; x_wconf 84' lang='lat' dir='ltr'><strong>illud</strong></span> <span class='ocrx_word' id='word_1_486' title='bbox 1502 3322 1840 3379; x_wconf 76' lang='lat' dir='ltr'><strong>solummodo</strong></span> <span class='ocrx_word' id='word_1_487' title='bbox 1868 3324 2028 3380; x_wconf 66' lang='lat' dir='ltr'><strong>velim</strong></span> <span class='ocrx_word' id='word_1_488' title='bbox 2132 3314 2451 3370; x_wconf 79' lang='lat' dir='ltr'><strong>detruncata</strong></span> <span class='ocrx_word' id='word_1_489' title='bbox 2502 3329 2598 3383; x_wconf 86' lang='lat' dir='ltr'><strong>per</strong></span> <span class='ocrx_word' id='word_1_490' title='bbox 2647 3321 2818 3368; x_wconf 90' lang='lat' dir='ltr'><strong>totum</strong></span> <span class='ocrx_word' id='word_1_491' title='bbox 2870 3312 3013 3368; x_wconf 88' lang='lat' dir='ltr'><strong>diem</strong></span> <span class='ocrx_word' id='word_1_492' title='bbox 3060 3312 3178 3367; x_wconf 88' lang='lat' dir='ltr'><strong>sine</strong></span> <span class='ocrx_word' id='word_1_493' title='bbox 3230 3313 3605 3381; x_wconf 80' lang='lat' dir='ltr'><strong>respiratione</strong></span> <span class='ocrx_word' id='word_1_494' title='bbox 3637 3312 3744 3367; x_wconf 54' lang='lat' dir='ltr'><strong>alia</strong></span> 
     </span>
    </p>
   </div>
   <div class='ocr_carea' id='block_1_55' title="bbox 445 3405 3743 3478">
    <p class='ocr_par' dir='ltr' id='par_1_55' title="bbox 445 3405 3743 3478">
     <span class='ocr_line' id='line_1_55' title="bbox 445 3405 3743 3478; baseline 0.004 -23"><span class='ocrx_word' id='word_1_495' title='bbox 445 3405 750 3467; x_wconf 73' lang='lat' dir='ltr'><strong>somniare,</strong></span> <span class='ocrx_word' id='word_1_496' title='bbox 784 3407 978 3463; x_wconf 80' lang='lat' dir='ltr'><strong>nedum</strong></span> <span class='ocrx_word' id='word_1_497' title='bbox 1011 3409 1176 3464; x_wconf 85' lang='lat' dir='ltr'><strong>semel</strong></span> <span class='ocrx_word' id='word_1_498' title='bbox 1207 3422 1524 3473; x_wconf 79' lang='lat' dir='ltr'><strong>Susurrare.</strong></span> <span class='ocrx_word' id='word_1_499' title='bbox 1558 3421 1617 3468; x_wconf 90' lang='lat' dir='ltr'><strong>ut</strong></span> <span class='ocrx_word' id='word_1_500' title='bbox 1644 3414 1823 3469; x_wconf 84' lang='lat' dir='ltr'><strong>ullum</strong></span> <span class='ocrx_word' id='word_1_501' title='bbox 1843 3431 2030 3471; x_wconf 88' lang='lat' dir='ltr'><strong>eorum</strong></span> <span class='ocrx_word' id='word_1_502' title='bbox 2131 3423 2238 3477; x_wconf 75' lang='lat' dir='ltr'><strong>Qua</strong></span> <span class='ocrx_word' id='word_1_503' title='bbox 2286 3407 2541 3478; x_wconf 71' lang='lat' dir='ltr'><strong>prrevalet</strong></span> <span class='ocrx_word' id='word_1_504' title='bbox 2566 3471 2570 3477; x_wconf 37' lang='grc'><strong><em>,</em></strong></span> <span class='ocrx_word' id='word_1_505' title='bbox 2597 3407 2910 3463; x_wconf 82' lang='lat' dir='ltr'><strong>memoriter</strong></span> <span class='ocrx_word' id='word_1_506' title='bbox 2962 3407 3271 3467; x_wconf 82' lang='lat' dir='ltr'><strong>decantare.</strong></span> <span class='ocrx_word' id='word_1_507' title='bbox 3308 3407 3463 3462; x_wconf 79' lang='lat' dir='ltr'><strong>Unde</strong></span> <span class='ocrx_word' id='word_1_508' title='bbox 3494 3423 3605 3461; x_wconf 82' lang='lat' dir='ltr'><strong>non</strong></span> <span class='ocrx_word' id='word_1_509' title='bbox 3656 3422 3743 3461; x_wconf 68' lang='lat' dir='ltr'><strong>stt-</strong></span> 
     </span>
    </p>
   </div>
   <div class='ocr_carea' id='block_1_56' title="bbox 443 3495 3747 3575">
    <p class='ocr_par' dir='ltr' id='par_1_56' title="bbox 443 3495 3747 3575">
     <span class='ocr_line' id='line_1_56' title="bbox 443 3495 3747 3575; baseline 0.002 -32"><span class='ocrx_word' id='word_1_510' title='bbox 443 3495 830 3563; x_wconf 77' lang='lat' dir='ltr'><strong>pcrpctualiter</strong></span> <span class='ocrx_word' id='word_1_511' title='bbox 874 3511 1055 3553; x_wconf 89' lang='lat' dir='ltr'><strong>secum</strong></span> <span class='ocrx_word' id='word_1_512' title='bbox 1087 3499 1385 3569; x_wconf 91' lang='lat' dir='ltr'><strong>periturum</strong></span> <span class='ocrx_word' id='word_1_513' title='bbox 1425 3502 1680 3572; x_wconf 89' lang='lat' dir='ltr'><strong>antiquus</strong></span> <span class='ocrx_word' id='word_1_514' title='bbox 1713 3520 1904 3575; x_wconf 79' lang='lat' dir='ltr'><strong>rapere</strong></span> <span class='ocrx_word' id='word_1_515' title='bbox 1932 3520 2053 3560; x_wconf 24' lang='lat' dir='ltr'><strong>va-‘</strong></span> <span class='ocrx_word' id='word_1_516' title='bbox 2131 3497 2243 3552; x_wconf 88' lang='lat' dir='ltr'><strong>lum</strong></span> <span class='ocrx_word' id='word_1_517' title='bbox 2289 3498 2485 3553; x_wconf 86' lang='lat' dir='ltr'><strong>idiotas</strong></span> <span class='ocrx_word' id='word_1_518' title='bbox 2531 3498 2583 3551; x_wconf 92' lang='lat' dir='ltr'><strong>in</strong></span> <span class='ocrx_word' id='word_1_519' title='bbox 2615 3497 3032 3552; x_wconf 85' lang='lat' dir='ltr'><strong>admirationem</strong></span> <span class='ocrx_word' id='word_1_520' title='bbox 3061 3498 3142 3551; x_wconf 89' lang='lat' dir='ltr'><strong>sui</strong></span> <span class='ocrx_word' id='word_1_521' title='bbox 3196 3497 3500 3564; x_wconf 88' lang='lat' dir='ltr'><strong>abducere,</strong></span> <span class='ocrx_word' id='word_1_522' title='bbox 3537 3512 3747 3552; x_wconf 84' lang='lat' dir='ltr'><strong>verum</strong></span> 
     </span>
    </p>
   </div>
   <div class='ocr_carea' id='block_1_57' title="bbox 442 3580 3743 3678">
    <p class='ocr_par' dir='ltr' id='par_1_57' title="bbox 442 3580 3743 3678">
     <span class='ocr_line' id='line_1_57' title="bbox 442 3580 3743 3678; baseline 0.005 -40"><span class='ocrx_word' id='word_1_523' title='bbox 442 3581 551 3638; x_wconf 87' lang='lat' dir='ltr'><strong>leat</strong></span> <span class='ocrx_word' id='word_1_524' title='bbox 603 3587 836 3655; x_wconf 81' lang='lat' dir='ltr'><strong>anguis,</strong></span> <span class='ocrx_word' id='word_1_525' title='bbox 888 3603 986 3658; x_wconf 89' lang='lat' dir='ltr'><strong>pro</strong></span> <span class='ocrx_word' id='word_1_526' title='bbox 1015 3588 1212 3658; x_wconf 84' lang='lat' dir='ltr'><strong>quibus</strong></span> <span class='ocrx_word' id='word_1_527' title='bbox 1261 3591 1587 3648; x_wconf 74' lang='lat' dir='ltr'><strong>redimendis</strong></span> <span class='ocrx_word' id='word_1_528' title='bbox 1615 3580 1723 3649; x_wconf 48' lang='lat' dir='ltr'><strong>t‘am</strong></span> <span class='ocrx_word' id='word_1_529' title='bbox 1762 3596 2034 3665; x_wconf 88' lang='lat' dir='ltr'><strong>pretiosus</strong></span> <span class='ocrx_word' id='word_1_530' title='bbox 2131 3599 2186 3645; x_wconf 81' lang='lat' dir='ltr'><strong>et</strong></span> <span class='ocrx_word' id='word_1_531' title='bbox 2220 3588 2417 3646; x_wconf 66' lang='lat'><strong>$010108</strong></span> <span class='ocrx_word' id='word_1_532' title='bbox 2466 3598 2522 3645; x_wconf 70' lang='lat' dir='ltr'><strong>et</strong></span> <span class='ocrx_word' id='word_1_533' title='bbox 2563 3590 2810 3645; x_wconf 71' lang='lat' dir='ltr'><strong>incautos</strong></span> <span class='ocrx_word' id='word_1_534' title='bbox 2855 3598 3019 3659; x_wconf 77' lang='lat' dir='ltr'><strong>atque</strong></span> <span class='ocrx_word' id='word_1_535' title='bbox 3068 3589 3241 3643; x_wconf 69' lang='grc' dir='ltr'>Ζθιυιη</span> <span class='ocrx_word' id='word_1_536' title='bbox 3289 3590 3425 3678; x_wconf 53' lang='lat' dir='ltr'><strong>Dc}.</strong></span> <span class='ocrx_word' id='word_1_537' title='bbox 3475 3591 3574 3645; x_wconf 73' lang='lat' dir='ltr'><strong>sed</strong></span> <span class='ocrx_word' id='word_1_538' title='bbox 3625 3606 3743 3645; x_wconf 79' lang='grc' dir='ltr'><strong>ηοη</strong></span> 
     </span>
    </p>
   </div>
   <div class='ocr_carea' id='block_1_58' title="bbox 444 3673 3745 3749">
    <p class='ocr_par' dir='ltr' id='par_1_58' title="bbox 444 3673 3745 3749">
     <span class='ocr_line' id='line_1_58' title="bbox 444 3673 3745 3749; baseline 0.003 -22"><span class='ocrx_word' id='word_1_539' title='bbox 444 3673 556 3733; x_wconf 85' lang='lat' dir='ltr'><strong>Deo</strong></span> <span class='ocrx_word' id='word_1_540' title='bbox 590 3676 735 3743; x_wconf 76' lang='lat' dir='ltr'><strong>Patri</strong></span> <span class='ocrx_word' id='word_1_541' title='bbox 790 3678 1001 3734; x_wconf 86' lang='lat' dir='ltr'><strong>Domini</strong></span> <span class='ocrx_word' id='word_1_542' title='bbox 1056 3681 1150 3735; x_wconf 88' lang='lat' dir='ltr'><strong>Dei</strong></span> <span class='ocrx_word' id='word_1_543' title='bbox 1199 3683 1368 3737; x_wconf 91' lang='lat' dir='ltr'><strong>nostri</strong></span> <span class='ocrx_word' id='word_1_544' title='bbox 1401 3684 1521 3739; x_wconf 83' lang='lat' dir='ltr'><strong>Filii</strong></span> <span class='ocrx_word' id='word_1_545' title='bbox 1561 3686 1697 3749; x_wconf 82' lang='lat' dir='ltr'><strong>sui,</strong></span> <span class='ocrx_word' id='word_1_546' title='bbox 1748 3687 1901 3742; x_wconf 87' lang='lat' dir='ltr'><strong>fusus</strong></span> <span class='ocrx_word' id='word_1_547' title='bbox 1949 3698 2034 3744; x_wconf 88' lang='lat' dir='ltr'><strong>est</strong></span> <span class='ocrx_word' id='word_1_548' title='bbox 2133 3683 2429 3738; x_wconf 86' lang='lat' dir='ltr'><strong>secundum</strong></span> <span class='ocrx_word' id='word_1_549' title='bbox 2477 3682 2760 3737; x_wconf 84' lang='lat' dir='ltr'><strong>scientiam</strong></span> <span class='ocrx_word' id='word_1_550' title='bbox 2804 3682 3066 3737; x_wconf 83' lang='lat' dir='ltr'><strong>habentes</strong></span> <span class='ocrx_word' id='word_1_551' title='bbox 3106 3680 3279 3740; x_wconf 84' lang='lat' dir='ltr'><strong>(Rom.</strong></span> <span class='ocrx_word' id='word_1_552' title='bbox 3315 3673 3482 3749; x_wconf 63' lang='grc' dir='ltr'><strong>κίε).</strong></span> <span class='ocrx_word' id='word_1_553' title='bbox 3517 3682 3574 3736; x_wconf 92' lang='lat' dir='ltr'><strong>in</strong></span> <span class='ocrx_word' id='word_1_554' title='bbox 3613 3697 3745 3737; x_wconf 89' lang='lat' dir='ltr'><strong>sen-</strong></span> 
     </span>
    </p>
   </div>
   <div class='ocr_carea' id='block_1_59' title="bbox 444 3766 3738 3843">
    <p class='ocr_par' dir='ltr' id='par_1_59' title="bbox 444 3766 3738 3843">
     <span class='ocr_line' id='line_1_59' title="bbox 444 3766 3738 3843; baseline 0.003 -24"><span class='ocrx_word' id='word_1_555' title='bbox 444 3766 686 3837; x_wconf 81' lang='lat' dir='ltr'><strong>sanguis.</strong></span> <span class='ocrx_word' id='word_1_556' title='bbox 734 3771 927 3829; x_wconf 79' lang='lat' dir='ltr'><strong>Amen.</strong></span> <span class='ocrx_word' id='word_1_557' title='bbox 973 3770 1042 3826; x_wconf 86' lang='lat' dir='ltr'><strong>Et</strong></span> <span class='ocrx_word' id='word_1_558' title='bbox 1068 3770 1197 3828; x_wconf 83' lang='lat' dir='ltr'><strong>item</strong></span> <span class='ocrx_word' id='word_1_559' title='bbox 1252 3773 1476 3843; x_wconf 84' lang='lat' dir='ltr'><strong>loquens</strong></span> <span class='ocrx_word' id='word_1_560' title='bbox 1505 3776 1571 3830; x_wconf 88' lang='lat' dir='ltr'><strong>ad</strong></span> <span class='ocrx_word' id='word_1_561' title='bbox 1604 3777 1775 3832; x_wconf 85' lang='lat' dir='ltr'><strong>Deum</strong></span> <span class='ocrx_word' id='word_1_562' title='bbox 1803 3794 1818 3831; x_wconf 92' lang='lat'><strong>:</strong></span> <span class='ocrx_word' id='word_1_563' title='bbox 1851 3777 2036 3834; x_wconf 77' lang='lat' dir='ltr'><strong>Claret</strong></span> <span class='ocrx_word' id='word_1_564' title='bbox 2134 3775 2355 3829; x_wconf 87' lang='lat' dir='ltr'><strong>tentiam</strong></span> <span class='ocrx_word' id='word_1_565' title='bbox 2384 3788 2537 3829; x_wconf 83' lang='lat' dir='ltr'><strong>suam</strong></span> <span class='ocrx_word' id='word_1_566' title='bbox 2589 3774 2781 3829; x_wconf 86' lang='lat' dir='ltr'><strong>solitus</strong></span> <span class='ocrx_word' id='word_1_567' title='bbox 2813 3782 2932 3828; x_wconf 91' lang='lat' dir='ltr'><strong>erat</strong></span> <span class='ocrx_word' id='word_1_568' title='bbox 2970 3774 3277 3829; x_wconf 90' lang='lat' dir='ltr'><strong>traducere.</strong></span> <span class='ocrx_word' id='word_1_569' title='bbox 3311 3773 3378 3828; x_wconf 84' lang='lat' dir='ltr'><strong>Et</strong></span> <span class='ocrx_word' id='word_1_570' title='bbox 3407 3790 3514 3829; x_wconf 90' lang='lat' dir='ltr'><strong>non</strong></span> <span class='ocrx_word' id='word_1_571' title='bbox 3550 3775 3738 3829; x_wconf 84' lang='lat' dir='ltr'><strong>solum</strong></span> 
     </span>
    </p>
   </div>
   <div class='ocr_carea' id='block_1_60' title="bbox 442 3858 3746 3940">
    <p class='ocr_par' dir='ltr' id='par_1_60' title="bbox 442 3858 3746 3940">
     <span class='ocr_line' id='line_1_60' title="bbox 442 3858 3746 3940; baseline 0.003 -29"><span class='ocrx_word' id='word_1_572' title='bbox 442 3858 629 3928; x_wconf 78' lang='lat' dir='ltr'><strong>itaque</strong></span> <span class='ocrx_word' id='word_1_573' title='bbox 670 3861 804 3924; x_wconf 84' lang='lat' dir='ltr'><strong>satis</strong></span> <span class='ocrx_word' id='word_1_574' title='bbox 833 3871 1057 3932; x_wconf 87' lang='lat' dir='ltr'><strong>aperte,</strong></span> <span class='ocrx_word' id='word_1_575' title='bbox 1103 3865 1250 3934; x_wconf 87' lang='lat' dir='ltr'><strong>quod</strong></span> <span class='ocrx_word' id='word_1_576' title='bbox 1293 3864 1472 3920; x_wconf 89' lang='lat' dir='ltr'><strong>nullus</strong></span> <span class='ocrx_word' id='word_1_577' title='bbox 1530 3867 1623 3922; x_wconf 82' lang='lat' dir='ltr'><strong>tibi</strong></span> <span class='ocrx_word' id='word_1_578' title='bbox 1662 3870 1858 3939; x_wconf 81' lang='lat' dir='ltr'><strong>perit,‘</strong></span> <span class='ocrx_word' id='word_1_579' title='bbox 1886 3873 2034 3940; x_wconf 81' lang='lat' dir='ltr'><strong>quis-</strong></span> <span class='ocrx_word' id='word_1_580' title='bbox 2133 3867 2414 3921; x_wconf 84' lang='lat' dir='ltr'><strong>doctorum</strong></span> <span class='ocrx_word' id='word_1_581' title='bbox 2445 3880 2664 3921; x_wconf 87' lang='lat' dir='ltr'><strong>suorum</strong></span> <span class='ocrx_word' id='word_1_582' title='bbox 2707 3865 2895 3920; x_wconf 86' lang='lat' dir='ltr'><strong>doctor</strong></span> <span class='ocrx_word' id='word_1_583' title='bbox 2918 3864 3088 3920; x_wconf 84' lang='lat' dir='ltr'><strong>videri</strong></span> <span class='ocrx_word' id='word_1_584' title='bbox 3118 3864 3359 3935; x_wconf 85' lang='lat' dir='ltr'><strong>appetit,</strong></span> <span class='ocrx_word' id='word_1_585' title='bbox 3411 3867 3507 3919; x_wconf 91' lang='lat' dir='ltr'><strong>sed</strong></span> <span class='ocrx_word' id='word_1_586' title='bbox 3534 3873 3594 3920; x_wconf 89' lang='lat' dir='ltr'><strong>et</strong></span> <span class='ocrx_word' id='word_1_587' title='bbox 3635 3866 3746 3921; x_wconf 87' lang='lat' dir='ltr'><strong>hoc</strong></span> 
     </span>
    </p>
   </div>
   <div class='ocr_carea' id='block_1_61' title="bbox 442 3951 3739 4029">
    <p class='ocr_par' dir='ltr' id='par_1_61' title="bbox 442 3951 3739 4029">
     <span class='ocr_line' id='line_1_61' title="bbox 442 3951 3739 4029; baseline 0.002 -26"><span class='ocrx_word' id='word_1_588' title='bbox 442 3951 567 4018; x_wconf 88' lang='lat' dir='ltr'><strong>quis</strong></span> <span class='ocrx_word' id='word_1_589' title='bbox 597 3952 910 4022; x_wconf 83' lang='lat' dir='ltr'><strong>redemptus</strong></span> <span class='ocrx_word' id='word_1_590' title='bbox 937 3967 1019 4012; x_wconf 89' lang='lat' dir='ltr'><strong>est</strong></span> <span class='ocrx_word' id='word_1_591' title='bbox 1058 3971 1153 4026; x_wconf 89' lang='lat' dir='ltr'><strong>per</strong></span> <span class='ocrx_word' id='word_1_592' title='bbox 1181 3960 1502 4029; x_wconf 77' lang='lat' dir='ltr'><strong>sanguinem</strong></span> <span class='ocrx_word' id='word_1_593' title='bbox 1555 3962 1733 4016; x_wconf 85' lang='lat' dir='ltr'><strong>crucis</strong></span> <span class='ocrx_word' id='word_1_594' title='bbox 1764 3971 1887 4018; x_wconf 65' lang='lat' dir='ltr'><strong>tum.</strong></span> <span class='ocrx_word' id='word_1_595' title='bbox 2133 3959 2365 4015; x_wconf 87' lang='lat' dir='ltr'><strong>solerter</strong></span> <span class='ocrx_word' id='word_1_596' title='bbox 2418 3959 2551 4013; x_wconf 84' lang='lat' dir='ltr'><strong>satis</strong></span> <span class='ocrx_word' id='word_1_597' title='bbox 2604 3957 2875 4019; x_wconf 75' lang='lat' dir='ltr'><strong>intendit,</strong></span> <span class='ocrx_word' id='word_1_598' title='bbox 2908 3966 2972 4011; x_wconf 88' lang='lat' dir='ltr'><strong>ut</strong></span> <span class='ocrx_word' id='word_1_599' title='bbox 3016 3971 3200 4011; x_wconf 89' lang='lat' dir='ltr'><strong>secum</strong></span> <span class='ocrx_word' id='word_1_600' title='bbox 3236 3955 3524 4025; x_wconf 87' lang='lat' dir='ltr'><strong>loquentes</strong></span> <span class='ocrx_word' id='word_1_601' title='bbox 3559 3955 3644 4008; x_wconf 84' lang='lat' dir='ltr'><strong>vel</strong></span> <span class='ocrx_word' id='word_1_602' title='bbox 3680 3956 3739 4010; x_wconf 89' lang='lat' dir='ltr'><strong>in</strong></span> 
     </span>
    </p>
   </div>
   <div class='ocr_carea' id='block_1_62' title="bbox 518 4042 3749 4117">
    <p class='ocr_par' dir='ltr' id='par_1_62' title="bbox 518 4042 3749 4117">
     <span class='ocr_line' id='line_1_62' title="bbox 518 4042 3749 4117; baseline 0.005 -21"><span class='ocrx_word' id='word_1_603' title='bbox 518 4042 672 4110; x_wconf 85' lang='lat' dir='ltr'><strong>Quod</strong></span> <span class='ocrx_word' id='word_1_604' title='bbox 714 4045 1175 4103; x_wconf 71' lang='lat' dir='ltr'><strong>I’rmdestinatiani</strong></span> <span class='ocrx_word' id='word_1_605' title='bbox 1216 4061 1427 4106; x_wconf 79' lang='lat' dir='ltr'><strong>veteres</strong></span> <span class='ocrx_word' id='word_1_606' title='bbox 1461 4068 1566 4106; x_wconf 87' lang='lat' dir='ltr'><strong>non</strong></span> <span class='ocrx_word' id='word_1_607' title='bbox 1602 4052 1889 4116; x_wconf 79' lang='lat' dir='ltr'><strong>dixerunt.</strong></span> <span class='ocrx_word' id='word_1_608' title='bbox 1928 4056 2031 4111; x_wconf 88' lang='lat' dir='ltr'><strong>iste</strong></span> <span class='ocrx_word' id='word_1_609' title='bbox 2134 4063 2383 4105; x_wconf 74' lang='lat' dir='ltr'><strong>Sermone</strong></span> <span class='ocrx_word' id='word_1_610' title='bbox 2433 4063 2625 4116; x_wconf 72' lang='lat' dir='ltr'><strong>capere</strong></span> <span class='ocrx_word' id='word_1_611' title='bbox 2674 4047 2866 4101; x_wconf 65' lang='lat' dir='ltr'><strong>valeat.</strong></span> <span class='ocrx_word' id='word_1_612' title='bbox 2904 4047 2971 4101; x_wconf 79' lang='lat' dir='ltr'><strong>Et</strong></span> <span class='ocrx_word' id='word_1_613' title='bbox 3010 4047 3053 4107; x_wconf 78' lang='lat' dir='ltr'><strong>si</strong></span> <span class='ocrx_word' id='word_1_614' title='bbox 3102 4045 3168 4101; x_wconf 80' lang='lat' dir='ltr'><strong>de</strong></span> <span class='ocrx_word' id='word_1_615' title='bbox 3222 4046 3459 4100; x_wconf 70' lang='grc' dir='ltr'><strong>νενίιειω</strong></span> <span class='ocrx_word' id='word_1_616' title='bbox 3499 4060 3609 4100; x_wconf 75' lang='lat' dir='ltr'><strong>non</strong></span> <span class='ocrx_word' id='word_1_617' title='bbox 3642 4061 3749 4117; x_wconf 76' lang='grc' dir='ltr'><strong>ΡΟ-</strong></span> 
     </span>
    </p>
   </div>
   <div class='ocr_carea' id='block_1_63' title="bbox 442 4131 3735 4208">
    <p class='ocr_par' dir='ltr' id='par_1_63' title="bbox 442 4131 3735 4208">
     <span class='ocr_line' id='line_1_63' title="bbox 442 4131 3735 4208; baseline 0.004 -23"><span class='ocrx_word' id='word_1_618' title='bbox 442 4141 506 4187; x_wconf 84' lang='grc' dir='ltr'><strong>ιιι</strong></span> <span class='ocrx_word' id='word_1_619' title='bbox 529 4133 816 4195; x_wconf 87' lang='lat' dir='ltr'><strong>audacius.</strong></span> <span class='ocrx_word' id='word_1_620' title='bbox 844 4136 915 4190; x_wconf 89' lang='lat' dir='ltr'><strong>ita</strong></span> <span class='ocrx_word' id='word_1_621' title='bbox 946 4146 1002 4192; x_wconf 91' lang='lat' dir='ltr'><strong>ct</strong></span> <span class='ocrx_word' id='word_1_622' title='bbox 1028 4140 1384 4208; x_wconf 86' lang='lat' dir='ltr'><strong>perniciosius</strong></span> <span class='ocrx_word' id='word_1_623' title='bbox 1414 4142 1584 4207; x_wconf 91' lang='lat' dir='ltr'><strong>dicit,</strong></span> <span class='ocrx_word' id='word_1_624' title='bbox 1614 4143 1872 4199; x_wconf 87' lang='lat' dir='ltr'><strong>deitatem</strong></span> <span class='ocrx_word' id='word_1_625' title='bbox 1908 4159 2033 4200; x_wconf 82' lang='lat' dir='ltr'><strong>san-</strong></span> <span class='ocrx_word' id='word_1_626' title='bbox 2136 4138 2298 4203; x_wconf 71' lang='lat' dir='ltr'><strong>terit.</strong></span> <span class='ocrx_word' id='word_1_627' title='bbox 2340 4136 2723 4191; x_wconf 64' lang='grc' dir='ltr'><strong>ἱηνὶηνῖῦῖῐίῐεττ·</strong></span> <span class='ocrx_word' id='word_1_628' title='bbox 2769 4135 3123 4191; x_wconf 64' lang='grc' dir='ltr'><strong>εθοτίιῑηοηιὶὸ</strong></span> <span class='ocrx_word' id='word_1_629' title='bbox 3169 4131 3439 4188; x_wconf 54' lang='lat' dir='ltr'><strong>inﬁrmare</strong></span> <span class='ocrx_word' id='word_1_630' title='bbox 3481 4134 3735 4197; x_wconf 63' lang='lat' dir='ltr'><strong>cumbit.</strong></span> 
     </span>
    </p>
   </div>
   <div class='ocr_carea' id='block_1_64' title="bbox 449 4223 3737 4305">
    <p class='ocr_par' dir='ltr' id='par_1_64' title="bbox 449 4223 3737 4305">
     <span class='ocr_line' id='line_1_64' title="bbox 449 4223 3737 4305; baseline 0.005 -28"><span class='ocrx_word' id='word_1_631' title='bbox 449 4233 551 4279; x_wconf 69' lang='lat' dir='ltr'><strong>ctre</strong></span> <span class='ocrx_word' id='word_1_632' title='bbox 582 4223 865 4281; x_wconf 86' lang='lat' dir='ltr'><strong>Trinitatis</strong></span> <span class='ocrx_word' id='word_1_633' title='bbox 897 4227 1091 4282; x_wconf 87' lang='lat' dir='ltr'><strong>trinam</strong></span> <span class='ocrx_word' id='word_1_634' title='bbox 1131 4243 1272 4285; x_wconf 89' lang='lat' dir='ltr'><strong>esse.</strong></span> <span class='ocrx_word' id='word_1_635' title='bbox 1315 4229 1453 4285; x_wconf 90' lang='lat' dir='ltr'><strong>Sunt</strong></span> <span class='ocrx_word' id='word_1_636' title='bbox 1479 4240 1535 4286; x_wconf 89' lang='lat' dir='ltr'><strong>et</strong></span> <span class='ocrx_word' id='word_1_637' title='bbox 1585 4232 1726 4299; x_wconf 84' lang='lat' dir='ltr'><strong>alia‘,</strong></span> <span class='ocrx_word' id='word_1_638' title='bbox 1763 4249 1882 4303; x_wconf 78' lang='lat' dir='ltr'><strong>quze</strong></span> <span class='ocrx_word' id='word_1_639' title='bbox 1918 4234 2032 4305; x_wconf 87' lang='lat' dir='ltr'><strong>ipse</strong></span> <span class='ocrx_word' id='word_1_640' title='bbox 2133 4243 2196 4282; x_wconf 75' lang='lat' dir='ltr'><strong>ca</strong></span> <span class='ocrx_word' id='word_1_641' title='bbox 2248 4242 2430 4281; x_wconf 74' lang='lat' dir='ltr'><strong>secum</strong></span> <span class='ocrx_word' id='word_1_642' title='bbox 2484 4226 2761 4296; x_wconf 73' lang='lat' dir='ltr'><strong>loquentes</strong></span> <span class='ocrx_word' id='word_1_643' title='bbox 2813 4226 3052 4290; x_wconf 55' lang='lat' dir='ltr'><strong>iii-tisse.</strong></span> <span class='ocrx_word' id='word_1_644' title='bbox 3107 4240 3243 4293; x_wconf 64' lang='grc' dir='ltr'>σιυιιες</span> <span class='ocrx_word' id='word_1_645' title='bbox 3286 4223 3433 4278; x_wconf 58' lang='lat' dir='ltr'><strong>form</strong></span> <span class='ocrx_word' id='word_1_646' title='bbox 3467 4238 3578 4278; x_wconf 76' lang='grc' dir='ltr'><strong>η’)τι</strong></span> <span class='ocrx_word' id='word_1_647' title='bbox 3643 4224 3737 4277; x_wconf 64' lang='grc' dir='ltr'><strong>δί’</strong></span> 
     </span>
    </p>
   </div>
   <div class='ocr_carea' id='block_1_65' title="bbox 447 4313 3748 4394">
    <p class='ocr_par' dir='ltr' id='par_1_65' title="bbox 447 4313 3748 4394">
     <span class='ocr_line' id='line_1_65' title="bbox 447 4313 3748 4394; baseline 0.005 -24"><span class='ocrx_word' id='word_1_648' title='bbox 447 4325 506 4370; x_wconf 85' lang='lat' dir='ltr'><strong>et</strong></span> <span class='ocrx_word' id='word_1_649' title='bbox 533 4316 621 4371; x_wconf 91' lang='lat' dir='ltr'><strong>alii</strong></span> <span class='ocrx_word' id='word_1_650' title='bbox 654 4317 853 4386; x_wconf 84' lang='lat' dir='ltr'><strong>plures</strong></span> <span class='ocrx_word' id='word_1_651' title='bbox 901 4318 954 4373; x_wconf 90' lang='lat' dir='ltr'><strong>in</strong></span> <span class='ocrx_word' id='word_1_652' title='bbox 988 4319 1106 4374; x_wconf 84' lang='lat' dir='ltr'><strong>istis</strong></span> <span class='ocrx_word' id='word_1_653' title='bbox 1149 4320 1392 4390; x_wconf 87' lang='lat' dir='ltr'><strong>partibus</strong></span> <span class='ocrx_word' id='word_1_654' title='bbox 1427 4322 1649 4387; x_wconf 83' lang='lat' dir='ltr'><strong>dicunt,</strong></span> <span class='ocrx_word' id='word_1_655' title='bbox 1708 4339 1827 4394; x_wconf 65' lang='lat' dir='ltr'><strong>qua:</strong></span> <span class='ocrx_word' id='word_1_656' title='bbox 1878 4325 2031 4381; x_wconf 65' lang='lat' dir='ltr'><strong>nobis</strong></span> <span class='ocrx_word' id='word_1_657' title='bbox 2133 4327 2346 4379; x_wconf 72' lang='lat' dir='ltr'><strong>xeram.</strong></span> <span class='ocrx_word' id='word_1_658' title='bbox 2399 4326 2459 4370; x_wconf 80' lang='grc' dir='ltr'>υι</span> <span class='ocrx_word' id='word_1_659' title='bbox 2508 4316 2622 4386; x_wconf 71' lang='lat' dir='ltr'><strong>ipse</strong></span> <span class='ocrx_word' id='word_1_660' title='bbox 2670 4324 2960 4381; x_wconf 60' lang='grc' dir='ltr'><strong>νενοκίει</strong></span> <span class='ocrx_word' id='word_1_661' title='bbox 3011 4314 3059 4370; x_wconf 67' lang='grc' dir='ltr'><strong>οἱ</strong></span> <span class='ocrx_word' id='word_1_662' title='bbox 3091 4315 3183 4386; x_wconf 75' lang='grc' dir='ltr'>ιιιιί</span> <span class='ocrx_word' id='word_1_663' title='bbox 3222 4314 3294 4368; x_wconf 67' lang='lat' dir='ltr'><strong>im</strong></span> <span class='ocrx_word' id='word_1_664' title='bbox 3348 4313 3748 4369; x_wconf 65' lang='grc' dir='ltr'><strong>οοηιτειάίσυηι</strong></span> 
     </span>
    </p>
   </div>
   <div class='ocr_carea' id='block_1_66' title="bbox 446 4403 3751 4484">
    <p class='ocr_par' dir='ltr' id='par_1_66' title="bbox 446 4403 3751 4484">
     <span class='ocr_line' id='line_1_66' title="bbox 446 4403 3751 4484; baseline -0.001 -23"><span class='ocrx_word' id='word_1_665' title='bbox 446 4420 592 4475; x_wconf 73' lang='lat' dir='ltr'><strong>sana:</strong></span> <span class='ocrx_word' id='word_1_666' title='bbox 640 4408 760 4464; x_wconf 80' lang='lat' dir='ltr'><strong>fidei</strong></span> <span class='ocrx_word' id='word_1_667' title='bbox 788 4409 1066 4470; x_wconf 84' lang='lat' dir='ltr'><strong>adversari</strong></span> <span class='ocrx_word' id='word_1_668' title='bbox 1089 4411 1340 4466; x_wconf 85' lang='lat' dir='ltr'><strong>videntur</strong></span> <span class='ocrx_word' id='word_1_669' title='bbox 1362 4420 1384 4476; x_wconf 61' lang='grc' dir='ltr'><em>ς</em></span> <span class='ocrx_word' id='word_1_670' title='bbox 1424 4427 1542 4481; x_wconf 72' lang='lat' dir='ltr'><strong>qua:</strong></span> <span class='ocrx_word' id='word_1_671' title='bbox 1569 4414 1692 4467; x_wconf 89' lang='lat' dir='ltr'><strong>dum</strong></span> <span class='ocrx_word' id='word_1_672' title='bbox 1739 4430 1837 4484; x_wconf 81' lang='lat' dir='ltr'><strong>per</strong></span> <span class='ocrx_word' id='word_1_673' title='bbox 1864 4416 2029 4470; x_wconf 87' lang='lat' dir='ltr'><strong>alium</strong></span> <span class='ocrx_word' id='word_1_674' title='bbox 2064 4464 2110 4484; x_wconf 57' lang='grc' dir='ltr'>η</span> <span class='ocrx_word' id='word_1_675' title='bbox 2137 4409 2435 4478; x_wconf 84' lang='lat' dir='ltr'><strong>probentur</strong></span> <span class='ocrx_word' id='word_1_676' title='bbox 2463 4421 2585 4461; x_wconf 88' lang='lat' dir='ltr'><strong>esse</strong></span> <span class='ocrx_word' id='word_1_677' title='bbox 2619 4406 2939 4468; x_wconf 87' lang='lat' dir='ltr'><strong>mendaces.</strong></span> <span class='ocrx_word' id='word_1_678' title='bbox 2974 4414 3030 4460; x_wconf 84' lang='lat' dir='ltr'><strong>et</strong></span> <span class='ocrx_word' id='word_1_679' title='bbox 3060 4408 3322 4460; x_wconf 87' lang='lat' dir='ltr'><strong>adversus</strong></span> <span class='ocrx_word' id='word_1_680' title='bbox 3349 4419 3508 4459; x_wconf 87' lang='lat' dir='ltr'><strong>suam</strong></span> <span class='ocrx_word' id='word_1_681' title='bbox 3532 4403 3751 4460; x_wconf 57' lang='lat' dir='ltr'><strong>doctrie</strong></span> 
     </span>
    </p>
   </div>
   <div class='ocr_carea' id='block_1_67' title="bbox 449 4501 2575 4575">
    <p class='ocr_par' dir='ltr' id='par_1_67' title="bbox 449 4501 2575 4575">
     <span class='ocr_line' id='line_1_67' title="bbox 449 4501 2575 4575; baseline 0.006 -22"><span class='ocrx_word' id='word_1_682' title='bbox 449 4514 612 4571; x_wconf 88' lang='lat' dir='ltr'><strong>quam</strong></span> <span class='ocrx_word' id='word_1_683' title='bbox 664 4516 762 4572; x_wconf 90' lang='lat' dir='ltr'><strong>per</strong></span> <span class='ocrx_word' id='word_1_684' title='bbox 800 4502 1090 4561; x_wconf 86' lang='lat' dir='ltr'><strong>utilitatem</strong></span> <span class='ocrx_word' id='word_1_685' title='bbox 1137 4519 1274 4559; x_wconf 78' lang='lat' dir='ltr'><strong>mem</strong></span> <span class='ocrx_word' id='word_1_686' title='bbox 1315 4520 1561 4575; x_wconf 65' lang='lat' dir='ltr'><strong>personae</strong></span> <span class='ocrx_word' id='word_1_687' title='bbox 1611 4508 1905 4562; x_wconf 88' lang='lat' dir='ltr'><strong>auctoritas</strong></span> <span class='ocrx_word' id='word_1_688' title='bbox 1938 4524 2025 4564; x_wconf 79' lang='lat' dir='ltr'><strong>ve-</strong></span> <span class='ocrx_word' id='word_1_689' title='bbox 2049 4501 2109 4555; x_wconf 80' lang='lat'><strong>.&quot;</strong></span> <span class='ocrx_word' id='word_1_690' title='bbox 2140 4516 2265 4555; x_wconf 71' lang='lat' dir='ltr'><strong>nam</strong></span> <span class='ocrx_word' id='word_1_691' title='bbox 2300 4501 2575 4556; x_wconf 63' lang='lat'><strong>(100611105-</strong></span> 
     </span>
    </p>
   </div>
   <div class='ocr_carea' id='block_1_68' title="bbox 447 4594 2030 4668">
    <p class='ocr_par' dir='ltr' id='par_1_68' title="bbox 447 4594 2030 4668">
     <span class='ocr_line' id='line_1_68' title="bbox 447 4594 2030 4668; baseline 0.006 -24"><span class='ocrx_word' id='word_1_692' title='bbox 447 4601 559 4646; x_wconf 78' lang='lat' dir='ltr'><strong>stra</strong></span> <span class='ocrx_word' id='word_1_693' title='bbox 616 4594 971 4663; x_wconf 83' lang='lat' dir='ltr'><strong>cognoverit,</strong></span> <span class='ocrx_word' id='word_1_694' title='bbox 1022 4594 1163 4650; x_wconf 88' lang='lat' dir='ltr'><strong>forte</strong></span> <span class='ocrx_word' id='word_1_695' title='bbox 1213 4597 1452 4652; x_wconf 88' lang='lat' dir='ltr'><strong>attendct</strong></span> <span class='ocrx_word' id='word_1_696' title='bbox 1497 4596 1787 4662; x_wconf 86' lang='lat' dir='ltr'><strong>solertius,</strong></span> <span class='ocrx_word' id='word_1_697' title='bbox 1826 4608 1883 4653; x_wconf 89' lang='lat' dir='ltr'><strong>et</strong></span> <span class='ocrx_word' id='word_1_698' title='bbox 1911 4614 2030 4668; x_wconf 78' lang='lat' dir='ltr'><strong>qua:</strong></span> 
     </span>
    </p>
   </div>
   <div class='ocr_carea' id='block_1_69' title="bbox 447 4684 2031 4760">
    <p class='ocr_par' dir='ltr' id='par_1_69' title="bbox 447 4684 2031 4760">
     <span class='ocr_line' id='line_1_69' title="bbox 447 4684 2031 4760; baseline 0.005 -21"><span class='ocrx_word' id='word_1_699' title='bbox 447 4684 572 4751; x_wconf 83' lang='lat' dir='ltr'><strong>inde</strong></span> <span class='ocrx_word' id='word_1_700' title='bbox 623 4688 850 4741; x_wconf 84' lang='lat' dir='ltr'><strong>tenenda</strong></span> <span class='ocrx_word' id='word_1_701' title='bbox 892 4689 1505 4745; x_wconf 68' lang='lat' dir='ltr'><strong>sunt&#39;doccre‘studebit</strong></span> <span class='ocrx_word' id='word_1_702' title='bbox 1535 4692 1875 4760; x_wconf 88' lang='lat' dir='ltr'><strong>quantocius.</strong></span> <span class='ocrx_word' id='word_1_703' title='bbox 1913 4692 2031 4747; x_wconf 85' lang='lat' dir='ltr'><strong>Erit</strong></span> 
     </span>
    </p>
   </div>
   <div class='ocr_carea' id='block_1_70' title="bbox 446 4778 2027 4853">
    <p class='ocr_par' dir='ltr' id='par_1_70' title="bbox 446 4778 2027 4853">
     <span class='ocr_line' id='line_1_70' title="bbox 446 4778 2027 4853; baseline 0.006 -24"><span class='ocrx_word' id='word_1_704' title='bbox 446 4778 591 4832; x_wconf 68' lang='lat' dir='ltr'><strong>enim</strong></span> <span class='ocrx_word' id='word_1_705' title='bbox 626 4779 680 4833; x_wconf 88' lang='lat' dir='ltr'><strong>in</strong></span> <span class='ocrx_word' id='word_1_706' title='bbox 714 4781 960 4848; x_wconf 77' lang='lat' dir='ltr'><strong>proximo</strong></span> <span class='ocrx_word' id='word_1_707' title='bbox 992 4782 1114 4835; x_wconf 85' lang='lat' dir='ltr'><strong>inde</strong></span> <span class='ocrx_word' id='word_1_708' title='bbox 1143 4783 1478 4849; x_wconf 83' lang='lat' dir='ltr'><strong>necessitas;</strong></span> <span class='ocrx_word' id='word_1_709' title='bbox 1528 4785 1651 4853; x_wconf 90' lang='lat' dir='ltr'><strong>quia</strong></span> <span class='ocrx_word' id='word_1_710' title='bbox 1705 4784 1806 4841; x_wconf 89' lang='lat' dir='ltr'><strong>etsi</strong></span> <span class='ocrx_word' id='word_1_711' title='bbox 1839 4800 2027 4840; x_wconf 88' lang='lat' dir='ltr'><strong>eorum</strong></span> 
     </span>
    </p>
   </div>
   <div class='ocr_carea' id='block_1_71' title="bbox 447 4872 2030 4943">
    <p class='ocr_par' dir='ltr' id='par_1_71' title="bbox 447 4872 2030 4943">
     <span class='ocr_line' id='line_1_71' title="bbox 447 4872 2030 4943; baseline 0.005 -19"><span class='ocrx_word' id='word_1_712' title='bbox 447 4872 610 4924; x_wconf 84' lang='lat' dir='ltr'><strong>corda</strong></span> <span class='ocrx_word' id='word_1_713' title='bbox 653 4872 706 4925; x_wconf 92' lang='lat' dir='ltr'><strong>in</strong></span> <span class='ocrx_word' id='word_1_714' title='bbox 744 4872 953 4927; x_wconf 88' lang='lat' dir='ltr'><strong>insania</strong></span> <span class='ocrx_word' id='word_1_715' title='bbox 1002 4874 1240 4943; x_wconf 80' lang='lat' dir='ltr'><strong>perversi</strong></span> <span class='ocrx_word' id='word_1_716' title='bbox 1271 4889 1461 4930; x_wconf 88' lang='lat' dir='ltr'><strong>sensus</strong></span> <span class='ocrx_word' id='word_1_717' title='bbox 1509 4877 1810 4939; x_wconf 77' lang='lat' dir='ltr'><strong>eholliunt.</strong></span> <span class='ocrx_word' id='word_1_718' title='bbox 1844 4878 2030 4933; x_wconf 85' lang='lat' dir='ltr'><strong>ortho-</strong></span> 
     </span>
    </p>
   </div>
   <div class='ocr_carea' id='block_1_72' title="bbox 447 4961 2030 5036">
    <p class='ocr_par' dir='ltr' id='par_1_72' title="bbox 447 4961 2030 5036">
     <span class='ocr_line' id='line_1_72' title="bbox 447 4961 2030 5036; baseline 0.005 -22"><span class='ocrx_word' id='word_1_719' title='bbox 447 4961 572 5015; x_wconf 76' lang='grc' dir='ltr'><strong>(ιοχί</strong></span> <span class='ocrx_word' id='word_1_720' title='bbox 605 4968 781 5014; x_wconf 90' lang='lat' dir='ltr'><strong>tamen</strong></span> <span class='ocrx_word' id='word_1_721' title='bbox 813 4963 954 5031; x_wconf 78' lang='lat' dir='ltr'><strong>regis</strong></span> <span class='ocrx_word' id='word_1_722' title='bbox 989 4963 1158 5017; x_wconf 75' lang='lat' dir='ltr'><strong>nosu&#39;i</strong></span> <span class='ocrx_word' id='word_1_723' title='bbox 1190 4966 1428 5031; x_wconf 86' lang='lat' dir='ltr'><strong>tempore</strong></span> <span class='ocrx_word' id='word_1_724' title='bbox 1452 5006 1466 5024; x_wconf 88' lang='lat'><strong>,</strong></span> <span class='ocrx_word' id='word_1_725' title='bbox 1517 4980 1717 5034; x_wconf 86' lang='lat' dir='ltr'><strong>prava,</strong></span> <span class='ocrx_word' id='word_1_726' title='bbox 1751 4982 1870 5036; x_wconf 66' lang='lat' dir='ltr'><strong>qua:</strong></span> <span class='ocrx_word' id='word_1_727' title='bbox 1906 4982 2030 5022; x_wconf 87' lang='lat' dir='ltr'><strong>scn-</strong></span> 
     </span>
    </p>
   </div>
   <div class='ocr_carea' id='block_1_73' title="bbox 450 5051 2032 5126">
    <p class='ocr_par' dir='ltr' id='par_1_73' title="bbox 450 5051 2032 5126">
     <span class='ocr_line' id='line_1_73' title="bbox 450 5051 2032 5126; baseline 0.006 -23"><span class='ocrx_word' id='word_1_728' title='bbox 450 5051 593 5107; x_wconf 90' lang='lat' dir='ltr'><strong>tiunt</strong></span> <span class='ocrx_word' id='word_1_729' title='bbox 615 5091 631 5116; x_wconf 92' lang='lat'><strong>,</strong></span> <span class='ocrx_word' id='word_1_730' title='bbox 679 5052 857 5120; x_wconf 89' lang='lat' dir='ltr'><strong>eloqui</strong></span> <span class='ocrx_word' id='word_1_731' title='bbox 905 5066 1009 5105; x_wconf 90' lang='lat' dir='ltr'><strong>non</strong></span> <span class='ocrx_word' id='word_1_732' title='bbox 1038 5056 1389 5121; x_wconf 79' lang='lat' dir='ltr'><strong>prtesumunt.</strong></span> <span class='ocrx_word' id='word_1_733' title='bbox 1420 5053 1496 5108; x_wconf 87' lang='lat' dir='ltr'><strong>lla</strong></span> <span class='ocrx_word' id='word_1_734' title='bbox 1531 5063 1591 5109; x_wconf 90' lang='grc' dir='ltr'><strong>ιιι</strong></span> <span class='ocrx_word' id='word_1_735' title='bbox 1634 5065 1818 5126; x_wconf 85' lang='lat' dir='ltr'><strong>aperte</strong></span> <span class='ocrx_word' id='word_1_736' title='bbox 1850 5056 2032 5112; x_wconf 85' lang='lat' dir='ltr'><strong>videa-</strong></span> 
     </span>
    </p>
   </div>
   <div class='ocr_carea' id='block_1_74' title="bbox 450 5141 2029 5215">
    <p class='ocr_par' dir='ltr' id='par_1_74' title="bbox 450 5141 2029 5215">
     <span class='ocr_line' id='line_1_74' title="bbox 450 5141 2029 5215; baseline 0.004 -19"><span class='ocrx_word' id='word_1_737' title='bbox 450 5155 572 5196; x_wconf 87' lang='lat' dir='ltr'><strong>mus</strong></span> <span class='ocrx_word' id='word_1_738' title='bbox 618 5141 827 5211; x_wconf 79' lang='lat' dir='ltr'><strong>impleri</strong></span> <span class='ocrx_word' id='word_1_739' title='bbox 876 5142 1019 5210; x_wconf 88' lang='lat' dir='ltr'><strong>quod</strong></span> <span class='ocrx_word' id='word_1_740' title='bbox 1047 5142 1312 5211; x_wconf 87' lang='lat' dir='ltr'><strong>scriptum</strong></span> <span class='ocrx_word' id='word_1_741' title='bbox 1357 5152 1442 5198; x_wconf 81' lang='lat' dir='ltr'><strong>est</strong></span> <span class='ocrx_word' id='word_1_742' title='bbox 1473 5162 1488 5199; x_wconf 89' lang='lat'><strong>:</strong></span> <span class='ocrx_word' id='word_1_743' title='bbox 1527 5144 1861 5215; x_wconf 78' lang='lat' dir='ltr'><strong>Congregans</strong></span> <span class='ocrx_word' id='word_1_744' title='bbox 1895 5149 2029 5201; x_wconf 79' lang='lat' dir='ltr'><strong>sicut</strong></span> 
     </span>
    </p>
   </div>
   <div class='ocr_carea' id='block_1_75' title="bbox 443 5233 2031 5309">
    <p class='ocr_par' dir='ltr' id='par_1_75' title="bbox 443 5233 2031 5309">
     <span class='ocr_line' id='line_1_75' title="bbox 443 5233 2031 5309; baseline 0.003 -21"><span class='ocrx_word' id='word_1_745' title='bbox 443 5235 499 5288; x_wconf 75' lang='lat' dir='ltr'><strong>in</strong></span> <span class='ocrx_word' id='word_1_746' title='bbox 526 5245 641 5290; x_wconf 79' lang='lat' dir='ltr'><strong>utre</strong></span> <span class='ocrx_word' id='word_1_747' title='bbox 666 5233 821 5304; x_wconf 88' lang='lat' dir='ltr'><strong>[ms.,</strong></span> <span class='ocrx_word' id='word_1_748' title='bbox 849 5233 1061 5308; x_wconf 65' lang='lat' dir='ltr'><strong>utrem]</strong></span> <span class='ocrx_word' id='word_1_749' title='bbox 1081 5250 1243 5304; x_wconf 77' lang='lat' dir='ltr'><strong>aquas</strong></span> <span class='ocrx_word' id='word_1_750' title='bbox 1264 5238 1425 5292; x_wconf 82' lang='lat' dir='ltr'><strong>maris</strong></span> <span class='ocrx_word' id='word_1_751' title='bbox 1452 5236 1625 5308; x_wconf 71' lang='lat' dir='ltr'><strong>(Psal.</strong></span> <span class='ocrx_word' id='word_1_752' title='bbox 1660 5239 1852 5308; x_wconf 77' lang='lat' dir='ltr'><strong>xxxii).</strong></span> <span class='ocrx_word' id='word_1_753' title='bbox 1878 5240 2031 5309; x_wconf 82' lang='lat' dir='ltr'><strong>Aqua</strong></span> 
     </span>
    </p>
   </div>
   <div class='ocr_carea' id='block_1_76' title="bbox 449 5326 2032 5396">
    <p class='ocr_par' dir='ltr' id='par_1_76' title="bbox 449 5326 2032 5396">
     <span class='ocr_line' id='line_1_76' title="bbox 449 5326 2032 5396; baseline 0.002 -15"><span class='ocrx_word' id='word_1_754' title='bbox 449 5326 594 5381; x_wconf 82' lang='lat' dir='ltr'><strong>enim</strong></span> <span class='ocrx_word' id='word_1_755' title='bbox 647 5327 814 5380; x_wconf 81' lang='lat' dir='ltr'><strong>maris</strong></span> <span class='ocrx_word' id='word_1_756' title='bbox 864 5326 1004 5381; x_wconf 89' lang='lat' dir='ltr'><strong>sicut</strong></span> <span class='ocrx_word' id='word_1_757' title='bbox 1049 5329 1100 5382; x_wconf 90' lang='lat' dir='ltr'><strong>in</strong></span> <span class='ocrx_word' id='word_1_758' title='bbox 1148 5337 1269 5383; x_wconf 88' lang='lat' dir='ltr'><strong>utre</strong></span> <span class='ocrx_word' id='word_1_759' title='bbox 1318 5339 1642 5396; x_wconf 75' lang='lat' dir='ltr'><strong>congregata</strong></span> <span class='ocrx_word' id='word_1_760' title='bbox 1699 5337 1783 5383; x_wconf 86' lang='lat' dir='ltr'><strong>est</strong></span> <span class='ocrx_word' id='word_1_761' title='bbox 1834 5346 1850 5386; x_wconf 91' lang='lat'><strong>:</strong></span> <span class='ocrx_word' id='word_1_762' title='bbox 1907 5332 2032 5396; x_wconf 85' lang='lat' dir='ltr'><strong>quia</strong></span> 
     </span>
    </p>
   </div>
   <div class='ocr_carea' id='block_1_77' title="bbox 2742 4611 3122 4669">
    <p class='ocr_par' dir='ltr' id='par_1_77' title="bbox 2742 4611 3122 4669">
     <span class='ocr_line' id='line_1_77' title="bbox 2742 4611 3122 4669; baseline -0.005 0"><span class='ocrx_word' id='word_1_763' title='bbox 2742 4611 2969 4669; x_wconf 77' lang='lat' dir='ltr'><strong>CAPUT</strong></span> <span class='ocrx_word' id='word_1_764' title='bbox 3006 4613 3122 4668; x_wconf 75' lang='lat' dir='ltr'><strong>XV.</strong></span> 
     </span>
    </p>
   </div>
   <div class='ocr_carea' id='block_1_78' title="bbox 2176 4703 3703 4778">
    <p class='ocr_par' dir='ltr' id='par_1_78' title="bbox 2176 4703 3703 4778">
     <span class='ocr_line' id='line_1_78' title="bbox 2176 4703 3703 4778; baseline -0.001 -18"><span class='ocrx_word' id='word_1_765' title='bbox 2176 4703 2253 4760; x_wconf 86' lang='lat' dir='ltr'><strong>De</strong></span> <span class='ocrx_word' id='word_1_766' title='bbox 2279 4705 2426 4760; x_wconf 78' lang='lat' dir='ltr'><strong>libris</strong></span> <span class='ocrx_word' id='word_1_767' title='bbox 2463 4723 2591 4778; x_wconf 75' lang='lat' dir='ltr'><strong>quos</strong></span> <span class='ocrx_word' id='word_1_768' title='bbox 2620 4705 2756 4759; x_wconf 77' lang='lat' dir='ltr'><strong>idem</strong></span> <span class='ocrx_word' id='word_1_769' title='bbox 2788 4708 2981 4774; x_wconf 62' lang='lat' dir='ltr'><strong>praeut</strong></span> <span class='ocrx_word' id='word_1_770' title='bbox 3029 4703 3346 4759; x_wconf 78' lang='lat' dir='ltr'><strong>Hincmortts</strong></span> <span class='ocrx_word' id='word_1_771' title='bbox 3385 4706 3703 4774; x_wconf 73' lang='lat' dir='ltr'><strong>composuit.</strong></span> 
     </span>
    </p>
   </div>
   <div class='ocr_carea' id='block_1_79' title="bbox 2211 4793 3746 4867">
    <p class='ocr_par' dir='ltr' id='par_1_79' title="bbox 2211 4793 3746 4867">
     <span class='ocr_line' id='line_1_79' title="bbox 2211 4793 3746 4867; baseline 0.001 -16"><span class='ocrx_word' id='word_1_772' title='bbox 2211 4796 2439 4867; x_wconf 86' lang='lat' dir='ltr'><strong>Scripsit</strong></span> <span class='ocrx_word' id='word_1_773' title='bbox 2489 4797 2650 4851; x_wconf 87' lang='lat' dir='ltr'><strong>etiam</strong></span> <span class='ocrx_word' id='word_1_774' title='bbox 2698 4793 2922 4866; x_wconf 66' lang='lat' dir='ltr'><strong>prmfato</strong></span> <span class='ocrx_word' id='word_1_775' title='bbox 2973 4809 3126 4864; x_wconf 69' lang='lat' dir='ltr'><strong>papae</strong></span> <span class='ocrx_word' id='word_1_776' title='bbox 3174 4795 3396 4849; x_wconf 75' lang='lat' dir='ltr'><strong>Nicolao</strong></span> <span class='ocrx_word' id='word_1_777' title='bbox 3444 4794 3570 4851; x_wconf 86' lang='lat' dir='ltr'><strong>fidei</strong></span> <span class='ocrx_word' id='word_1_778' title='bbox 3627 4812 3746 4852; x_wconf 74' lang='lat' dir='ltr'><strong>sua:</strong></span> 
     </span>
    </p>
   </div>
   <div class='ocr_carea' id='block_1_80' title="bbox 2137 4884 3746 4954">
    <p class='ocr_par' dir='ltr' id='par_1_80' title="bbox 2137 4884 3746 4954">
     <span class='ocr_line' id='line_1_80' title="bbox 2137 4884 3746 4954; baseline 0 -15"><span class='ocrx_word' id='word_1_779' title='bbox 2137 4885 2501 4954; x_wconf 86' lang='lat' dir='ltr'><strong>depromendo</strong></span> <span class='ocrx_word' id='word_1_780' title='bbox 2531 4895 2797 4950; x_wconf 86' lang='lat' dir='ltr'><strong>tenorem,</strong></span> <span class='ocrx_word' id='word_1_781' title='bbox 2829 4892 2881 4938; x_wconf 89' lang='lat' dir='ltr'><strong>et</strong></span> <span class='ocrx_word' id='word_1_782' title='bbox 2911 4898 3063 4937; x_wconf 89' lang='lat' dir='ltr'><strong>suam</strong></span> <span class='ocrx_word' id='word_1_783' title='bbox 3092 4892 3281 4938; x_wconf 90' lang='lat' dir='ltr'><strong>contra</strong></span> <span class='ocrx_word' id='word_1_784' title='bbox 3315 4885 3607 4953; x_wconf 78' lang='lat' dir='ltr'><strong>prtenotali</strong></span> <span class='ocrx_word' id='word_1_785' title='bbox 3633 4884 3746 4941; x_wconf 83' lang='lat' dir='ltr'><strong>Go-</strong></span> 
     </span>
    </p>
   </div>
   <div class='ocr_carea' id='block_1_81' title="bbox 2140 4974 3746 5046">
    <p class='ocr_par' dir='ltr' id='par_1_81' title="bbox 2140 4974 3746 5046">
     <span class='ocr_line' id='line_1_81' title="bbox 2140 4974 3746 5046; baseline 0.001 -16"><span class='ocrx_word' id='word_1_786' title='bbox 2140 4977 2395 5032; x_wconf 71' lang='lat' dir='ltr'><strong>tltescalci</strong></span> <span class='ocrx_word' id='word_1_787' title='bbox 2435 4991 2707 5037; x_wconf 85' lang='lat' dir='ltr'><strong>errorem,</strong></span> <span class='ocrx_word' id='word_1_788' title='bbox 2745 4990 2905 5044; x_wconf 89' lang='lat' dir='ltr'><strong>quam</strong></span> <span class='ocrx_word' id='word_1_789' title='bbox 2952 4974 3072 5029; x_wconf 84' lang='lat' dir='ltr'><strong>fidei</strong></span> <span class='ocrx_word' id='word_1_790' title='bbox 3116 4976 3397 5030; x_wconf 68' lang='lat' dir='ltr'><strong>catholica:</strong></span> <span class='ocrx_word' id='word_1_791' title='bbox 3428 4977 3746 5046; x_wconf 81' lang='lat' dir='ltr'><strong>dependere</strong></span> 
     </span>
    </p>
   </div>
   <div class='ocr_carea' id='block_1_82' title="bbox 2139 5064 3740 5136">
    <p class='ocr_par' dir='ltr' id='par_1_82' title="bbox 2139 5064 3740 5136">
     <span class='ocr_line' id='line_1_82' title="bbox 2139 5064 3740 5136; baseline -0.001 -15"><span class='ocrx_word' id='word_1_792' title='bbox 2139 5068 2460 5136; x_wconf 82' lang='lat' dir='ltr'><strong>satagebat,</strong></span> <span class='ocrx_word' id='word_1_793' title='bbox 2510 5064 2898 5121; x_wconf 84' lang='lat' dir='ltr'><strong>defensionem.</strong></span> <span class='ocrx_word' id='word_1_794' title='bbox 2952 5064 3184 5132; x_wconf 87' lang='lat' dir='ltr'><strong>Scripsit</strong></span> <span class='ocrx_word' id='word_1_795' title='bbox 3230 5074 3491 5134; x_wconf 69' lang='lat' dir='ltr'><strong>prttzterea</strong></span> <span class='ocrx_word' id='word_1_796' title='bbox 3545 5064 3740 5120; x_wconf 85' lang='lat' dir='ltr'><strong>multa.</strong></span> 
     </span>
    </p>
   </div>
   <div class='ocr_carea' id='block_1_83' title="bbox 2140 5154 3746 5225">
    <p class='ocr_par' dir='ltr' id='par_1_83' title="bbox 2140 5154 3746 5225">
     <span class='ocr_line' id='line_1_83' title="bbox 2140 5154 3746 5225; baseline 0.001 -14"><span class='ocrx_word' id='word_1_797' title='bbox 2140 5157 2362 5211; x_wconf 70' lang='lat' dir='ltr'><strong>Librum</strong></span> <span class='ocrx_word' id='word_1_798' title='bbox 2411 5172 2627 5225; x_wconf 87' lang='lat' dir='ltr'><strong>quoque</strong></span> <span class='ocrx_word' id='word_1_799' title='bbox 2675 5155 2956 5209; x_wconf 87' lang='lat' dir='ltr'><strong>collectum</strong></span> <span class='ocrx_word' id='word_1_800' title='bbox 3002 5171 3070 5209; x_wconf 83' lang='lat' dir='ltr'><strong>ex</strong></span> <span class='ocrx_word' id='word_1_801' title='bbox 3110 5157 3542 5211; x_wconf 79' lang='lat' dir='ltr'><strong>orthodoxorum</strong></span> <span class='ocrx_word' id='word_1_802' title='bbox 3577 5154 3746 5212; x_wconf 86' lang='lat' dir='ltr'><strong>dictis</strong></span> 
     </span>
    </p>
   </div>
   <div class='ocr_carea' id='block_1_84' title="bbox 2139 5246 3743 5316">
    <p class='ocr_par' dir='ltr' id='par_1_84' title="bbox 2139 5246 3743 5316">
     <span class='ocr_line' id='line_1_84' title="bbox 2139 5246 3743 5316; baseline -0.001 -13"><span class='ocrx_word' id='word_1_803' title='bbox 2139 5248 2358 5303; x_wconf 87' lang='lat' dir='ltr'><strong>Patrum</strong></span> <span class='ocrx_word' id='word_1_804' title='bbox 2388 5248 2453 5301; x_wconf 89' lang='lat' dir='ltr'><strong>ad</strong></span> <span class='ocrx_word' id='word_1_805' title='bbox 2484 5246 2908 5301; x_wconf 72' lang='lat' dir='ltr'><strong>filios&#39;Ecclesitn</strong></span> <span class='ocrx_word' id='word_1_806' title='bbox 2952 5261 3093 5311; x_wconf 75' lang='lat' dir='ltr'><strong>sum,</strong></span> <span class='ocrx_word' id='word_1_807' title='bbox 3125 5246 3267 5316; x_wconf 88' lang='lat' dir='ltr'><strong>quod</strong></span> <span class='ocrx_word' id='word_1_808' title='bbox 3311 5247 3512 5302; x_wconf 68' lang='lat' dir='ltr'><strong>div&#39;rnm</strong></span> <span class='ocrx_word' id='word_1_809' title='bbox 3555 5247 3743 5303; x_wconf 79' lang='lat' dir='ltr'><strong>Trini-</strong></span> 
     </span>
    </p>
   </div>
   <div class='ocr_carea' id='block_1_85' title="bbox 2144 5336 3748 5396">
    <p class='ocr_par' dir='ltr' id='par_1_85' title="bbox 2144 5336 3748 5396">
     <span class='ocr_line' id='line_1_85' title="bbox 2144 5336 3748 5396; baseline 0 -4"><span class='ocrx_word' id='word_1_810' title='bbox 2144 5339 2271 5392; x_wconf 79' lang='lat' dir='ltr'><strong>tatis</strong></span> <span class='ocrx_word' id='word_1_811' title='bbox 2300 5338 2474 5392; x_wconf 89' lang='lat' dir='ltr'><strong>deitas</strong></span> <span class='ocrx_word' id='word_1_812' title='bbox 2523 5338 2661 5390; x_wconf 91' lang='lat' dir='ltr'><strong>trina</strong></span> <span class='ocrx_word' id='word_1_813' title='bbox 2706 5351 2812 5391; x_wconf 91' lang='lat' dir='ltr'><strong>non</strong></span> <span class='ocrx_word' id='word_1_814' title='bbox 2857 5336 2931 5392; x_wconf 87' lang='lat' dir='ltr'><strong>sit-</strong></span> <span class='ocrx_word' id='word_1_815' title='bbox 2976 5336 3239 5396; x_wconf 86' lang='lat' dir='ltr'><strong>diceuda.</strong></span> <span class='ocrx_word' id='word_1_816' title='bbox 3272 5352 3395 5391; x_wconf 89' lang='lat' dir='ltr'><strong>cum</strong></span> <span class='ocrx_word' id='word_1_817' title='bbox 3449 5338 3528 5392; x_wconf 89' lang='lat' dir='ltr'><strong>sit</strong></span> <span class='ocrx_word' id='word_1_818' title='bbox 3571 5338 3748 5396; x_wconf 78' lang='lat' dir='ltr'><strong>iusius</strong></span> 
     </span>
    </p>
   </div>
  </div>
