3904 5396
123 258 223 315 18-!

712 260 1058 319 HISTORIE
1098 264 1451 320 εδειεειτε
1491 265 1724 320 ΒΕΜΕΧ

1831 295 1834 311 .
1868 264 2045 320 Llslll
2084 265 2434 333 QUATUOR.
2477 299 2548 309 --
2587 269 2714 327 LIB.
2752 266 2836 324 Ill.

3307 279 3410 333 183

101 372 278 444 ~gium
314 372 568 436 metrico,
600 372 665 428 de
709 375 879 444 gratia
910 384 965 427 et
993 375 1467 444 praedestinatione
1506 377 1628 436 Dei;
1662 377 1728 430 de
1761 382 1805 440 Λ
1833 377 2207 433 ordinabiliter
2242 380 2489 446 plantare
2516 382 2833 448 debuerant,
2862 398 2926 439 ac
2956 385 3009 439 in
3035 387 3263 444 sublime
3284 391 3416 446 καὶ.

128 465 503 520 sacramentis
541 480 751 534 quoque
789 467 1033 535 corporis
1079 476 1133 521 et
1185 468 1462 538 sanguinis
1505 467 1726 531 Christi,

128 569 186 612 et
221 559 292 614 de
321 560 555 614 videndo
596 562 727 625 Deo,
769 572 932 630 atque
979 564 1190 632 origine
1233 565 1447 628 animm,
1480 565 1635 619 simul
1667 582 1732 618 ac

130 652 199 706 d’e
230 652 336 706 fide
366 663 572 707 sanctae
601 652 911 717 Trinitatis,
939 657 1082 724 quod
1122 672 1256 726 opus
1286 656 1572 726 appellavit
1602 655 1730 708 Fer-

132 743 309 795 culum
343 742 671 796 Salomonis.
699 743 830 797 ltem
872 745 1088 816 collegit
1113 755 1273 815 atque
1307 749 1609 816 composuit
1641 763 1731 802 va—

135 839 316 892 lumen
353 839 548 908 ingens
592 839 772 909 plures
818 841 1103 896 continens
1135 842 1298 896 libros
1333 842 1401 897 de
1445 843 1729 912 przedesti-

133 931 355 983 natione
415 929 510 984 Dei
578 939 632 985 et
690 930 858 985 libero
921 932 1152 986 arbitrio
1217 943 1408 988 contra
1468 936 1729 1004 quosdam

133 1020 562 1090 reprehensores
605 1037 765 1087 suos,
797 1031 958 1092 atque
1001 1023 1355 1078 Ratramuum
1406 1026 1736 1080 monachum

131 1110 544 1177 Corbeieusem,
578 1112 642 1166 ad
673 1113 919 1168 eumdem
967 1113 1225 1169 Karolum
1269 1131 1482 1186 regem;
1517 1118 1604 1172 cui
1647 1127 1726 1171 ta—

132 1206 233 1258 lctn
262 1204 486 1274 μετείω-ι
512 1206 813 1275 epistolam.

204 1318 223 1348 ι
267 1298 481 1352 Domno
510 1298 744 1369 glorioso
771 1300 880 1371 regi
909 1298 1128 1355 Ksaoco
1157 1301 1360 1371 (Calvo)
1393 1300 1728 1364 lltscusacs,

134 1395 374 1459 nomine,
409 1413 519 1450 non
556 1397 768 1461 merito,
796 1397 1088 1452 llemorum
1120 1399 1438 1468 episcopus,
1469 1413 1532 1452 ac
1559 1398 1730 1467 plebis

132 1483 225 1538 Dei
262 1483 527 1550 famulus,
558 1501 661 1539 una
707 1501 828 1540 cum
871 1486 1094 1558 collegis
1138 1487 1354 1541 domuis
1390 1495 1446 1540 et
1476 1487 1730 1540 fratribus

133 1580 264 1635 meis
295 1582 626 1635 venerandis
651 1582 940 1652 episcopis,
980 1583 1294 1638 oratoribus
1313 1583 1518 1639 scilicet
1540 1581 1732 1638 salutis

132 1681 292 1741 atque
322 1673 704 1742 prosperitatis
733 1685 926 1728 vestra:
952 1675 1186 1730 devotis.

1838 469 2076 526 ﬁcantes.
2097 471 2375 528 extollere.
2407 473 2480 528 De
2513 475 2743 543 quodam
2776 477 2938 531 etiam
2973 478 3227 548 capitulo,
3256 486 3413 552 quasi

1833 564 2125 620 ludificatio
2154 566 2329 636 aliqua
2360 569 2411 621 in
2444 568 2616 622 sacris
2651 571 2922 639 mysteriis
2947 587 3066 628 esse
3108 575 3310 642 possit,
3342 577 3430 630 ita.

1834 657 2190 725 scripserunt,
2229 670 2287 712 ut
2328 659 2564 730 legentes
2610 662 2714 716 hoc
2759 678 2789 716 a
2837 664 2991 718 nobis
3017 665 3220 721 dictum
3250 668 3416 725 fuisse

1836 749 2131 820 intelligere
2161 753 2391 822 possint,
2423 753 2490 806 de
2517 770 2625 824 quo
2671 754 2803 809 nihil
2846 771 2875 808 a
2922 757 3078 812 nobis
3105 769 3189 814 est
3215 776 3421 816 memo-

1835 853 2046 910 ratum;
2079 853 2132 899 et
2159 861 2324 913 quare
2349 845 2480 906 nihil
2507 862 2535 900 a
2563 846 2719 900 nobis
2743 846 2866 902 inde
2897 847 2967 903 sit
3008 849 3234 916 dictum,
3277 863 3333 909 et
3364 855 3418 908 in

1835 937 1987 1007 cujus
2013 938 2230 1007 scriptis
2267 954 2296 990 a
2331 937 2486 1000 nobis
2519 947 2703 1007 postea
2749 954 2910 1009 quam
2937 940 3170 1010 capitula
3200 943 3420 1013 scripsi-

1835 1043 1975 1092 mus,
2007 1029 2076 1082 sit
2111 1029 2383 1082 inventum
2407 1071 2420 1093 ,
2453 1044 2551 1084 suo
2596 1029 2713 1084 loco
2762 1031 3021 1085 dicemus.
3069 1031 3420 1089 lnseruerunt

1833 1119 1998 1173 etiam
2043 1119 2095 1172 in
2141 1120 2341 1174 eisdem
2374 1121 2486 1176 suis
2527 1121 2743 1190 scriptis
2775 1123 2841 1176 de
2868 1122 3191 1192 quibusdam
3228 1129 3419 1182 sexde-

1833 1209 1938 1264 cim
1987 1195 2270 1280 capitulis,
2320 1212 2476 1280 quasi
2529 1213 2684 1268 nobis
2733 1213 2966 1268 debeant
3016 1215 3300 1287 imputari,
3351 1219 3417 1272 de

1833 1301 2029 1371 quibus
2055 1302 2186 1356 nihil
2224 1303 2548 1366 audivimus,
2579 1303 2662 1359 vel
2689 1305 2920 1361 vidimus
2945 1316 3235 1379 antequam
3264 1324 3423 1364 vene-

1834 1394 2021 1448 rabilis
2069 1393 2180 1448 Ebo
2223 1393 2760 1465 Gratianopolitanus
2803 1397 3090 1469 episcopus
3132 1400 3286 1455 vobis
3332 1416 3422 1464 ea.

1834 1485 1986 1554 quasi
2016 1501 2043 1538 a
2070 1486 2224 1540 boum
2251 1487 2525 1542 memoriae
2557 1486 2724 1543 fratre
2747 1499 2930 1545 vestro
2954 1490 3212 1546 Lothario
3243 1500 3422 1547 trans-

1834 1575 2019 1639 missa,
2060 1577 2201 1646 apud
2233 1573 2567 1632 Vcrmeriam
2615 1577 2875 1648 palatium
2925 1580 3140 1634 detulit.
3177 1581 3418 1648 Quorum

1835 1668 2189 1738 capitulorum
2241 1678 2514 1724 auctorem
2571 1687 2671 1726 nec
2724 1673 3034 1728 adnotatum
3092 1676 3416 1738 invenimus.

203 1783 222 1812 ς
266 1763 380 1818 ι)εο
427 1766 634 1835 gratias
679 1764 912 1835 agimus,
943 1768 1035 1835 qui
1066 1782 1164 1821 cor
1208 1777 1446 1822 vestrum
1487 1767 1554 1822 ad
1583 1783 1730 1821 amo.
1762 1765 1807 1824 Β
1836 1775 1936 1815 nec
1976 1776 2098 1816 cum
2145 1760 2370 1815 multum
2414 1763 2790 1832 qumsierimus
2841 1765 3081 1821 invenire
3132 1767 3420 1824 valuimus.

133 1872 242 1912 rem
272 1871 434 1911 suum
481 1858 752 1921 accendit,
781 1867 838 1912 ct
879 1857 944 1910 ad
992 1860 1354 1929 cognitionem
1396 1860 1643 1914 veritatis
1677 1869 1732 1914 et

133 1945 448 2000 orthodoxa:
504 1946 627 2001 ﬁdei
678 1947 958 2002 scientiam
1016 1958 1072 2003 et
1121 1949 1452 2020 diligentiam
1505 1949 1730 2019 ignivit,

133 2041 476 2108 prudentiam
509 2057 725 2110 quoque
760 2052 813 2097 et
843 2041 1250 2108 intelligentiam
1279 2045 1432 2098 vobis
1458 2045 1508 2098 in
1538 2043 1733 2099 litteris

137 2134 398 2188 divinitus
427 2135 706 2204 inspiratis
729 2134 972 2199 donavit,
1005 2145 1058 2190 et
1091 2137 1139 2190 in
1167 2152 1351 2191 earum
1378 2138 1732 2193 meditatione

137 2233 291 2294 atque
336 2225 710 2289 excitatione,
755 2229 1018 2295 Quantum
1068 2226 1219 2281 vobis
1269 2243 1367 2296 pro
1425 2227 1733 2296 reipubliczc

136 2318 363 2386 negotiis
392 2316 542 2381 licet,
577 2316 813 2371 studium
844 2326 1035 2372 vestrte
1076 2318 1378 2373 devotionis
1414 2319 1732 2387 quotidiauo

138 2417 426 2480 augmento
455 2410 523 2462 ad
558 2407 844 2462 utilitatem
872 2419 1072 2463 sancta:
1104 2425 1214 2464 sua:
1251 2410 1505 2464 Ecclesia!
1530 2425 1727 2479 prove—

138 2500 228 2553 bit.
259 2499 539 2555 (Imterum
589 2500 836 2571 capitula'
867 2499 1140 2570 synodalia
1176 2501 1564 2555 venerabilinm
1598 2517 1723 2556 con-

139 2594 476 2648 sacerdotum
519 2602 850 2655 nostrorum,
877 2592 1039 2645 trium
1069 2593 1276 2648 scilicet
1300 2593 1727 2662 provinciarum,

138 2685 269 2740 sicut
313 2685 518 2740 ibidem
567 2685 893 2747 continetur,
923 2694 974 2738 et
1003 2683 1228 2738 inferius
1278 2683 1539 2752 scriptum
1573 2675 1727 2738 inve.-

139 2777 329 2844 nietur,
361 2776 521 2830 vobis
565 2776 740 2830 delata
769 2815 783 2839 ,
834 2791 953 2844 qua:
997 2784 1195 2830 nostra:
1241 2775 1529 2829 humilitati
1572 2774 1726 2843 juxta

141 2869 472 2940 Scripturam
513 2869 913 2939 przccipieutem
951 2869 1268 2940 :lnterroga
1305 2869 1621 2924 sacerdotes
1655 2870 1728 2924 leo

141 2978 249 3030 gem
296 2977 478 3016 meam
529 2962 682 3032 (.tgg.
726 2961 943 3031 ",12),
977 2962 1102 3031 quia
1131 2971 1187 3016 et
1232 2961 1400 3032 legem
1449 2961 1571 3016 ﬁdei
1608 2977 1727 3017 esse

141 3055 388 3125 lcgimus,
441 3055 862 3124 prtecedentium
908 3070 1094 3124 regum
1143 3069 1326 3113 more.
1371 3055 1440 3108 ob
1490 3055 1723 3112 studium

1838 1850 1989 1906 Unde
2023 1853 2478 1924 putavimnsquia
2508 1854 2734 1922 alicujus
2763 1855 2961 1912 invidia
2990 1858 3056 1912 ad
3098 1859 3424 1929 cujusquam

1833 1941 2138 2010 opinionem
2168 1943 2529 2019 infamandam
2556 1945 2753 2001 fuerint
2777 1949 3089 2018 compilata,
3113 1950 3251 2004 sicut
3278 1967 3421 2022 διιερο

1834 2031 2084 2103 legimus.
2112 2035 2182 2090 Ut
2208 2035 2273 2090 de
2303 2036 2486 2091 multis
2511 2053 2683 2107 pauca
2715 2055 3222 2105 commcmoremus,
3252 2043 3426 2097 veluti

1832 2123 2060 2193 epistola
2086 2125 2446 2195 capitulorttm
2477 2129 2704 2194 exstitit,
2748 2145 2910 2199 quam
2947 2132 3271 2188 venerabilis
3300 2133 3423 2190 lbas

1832 2215 2117 2286 episcopus
2145 2232 2297 2271 suam
2343 2233 2462 2274 esse
2514 2220 2565 2273 in
2615 2221 2821 2291 synodo
2860 2222 3168 2294 denegavit,
3197 2234 3254 2279 et
3279 2225 3422 2280 sicut

1831 2305 2048 2374 quidam
2084 2309 2262 2362 :emuli
2297 2309 2364 2364 dc
2408 2311 2587 2366 verbis
2631 2314 2774 2367 beati
2820 2315 3105 2386 Augustini
3138 2318 3314 2373 adhuc
3363 2321 3417 2374 in

1832 2410 1928 2449 sua
1961 2397 2071 2450 vita
2103 2397 2368 2464 fecerunt,
2397 2417 2516 2470 quae
2560 2403 2647 2458 ille
2697 2413 2886 2475 argute
2932 2414 2988 2462 et
3017 2407 3283 2464 catholice
3332 2425 3420 2464 re-

1832 2489 1983 2558 pulit,
2013 2499 2277 2559 quantum
2324 2494 2390 2548 ad
2435 2495 2576 2550 illius
2623 2497 2869 2551 notitiam
2919 2500 3114 2555 exinde
3152 2504 3416 2571 pervenit.

1833 2581 1961 2636 Post
1987 2583 2103 2654 ejus
2146 2585 2311 2640 etiam
2341 2586 2569 2651 obitum,
2617 2589 2833 2660 quidam
2881 2593 3041 2648 invidi
3084 2595 3418 2666 capitulatim

1833 2672 1896 2728 de
1925 2672 2044 2741 ejus
2088 2675 2257 2744 ipsius
2283 2677 2521 2747 scriptis,
2550 2693 2613 2734 ex
2660 2681 2743 2734 his
2771 2683 2932 2736 etiam
2963 2683 3102 2738 unde
3136 2701 3276 2739 nunc
3303 2687 3418 2756 agis

1835 2773 1940 2829 tur,
1967 2764 2220 2837 colligere
2246 2779 2603 2833 curaverunt,
2640 2780 2698 2825 ut
2725 2771 2866 2826 illius
2899 2773 3199 2829 doctrinam
3235 2777 3419 2830 ortho-

1833 2859 2050 2924 doxam,
2079 2869 2237 2929 atque
2266 2861 2577 2929 utillimum,
2610 2865 2680 2918 ob
2711 2881 2954 2935 personae
2986 2867 3127 2922 illius
3158 2869 3415 2923 invidiam

1829 2947 2106 3004 vilifacere
2139 2952 2524 3020 prmvalercnt,
2563 2964 2618 3009 et
2662 2954 2893 3010 lectores
2922 2961 3144 3013 devotos
3173 2959 3240 3011 ab
3275 2958 3418 3014 illius

1833 3036 2062 3094 lectione
2091 3056 2156 3095 ac
2191 3042 2480 3098 dilectione
2503 3054 2552 3100 et
2581 3047 2883 3116 necessaria
2917 3048 3236 3105 crudelitate
3263 3065 3417 3104 aver-

141 3147 518 3215 cngnoseenda:
545 3146 811 3209 veritatis,
865 3145 1087 3216 legenda
1129 3155 1186 3199 et
1231 3146 1536 3200 ventilanda
1577 3147 1724 3201 dedi-

1835 3139 2028 3185 terent.
2066 3130 2195 3199 Quae
2223 3134 2471 3190 videlicet
2509 3137 2824 3194 seruulorum
2863 3141 3137 3197 mendacia
3173 3159 3235 3197 ex
3267 3143 3416 3197 dele-

141 3238 250 3302 stis,
284 3237 635 3291 revolvimus.
665 3236 720 3290 Ιιι
746 3236 943 3306 quibus
973 3251 1092 3297 nos,
1120 3235 1246 3290 licet
1283 3238 1498 3290 nomina
1539 3247 1723 3292 nostra

143 3329 238 3381 sint
286 3329 475 3392 tacita,
521 3327 894 3398 designatione
927 3336 1105 3382 tamen
1152 3326 1373 3383 eﬂ'ectus
1424 3328 1571 3383 velut
1619 3346 1725 3382 non

144 3419 429 3473 catholicos
463 3419 841 3488 reprehensos,
871 3425 926 3472 et
948 3418 1064 3472 sine
1091 3415 1450 3474 fraternitatis
1480 3429 1725 3488 respectu

144 3509 416 3578 despectos
447 3509 772 3580 reperimus.
807 3507 1051 3578 Capitula
1103 3523 1336 3579 quoque,
1376 3525 1494 3578 qua:
1531 3511 1600 3565 oh
1631 3527 1727 3565 no.

147 3607 246 3653 tam
271 3601 456 3663 vobis,
490 3608 546 3652 et
577 3598 714 3652 infra
754 3599 1192 3653 innotescendam
1228 3601 1627 3668 necessitatem,
1661 3618 1724 3655 ex

146 3690 523 3744 catholicorum
571 3689 790 3743 Patrum
825 3690 1073 3744 sensibus
1123 3698 1178 3742 et
1230 3690 1409 3745 verbis
1452 3693 1726 3762 excerpsi-

146 3797 274 3845 mus,
303 3783 450 3837 velut
483 3782 716 3846 inutilia,
749 3783 856 3835 imo
883 3782 1064 3846 noxia,
1096 3781 1306 3850 repulsa
1333 3791 1387 3836 et
1412 3782 1723 3855 abominata

147 3869 457 3927 invenimus.
508 3872 640 3940 Qua:
689 3871 946 3942 capitula,
999 3872 1139 3926 sicut
1185 3887 1216 3925 a
1268 3873 1425 3927 nobis
1463 3885 1721 3943 excerpta

147 3975 279 4033 sunt,
328 3969 442 4022 suis
493 3968 711 4038 scriptis
763 3968 1002 4023 inserere
1051 3968 1372 4032 noluerunt,
1408 3983 1476 4023 ne
1516 3967 1585 4021 ab
1621 3967 1724 4022 illis

150 4057 463 4129 legerentur,
497 4061 550 4113 in
583 4075 814 4129 quorum
861 4075 1054 4113 manus
1085 4058 1296 4114 illorum
1344 4058 1578 4128 capitula
1629 4058 1722 4112 dc-

150 4149 399 4214 veuirent,
442 4149 538 4204 sed
574 4150 823 4219 quaedam
873 4150 940 4204 de
990 4151 1074 4205 his
1134 4166 1254 4221 qua:
1303 4151 1356 4204 in
1410 4149 1657 4220 capitulis
1691 4165 1720 4203 a

151 4241 289 4293 nobis
315 4240 588 4309 excerptis
622 4241 910 4302 habentur,
943 4241 1048 4294 aiio
1079 4257 1238 4294 sensu
1283 4252 1338 4295 et
1389 4243 1510 4294 aliis
1543 4241 1723 4295 verbis

154 4332 446 4401 tetigerunt,
478 4341 537 4385 ut
585 4332 946 4387 abominanda
994 4333 1082 4386 illa
1132 4344 1532 4399 monstrarent;
1569 4349 1718 4404 qua:-

153 4422 257 4476 dain
280 4434 454 4478 autem
483 4431 926 4493 suppresserunt,
954 4433 1008 4477 et
1036 4425 1214 4478 taliter
1247 4425 1368 4478 inde
1400 4426 1714 4479 memoriam

1835 3223 2050 3288 gatione
2079 3233 2282 3279 sancta:
2311 3226 2456 3281 sedis
2499 3227 2754 3285 Romana:
2801 3247 2899 3302 per
2925 3232 3274 3290 leestinum
3322 3252 3418 3305 pa-

1833 3330 1954 3384 pam
2010 3328 2232 3373 sanctus
2276 3319 2511 3390 Prosper
2560 3323 2828 3380 catholico
2862 3335 2917 3384 et
2965 3328 3214 3396 prudenti
3273 3329 3415 3400 slon

1833 3405 1964 3462 falsa
1993 3425 2137 3476 esse,
2168 3420 2223 3466 et
2269 3413 2639 3482 imprudenter
2676 3415 2890 3486 objecta
2937 3421 3192 3485 ostendit,
3223 3430 3276 3476 et
3300 3437 3414 3477 mc-

1832 3502 2024 3554 morati
2059 3518 2132 3563 ac
2176 3506 2509 3560 memorandi
2561 3508 2659 3563 viri
2706 3508 3004 3565 doctrinam
3055 3514 3412 3570 orthodoxam

1830 3605 1951 3646 esse
1981 3591 2309 3650 lucidissime
2340 3597 2749 3653 demonstravit.
2782 3600 2933 3656 Unde
2971 3611 3027 3656 et
3059 3603 3171 3659 ﬁeri
3217 3615 3414 3672 potest,

1832 3693 1890 3737 ut
1920 3685 2021 3738 ista
2053 3687 2311 3754 capitula,
2341 3703 2460 3756 qua:
2505 3691 2658 3744 vobis
2707 3707 2774 3746 ev
2821 3693 3040 3748 nomine
3074 3695 3409 3750 confratrum

1831 3783 2138 3829 nostrorum
2180 3776 2249 3830 ab
2277 3777 2396 3832 aliis
2423 3795 2583 3847 quam
2631 3783 2698 3835 ab
2741 3782 2844 3836 illis
2872 3783 3044 3837 delata
3065 3825 3080 3850 ,
3106 3785 3188 3840 vel
3235 3796 3418 3841 trans-

1830 3865 1993 3920 missa
2021 3877 2167 3930 sunt,
2195 3868 2371 3922 taliter
2402 3870 2454 3923 in
2483 3871 2857 3941 suggillatione
2891 3883 3072 3928 nostra
3100 3877 3411 3947 conscripta

1830 3974 1934 4012 non
1960 3957 2181 4019 fuerint,
2200 3960 2292 4014 sed
2317 3959 2608 4030 instigante
2630 3961 2843 4016 diabolo
2865 3963 3007 4017 inter
3025 3974 3218 4020 caetera
3243 3966 3408 4032 mala,

1827 4065 1946 4118 qua:
1969 4049 2176 4104 nuncin
2195 4052 2506 4122 hoc,mnutlo
2527 4053 2901 4118 crebrescunt,
2922 4055 2987 4108 ad
3013 4055 3406 4112 immittendam

1829 4141 1971 4195 inter
2003 4141 2214 4195 Domini
2264 4142 2574 4197 sacerdotes
2617 4143 2942 4198 discordiam
2991 4145 3101 4199 sint
3139 4146 3405 4212 confecta,

1826 4232 1916 4300 qui
1944 4232 2262 4286 charitatem
2288 4233 2640 4288 vehementer
2676 4235 2727 4287 in
2771 4235 2924 4290 nobis
2948 4244 3004 4290 et
3033 4236 3184 4292 timet
3221 4245 3276 4292 et
3331 4239 3412 4292 in-

1826 4321 1993 4387 videt,
2027 4337 2148 4376 cum
2199 4323 2341 4383 videt
2383 4323 2525 4378 illam
2573 4340 2602 4378 a
2647 4325 2802 4379 nobis
2842 4326 3044 4380 servari
3101 4328 3410 4383 hominibus

1827 4413 2058 4467 terrenis
2083 4413 2132 4467 in
2161 4424 2322 4479 terra,
2353 4429 2514 4484 quam
2547 4415 2636 4470 ille
2677 4430 2897 4470 servare
2923 4415 3110 4472 nolens
3136 4417 3410 4488 angelicas

153 4513 472 4582 habuerunt,
523 4516 680 4585 quasi
735 4529 836 4568 nos
886 4527 1072 4570 contra
1128 4527 1440 4571 sanctorum
1496 4516 1715 4570 Patrum

1831 4503 2048 4572 spiritus
2079 4504 2260 4558 amisit
2291 4505 2342 4558 in
2372 4505 2530 4558 cado.
2561 4503 2842 4572 Quomodo
2873 4507 3014 4561 enim
3050 4507 3162 4561 lieri
3204 4517 3406 4576 posset,

153 4621 289 4662 sensa
330 4610 379 4663 in
426 4607 614 4664 Africa
664 4617 721 4663 et
779 4608 1040 4663 Aransica
1093 4609 1298 4680 synodo
1359 4610 1714 4664 senserimus.

156 4695 458 4768 Dequodam
489 4708 675 4753 autem
707 4698 962 4769 capitulo,
1000 4700 1050 4752 id
1080 4708 1185 4763 est,
1217 4699 1360 4768 quod
1394 4714 1585 4754 omnes
1616 4702 1715 4753 lio-

155 4789 306 4846 mines
329 4793 436 4845 vult
463 4792 608 4847 Deus
649 4791 833 4846 salvos
866 4792 978 4844 fieri
1011 4791 1061 4860 (ι
1095 4791 1228 4846 Tim.
1265 4808 1324 4856 Il,
1353 4793 1429 4862 4),
1458 4793 1583 4849 licet
1609 4811 1714 4848 non

157 4894 316 4937 omnes
340 4885 633 4950 salvcntur,
681 4883 927 4938 funditus
965 4894 1272 4948 tacuerunt,
1302 4885 1443 4941 sicut
1473 4897 1714 4957 postmo-

159 4969 261 5024 dum
287 4976 580 5044 signantius
612 4975 1130 5040 demonstrabimus,
1167 4992 1290 5031 cum
1338 4977 1597 5034 Dominus
1638 4979 1716 5032 di-

158 5073 230 5117 cat
249 5084 260 5118 :
282 5067 407 5124 Ecce
429 5073 678 5125 constitm
709 5079 758 5121 lc
787 5066 943 5136 super
966 5079 1138 5137 gentes
1159 5081 1205 5123 et
1237 5087 1414 5138 regna,
1447 5083 1499 5125 ut
1525 5072 1712 5126 evellas

159 5164 194 5206 et
228 5157 470 5227 destruus,
514 5158 821 5231 disperdas,
873 5167 918 5209 et
969 5159 1213 5229 dissipes,
1258 5169 1305 5212 et
1355 5163 1610 5232 redi/ica,
1661 5173 1708 5215 et

160 5248 318 5314 pientes
349 5255 477 5325 (Jer.
509 5273 559 5321 ι,
593 5255 711 5322 10).
756 5250 913 5304 Prius
952 5253 1125 5319 enim,
1170 5255 1214 5309 si
1269 5254 1334 5307 de
1379 5256 1707 5311 conscientia

161 5351 288 5396 recta:
322 5346 690 5396 intelliguntur:
730 5340 885 5394 fuere
911 5342 1122 5396 confisi.
1164 5353 1433 5396 nonenles
1464 5362 1525 5396 ea
1547 5385 1560 5396 .
1589 5360 1710 5396 mire

1825 4604 1878 4648 iit
1921 4595 2000 4650 sic
2028 4595 2228 4654 fratres
2273 4597 2442 4650 nostri
2475 4612 2571 4652 nos
2608 4598 2960 4652 succensorie
2983 4613 3106 4652 cum
3134 4599 3408 4658 annihilaq,

1824 4686 1987 4740 tionis
2021 4688 2274 4756 despectu
2295 4687 2626 4754 iudicarent,
2656 4687 2745 4756 qui
2779 4687 3015 4758 regulam
3048 4687 3410 4752 Dominieam,

1822 4777 2057 4848 qualiter
2129 4778 2459 4832 confratretn
2533 4780 2760 4848 quisque
2836 4779 3130 4834 admouere
3210 4777 3407 4835 debeat

1823 4871 2040 4942 (Matth.
2089 4886 2247 4934 svnt,
2291 4870 2404 4940 35),
2454 4873 2708 4927 continue
2745 4887 2856 4940 pra:
2894 4872 3067 4930 oculis
3112 4881 3168 4926 et
3215 4871 3266 4924 in
3313 4888 3412 4925 usu

1822 4961 2062 5030 quotidie
2089 4962 2364 5018 habeant?
2393 4961 2668 5035 Scriptum
2695 4965 2837 5018 enim
2868 4981 2990 5022 esse
3017 4973 3350 5034 cognoscunt
3396 4981 3408 5015 :

1823 5048 2144 5122 Priusquam
2187 5053 2511 5122 interroges,
2564 5075 2626 5112 ne
2669 5055 2924 5124 vitupercs
2968 5070 3310 5129 quamquam,
3359 5064 3408 5107 et

1821 5159 1940 5197 cum
1965 5144 2381 5214 interrogaveris,
2416 5149 2622 5220 corripe
2639 5149 2782 5219 juste
2813 5145 3004 5215 (Eccli.
3035 5160 3108 5206 xi,
3135 5145 3209 5210 ‘7).

1833 5275 1838 5279 ·
1897 5271 1915 5304 ι
1954 5253 2186 5309 Sanctus
2228 5255 2371 5308 enim
2415 5256 2752 5328 Augustinus
2799 5255 3172 5312 lizcreticorum
3218 5259 3272 5304 et
3324 5267 3409 5305 re-

1817 5345 2206 5396 nrehcnsornm
2234 5359 2458 5396 suorum
2489 5350 2711 5396 scrinia.
2737 5345 2780 5396 si
2808 5345 2857 5396 in
2885 5347 2964 5396 eis
2989 5340 3241 5396 quiddam
3267 5339 3412 5396 bene
