3904 5396
457 308 571 368 £33

1486 298 1879 362 mocosam
1914 279 2235 363 cauom:
2277 304 2619 362 REMENSIS

3619 286 3743 364 tst

453 428 751 486 secundum
782 420 1145 491 evangelicam
1199 418 1434 489 regulam
1456 458 1472 484 ,
1500 416 1583 472 vel
1611 418 1727 471 viva
1757 431 1889 471 voce
1911 458 1924 479 ,
1955 413 2036 470 vel
2065 418 2114 477 Α
2142 429 2263 470 curn
2317 417 2429 486 ipse
2474 416 2594 487 plus
2622 415 2740 470 aliis
2770 414 3095 471 laboraverit
3119 455 3134 482 ,
3189 414 3331 472 sicut
3378 416 3433 472 in
3481 416 3734 487 epistolis
3770 424 3774 429 '

456 517 673 587 scriptis
726 513 837 569 suis
888 513 1012 568 inde
1063 512 1498 581 interrogarent,
1557 518 1615 563 ut
1659 514 1740 562 vet
1795 506 2035 561 volentes

455 612 664 667 discere
718 608 1011 669 docerent,
1069 605 1151 657 vel
1200 619 1423 673 pravum
1473 602 1803 663 sentientes,
1851 607 1906 652 et
1969 598 2035 652 ad

458 704 728 758 tramitem
794 700 1042 754 veritatis
1083 707 1137 752 et
1192 696 1312 751 lldci
1369 696 1546 750 redire
1595 702 2036 755 contemnentes,

454 796 696 851 fraterne
742 804 795 847 et
849 792 1046 861 sa'pins
1100 797 1530 847 commouerent.
1578 797 1633 842 et
1683 787 2038 840 auctoritates

458 888 670 944 divinas
700 883 822 958 [al.,
855 883 1197 938 auctoritatis
1238 878 1477 952 divinzr],
1523 888 1907 934 etsaortornm
1941 877 2040 931 Pa-

454 992 596 1037 trum
648 981 847 1049 scripta
899 978 1053 1032 nobis
1103 984 1496 1045 primoncrent,
1555 981 1611 1027 et
1664 980 1721 1026 ut
1770 972 1822 1025 in
1871 985 2035 1023 nomn

455 1074 871 1131 coavenirtuuus
912 1086 1009 1125 nos
1060 1085 1184 1125 cum
1240 1066 1655 1121 mansuetudine
1699 1072 1753 1118 et
1818 1062 2041 1117 lenitate

481 1166 775 1229 uvitarent,
806 1163 1040 1218 scientes
1065 1161 1189 1230 quia
1218 1159 1502 1229 episcopus
1532 1157 1651 1211 ideo
1680 1156 1745 1209 ad
1776 1153 2039 1226 synodum

461 1257 909 1312 Consacerdotum
939 1255 1098 1308 debet
1122 1252 1327 1316 venire,
1359 1262 1417 1304 ut
1460 1258 1551 1304 aut
1586 1234 1799 1310 discat,
1826 1255 1921 1300 attt
1946 1246 2043 1298 do-

459 1347 617 1402 ceat?
645 1347 879 1401 Litteras
910 1360 1142 1412 namque
1180 1342 1538 1413 quorumdam
1587 1355 1774 1394 eorum
1820 1335 2040 1407 quidam

458 1448 766 1493 nostrorum
815 1436 1135 1506 benignitas,
1166 1443 1222 1489 et
1251 1434 1517 1487 fraternas
1545 1430 1912 1499 suscepimus,
1943 1443 2041 1481 uo-

458 1543 712 1601 strasque
740 1528 844 1583 illis
868 1528 1192 1591 remisimus,
1217 1536 1271 1581 et
1293 1525 1424 1579 nihil
1457 1524 1561 1579 tale
1588 1524 1654 1577 de
1676 1537 1860 1577 eorum
1890 1530 2044 1591 parte

454 1623 864 1695 perspeximus,
917 1620 1253 1685 audivimus,
1313 1616 1700 1677 intelleximus,
1752 1612 2038 1675 sensimus,

457 1713 543 1769 vel
590 1713 868 1784 percipere
901 1711 1297 1781 prmvaluimus.
1331 1709 1386 1764 Si
1430 1718 1611 1761 autem
1645 1706 1767 1759 talia
1807 1705 2033 1773 scripse-

2139 505 2206 559 ad
2237 515 2481 560 sanctum
2515 504 2882 560 Innocentium
2917 521 3105 576 papam
3132 506 3381 577 scriptis,
3409 517 3461 561 et
3494 508 3563 561 ad
3593 508 3734 563 alios

2138 598 2445 666 apostolica:
2493 600 2636 653 sedis
2678 599 2935 669 prazsnles
2989 599 3251 669 (Aususr.
3282 601 3434 666 epist.
3466 599 3539 654 90
3562 640 3578 663 ,
3619 599 3730 663 92,

2136 690 2247 758 95).
2303 690 2392 760 qui
2442 690 2620 760 legere
2649 690 2911 753 voluerit,
2952 691 3196 745 invenire
3249 690 3466 745 valebit.
3526 689 3638 744 Nec
3668 692 3737 745 de

2140 782 2249 835 ullo
2293 783 2667 852 episcoporum
2716 783 2768 837 in
2806 783 2928 837 ullis
2957 784 3203 839 conciliis
3255 784 3415 838 aliter
3460 785 3735 856 legimus,

2139 874 2241 930 nisi
2305 874 2444 930 forte
2499 874 2810 945 apostolicae
2866 876 3059 931 littera:
3130 884 3351 946 propter
3417 878 3736 931 evidentem

2140 978 2358 1020 cmrsam
2408 966 2640 1035 aliquem
2680 966 3120 1038 coepiscoporum
3168 969 3234 1021 asl
3304 968 3405 1023 hoc
3452 967 3735 1038 negotium

2138 1070 2264 1110 cum
2310 1056 2718 1127 archiepiscopo
2769 1072 2867 1113 suo
2919 1072 2983 1112 ex
3033 1057 3251 1119 nomine
3307 1057 3583 1130 designati
3644 1058 3742 1113 de-

2140 1147 2461 1212 creverint,
2515 1149 2657 1202 sicut
2710 1149 2777 1204 de
2820 1148 3275 1219 Attgustidunensi
3351 1151 3615 1219 episcopo
3682 1151 3737 1205 in

2140 1239 2381 1307 epistolis
2428 1240 2566 1294 beati
2596 1240 2844 1310 Gregorii
2899 1241 3147 1312 legimus.
3182 1241 3394 1306 Quanto
3427 1242 3606 1312 magis
3639 1244 3744 1297 iste

2143 1329 2463 1400 religiosus,
2512 1339 2566 1385 et
2614 1331 2698 1385 vir
2742 1341 2934 1387 cautus
2974 1333 3027 1385 in
3078 1330 3381 1400 hujusutodi
3433 1349 3493 1388 se
3542 1332 3745 1388 efferre

2143 1419 2404 1476 noluisset
2428 1463 2443 1486 ,
2480 1432 2572 1479 aut
2607 1422 2847 1493 prarferri
2890 1424 3154 1493 chpectis
3179 1465 3193 1489 ,
3243 1441 3307 1480 ac
3351 1427 3746 1492 praetermissis

2141 1513 2352 1567 caeteris
2381 1516 2716 1586 coepiscopis
2739 1555 2754 1579 ,
2796 1515 3172 1586 permisisset?
3198 1515 3314 1570 llue
3342 1517 3577 1580 accedit,
3613 1517 3744 1587 quia

2141 1602 2341 1659 fratres
2394 1606 2602 1672 nostri,
2647 1615 2701 1661 et
2756 1607 3173 1662 cousaeerdmes
3225 1609 3387 1663 surda
3443 1623 3581 1662 aure
3635 1624 3747 1662 non

2142 1695 2453 1753 debuissent
2515 1699 2746 1754 transire
2803 1698 3108 1755 Salomonis
3165 1700 3367 1755 dictant
3437 1701 3750 1755 commoui-

458 1820 608 1873 runt,
643 1810 687 1861 si
722 1807 860 1862 forte
908 1805 981 1859 illi
1025 1804 1380 1873 scripserunt,
1420 1810 1477 1855 ιιι
1521 1813 1674 1854 suam
1724 1797 2043 1868 sapientiam
2077 1768 2120 1826 Β
2151 1789 2284 1842 toris
2306 1830 2320 1854 ,
2349 1789 2394 1842 si
2424 1804 2489 1843 ex
2519 1789 2672 1845 nobis
2697 1831 2710 1852 ,
2755 1800 2845 1845 aut
2875 1792 3095 1856 auditu,
3126 1800 3218 1845 aut
3248 1791 3451 1861 scripto
3480 1791 3748 1861 quiddam

460 1902 528 1956 de
556 1913 739 1956 nostra
772 1897 1081 1967 insipientia
1128 1896 1588 1956 demonstrarent,
1622 1900 1677 1944 ct
1720 1889 1840 1955 plus
1876 1885 2047 1954 deja-

465 1991 669 2046 ctantia
706 1988 880 2041 laudis
911 1984 1207 2055 appetitum
1237 1990 1536 2053 qmerrrenl
1593 1996 1754 2051 quam
1787 1978 1923 2033 bona
1952 1992 2049 2030 uo-

458 2094 600 2145 stra,
628 2090 683 2137 et
704 2082 840 2135 bene
874 2095 902 2133 a
933 2079 1088 2134 nobis
1115 2077 1279 2138 dicta,
1310 2075 1353 2128 si
1385 2075 1579 2134 forent,
1606 2087 1701 2142 per
1729 2069 2049 2125 charitatem

463 2190 561 2230 sua
613 2173 875 2236 facerent,
925 2171 968 2225 si
1020 2170 1181 2223 ctiatn
1231 2183 1389 2221 secus
1432 2181 1461 2219 a
1514 2165 1668 2218 nobis
1712 2161 1853 2215 dicta
1901 2160 2050 2214 inve-

462 2274 659 2321 nerunt
682 2305 697 2329 ,
750 2263 867 2333 plus
899 2262 987 2316 illa
1037 2259 1312 2330 publicare
1340 2272 1499 2327 quam
1534 2272 1631 2308 nos
1661 2253 1901 2307 fraterne
1931 2264 2053 2305 cor-

465 2359 646 2429 rigere
707 2356 1033 2410 maluerunt.
1088 2351 1346 2406 Miramur
1398 2352 1465 2403 de
1519 2347 1686 2401 tantis
1742 2353 1797 2400 et
1859 2342 2053 2397 talibus

460 2450 597 2505 viris
617 2488 634 2511 ,
680 2446 1102 2517 archiepiscopis
1126 2485 1141 2510 ,
1171 2452 1226 2498 ct
1265 2443 1638 2513 episcoporum
1687 2435 2017 2508 primoribus
2037 2472 2051 2497 ,

462 2543 700 2600 mraxime
746 2554 927 2596 antem
976 2540 1042 2595 de
1085 2538 1269 2594 Ebone
1317 2536 1452 2608 (libo
1488 2530 1683 2589 libertis
1727 2528 1874 2583 Rem.
1905 2526 2053 2581 (ιιοιι.

464 2645 666 2708 nepos),
721 2635 809 2706 qui
857 2634 1139 2705 religiosus
1180 2639 1298 2693 est,
1351 2636 1409 2681 ut
1465 2625 1807 2686 audivimus,
1859 2620 2056 2689 quippe

464 2729 606 2784 sicut
634 2725 704 2782 ab
728 2725 858 2795 ipsis
884 2738 1021 2793 pene
1046 2720 1327 2777 cunabulis
1355 2718 1455 2772 snh
1493 2716 1750 2786 religione
1777 2722 1832 2766 et
1869 2710 2055 2766 habitu
2083 2722 2089 2727 '

469 2819 704 2891 regulari
744 2818 980 2873 nutritus
1002 2817 1053 2869 in
1084 2811 1366 2869 lienteosis
1395 2809 1649 2864 Ecclesia:
1686 2804 2017 2860 monasterio
2039 2843 2055 2868 ,

465 2915 559 2971 tibi
600 2912 890 2983 requiescit
937 2919 1157 2965 sanctus
1207 2905 1502 2976 fletnigins.
1560 2902 1615 2956 In
1647 2917 1753 2970 quo
1784 2898 1901 2954 loco
1937 2896 2059 2952 reli-

467 3006 620 3075 gioso
678 3019 829 3058 suam
882 3000 1061 3069 exegit
1121 3008 1376 3060 :ctatem,
1430 3006 1715 3064 quousque
1769 3005 1801 3045 a
1859 2990 2060 3043 domno

468 3097 656 3154 libcme
680 3094 947 3151 avunculo
972 3109 1070 3149 suo
1092 3134 1107 3158 ,
1134 3101 1260 3147 tunc
1292 3090 1583 3144 llemoruut
1611 3083 2019 3154 archiepiscopo
2037 3118 2054 3145 ,

469 3189 670 3244 ibidem
719 3187 980 3242 diaconus
1030 3191 1420 3246 consecratus,
1458 3188 1513 3234 et
1558 3177 1722 3232 abbas
1763 3174 2058 3230 monacho-

469 3297 591 3337 rum
643 3281 708 3334 ad
768 3279 1067 3349 regularem
1116 3276 1361 3330 ordinem
1412 3272 1705 3327 tenendum
1757 3278 1810 3323 et
1861 3267 2058 3338 guber-

470 3370 709 3429 ttnudnm
732 3366 1112 3423 constitutione
1134 3363 1419 3434 cpiscopali
1443 3373 1523 3417 est
1548 3361 1850 3422 ordinatus;
1872 3371 2059 3427 quem-

472 3479 580 3535 que
609 3463 682 3517 ita
714 3460 1034 3518 humilitatis
1068 3469 1252 3512 tenore
1304 3456 1564 3509 mttritutn
1593 3493 1609 3518 ,
1654 3461 1708 3506 et
1741 3447 2060 3505 lunuilitatis

473 3554 655 3610 locum
710 3560 1000 3622 appetere,
1048 3560 1100 3604 et
1154 3558 1338 3603 tenere
1386 3545 1521 3600 velle
1570 3543 1839 3605 dicimus,
1885 3550 1943 3594 ut
1984 3539 2056 3593 illi

472 3654 530 3699 et
579 3643 831 3697 munibus
883 3641 1141 3709 scriptum
1181 3648 1264 3694 est
1320 3656 1334 3691 :
1384 3637 1444 3692 Si
1494 3636 1708 3706 spiritus
1757 3642 2058 3703 potestatem

474 3735 710 3790 habentis
751 3732 1038 3787 ascenderit
1062 3740 1238 3798 super
1284 3741 1331 3782 te
1355 3769 1369 3792 ,
1412 3728 1583 3781 locum
1624 3737 1771 3779 tuum
1816 3739 1879 3776 ne
1905 3722 2061 3774 diuti-

474 3828 605 3883 seris
659 3826 857 3897 (Hrcle.
904 3841 956 3887 .v,
1007 3824 1086 3891 9.).
1139 3822 1369 3892 Spiritus
1423 3820 1566 3875 enim
1617 3825 1921 3888 potestatem
1967 3813 2060 3867 Ita-

480 3921 645 3977 bcutis
692 3920 915 3988 spiritus
964 3927 1047 3972 est
1100 3915 1405 3985 superbiae.
1455 3914 1608 3966 locus
1652 3918 1830 3965 autent
1878 3916 2063 3961 noster

479 4010 758 4066 humilitas
807 4022 889 4063 cst
916 4049 931 4070 ,
978 4022 1138 4076 quam
1172 4022 1200 4059 a
1233 4019 1291 4058 se.
1317 4018 1445 4057 vere
1496 4002 1645 4056 locus
1686 3999 1927 4053 munitus
1950 4036 1966 4060 ,
2000 4005 2057 4049 et

478 4099 649 4154 turris
701 4095 1032 4150 fortitudinis
1061 4110 1159 4148 nos
1186 4094 1392 4147 discere
1430 4089 1622 4158 jubet,
1654 4088 1848 4141 Discite
1891 4103 1923 4139 a
1957 4100 2061 4149 me,

479 4190 732 4259 inquiens
756 4227 772 4253 ,
818 4203 938 4257 quia
971 4185 1107 4238 mitis
1135 4199 1250 4237 sum
1272 4222 1288 4246 ,
1329 4190 1375 4235 ct
1416 4179 1628 4234 humilis
1659 4177 1813 4230 corde
1841 4174 2060 4245 (Matth.

478 4293 558 4343 χι,
596 4277 712 4347 9.9).
763 4276 1042 4343 Quatnqne
1091 4287 1189 4342 pro
1243 4270 1358 4324 loco
1410 4278 1525 4323 tato
1573 4275 1762 4322 contra
1813 4263 2063 4319 elationis

481 4388 548 4430 ac
591 4370 868 4441 jactantia:
917 4367 1165 4439 spiritum
1214 4362 1493 4435 prmfalttttt
1545 4360 1852 4429 religiosum
1884 4355 2059 4410 virum

481 4462 680 4519 obnixe
728 4469 911 4517 tenere
939 4458 1077 4514 velle
1121 4455 1424 4511 audivimus
1448 4492 1463 4519 ,
1515 4462 1571 4506 et
1620 4466 1717 4520 pro
1751 4456 1899 4503 certo
1937 4460 2060 4500 cre-

481 4556 664 4612 dimus
689 4594 705 4621 ,
734 4564 787 4609 et
818 4550 1019 4607 idcirco
1065 4546 1421 4603 discredimus
1468 4544 1570 4597 ista
1618 4538 1849 4610 capitula
1899 4536 1966 4591 ab
1994 4550 2059 4591 eo

481 4646 728 4705 confecta
755 4685 771 4707 .
815 4644 943 4714 quia
989 4637 1371 4713 pnetermissis
1423 4634 1650 4689 aliorum
1699 4628 2059 4686 consacerdo-

480 4751 597 4795 tnm
640 4738 986 4797 nominibus.
1034 4733 1200 4788 soiius
1245 4729 1446 4787 Ebonis
1491 4740 1684 4783 nomen
1733 4737 1856 4779 cum
1888 4720 2065 4775 archi-

483 4830 752 4902 episcopis
795 4837 878 4884 est
929 4825 1126 4881 ibidem
1172 4821 1483 4891 iactanter,
1522 4828 1581 4874 ut
1627 4814 1949 4887 quibusdam
1985 4811 2066 4865 vi-

483 4923 675 4985 detur,
726 4931 1063 4987 expressum.
1120 4914 1186 4968 Et
1227 4912 1369 4982 quod
1412 4924 1571 4980 quam
1607 4907 1842 4961 maxime
1873 4905 1925 4959 iu
1963 4904 2064 4960 hoc

485 5014 604 5084 ipse
650 5007 1102 5071 collauoraverit,
1155 5003 1308 5076 quasi
1358 5016 1391 5057 c
1442 5000 1660 5070 regione
1708 4997 1779 5051 sit
1808 5009 2064 5060 sensum,

486 5114 546 5160 nt
601 5104 766 5160 etiam
825 5115 945 5157 cum
996 5094 1417 5167 archiepiscopis
1471 5089 1644 5160 major
1694 5087 1904 5144 caeteris
1940 5125 1956 5150 .
2011 5092 2068 5141 et

488 5195 703 5250 doctior
743 5192 797 5247 in
836 5188 1106 5245 sententia
1154 5185 1335 5239 fuerit.

563 5304 584 5337 ι
633 5283 746 5339 lloe
791 5280 935 5337 enim
981 5279 1048 5334 de
1095 5285 1283 5332 sancto
1333 5271 1671 5343 Augustino,

1366 5365 1547 5396 Inl\nlin
1557 5376 1613 5396 νη

1717 5267 1807 5337 qui
1855 5267 1910 5322 in
1940 5281 2067 5322 con-

1704 5376 1765 5396 nn
1791 5359 2065 5396 νῖηησιηιῖςι

705 5373 922 5396 r-.!4_--L
968 5371 1191 5396 -42....02.‘
1281 5376 1330 5396 Δ.

2151 1879 2355 1934 sinistri
2407 1891 2617 1936 secreto
2667 1875 3044 1950 accepissent,
3098 1892 3157 1937 ut
3210 1897 3560 1953 praepropere
3614 1883 3750 1937 illud

2152 1970 2205 2023 in
2233 1971 2501 2041 publicum
2525 1987 2846 2042 quacunque
2874 1974 3172 2030 mobilitate
3200 1987 3382 2030 nostra
3417 1975 3551 2028 moti
3577 1973 3752 2043 (unde

2152 2077 2257 2116 non
2306 2077 2493 2117 sumus
2523 2064 2746 2134 conscii)
2794 2064 2860 2118 ad
2888 2064 3263 2120 contentiones
3290 2073 3345 2120 et
3383 2065 3565 2136 jttt‘gia
3613 2081 3749 2134 pro-

2151 2155 2415 2225 palarent.
2468 2156 2561 2211 Ait
2606 2158 2748 2211 enim
2803 2175 2818 2212 :
2876 2156 3010 2223 Qua!
3050 2158 3285 2211 viderunt
3326 2158 3467 2212 oculi
3518 2159 3634 2219 tui,
3687 2173 3753 2212 tu

2152 2251 2391 2319 proferas
2440 2250 2494 2302 in
2545 2248 2725 2319 jurgio
2769 2250 2871 2304 cita
2894 2290 2909 2315 ,
2961 2266 3024 2304 ne
3083 2254 3262 2319 pbstea
3314 2252 3597 2305 emcmlare
3644 2268 3753 2304 non

2154 2342 2341 2410 poss’s,
2369 2355 2486 2393 cum
2517 2340 2936 2395 deltouestaeeris
2966 2341 3194 2395 anticum
3223 2350 3369 2395 tuum
3397 2338 3587 2405 (Prae.
3615 2357 3752 2405 xxv,

2156 2429 2232 2499 8).
2282 2428 2494 2484 Scimus
2544 2438 2724 2485 tamen
2771 2430 2895 2499 quia
2956 2439 3081 2485 sunt
3131 2431 3413 2494 nonnulli,
3462 2431 3557 2500 qui
3615 2431 3752 2485 dum

2156 2521 2276 2593 plus
2323 2537 2514 2593 sapere
2559 2537 2719 2592 quam
2771 2530 2984 2593 oportet
3033 2538 3227 2593 sapere
3276 2524 3498 2578 student
3557 2522 3749 2594 (Rom.

2157 2628 2258 2676 xu,
2287 2613 2363 2678 5),
2397 2628 2426 2666 a
2473 2613 2838 2682 proximorum
2870 2627 3000 2682 pace
3043 2613 3328 2677 resiliunt,
3363 2615 3493 2667 dum
3523 2629 3624 2669 eos
3656 2630 3753 2668 ve-

2159 2706 2239 2760 lut
2282 2707 2541 2769 hebetes,
2589 2706 2890 2776 stultosqne
2933 2714 3304 2769 contemnunt.
3350 2705 3506 2762 Unde
3557 2723 3660 2778 per
3695 2722 3759 2763 se

2161 2799 2373 2854 Veritas
2419 2800 2673 2873 admouet
2699 2840 2714 2864 ,
2763 2799 2949 2854 dicens
2981 2818 2995 2854 :
3028 2798 3230 2854 flabete
3257 2800 3312 2854 in
3348 2800 3487 2853 vobis
3538 2798 3666 2863 sal,
3704 2808 3755 2854 et

2159 2907 2337 2962 pacem
2381 2890 2562 2945 habete
2602 2892 2737 2944 inter
2764 2906 2851 2945 vos
2888 2889 3081 2961 (Marc.
3126 2905 3200 2956 Ix,
3232 2889 3348 2957 49),
3395 2898 3457 2943 ut
3500 2890 3756 2959 quisquis

2163 2981 2362 3038 habere
2388 2981 2463 3036 sal
2495 2980 2769 3050 sapientiae
2809 2981 3012 3045 studet,
3034 2988 3185 3036 curet
3222 2993 3443 3037 necesse
3470 2988 3581 3042 est,
3619 2995 3760 3048 qua—

2166 3085 2323 3127 tenus
2369 3087 2398 3126 a
2449 3086 2578 3141 pace
2625 3071 2927 3128 concordiae
2978 3086 3247 3140 nunquam
3302 3071 3541 3125 recedat.
3598 3068 3759 3126 [inde

2162 3164 2475 3219 terribiliter
2504 3163 2700 3217 Paulus
2745 3163 2997 3218 admouet
3020 3203 3034 3226 ,
3083 3162 3269 3218 dicens
3300 3181 3312 3215 :
3354 3161 3544 3216 Parem
3576 3164 3760 3232 sequi-

2158 3255 2285 3309 mini
2310 3271 2427 3309 cum
2459 3254 2696 3308 omnibus
2720 3293 2734 3317 ,
2763 3264 2810 3307 et
2839 3254 3237 3308 sanctimoniam
3262 3294 3278 3318 ,
3324 3255 3435 3305 sine
3460 3269 3567 3323 qua
3601 3268 3759 3306 nemo

2156 3344 2344 3398 ridebit
2389 3344 2554 3397 Deum
2599 3341 2785 3412 (llebr.
2817 3358 2924 3406 xu,
2961 3341 3070 3412 l4).
3112 3341 3386 3410 Praecipue
3432 3349 3617 3395 autem
3661 3355 3760 3396 nos

2158 3448 2276 3487 eam
2327 3447 2544 3489 servare
2592 3441 2645 3487 et
2690 3432 2982 3501 persequi,
3036 3430 3088 3484 id
3136 3439 3257 3494 est,
3309 3429 3554 3499 pet-lecte
3598 3429 3761 3499 sequi

2159 3526 2453 3589 debemus,
2506 3526 2596 3596 qui
2647 3526 2754 3580 Deo
2803 3523 3043 3593 quotidie
3089 3522 3398 3578 sacrificare
3444 3522 3757 3584 debemus,

2157 3626 2209 3670 et
2266 3614 2506 3672 Veritate
2556 3624 2896 3671 contestante
2948 3613 3257 3684 specialiter
3293 3613 3449 3683 quasi
3501 3613 3761 3682 pnecipi-

2160 3723 2320 3773 mnr,
2381 3709 2508 3764 utsi
2542 3706 2835 3764 oll‘eramus
2885 3722 3081 3761 munus
3128 3714 3373 3761 nostrum
3419 3705 3489 3760 ad
3543 3705 3759 3769 altare,

2157 3812 2213 3857 et
2266 3801 2334 3855 ibi
2371 3800 2634 3855 recordati
2690 3798 2949 3852 fuerimus
2991 3797 3117 3866 quia
3162 3795 3331 3850 frater
3376 3805 3565 3849 n0ster
3598 3796 3763 3849 habet

2160 3892 2362 3962 aliquid
2411 3892 2697 3946 advorsum
2746 3906 2844 3944 nos
2866 3929 2880 3952 ,
2914 3888 3282 3957 relinquamus
3321 3887 3391 3940 ibi
3424 3901 3629 3941 munus
3665 3900 3763 3939 no~

2161 3997 2334 4043 strum
2370 3997 2494 4042 ante
2523 3986 2714 4047 altare,
2741 3994 2797 4039 et
2821 3997 3007 4037 camus
3035 3982 3185 4050 prius
3226 3979 3567 4035 reconciliari
3602 3978 3760 4032 fratri

2162 4089 2371 4141 nostro,
2403 4086 2456 4132 et
2490 4086 2613 4131 tunc
2647 4074 2926 4129 venientes
2948 4072 3240 4126 olfcramns
3274 4085 3471 4124 uumus
3502 4078 3761 4123 nostrum

2164 4165 2378 4238 (Matth.
2409 4182 2457 4225 v.
2483 4166 2574 4229 9.3,
2593 4165 2707 4228 Ἣ).
2735 4164 2870 4219 liceo
2896 4163 3090 4216 tlttt'tttt‘
3111 4171 3166 4216 et
3195 4162 3388 4215 doctor
3410 4170 3601 4214 noster
3626 4176 3657 4212 a
3682 4160 3763 4213 di-

2163 4255 2536 4312 scordantibus
2564 4272 2666 4310 uou
2698 4255 2809 4308 vult
2836 4255 3084 4323 accipere
3117 4250 3470 4313 sacrificium,
3498 4250 3763 4304 holocau-

2162 4358 2303 4403 stum
2327 4347 2603 4415 suscipere
2630 4357 2863 4400 recusat.
2894 4344 2990 4399 llic
3019 4358 3147 4413 ergo
3171 4341 3615 4412 perpeudemlmn
3657 4348 3762 4403 est,

2163 4448 2422 4508 quantum
2445 4436 2517 4490 sit
2551 4434 2750 4491 malum
2788 4433 3089 4495 discordias,
3118 4442 3339 4500 propter
3362 4430 3510 4499 quod
3549 4439 3607 4483 ct
3633 4430 3763 4484 illud

2166 4547 2272 4586 non
2296 4531 2613 4594 admittitur,
2641 4544 2736 4598 per
2759 4527 2899 4596 quod
2916 4527 3070 4597 culpa
3103 4525 3332 4579 laxatur.
3353 4523 3469 4579 Non
3493 4524 3641 4579 enim
3666 4537 3766 4577 nos

2167 4625 2427 4678 adversus
2454 4621 2649 4676 fratres
2677 4630 2890 4677 nostros
2920 4619 3196 4680 habemus,
3219 4615 3262 4669 si
3290 4614 3416 4669 talia
3447 4625 3643 4669 contra
3664 4630 3766 4669 nos

2170 4724 2295 4770 ante
2323 4712 2661 4768 collationem
2689 4710 3049 4778 scripserunt;
3088 4707 3181 4762 sed
3213 4704 3544 4761 credendum
3576 4715 3685 4769 est,
3718 4705 3763 4760 si

2174 4802 2259 4858 illa
2290 4801 2653 4871 scripsissent,
2688 4798 2754 4851 ad
2781 4811 2878 4851 nos
2906 4805 3091 4851 contra
3118 4809 3255 4863 quos
3285 4793 3373 4861 illa
3397 4792 3761 4861 scripserant,

2172 4892 2617 4947 transmisisseut.
2680 4888 2832 4942 Nunc
2881 4895 3058 4939 autem
3102 4884 3208 4938 illis
3247 4881 3520 4952 quomodo
3564 4882 3767 4937 rescri-

2171 4984 2300 5040 bere
2346 4996 2654 5052 possumus,
2686 4995 2808 5034 cum
2844 4988 3022 5032 utrum
3058 4976 3146 5030 illa
3190 4974 3512 5044 scripserint
3544 4973 3764 5045 ignore-

2172 5078 2335 5132 mus?
2367 5076 2746 5131 Verumtamen
2790 5086 2859 5126 ne
2900 5068 3017 5123 sine
3067 5081 3324 5133 responso
3362 5075 3549 5120 nostro
3580 5076 3761 5121 vestra

2173 5166 2469 5223 dominatio
2510 5172 2744 5225 maneat,
2792 5160 2944 5215 vobis
2974 5158 3039 5212 de
3069 5157 3222 5227 cujus
3263 5172 3425 5211 manu
3464 5156 3554 5209 illa
3597 5170 3762 5210 acce-

2172 5260 2370 5330 pimus,
2402 5257 2585 5319 corde,
2616 5270 2711 5309 ore
2747 5261 2803 5307 ct
2836 5250 2974 5321 stylo
3014 5265 3123 5303 non
3150 5249 3506 5303 formidantes
3529 5261 3763 5316 carpen-

2176 5353 2305 5396 tinm
2331 5365 2443 5396 nos.
2469 5345 3031 5396 tlerneatimtemlmsu
3055 5341 3414 5396 demeationil
3433 5343 3765 5396 resoondere
