3904 5396
135 395 234 451 185

696 389 1046 449 tusromaa
1087 354 1438 446 ccccesm
1485 387 1825 446 REMENSIS
1863 388 2043 447 LIBRI
2079 356 2435 459 ousruoa.
2475 420 2545 431 —
2584 389 2710 445 LIB.
2752 388 2836 446 tu.

3311 392 3413 450 I86

131 509 234 567 Sed
264 509 396 580 quia
427 508 540 564 bzee
572 508 625 563 in
664 504 1095 578 suggillatioucm
1136 512 1400 568 nostram,
1440 511 1497 557 et
1528 510 1717 557 contra
1749 507 1795 566 Α
1824 503 2059 575 Angelos
2090 515 2209 575 post
2246 504 2539 577 discipulos
2585 506 2726 562 beati
2757 505 3004 580 Gregorii
3050 508 3119 564 ad
3155 508 3416 566 eruditio-

132 611 387 669 cxcerpta
435 616 465 655 a
519 600 672 658 nobis
727 596 959 666 capitula
1004 595 1247 650 confecta
1294 603 1607 656 noscuntur,
1651 609 1713 647 ea

133 695 363 765 primmn
397 693 756 760 judiezn'imns
796 705 1019 760 ponere,
1048 706 1167 759 quze
1205 690 1424 759 majoris
1464 690 1716 753 nominis,

135 788 251 841 lixet
300 804 407 841 non
455 785 827 847 auctoritatis,
876 784 1000 852 quia
1051 783 1245 853 partim
1301 800 1405 837 non
1450 783 1717 847 veritatis,

133 889 348 949 propter
398 877 710 951 synedalem
756 889 933 931 tamen
985 874 1457 945 praditulationem
1499 875 1718 944 dignum

134 973 379 1025 duximus
411 971 848 1043 magnipenderc.
885 969 1086 1023 Deinde
1119 968 1206 1022 illa
1247 984 1367 1037 qua:
1419 983 1447 1020 a
1479 967 1719 1036 pluribus

133 1076 177 1120 et
209 1081 305 1136 per
351 1066 585 1119 aliorum
616 1079 807 1117 manus
835 1064 901 1117 de
932 1062 1175 1132 pluribus
1212 1077 1275 1115 ex
1312 1061 1396 1115 bis
1428 1059 1605 1115 causis
1634 1076 1723 1114 ac-

135 1157 403 1225 cepimus.
461 1166 678 1225 proptcr
729 1170 891 1224 quam
952 1153 1326 1207 necessitatem
1376 1170 1443 1207 ex
1496 1152 1722 1207 calboli-

135 1258 311 1297 eorum
342 1245 595 1306 Patrum,
622 1254 677 1298 ut
705 1243 959 1308 diximus,
991 1243 1239 1299 sensibus
1267 1252 1321 1298 cl
1360 1243 1541 1298 verbis
1569 1243 1720 1316 capi-

137 1337 238 1391 tula
289 1337 381 1391 illa
445 1347 680 1407 qttalllor
739 1351 1092 1405 reexrerperc
1148 1335 1585 1406 procuraviums,
1657 1351 1719 1389 ca

136 1430 441 1486 condiioue
472 1471 487 1493 ,
532 1440 591 1482 ut
629 1430 693 1482 de
748 1429 1082 1497 singulorum
1134 1428 1349 1499 scriptis
1386 1444 1450 1481 ex
1500 1428 1723 1498 singulis

137 1523 418 1579 Sententiis
470 1539 589 1591 qum
619 1538 648 1575 a
682 1521 835 1575 nobis
876 1521 927 1574 in
966 1520 1236 1589 excerptis
1268 1519 1515 1590 capitulis
1552 1520 1725 1574 couti-

136 1629 339 1678 ucntur,
365 1617 640 1686 quaedam,
665 1624 822 1686 prout
851 1630 1072 1670 necesse
1087 1613 1403 1677 viderimus,
1430 1628 1717 1682 pouaums.

135 1706 251 1761 Post
277 1707 419 1766 lure.
454 1706 688 1776 capitula
716 1721 744 1759 a
778 1706 931 1761 nobis
957 1715 1214 1775 excerpta
1245 1706 1309 1759 de
1342 1704 1564 1759 Patrum
1594 1721 1720 1758 seu-

137 1798 274 1852 sibus
314 1807 372 1853 ct
408 1798 613 1861 verbis,
654 1807 711 1852 ut
753 1797 837 1851 illa
871 1796 1263 1867 excerpsimus,
1296 1811 1496 1866 ponere
1530 1810 1724 1865 procu-

139 1892 395 1957 rabimus,
439 1901 494 1945 ct
546 1890 589 1944 si
638 1889 833 1944 divinis
871 1898 920 1942 et
961 1889 1291 1943 autbcnticis
1324 1888 1641 1958 Scripturis,
1671 1897 1725 1942 et

140 1985 416 2038 catholicm
446 1993 613 2053 atque
640 1982 948 2053 apostolicae
977 1982 1253 2044 Berlesim,
1289 1991 1599 2051 sanctatqnc
1632 1979 1736 2037 Ro-

139 2092 298 2132 mana:
327 2077 480 2132 Sedis
508 2076 653 2141 ﬁdei,
672 2092 718 2129 ct
746 2076 1170 2130 ortbodoxorum
1198 2075 1417 2130 Patrum
1445 2076 1717 2141 sensibus,

149 2170 230 2240 qui
274 2171 457 2224 eidem
506 2181 708 2224 sancta:
746 2170 905 2223 matri
949 2169 1203 2224 Ecclesia:
1247 2169 1635 2238 pra‘sederunt,
1678 2176 1734 2224 et

137 2262 217 2330 qui
257 2262 323 2314 ab
354 2261 548 2315 eadem
577 2261 875 2330 apostolica
917 2260 1043 2315 sede
1075 2260 1315 2314 Romana
1356 2260 1508 2313 nobis
1540 2259 1593 2314 in
1630 2274 1730 2313 ca-

141 2367 267 2406 none
304 2353 602 2422 recipiendi
650 2353 758 2408 dati
793 2364 919 2407 sunt
966 2350 1127 2421 (Dist.
1163 2368 1249 2412 xv,
1286 2366 1336 2406 c.
1379 2350 1579 2405 Sancta
1627 2350 1732 2404 lio-

137 2447 329 2513 mana),
392 2461 612 2501 sensum
675 2454 917 2499 nostrum
973 2445 1026 2499 iu
1075 2444 1280 2499 eisdem
1329 2443 1579 2513 capitulis
1637 2458 1729 2498 cx-

139 2551 375 2606 pressum
404 2537 725 2593 concordari
763 2537 1137 2591 demonstrare
1177 2537 1537 2606 potuerimus,
1570 2548 1731 2607 agere

139 2631 428 2695 veraciter,
468 2629 773 2693 humiliter,
820 2644 887 2684 ac
942 2629 1135 2683 devote
1178 2628 1549 2693 studebimus,
1600 2628 1728 2698 quia

140 2718 356 2774 aliorum
416 2719 483 2773 ad
531 2716 900 2789 stipulaudnm
951 2729 1151 2774 nostra:
1207 2718 1489 2774 catholica:
1536 2717 1731 2775 intelli-

141 2821 322 2881 gentia:
355 2829 577 2867 sensum
603 2821 904 2867 sententias
934 2813 1195 2882 recipere,
1225 2827 1323 2867 nec
1363 2811 1610 2884 proferre
1636 2828 1729 2868 vo-

139 2900 325 2968 lumus,
358 2920 482 2957 cum
533 2913 745 2957 constet
774 2902 920 2957 illum
957 2918 1076 2957 esse.
1115 2918 1303 2959 verum
1336 2912 1497 2971 atque
1534 2904 1726 2957 catbo-

143 2990 291 3047 liemn
333 2993 480 3063 quod
534 2994 649 3063 ipsa
703 3003 879 3048 mater
929 2994 1169 3048 oumimn
1222 2990 1623 3058 Ecclesiarum,
1673 3002 1730 3048 et

143 3084 456 3139 universalis
488 3084 728 3139 Ecclesia
759 3083 976 3139 duxerit
1006 3086 1434 3154 approbamlum.
1468 3085 1533 3140 Et
1561 3085 1603 3141 si
1634 3084 1725 3143 oui

144 3175 351 3232 fuerunt
378 3177 632 3247 appellati
665 3179 937 3243 doctores,
981 3178 1045 3233 ad
1087 3179 1423 3250 probandam
1457 3178 1576 3235 fidei
1617 3178 1726 3233 sin-

144 3271 416 3324 ceritatem
448 3270 665 3324 illorum
711 3272 1007 3325 sententias
1048 3288 1153 3325 non
1189 3271 1515 3340 recipimus,
1554 3288 1730 3341 neque

146 3359 485 3427 proferimus,
534 3360 637 3415 nisi
676 3376 906 3429 quorum
955 3362 1255 3417 sententias
1306 3362 1417 3432 ipsa
1466 3362 1729 3418 catholica

148 3465 314 3506 mater
342 3452 581 3507 Ecclesia
628 3452 871 3507 decrevit
915 3468 1033 3508 esse
1079 3452 1403 3522 probabiles.
1447 3450 1502 3508 Si
1548 3460 1729 3508 autem

146 3551 193 3595 ct
237 3543 403 3611 aliqui
449 3552 824 3610 emerserunt,
874 3543 965 3613 qui
1015 3543 1371 3598 duc-triualem
1414 3544 1731 3600 cathedram

148 3641 450 3698 tenuerunt,
491 3643 780 3704 postquam
822 3635 891 3689 ab
931 3634 1121 3690 eadem
1156 3646 1344 3690 sancta
1393 3635 1520 3691 sedc
1559 3651 1733 3691 canon

147 3737 418 3780 sacrarum
478 3724 919 3797 Seriptnrarum,
964 3735 1128 3796 atque
1172 3728 1455 3782 doctorum
1507 3727 1735 3784 catholi-

151 3834 352 3883 eorum,
393 3820 641 3875 fidelibus
671 3820 884 3876 cunctis
911 3832 993 3874 est
1031 3821 1208 3886 datus,
1238 3820 1328 3890 qui
1365 3821 1524 3875 aliter
1551 3836 1737 3875 sense-

152 3921 266 3964 runt
298 3926 457 3981 quam
490 3912 591 3982 ipsi
626 3912 1015 3967 intellexerunt
1038 3921 1204 3982 atque
1240 3912 1564 3975 docuerunt,
1600 3926 1737 3980 quos

152 3999 255 4071 ipsa
298 4013 466 4057 mater
515 4004 784 4058 catholica
837 4019 934 4058 suo
990 4004 1295 4059 orthodoxo
1337 4004 1455 4058 sinu
1513 4004 1734 4074 recepit,

154 4095 520 4164 amplectitur,
571 4106 737 4165 atque
789 4095 969 4151 fovet:
1014 4097 1105 4166 qui
1161 4113 1259 4152 nec
1310 4096 1591 4162 debemus,
1640 4110 1740 4151 nec

153 4199 367 4239 necesse.
411 4186 696 4250 babemos,
737 4186 805 4240 ad
847 4186 1226 4240 auctoritatem
1268 4187 1569 4242 sententias
1620 4186 1738 4240 illo-

157 4289 267 4329 rum
308 4274 571 4345 proferre,
616 4285 711 4330 aut
767 4277 1010 4347 recipere
1060 4277 1331 4344 volumus,
1382 4278 1639 4348 quoniam
1685 4277 1738 4331 in

158 4365 288 4429 istis,
317 4376 365 4421 et
398 4354 499 4438 per.
532 4369 666 4423 istos
712 4368 849 4422 satis
887 4368 953 4421 ad
1001 4367 1231 4422 salutem
1271 4369 1555 4423 habemus.
1590 4369 1657 4424 Et
1695 4368 1741 4424 si

158 4459 241 4526 qui
288 4460 438 4513 aliter
474 4476 636 4531 quam
690 4459 801 4525 isti,
862 4461 1159 4515 maturiore
1206 4469 1261 4514 et
1310 4462 1528 4515 saniore
1578 4461 1745 4515 docu-

161 4560 331 4604 mento
367 4554 656 4607 tenendum
695 4553 1017 4613 thCtlerttllt,
1050 4550 1421 4622 dogmatizaut
1469 4560 1563 4605 aut
1610 4551 1740 4622 dog-

163 4644 406 4699 matizare
454 4652 947 4715 praesumpserant,
1000 4652 1172 4697 totum
1224 4644 1470 4698 ducimus
1514 4642 1634 4697 fidei
1686 4650 1743 4698 et

162 4733 307 4788 Saluti
371 4738 658 4792 adversum
724 4734 985 4806 quidquid
1040 4735 1108 4790 ab
1160 4750 1346 4791 eorum
1395 4734 1598 4790 salubri
1648 4734 1745 4790 do-

165 4826 321 4879 ctrina
351 4837 560 4881 coustat
588 4842 716 4881 esse
759 4826 1055 4880 diversum.
1092 4826 1292 4882 Eorum
1325 4826 1492 4881 etiam
1521 4836 1738 4881 senten-

169 4917 277 4985 tias,
311 4921 397 4990 qui
433 4922 613 4975 divina
652 4920 988 4991 dignatione,
1024 4930 1310 4992 postquam
1348 4920 1461 4989 ipse
1488 4936 1667 4976 canon
1710 4934 1739 4973 a

172 5007 305 5065 beato
338 5013 547 5069 Gelasio
578 5012 933 5081 conscriptus
960 5023 1064 5078 est,
1098 5029 1258 5069 sensu
1293 5021 1347 5066 et
1376 5012 1618 5068 doctrina
1647 5028 1743 5067 ca-

175 5102 385 5170 tholica,
441 5116 493 5162 et
546 5106 852 5161 sanctitate
907 5106 1339 5162 conversationis
1399 5106 1450 5161 in
1501 5105 1744 5163 Ecclesia

173 5189 462 5263 ﬂoruerunt,
485 5208 537 5255 el
563 5197 637 5253 ab
669 5198 912 5267 ipsorum
937 5198 1360 5254 ortbodoxorum
1385 5195 1629 5260 Patrum,
1653 5197 1746 5267 qui

1757 1851 1800 1912 Β

1757 3231 1802 3292 C

1820 614 1942 652 nem
1975 599 2313 663 transmi~sn,
2344 616 2448 655 non
2479 600 2825 655 mediocriter
2857 600 3129 667 instructi,
3161 619 3225 657 ac
3257 618 3418 659 vene-

1821 693 2002 746 randa:
2028 694 2301 747 metuoriae
2331 692 2538 748 Paulini
2571 695 2896 764 patriarebm
2925 694 3289 765 Aquileiensis
3323 711 3416 768 pa-

1822 782 2023 838 rocbia:
2054 793 2218 852 atque
2247 782 2458 839 Alenini
2486 784 2588 839 viri
2629 785 2864 854 religiosi
2897 795 2950 840 et
2990 788 3156 853 docti,
3186 805 3416 859 quorum

1824 874 1981 930 ﬁdem
2027 884 2082 930 et
2130 876 2435 931 doctrinam
2490 877 2792 948 apostolica
2839 879 2996 934 sedes
3026 879 3268 935 Romana
3307 898 3414 936 nou

1822 968 1993 1024 solum
2056 968 2444 1036 benignissime
2506 970 2843 1041 acceptavit,
2890 986 3078 1027 verum
3130 981 3184 1027 et
3236 972 3419 1029 inultis

1821 1060 2071 1115 laudibus
2099 1060 2310 1125 extulit,
2346 1062 2489 1117 sicut
2518 1062 2569 1116 in
2602 1063 2822 1135 scriptis
2853 1064 3021 1135 ipsius
3050 1075 3248 1121 saneta:
3276 1067 3421 1122 sedis

1824 1152 2152 1219 invenimus,
2208 1169 2327 1223 qure
2363 1153 2616 1211 Ecclesiae
2668 1167 2868 1211 nostra:
2910 1157 2980 1213 ab
3017 1158 3203 1212 eadem
3237 1157 3422 1213 Eccle-

1822 1247 2029 1300 siarom
2075 1257 2251 1300 matre
2288 1256 2635 1318 acceperunt,
2670 1258 2913 1319 tempore
2961 1250 3098 1305 diva:
3147 1250 3423 1306 memoria:

1823 1338 2005 1394 Κυνοῐί
2059 1338 2444 1407 imperatoris,
2500 1341 2718 1409 quando
2767 1341 3005 1413 synodos
3049 1358 3149 1411 pro
3206 1342 3423 1412 cognita

1826 1430 2141 1484 inﬁdelitate
2168 1430 2363 1485 Felicis
2391 1440 2473 1487 est
2503 1432 2708 1495 habita,
2738 1443 2792 1488 et
2820 1434 2885 1489 ad
2914 1433 3211 1489 Romanam
3239 1434 3426 1489 Eccle-

1824 1520 1959 1576 siam
1984 1520 2129 1574 velut
2152 1522 2218 1574 ad
2242 1522 2452 1591 apicem
2479 1522 2842 1578 Ecclesiarnm
2870 1526 3211 1580 transmissa.
3237 1526 3343 1581 Sed
3367 1536 3425 1581 et

1825 1625 2013 1665 eorum
2042 1612 2242 1681 scripta
2276 1613 2365 1682 qui
2402 1612 2550 1684 legit,
2578 1629 2739 1686 quam
2770 1614 2880 1670 siut
2906 1615 3172 1670 laodamia
3202 1628 3258 1673 cl
3282 1617 3423 1672 rcci-

1826 1703 2017 1775 picnda
2050 1704 2315 1776 intelligit.
2358 1705 2599 1777 Denique
2627 1708 2670 1760 si
2705 1706 2912 1772 talimn,
2938 1718 2996 1762 ut
3017 1708 3272 1773 diximus,
3297 1725 3427 1764 seu-

1827 1795 2013 1851 tcutiis
2044 1796 2363 1851 eoncordari
2395 1797 2628 1868 capitula
2652 1815 2772 1870 qua}
2791 1799 3160 1870 excerpsimus
3203 1801 3423 1855 demon-
3462 1814 3465 1817 '

1838 1896 2014 1944 slrarc
2049 1904 2152 1944 non
2183 1889 2547 1960 potuerimus,
2591 1891 2762 1961 parati
2794 1907 2978 1947 suums
3007 1892 3339 1949 doctioribus
3370 1904 3428 1949 et

1836 1978 2120 2034 catholicis
2147 1990 2325 2035 autem
2356 1982 2798 2048 accommodare,
2828 1998 3044 2038 seusmu
3074 1986 3336 2051 subdere,
3374 1994 3431 2041 et

1835 2070 1951 2125 sine
1982 2072 2327 2127 contentione
2356 2088 2456 2128 nos
2494 2074 2756 2128 doctrina:
2800 2074 3011 2129 illorum
3041 2075 3325 2146 subjicere.
3365 2077 3433 2131 Et

1835 2174 1959 2229 quia
1989 2160 2224 2215 libellum
2254 2161 2319 2216 de
2340 2163 2543 2220 scrinia
2566 2163 2721 2218 bona:
2750 2164 3021 2219 memoria:
3053 2164 3237 2220 fratris
3263 2167 3431 2221 vestri

1833 2254 2111 2321 Lotbarii,
2137 2257 2253 2310 sine
2296 2256 2514 2312 noniiae
2562 2257 2799 2311 auctoris
2843 2258 3197 2328 suscepimus,
3239 2258 3293 2312 iu
3323 2273 3432 2329 quo

1833 2345 2109 2417 sigillatim
2140 2362 2236 2416 per
2260 2346 2377 2403 loca
2417 2347 2631 2418 singula
2665 2349 2899 2420 capitula
2932 2366 2961 2402 a
2992 2350 3146 2404 nobis
3175 2359 3432 2420 excerpta

1830 2446 1959 2493 sunt
1988 2439 2181 2508 posita,
2212 2447 2267 2492 ct
2298 2455 2522 2494 assensu
2557 2440 2721 2505 illius,
2762 2441 3095 2510 quiscunque
3123 2441 3211 2495 ille
3237 2439 3431 2510 fuerit,

1829 2533 2158 2601 reprehensa
2200 2540 2326 2586 sunt
2352 2540 2407 2586 et
2442 2531 2715 2596 daumata,
2764 2549 2888 2588 cum
2934 2533 3000 2587 de
3043 2533 3432 2589 catholicorum

1828 2621 2050 2677 Patrum
2079 2622 2237 2677 dictis
2266 2632 2451 2677 nostra
2486 2623 2717 2692 capitula
2741 2664 2755 2687 ,
2796 2623 2840 2677 si
2886 2622 3203 2693 poterimus,
3236 2622 3433 2677 contir-

1828 2729 1981 2769 mare
2010 2713 2343 2778 curabimus,
2369 2712 2536 2783 ipsius
2575 2713 2738 2768 etiam
2774 2713 3224 2783 reprehensiones
3260 2726 3428 2780 pone-

1829 2818 1981 2869 mus,
2010 2811 2067 2857 et
2108 2818 2234 2864 eas,
2267 2811 2527 2873 quantum
2578 2801 2837 2857 Dominus
2866 2801 3094 2864 dederit,
3142 2798 3427 2856 confutare

1828 2897 2184 2953 stmlebimus.
2216 2895 2368 2951 Tunc
2404 2896 2620 2951 demum
2655 2910 2916 2968 ponemus
2944 2895 3009 2950 de
3038 2893 3274 2965 capitulo
3304 2909 3434 2949 con-

1829 2988 2058 3044 fratrum
2089 2999 2398 3044 nostrorum
2441 2989 2633 3059 quinto
2652 3030 2666 3054 ,
2693 2990 2833 3044 unde
2864 2998 3043 3042 notam
3092 2986 3248 3042 nobis
3277 2986 3434 3057 quasi

1834 3083 1998 3136 tacite
2041 3090 2097 3137 et
2138 3096 2169 3136 e
2210 3081 2379 3136 latere
2410 3081 2770 3152 impegeinnl,
2818 3078 2958 3150 quod
3000 3080 3052 3135 in
3086 3077 3432 3135 Gotbescalci

1833 3172 2050 3242 scriptis
2077 3170 2382 3226 invenimus
2402 3213 2416 3236 ,
2456 3180 2740 3243 postquam
2768 3169 3002 3240 capitula
3031 3179 3266 3240 quatuor
3293 3184 3437 3239 sarpe

1837 3264 2146 3320 memorata:
2169 3265 2557 3335 excerpsimus,
2587 3272 2637 3318 et
2672 3263 2798 3333 quid
2845 3263 2969 3318 inde
3000 3262 3296 3317 sentiamus
3331 3262 3439 3316 lio-

1838 3357 1986 3411 mino
2012 3356 2312 3426 inspirante
2341 3356 2603 3412 dicemus.
2629 3354 2695 3409 Et
2727 3354 2805 3410 sic
2841 3355 3055 3413 tandem
3086 3353 3436 3424 subjiciemus

1837 3448 1925 3502 illa
1961 3448 2148 3503 decem
2180 3458 2233 3502 et
2264 3463 2453 3501 novem
2498 3446 2732 3518 capitula
2754 3489 2769 3514 ,
2801 3459 2898 3518 pia
2926 3448 3124 3517 quibus
3151 3447 3215 3500 de
3250 3444 3439 3500 Scoto-

1835 3558 1954 3597 rum
1984 3542 2221 3611 pultibus
2244 3540 2548 3596 confratres
2579 3541 2774 3604 nostri,
2807 3541 2923 3595 sine
2958 3538 3111 3609 culpa
3143 3548 3348 3603 nostra,
3383 3536 3438 3591 iu

1837 3633 1937 3688 bac
1963 3632 2227 3686 duntaxat
2253 3647 2415 3687 causa
2445 3646 2541 3685 nos
2570 3646 2793 3701 pascere
2821 3631 3200 3691 decreverunt,
3230 3638 3285 3683 et
3307 3627 3435 3697 quitl

1838 3723 1904 3776 de
1943 3723 2147 3777 eisdem
2179 3723 2429 3792 capitulis
2463 3724 2780 3784 sentiamus,
2812 3735 2879 3775 ex
2909 3719 3300 3776 catholicorum
3331 3717 3441 3773 fra-

1841 3822 1985 3866 trum
2012 3811 2260 3869 sensibus
2283 3811 2653 3869 ostendemus.
2688 3831 2707 3864 ι

2441 3903 2672 3960 CAPUT
2712 3902 2849 3958 XVI.

2181 3992 2259 4048 De
2284 3995 2364 4049 his
2387 4011 2506 4063 qme
2537 3992 2734 4048 ΚαιόΙο
2760 3995 2866 4065 regi
2890 3993 3120 4061 scripsit.

1910 4086 2078 4150 Item,
2123 4086 2268 4141 aliud
2318 4087 2486 4143 edidit
2535 4087 2783 4142 voltuuen
2820 4089 3029 4159 insigne
3072 4087 3139 4142 ad
3189 4087 3441 4143 cunnlcm

1843 4195 2046 4250 regem,
2077 4189 2265 4234 contra
2303 4177 2585 4250 praefatum
2642 4181 3057 4236 Cotltescaleum
3114 4191 3169 4236 ct
3212 4190 3443 4236 cteteros

1842 4271 2286 4342 prwdestinatos,
2336 4271 2403 4327 de
2444 4286 2552 4326 eno
2593 4271 2899 4328 lutittsmodi
2929 4272 2997 4327 ad
3030 4272 3203 4344 ipsum
3251 4271 3446 4327 scribit.

1843 4362 2148 4433 epistolam.

1916 4456 2123 4511 Donmo
2159 4456 2380 4513 Κλειοιο
2417 4456 2526 4530 regi
2555 4457 2788 4529 glorioso
2830 4455 3166 4518 lbscmucs.
3196 4457 3436 4519 nomine,

1849 4564 1953 4601 non
1985 4548 2201 4613 merito,
2229 4547 2520 4601 lieiitorum
2550 4547 2834 4616 episcopus
2865 4563 2927 4600 ac
2953 4547 3121 4616 plebis
3145 4546 3234 4600 liei
3262 4549 3441 4599 lamu-

1848 4639 1951 4701 lus,
1982 4655 2087 4693 una
2115 4656 2235 4694 cum
2263 4638 2481 4709 collegis
2510 4637 2723 4692 domuis
2752 4647 2802 4690 et
2832 4636 3086 4691 fratrilms
3119 4638 3253 4691 meis
3286 4653 3446 4691 \elten

1852 4730 2038 4785 ramlis
2086 4728 2389 4799 episcopis,
2441 4729 2749 4783 oratoribus
2795 4725 3005 4783 Scilicet
3047 4728 3237 4782 salutis
3280 4736 3450 4797 atque

1848 4823 2229 4896 prosperitatis
2259 4830 2455 4879 vestrte
2483 4821 2709 4877 devotis.

1928 4934 1946 4966 ι
1975 4914 2151 4986 Nuper
2182 4916 2368 4986 elapso
2402 4929 2587 4969 mense
2610 4912 2804 4978 .quio,
2847 4928 2947 4984 per
2989 4911 3333 4969 indictionum
3363 4925 3451 4964 seu

1850 5009 2074 5081 ptimam
2099 5025 2129 5064 a
2153 5025 2167 5063 λ
2195 5026 2245 5065 ιο
2273 5008 2664 5066 incarnationis
2696 5003 3461 5077 Dominica:octingentesimo.

1853 5100 2303 5172 quinquagesimo
2348 5114 2525 5164 nouo,
2569 5097 2796 5153 dedistis
2827 5097 2984 5153 nobis
3025 5097 3273 5166 quantam
3309 5090 3459 5156 capia

1856 5191 1987 5254 tula,
2010 5191 2149 5245 sicut
2179 5204 2383 5248 nostra:
2421 5190 2639 5246 dixistis
2681 5176 3059 5254 lnunilitatifa
3090 5181 3331 5250 Remigio
3372 5193 3458 5231 rc-

176 5283 222 5338 iit
246 5294 416 5346 eodem
447 5307 666 5348 canone
702 5289 946 5342 annotati
978 5300 1099 5344 sunt
1129 5289 1298 5350 iileli,
1327 5288 1451 5356 quia
1477 5286 1730 5345 catbolic:

1853 5282 2248 5337 verendissimo
2297 5278 2742 5347 Lugdunensium
2799 5274 3210 5345 archiepiscopo
3264 5275 3456 5319 vestra:

1853 5380 2065 5392 ...μ-κ--.
2162 5388 2193 5392 ,κ
2221 5373 2233 5392 ι
2259 5374 2289 5392 ι·
2320 5369 2478 5392 ..2-...:
2565 5368 2807 5392 :..l..‘..u.m
2842 5372 2892 5392 ul
2936 5374 3179 5392 ιηιηιιηιιη
3218 5366 3457 5392 ι-ηιιςννιιη
