3904 5396
427 382 528 438 187

1491 361 1882 430 FLODOARDI
1923 340 2240 418 caueam
2278 353 2625 411 annexus

3602 346 3705 402 188

426 500 734 564 dissideret,
750 505 1037 567 sequentes
1055 502 1109 550 et
1132 492 1383 568 praecepti
1405 486 2008 559 Dominicijussionem,
2040 482 2087 540 Λ
2116 474 2441 546 displiceret.
2470 472 2658 529 Merito
2687 487 2921 544 namque
2958 484 3121 527 causa
3151 482 3250 524 nos
3278 463 3526 537 respicit,
3555 464 3599 519 si
3623 466 3701 518 si-

426 604 479 649 ct
504 590 868 646 Christianam
898 586 1356 656 praedecessorum
1385 591 1689 638 vestrorum
1721 583 2011 633 consuetu-

426 683 627 735 dinem.
659 678 750 732 Est
779 676 923 732 enim
954 686 1008 730 et
1036 675 1233 730 divinis
1255 675 1464 743 legibus
1485 681 1725 734 cautum,
1756 676 1812 723 et
1833 667 2012 737 prisco

428 771 757 827 anteriorum
788 767 1092 840 principum
1121 782 1271 821 more
1297 774 1507 821 suetum
1528 806 1543 827 ,
1576 771 1635 816 ιιι
1661 760 2009 832 quotiescun-

424 878 530 933 que
562 863 615 916 in
653 859 916 915 catholica
947 859 1084 922 fide,
1114 857 1195 912 vel
1227 857 1405 910 divina
1452 854 1711 925 religione
1755 852 2013 924 quid'am

426 953 550 1009 novi
593 954 909 1017 cmerserit,
943 968 972 1005 a
1003 951 1288 1023 principali
1322 949 1589 1005 sententia
1637 948 2011 1017 episcoporum

427 1043 694 1105 consultni
723 1044 1012 1106 referatur,
1043 1053 1099 1098 ct
1129 1042 1268 1112 quod
1295 1057 1482 1097 eorum
1505 1039 1712 1110 judicio
1730 1079 1745 1100 ,
1769 1035 2015 1105 Scriptu-

426 1152 609 1196 rarum
640 1147 949 1195 sanctarum
980 1135 1303 1191 auctoritate
1345 1144 1399 1189 ct
1447 1133 1873 1189 orthodoxorum
1903 1144 2015 1182 ma-

425 1228 715 1310 gistrorum
759 1227 1038 1291 doctrina,
1089 1236 1253 1296 atque
1297 1225 1595 1280 secundum
1632 1220 2014 1276 auctoritatem

425 1321 745 1376 canonicam
769 1329 825 1376 et
845 1322 1060 1376 decreta
1087 1320 1399 1391 pontificum
1423 1318 1794 1377 Romanorum
1816 1312 2013 1368 Christi

428 1412 519 1476 tlei
554 1413 722 1469 nostri
759 1413 970 1475 vicarii,
1000 1422 1055 1467 ct
1083 1425 1283 1467 sancun
1309 1412 1425 1482 ejus
1454 1408 1709 1465 Ecclesia‘
1734 1406 2015 1478 prmsules,

426 1503 772 1567 credendum,
798 1505 1164 1578 sequendum.
1193 1511 1250 1558 et
1277 1502 1565 1558 tenendum
1586 1542 1602 1567 ,
1633 1509 1798 1569 atque
1826 1497 2017 1569 prazdi-

428 1596 659 1649 candum
701 1595 1061 1661 decreverint,
1104 1594 1154 1649 id
1188 1596 1255 1649 ab
1283 1595 1538 1649 omnibus
1567 1593 1729 1647 corde
1765 1592 2019 1646 credatur

428 1684 495 1738 ad
516 1685 801 1755 justitiam,
826 1701 922 1740 ore
947 1694 1126 1741 autem
1153 1686 1476 1741 confiteatur
1495 1684 1561 1738 ad
1584 1682 1811 1738 salutem
1840 1680 2014 1753 (Rom.

428 1789 483 1838 ι,
530 1775 638 1846 10).
677 1785 936 1845 sequatur
975 1780 1041 1831 ad
1086 1777 1446 1839 vocationem,
1486 1783 1734 1829 teneatur
1764 1773 1830 1827 ad
1862 1788 2017 1827 (κηποι

2118 567 2284 624 lentio
2314 565 2591 621 faveamus
2613 565 2808 620 errori.
2843 584 2862 617 ι

2183 657 2292 712 Nos
2341 666 2516 711 tamen
2554 657 2758 727 plures,
2804 656 2892 726 qui
2921 670 3108 711 eorum
3135 665 3192 710 et
3235 652 3395 707 fidem
3423 659 3482 706 et
3505 650 3707 706 doctri-

2117 765 2244 804 nam
2282 758 2336 804 et
2361 748 2699 818 prudentiam
2731 748 3008 811 novimus,
3047 746 3226 800 minus
3269 745 3321 798 in
3367 742 3449 797 eis
3477 742 3584 801 ista
3614 757 3708 795 uo-

2115 839 2389 894 sccntihns
2435 837 2760 893 sententiam
2804 852 2904 908 pro
2950 834 3286 891 dissensione
3334 831 3596 903 baptismi
3642 831 3708 885 de

2117 932 2278 987 beato
2302 929 2572 1001 Cypriane
2602 945 2630 982 a
2659 937 2848 983 sancto
2875 926 3173 999 Augustino
3196 923 3580 979 collaudatam.
3605 935 3711 975 sa:-

2115 1043 2410 1098 penumcro
2462 1027 2513 1079 in
2556 1024 2693 1078 libro
2741 1023 2979 1078 secundo
3027 1021 3093 1075 de
3146 1018 3422 1088 Baptismo
3477 1013 3710 1083 positam

2116 1120 2515 1191 proposuimus.
2555 1137 2573 1170 ι
2605 1117 2884 1187 Quomodo
2912 1115 3079 1178 enim,
3104 1112 3278 1182 inquit
3303 1109 3465 1178 (Anc.
3493 1106 3530 1160 l.
3560 1121 3599 1160 ιι
3647 1104 3713 1157 de

2116 1211 2413 1283 Baptismo,
2447 1227 2495 1265 e.
2529 1210 2608 1280 4),
2636 1209 2810 1280 potuit
2841 1209 2944 1262 ista
2986 1204 3264 1261 restantis
3289 1199 3713 1256 altercationem

2119 1302 2327 1358 nebulis
2356 1302 2595 1357 involuta
2627 1300 2693 1354 ad
2719 1299 2945 1370 plcnarii
2976 1295 3188 1352 concilii
3232 1291 3564 1347 luculentam
3593 1287 3715 1341 illn-

2117 1396 2432 1449 strationem
2481 1390 3060 1457 confirmationemque
3102 1382 3343 1457 perduci,
3386 1380 3492 1435 nisi
3536 1378 3719 1450 primo

2118 1488 2320 1545 diutius
2346 1502 2445 1557 per
2474 1484 2624 1539 orbis
2650 1493 2918 1537 terrarum
2947 1480 3214 1550 regiones,
3254 1474 3441 1530 multis
3466 1471 3600 1525 hinc
3627 1478 3717 1523 at—

2118 1596 2223 1649 que
2273 1580 2399 1637 hinc
2442 1574 2898 1646 disputationibus
2929 1581 2984 1626 et
3013 1567 3390 1624 collationibus
3429 1564 3718 1635 episcopo-

2118 1687 2235 1725 rum
2265 1677 2590 1740 pertractata
2621 1665 2942 1722 constaret?
2980 1663 3093 1718 Iloc
3134 1668 3313 1714 autem
3346 1657 3477 1711 facit
3507 1654 3721 1708 sanitas

2117 1763 2289 1833 pacis,
2326 1771 2385 1816 ut
2410 1778 2530 1816 cum
2563 1759 2767 1814 diutius
2805 1758 2982 1827 aliqua
3021 1754 3331 1810 obscuriora
3357 1757 3720 1821 qumruntur,

424 1880 573 1925 nam.
606 1867 927 1937 praedicetur
953 1868 1019 1921 ad
1058 1867 1289 1923 lucrum.
1335 1865 1465 1935 Quae
1490 1865 1753 1936 siquidem
1784 1863 2015 1935 capitula
2048 1840 2092 1899 Β
2120 1862 2174 1906 et
2220 1862 2441 1924 propter
2467 1850 2769 1906 inveniendi
2800 1847 3165 1902 ditlieultatem
3209 1844 3458 1898 diversas
3496 1840 3725 1910 pariunt

426 1966 694 2011 conventu
718 1957 1095 2027 episcoporum
1135 1957 1322 2013 habito
1360 1958 1411 2011 in
1448 1954 1717 2011 territorio
1743 1954 2012 2018 Tullensi,

428 2046 484 2100 in
512 2044 658 2109 villa,
685 2061 806 2115 qua:
836 2047 1035 2101 dicitur
1063 2046 1413 2118 Saponarias,
1452 2057 1577 2101 ante
1605 2045 1823 2101 biduum
1854 2060 2013 2114 quam

428 2137 584 2192 vobis
615 2147 859 2207 porrecta
894 2138 1121 2202 fuerint,
1164 2148 1291 2192 sunt
1333 2139 1555 2193 recitata
1577 2179 1591 2199 ,
1627 2137 1934 2208 proferente
1960 2144 2016 2191 et

432 2228 734 2297 deponente
762 2243 824 2283 ea
851 2229 1055 2299 synodo
1087 2229 1283 2283 domno
1309 2228 1555 2299 Remigio
1578 2227 2015 2299 Lugdunensium

433 2319 857 2391 archiepiscopo.
892 2321 1020 2389 Qum
1057 2321 1199 2376 sicut
1228 2321 1395 2385 dixit,
1433 2330 1489 2375 et
1531 2320 1583 2374 in
1628 2320 2018 2391 epigrammate

432 2411 744 2467 earumdem
777 2412 1132 2482 capitulorum
1159 2413 1489 2477 continetur,
1521 2411 1572 2465 in
1602 2411 1705 2466 boe
1732 2412 1848 2480 ipso
1876 2426 2018 2466 anno

430 2501 484 2555 in
513 2500 765 2557 Kalendis
793 2503 1141 2559 nihilominus
1187 2505 1383 2559 ibidem
1431 2505 1498 2560 de
1538 2505 1849 2575 rescriptis,
1883 2514 1938 2560 et
1965 2505 2016 2558 in

432 2593 691 2648 suburbio
713 2592 1025 2666 Lingonicte
1053 2596 1240 2661 urbis,
1282 2596 1348 2650 ad
1379 2596 1787 2652 instructionem
1833 2596 2016 2651 Domi-

432 2686 536 2741 nici
566 2687 768 2767 populi,
797 2689 909 2765 ipse
931 2698 986 2741 et
1010 2687 1111 2742 sibi
1139 2688 1618 2763 comprovinciales
1642 2687 1877 2759 episeopi
1902 2688 2017 2743 edi-

434 2776 651 2839 derunt,
677 2786 732 2832 et
754 2779 805 2830 in
833 2779 1067 2833 crastina
1094 2779 1196 2834 alia
1221 2780 1464 2849 qzuedam
1498 2781 1754 2850 capitula,
1797 2782 1864 2839 de
1901 2780 2021 2857 qui-

431 2865 535 2921 bus
555 2876 675 2937 post
696 2868 929 2925 locuturi
954 2886 1161 2935 sumus,
1188 2870 1372 2926 relicta
1402 2870 1570 2927 fuere.
1601 2871 1778 2942 Super
1802 2872 2018 2940 quibus,

434 2957 577 3013 sicut
610 2960 929 3028 quibusdam
954 2977 1020 3017 ex
1054 2961 1311 3018 fratribus
1341 2964 1515 3018 visum
1538 2973 1640 3026 est,
1664 2965 2018 3033 quorumdam

434 3064 629 3105 sensus
652 3059 736 3107 est
762 3060 958 3108 motus.
991 3052 1126 3108 Nam
1155 3066 1212 3109 ut
1238 3070 1363 3109 vere
1389 3065 1442 3110 et
1472 3071 1570 3110 nos
1606 3054 1892 3121 fateamur,
1926 3070 2023 3110 no-

432 3147 558 3193 strae
603 3143 952 3197 conscientia:
994 3160 1157 3215 super
1198 3145 1406 3215 pridem
1446 3145 1715 3215 capitulis,
1763 3161 1914 3217 quoa,
1963 3154 2022 3205 ui

433 3231 668 3287 diximus
685 3273 700 3298 ,
726 3233 1002 3306 Remigius
1026 3237 1465 3307 archiepiscopus
1491 3239 1695 3309 synodo
1731 3246 2020 3309 praesenta-

433 3332 608 3393 verat,
641 3327 916 3391 recitatis,
959 3330 1348 3385 catholicorum
1392 3331 1458 3385 ad
1506 3333 1821 3387 memoriam
1861 3333 2023 3389 redu.

435 3424 623 3471 centes
648 3417 928 3473 doctorum
958 3421 1298 3499 traditiones,
1339 3438 1444 3477 non
1473 3424 1681 3479 modice
1709 3440 1768 3480 se
1793 3441 2024 3482 concus-

435 3518 643 3564 serunt.
690 3511 844 3567 Unde
889 3522 1196 3568 nostrorum
1241 3516 1493 3585 quidam,
1534 3516 1655 3571 fidei
1703 3516 2024 3575 Christiana:

438 3598 555 3654 zelo
579 3603 849 3667 succensi,
885 3602 1061 3672 aliqua
1096 3604 1303 3675 synodo
1332 3605 1550 3674 volnere
1578 3622 1865 3678 suggerere
1884 3650 1899 3675 ,
1928 3611 2023 3666 sed

437 3700 619 3747 motus
650 3694 818 3753 nostri
848 3692 917 3748 ab
943 3695 1131 3750 eodem
1157 3696 1452 3751 venerabili
1482 3698 1887 3771 archiepiscopo
1921 3701 2027 3755 Rc-

439 3781 606 3852 migio
655 3782 1091 3855 Lugdunensium
1145 3798 1270 3844 sunt
1313 3791 1555 3846 modeste
1596 3794 1917 3863 compositi,
1959 3811 2024 3851 eo

436 3877 823 3933 venerabiliter
854 3892 1157 3949 perorante,
1192 3893 1249 3936 ut
1274 3884 1317 3937 si
1342 3900 1788 3956 quorumcunque
1813 3896 2027 3941 nostro-

438 3979 558 4018 rum
602 3982 794 4023 sensus
822 3969 890 4024 ab
914 3970 1118 4026 eisdem
1168 3972 1391 4043 prolatis
1421 3975 1701 4045 capitulis,
1750 3976 1801 4029 in
1843 3976 2024 4047 aliquo

438 4055 807 4115 dissentiendo
859 4076 918 4115 se
970 4072 1336 4130 commuerct,
1388 4064 1452 4117 ad
1493 4064 1738 4134 proxime
1787 4064 2025 4121 futuram

441 4148 704 4216 synodum
730 4150 1132 4229 catholicorum
1176 4153 1341 4207 libros
1381 4153 1662 4209 doctorum
1700 4155 1899 4225 quique
1933 4156 2027 4211 de-

440 4236 583 4293 ferre
609 4255 896 4307 curemus;
919 4251 972 4295 et
1001 4243 1139 4298 sicut
1164 4243 1356 4301 melius
1379 4245 1673 4299 secundum
1701 4245 2024 4303 catholicam

439 4336 495 4381 et
524 4328 873 4397 apostolicam
902 4331 1200 4387 doctrinam
1239 4334 1291 4387 in
1321 4330 1617 4389 commune
1638 4335 2025 4404 invenerimus,

439 4419 510 4475 de
538 4430 731 4477 caetero
758 4438 949 4479 omnes
978 4425 1305 4479 unanimiter
1329 4434 1628 4480 teneamus.
1659 4426 1716 4486 ln
1749 4427 1900 4502 cujus
1928 4429 2026 4483 de-

439 4512 657 4569 votione
682 4516 1230 4586 coepiscOporumqne
1256 4516 1424 4587 ipsius
1449 4517 1765 4579 dioeceseos,
1794 4534 2021 4588 quorum

440 4601 603 4655 etiam
649 4612 702 4657 et
737 4611 863 4658 ante
888 4605 1280 4660 ordinationem
1325 4614 1558 4660 mentem
1586 4606 1906 4661 catholicam
1946 4619 2028 4671 at-

443 4705 547 4763 que
575 4692 894 4758 doctrinam,
925 4695 1065 4751 sicut
1090 4706 1139 4751 et
1170 4711 1267 4751 vos
1297 4711 1400 4750 non
1441 4690 1601 4759 latet,
1644 4698 2027 4767 cognovimus,

442 4793 703 4852 quantum
762 4787 941 4841 sensui
992 4787 1305 4858 pnsillitatis
1358 4795 1554 4841 nostra:
1607 4785 1764 4841 fidem
1816 4802 2030 4841 accom-

448 4875 669 4929 modare
700 4877 983 4949 audemus,
1007 4879 1346 4948 percepimus
1380 4880 1504 4949 quia
1538 4895 1643 4933 non
1673 4892 1739 4933 ex
1782 4879 1942 4949 ipsis,
1973 4889 2033 4933 ut

446 4978 553 5019 non
600 4965 843 5022 dicamus
882 4983 981 5037 per
1019 4969 1185 5039 ipsos,
1217 4971 1421 5041 synodo
1455 4970 1686 5039 capitula
1738 4971 1850 5039 ipsa
1883 4969 2033 5025 fuere

446 5054 675 5125 prolata.
723 5055 1060 5128 Quapropter
1102 5060 1348 5128 quamvis
1385 5058 1582 5113 blando
1606 5059 1764 5114 sibilo
1792 5075 1887 5115 eos
1914 5060 2029 5128 qui-

452 5146 566 5170 .I-_.
605 5148 661 5170 -l-

673 5162 892 5170 ~..-._-_-
918 5150 1177 5170 _.-Ia----?,-n
1220 5153 1264 5170 Ι-
1304 5166 1348 5170 κ-
1386 5164 1405 5170 μ
1434 5165 1475 5170 --
1500 5150 1518 5170 J
1548 5167 1590 5170 κ-
1622 5159 1753 5170 ν-ιη-
1784 5151 1873 5170 Π--

2054 4560 2104 4618 D

2120 1943 2172 1995 in
2205 1942 2441 1997 fraterna
2467 1941 2862 2010 disceptatione
2888 1937 3205 1997 sententias,
3234 1935 3408 1989 donec
3435 1932 3503 1985 ad
3530 1945 3723 1983 verum

2122 2031 2386 2101 liquidum
2426 2030 2795 2101 perveniatur,
2828 2027 3101 2083 vinculum
3130 2032 3443 2096 permaneat
3466 2018 3725 2080 unitatis,

2127 2141 2194 2178 nc
2223 2124 2274 2177 in
2304 2132 2457 2193 parte
2483 2122 2707 2192 praecisa
2747 2127 3028 2175 remaneat
3071 2112 3372 2171 insanabile
3400 2111 3601 2165 vulnus
3634 2126 3729 2165 erg

2120 2216 2258 2270 roris
2305 2215 2497 2287 (Ibid.,
2524 2231 2571 2271 ο.
2619 2214 2696 2281 5).
2745 2213 2812 2267 Et
2858 2211 2978 2266 ideo
3020 2209 3336 2280 plerumque
3382 2202 3727 2259 doctioribus

2123 2310 2303 2364 minus
2328 2307 2529 2377 aliquid
2562 2305 2853 2366 revelatur,
2873 2312 2934 2357 ut
2960 2316 3147 2357 eorum
3178 2298 3389 2368 patiens
3412 2304 3470 2351 et
3500 2294 3728 2349 humilis

2123 2402 2396 2467 cbaritas,
2449 2401 2501 2455 in
2538 2416 2643 2470 qua
2684 2399 2891 2453 fructus
2934 2396 3107 2467 major
3135 2403 3241 2459 est,
3293 2389 3734 2459 comprobctur;

2117 2494 2202 2549 vel
2234 2494 2504 2564 quomodo
2536 2499 2756 2547 teneant
2784 2489 3066 2552 unitatem,
3094 2501 3214 2539 cum
3247 2484 3300 2538 in
3330 2482 3499 2536 rebus
3521 2480 3727 2535 obscue

2120 2586 2354 2642 rioribus
2400 2585 2612 2639 diversa
2661 2583 2941 2637 sentiunt:
2993 2577 3075 2633 vel
3125 2575 3393 2647 quomodo
3439 2571 3731 2638 accipiant

2121 2679 2437 2743 veritatem,
2466 2691 2591 2732 eum
2622 2683 2811 2731 contra
2856 2674 2909 2726 id
2955 2670 3097 2741 quod
3137 2666 3449 2724 sentiebant
3476 2663 3729 2719 declara-

2127 2780 2238 2825 tum
2263 2784 2384 2825 essc
2411 2774 2759 2839 cognoscant.
2788 2785 2807 2819 ι
2840 2764 3096 2819 Sciebant
3118 2774 3349 2830 namque
3370 2758 3538 2811 iidem
3562 2768 3729 2809 vene-

2121 2863 2340 2927 rabiles,
2373 2861 2644 2922 catholici,
2686 2868 2740 2914 et
2780 2857 2921 2913 docti
2949 2856 3071 2919 viri,
3102 2853 3227 2924 quia
3262 2853 3313 2906 in
3340 2849 3531 2904 multis
3561 2847 3731 2917 regio-

2121 2953 2280 3008 nibus
2310 2967 2375 3007 ac
2400 2951 2696 3022 provinciis
2720 2949 2834 3003 lucc
2854 2944 3107 3017 pestifera
3132 2952 3251 2998 erat
3277 2947 3618 2996 recemmota
3642 2937 3731 2991 do.

2124 3047 2325 3111 ctrina,
2356 3054 2412 3103 et
2440 3044 2558 3098 ideo
2582 3041 2855 3097 silentium
2888 3039 2942 3095 in
2972 3037 3083 3092 suis
3114 3032 3409 3105 provinciis
3443 3030 3732 3100 imponere

2126 3146 2233 3191 tam
2264 3135 2443 3198 facile,
2470 3133 2614 3189 sicut
2642 3132 2777 3191 forte
2806 3136 3074 3201 poterant,
3093 3125 3377 3180 noluerunt
3406 3121 3617 3183 errori,
3637 3120 3733 3172 do-

2126 3244 2228 3287 nec
2267 3228 2333 3281 ad
2377 3226 2729 3297 plurimorum
2776 3221 3025 3277 notitiam
3057 3227 3315 3291 perventa
3359 3215 3729 3286 plurimorum

2118 3320 2326 3390 judicio
2351 3319 2575 3389 qumstio
2600 3317 2889 3388 sopiretur.
2919 3314 3077 3382 Quia,
3107 3321 3166 3366 ut
3187 3312 3316 3366 dicit
3349 3317 3581 3365 sanctus
3610 3306 3732 3362 Cm-

2126 3412 2359 3467 lestinus
2388 3410 2440 3463 in
2479 3407 2705 3479 cpistola
2746 3407 2813 3460 ad
2858 3403 3164 3459 Nestorium
3193 3401 3398 3460 directa
3426 3397 3729 3470 (Cmcssr.

2124 3522 2207 3576 ep.
2240 3504 2296 3573 6)
2324 3520 2337 3556 :
2385 3520 2404 3553 ι
2434 3500 2637 3556 Omnes
2664 3499 2862 3553 debent
2903 3512 3066 3552 nosse
3090 3494 3234 3567 quod
3278 3493 3483 3567 agitur,
3510 3489 3731 3560 quoties

2125 3596 2364 3652 omnium
2380 3607 2543 3649 causa
2561 3599 2843 3645 tractatur.
2870 3607 2888 3638 ι
2914 3587 3174 3642 Videlicet
3192 3594 3386 3638 utcum
3407 3581 3662 3636 omnium
3678 3580 3730 3632 in

2126 3686 2288 3741 unius
2315 3682 2683 3754 propositione
2704 3679 2864 3733 fuerit
2888 3677 3113 3732 dilIinita
3136 3673 3488 3737 consultatio,
3509 3680 3735 3727 cuncto.

2128 3794 2249 3834 rum
2282 3777 2460 3831 valeat
2497 3775 2564 3830 ad
2607 3789 2797 3830 omnes
2834 3786 3092 3827 emanare
3118 3768 3335 3825 solutio.
3379 3766 3509 3821 Hzec
3535 3766 3729 3821 eadem

2128 3885 2364 3941 namque
2390 3867 2647 3939 capitula,
2671 3866 2810 3919 sicut
2830 3862 2988 3919 facile
3011 3860 3306 3923 reminisci,
3331 3858 3587 3929 potestis,
3605 3865 3735 3910 ante

2125 3961 2416 4017 triennium
2439 3957 2665 4013 nobisin
2685 3955 2803 4008 villa
2828 3951 3280 4022 Rothomagcnsis
3298 3948 3587 4019 episcopii,
3612 3962 3735 4016 qua

2129 4053 2326 4124 Melpsa
2354 4051 2574 4113 dicitur,
2597 4048 2814 4117 quando
2835 4046 2886 4100 in
2908 4045 3153 4101 excubiis
3174 4051 3362 4098 contra
3386 4039 3735 4094 Normannoc

2128 4160 2249 4200 rum
2282 4142 2684 4197 infestabonem
2710 4139 3054 4211 degebamns,
3073 4135 3174 4190 sub
3193 4133 3351 4189 titulo
3371 4132 3528 4202 quasi
3553 4131 3611 4184 in
3633 4130 3733 4184 Va-

2127 4234 2366 4290 lcntiana
2405 4231 2610 4302 synodo
2637 4228 2941 4297 conscripta
2985 4226 3204 4289 iuerint,
3229 4237 3371 4278 anno
3397 4222 3731 4277 incarnatioo

2129 4324 2214 4379 nis
2240 4322 2533 4378 Dominieac
2562 4319 3010 4392 octingentesimo
3038 4314 3489 4387 quinquagesimo
3516 4314 3744 4381 quinto,

2127 4417 2229 4472 sub
2249 4412 2505 4477 Lothario
2527 4412 2852 4480 imperatore
2874 4410 3120 4472 dedistis,
3147 4417 3206 4461 ut
3226 4405 3292 4459 ad
3317 4406 3405 4460 illa
3426 4420 3554 4477 quae
3576 4403 3734 4465 nobis

2127 4509 2444 4564 viderentur
2488 4503 2758 4561 catholico
2805 4518 2871 4557 ex
2923 4501 3351 4555 orthodoxorum
3407 4496 3734 4571 magisterio

2131 4598 2599 4670 responderemus,
2641 4610 2764 4649 eum
2814 4593 2935 4648 aliis
2975 4604 3426 4663 quorumcunque
3471 4589 3737 4659 scriptis,

2131 4706 2252 4762 quae
2291 4689 2416 4747 binc
2441 4687 2508 4741 ad
2549 4694 2782 4741 vestram
2824 4685 3068 4737 notitiam
3117 4695 3435 4751 pervenere.
3471 4679 3727 4745 Quorum

2132 4780 2379 4852 quaedam
2423 4778 2627 4851 scripta
2677 4775 3000 4844 recepimus,
3047 4771 3141 4827 sed
3194 4787 3255 4827 ea
3299 4768 3587 4839 publicare
3634 4782 3734 4822 no-

2132 4871 2363 4934 luimus,
2393 4866 2605 4921 solliciti
2648 4880 2852 4919 servare
2882 4863 3130 4916 unitatem
3168 4861 3385 4932 spiritus
3414 4859 3469 4911 in
3512 4856 3726 4912 vinculo

2131 4961 2276 5033 paris
2328 4958 2543 5029 (Ephes.
2579 4972 2652 5020 tv,
2689 4954 2769 5022 5),
2802 4954 2973 5008 donec
3004 4968 3124 5006 cum
3172 4951 3272 5015 eis,
3303 4949 3393 5019 qui
3435 4939 3615 5003 vobis
3644 4945 3734 5000 illa

2137 5049 2569 5112 transmiserant,
2611 5045 2859 5099 familiari
2899 5043 3329 5112 colloqueremur
3354 5053 3636 5103 sermone,
3677 5046 3735 5091 et

2134 5156 2196 5170 ΛΑ
2239 5142 2281 5170 ,εἷ
2330 5138 2509 5170 ηΙῖιηιΛ
2545 5136 2701 5170 ωηιῐη
2739 5133 3039 5170 valor-anan:
3096 5131 3164 5170 nit
3194 5131 3295 5170 Ιιειρ
3335 5142 3501 5170 nrznm
3554 5127 3736 5170 inton-
