3904 5396
142 271 241 329 189

720 271 1070 332 ΠΙΞΤΟΒῐίΕ
1109 276 1463 335 ECCLESMS
1503 278 1741 335 REMEN

1848 310 1850 325 ι
1896 280 2077 338 LIBRI
2118 280 2475 351 QU.\'I'IJOR.
2513 314 2583 326 -
2617 286 2749 342 LIB.
2794 286 2882 342 IiI.

3328 291 3436 348 190

141 406 197 447 se
225 387 444 446 habent
472 390 727 447 abscondi
759 406 863 446 non
901 403 1158 462 possunt;
1204 395 1342 450 adeo
1378 396 1736 467 quorumdam
1767 405 1815 463 Α
1842 412 2005 467 opera
2043 398 2182 467 ejus.
2225 401 2414 457 Omnis
2451 419 2580 459 vero
2620 406 2712 476 qui
2760 407 2898 462 bona
2950 407 3060 478 agit
3107 409 3273 480 (inter
3314 425 3437 481 qua:

141 482 389 536 excrevit
438 482 724 549 dissensio,
770 494 829 537 ut
878 484 991 538 luce
1021 484 1353 540 dissonantia
1400 488 1468 540 ad
1503 497 1738 543 vestram

142 573 459 640 perveniret
503 575 769 637 notitiam,
819 584 874 631 et
918 576 1164 647 synodali
1211 577 1428 633 decreto
1473 595 1571 649 pro
1624 580 1740 635 zelo

146 667 283 731 ﬁdei,
328 676 389 722 et
428 669 798 725 unanimitatis
849 687 1035 728 amore
1086 682 1372 744 antequam
1424 677 1540 732 brcc
1587 678 1742 733 nobis

144 758 540 826 perscrutanda
588 762 1020 823 eommitteretis,
1061 773 1295 833 quatuor
1339 766 1576 835 capitula
1622 768 1738 836 epi—

145 850 345 919 scopuli
388 851 712 908 dit‘iinitione
761 855 917 910 vobis
961 857 1026 912 de
1081 857 1469 913 catholicorum
1516 859 1737 914 Patrum

146 942 303 999 dictis
338 945 551 1015 colligi.
584 954 634 1001 et
667 948 998 1016 singulorum
1028 950 1322 1012 exigeretis
1364 950 1612 1005 manibus
1648 967 1739 1006 ro-

144 1034 347 1091 borari.
376 1035 572 1092 Postea
606 1053 732 1093 vero
752 1048 805 1094 et
832 1042 1190 1109 quorumdam
1220 1059 1283 1098 ex
1313 1044 1399 1098 bis
1424 1044 1512 1113 qui
1536 1044 1740 1099 eisdem

149 1125 405 1195 capitulis
452 1128 885 1197 subscripserunt
913 1140 969 1186 et
994 1131 1220 1187 aliorum
1249 1133 1411 1188 etiam
1445 1135 1497 1188 in
1532 1142 1740 1188 tantum

146 1224 223 1271 est
244 1217 594 1272 accumulata
613 1219 886 1283 vecordia,
909 1231 966 1275 ut
994 1236 1214 1277 necesse
1234 1223 1392 1286 foret.
1415 1234 1468 1278 et
1484 1222 1744 1291 jnssionis

146 1318 339 1364 vestra:
380 1310 667 1376 instantia,
708 1322 762 1367 et
783 1316 1149 1371 exsecrationis
1183 1325 1381 1370 nostra:
1411 1316 1739 1382 obedientia,

150 1401 267 1456 hinc
308 1416 504 1457 eorum
553 1418 691 1473 quos
737 1407 1099 1473 prtcmisimus
1142 1408 1359 1477 scriptis
1393 1417 1448 1463 et
1492 1410 1740 1479 propexi-

151 1490 388 1549 tionibus
423 1492 646 1549 litterali
679 1493 853 1551 oﬁicio
881 1497 1225 1566 respondere.
1260 1497 1406 1553 Inter
1430 1515 1551 1569 qua:
1579 1508 1630 1554 et
1657 1500 1743 1555 liis

151 1582 399 1652 capitulis
430 1599 552 1653 qua:
583 1586 740 1643 nobis
780 1602 951 1656 nuper
980 1587 1223 1651 dedistis,
1258 1604 1355 1657 pro
1393 1590 1561 1643 nostri
1596 1590 1743 1658 iuges

152 1673 271 1735 uioli
305 1674 632 1745 caput-itote,
668 1676 768 1731 sub
795 1677 1072 1733 dubietate
1102 1686 1301 1743 tamen,
1342 1681 1739 1749 respondimus,

151 1769 267 1837 quia
295 1786 407 1825 non
444 1772 810 1839 credidimus;
843 1786 902 1829 ut
928 1774 1128 1832 fratres
1154 1786 1208 1832 et
1233 1779 1535 1849 coepiscopi
1573 1781 1742 1835 nostri

153 1866 332 1913 contra
365 1862 579 1931 regulas
605 1864 1007 1921 ecclesiasticas
1042 1868 1329 1924 adversum
1366 1885 1467 1924 nos
1495 1870 1621 1926 talia
1652 1873 1744 1927 de-

154 1951 390 2007 buissent
426 1955 792 2019 conscribere,
833 1960 1133 2027 praesertim
1174 1977 1296 2016 cum
1345 1977 1450 2017 non
1495 1962 1744 2034 ignorent

155 2043 446 2101 Dominicis
492 2046 925 2103 institutionibus
969 2062 1023 2105 et
1067 2051 1273 2121 legibus
1321 2062 1509 2110 sancto
1540 2054 1741 2125 Spiritu

154 2137 507 2206 promulgatis
535 2139 813 2207 prccﬁxum
837 2155 977 2207 esse,
1004 2144 1304 2212 qualitersi
1338 2145 1390 2199 iu
1416 2161 1558 2216 Step0
1590 2146 1744 2201 factis

156 2228 398 2297 capitulis
429 2228 550 2284 ﬁdei
575 2230 1011 2301 obloqueremur,
1042 2249 1141 2288 nos
1164 2235 1507 2305 compellere,
1537 2246 1590 2291 et
1616 2245 1743 2292 tunc

153 2318 390 2388 synodali
428 2318 636 2386 judicio
682 2336 804 2385 nos,
855 2331 1174 2393 nostrasque
1219 2326 1520 2381 sententias
1564 2343 1594 2380 a
1646 2342 1743 2382 sua

156 2410 466 2464 debuissent
511 2414 894 2468 communione
931 2415 1223 2484 explodere
1269 2416 1488 2487 (Manli.
1537 2434 1741 2485 xxvnt,

157 2498 239 2563 £9,
263 2500 376 2569 20).
414 2499 569 2557 Nunc
607 2518 739 2559 vero
780 2505 907 2573 quia
935 2507 1067 2561 certi
1108 2523 1318 2574 sumus,
1347 2509 1433 2564 cui
1478 2512 1745 2581 composi-

158 2591 282 2645 tioni
310 2593 576 2649 debemus
611 2595 681 2650 de
722 2611 865 2666 smpe
909 2599 1197 2654 nominatis
1227 2601 1617 2669 quzrstionibus
1663 2618 1747 2657 re-

156 2683 437 2751 spondere,
465 2686 701 2741 servatis
728 2687 1067 2749 relat'onum,
1092 2691 1521 2747 absolutionibus
1554 2704 1742 2749 contra

156 2791 266 2832 eos.
289 2779 490 2846 quibus
512 2793 542 2833 a
570 2788 753 2835 vestra
777 2781 1165 2849 dominatione,
1195 2800 1292 2854 pro
1314 2785 1563 2855 imposito
1589 2786 1746 2841 nobis

156 2866 468 2929 ministerio.
517 2868 656 2937 jussi
702 2887 890 2926 sumus
938 2874 1163 2929 reddere
1209 2876 1496 2944 rationem,
1551 2888 1742 2933 contra

157 2959 263 3017 haec
307 2970 520 3016 tanttun
570 2962 828 3032 capitula,
877 2974 1136 3033 quantum
1174 2981 1241 3021 ex
1281 2968 1438 3022 nobis
1488 2977 1575 3025 est
1620 2985 1743 3024 cum

156 3055 402 3111 omnibus
429 3072 617 3125 pacem
644 3057 909 3113 habentes
941 3057 1113 3128 (Rom.
1157 3076 1257 3124 xu,
1290 3062 1399 3128 18),
1435 3078 1498 3117 ex
1527 3071 1742 3118 sancta-

1842 488 1984 545 bona
2023 490 2092 545 ab
2138 491 2398 562 Apostolo
2433 504 2487 548 et
2536 494 2666 549 ﬁdes
2696 501 3140 572 connumeratur)
3187 503 3332 557 venit
3367 505 3436 557 ad

1845 579 2040 643 lucem,
2086 592 2144 635 ut
2189 585 2603 639 manifeszentur
2646 604 2808 656 opera
2863 590 3001 657 ejus,
3039 593 3166 662 quia
3221 593 3274 647 in
3324 593 3436 648 Deo

1844 679 1971 724 sunt
2003 669 2142 725 facta
2177 671 2359 743 (Joan.
2392 690 2471 736 tu.
2505 675 2619 743 21).
2648 677 2754 731 Sed
2785 688 2838 733 et
2866 679 2954 733 ille
2991 682 3301 753 quicunque
3326 694 3433 750 est,

1844 760 1888 814 si
1930 761 1998 813 ad
2038 760 2209 816 lucem
2244 764 2477 829 venerit,
2518 774 2574 819 et
2623 767 2836 822 veritati
2885 784 2948 822 ex
3001 773 3164 827 corde
3201 789 3434 829 consen-

1844 850 1996 913 serit,
2027 867 2148 907 esse
2189 853 2329 909 ﬁlios
2377 854 2511 910 lueis
2552 858 2765 926 poterit.
2807 858 2863 913 Si
2899 869 3077 915 autem
3116 870 3167 917 et
3201 863 3438 931 pertina-

1843 941 1983 996 citer
2018 945 2412 1000 contradixerit
2454 948 2691 1012 veritati,
2738 947 2854 1018 ipse
2886 949 2937 1003 in
2977 950 3294 1008 inﬁdelitate
3337 968 3436 1009 sua

1844 1040 1898 1087 et
1938 1036 2302 1091 contentionis
2344 1052 2457 1093 sua:
2509 1040 2763 1094 vecordia
2801 1042 3040 1097 lueretici
3088 1044 3188 1098 sibi
3239 1060 3437 1100 nomen

1846 1124 2104 1195 imponet,
2135 1127 2258 1195 quia
2291 1143 2397 1183 non
2426 1130 2610 1185 statim
2642 1131 2981 1196 hmreticnm,
3009 1134 3151 1204 quod
3184 1134 3438 1205 ignoran-

1846 1224 1930 1270 ter
1957 1232 1987 1270 a
2035 1217 2138 1272 ﬁde
2187 1220 2420 1274 sentitur
2447 1221 2741 1287 diversum,
2787 1224 2829 1278 si
2875 1239 2981 1282 non
3036 1224 3129 1280 ﬁat
3172 1225 3435 1295 pertinaci

1845 1308 2190 1363 contentione
2218 1308 2551 1366 brereticnm.
2589 1332 2607 1363 ι

2421 1400 2651 1458 CAPUT
2690 1402 2852 1463 XVII.

1848 1488 1925 1544 De
1938 1490 2139 1560 synodo
2155 1506 2248 1545 sex
2261 1492 2647 1558 provinciarum
2664 1492 2854 1548 ϐηιιὶαν
2868 1494 3009 1559 apud
3028 1494 3213 1549 Trecas
3230 1495 3433 1556 habita.

1918 1581 2077 1636 Anno
2099 1582 2330 1651 denique
2362 1581 2654 1638 Dominicm
2682 1586 3072 1644 incarnationis
3096 1586 3437 1656 octingentos

1847 1673 1986 1728 sime
2034 1675 2376 1744 sexagesimo
2430 1676 2694 1744 septimo,
2745 1677 2981 1747 synodus
3036 1678 3437 1748 provinciarum

1776 1766 1818 1826 Il
1851 1766 2218 1827 Remensium,
2250 1766 2790 1838 Rotliomagensium,
2819 1752 3236 1835 Turonensium,
3269 1770 3438 1826 Senoq

1850 1872 2013 1919 num,
2064 1856 2543 1928 Burdegalensium
2602 1869 2768 1930 atque
2827 1861 3246 1919 Bituricensium
3296 1864 3437 1933 apud

1849 1950 2048 2011 Trecas
2075 1969 2173 2013 vttt
2207 1954 2476 2011 Kalendas
2509 1954 2831 2012 Novembris
2875 1958 3145 2011 convenit.
3182 1958 3281 2015 Ubi
3311 1958 3438 2028 qui-

1848 2044 1971 2099 dam
2002 2046 2264 2115 episc0pi,
2309 2056 2368 2100 nt
2408 2047 2639 2111 assolet,
2690 2048 2859 2118 gratia
2910 2049 3051 2116 regis
3090 2047 3272 2102 Karoli
3310 2047 3439 2102 Vul-

1848 2133 1974 2190 fado
2004 2134 2256 2205 faventes
2295 2138 2581 2207 quemdam
2624 2146 2812 2192 contra
2854 2139 3135 2193 veritatem
3173 2146 3230 2192 et
3269 2153 3438 2192 cano-

1849 2243 1976 2281 num
2041 2243 2253 2283 sacram
2312 2230 2691 2285 auctoritatem
2757 2231 3019 2285 adversus
3087 2230 3437 2286 llincmarum

1848 2318 2023 2374 moliri
2073 2330 2377 2391 cmperunt.
2429 2322 2534 2378 Sed
2584 2324 2774 2378 iisdem
2831 2323 3189 2388 llincmarus,
3242 2331 3440 2378 eorum

1846 2412 2213 2483 molitionibus
2236 2415 2446 2470 ratione
2472 2426 2525 2470 et
2550 2417 2877 2471 auctoritate
2897 2417 3146 2479 obvians,
3174 2416 3439 2486 plurimo.

1848 2517 1966 2555 rum
1994 2504 2260 2567 sententia
2290 2504 2634 2573 praevalente,
2658 2521 2838 2560 rerum
2863 2515 3137 2578 gestarum
3163 2507 3432 2570 ordinem,

1847 2592 1915 2646 de
1959 2592 2156 2662 quibus
2205 2595 2484 2666 agebatur,
2527 2597 2802 2652 comnmui
2850 2614 3119 2653 consensu
3167 2599 3432 2669 cpistola,

1848 2685 2106 2754 scriptum
2148 2702 2244 2756 per
2287 2688 2584 2741 Actardum
2635 2688 2998 2743 venerabilent
3037 2688 3434 2743 Nanueteusem

1846 2776 2156 2845 episcopum
2187 2793 2336 2848 papa:
2375 2778 2594 2841 Nicolao
2635 2781 2911 2850 episcopi,
2948 2783 3036 2850 qui
3069 2790 3438 2836 convenerant

1850 2870 2288 2923 transmiserunt.
2332 2872 2496 2940 Cujus
2540 2872 2783 2942 epistola:
2828 2882 2985 2927 tenor
3024 2874 3163 2928 idem
3202 2875 3433 2935 exstitit,

1845 2963 1936 3032 qni
1991 2963 2093 3017 fuit
2142 2965 2193 3017 in
2236 2963 2460 3033 cpistola
2514 2964 2787 3020 lliucmari
2830 2964 3122 3020 Remormn
3169 2967 3434 3035 episcopi,

1847 3070 2009 3124 quam
2050 3070 2148 3124 per
2185 3055 2416 3112 clericos
2457 3071 2586 3110 suos
2633 3057 2733 3111 sub
2779 3057 3186 3126 peregrinorum
3224 3056 3431 3119 habitu,

156 3161 266 3201 rum
293 3145 702 3215 Scripturarum
734 3152 1079 3219 auctoritate,
1113 3162 1167 3207 et
1212 3153 1600 3210 catholicorum
1638 3154 1742 3209 Pa-
1769 3131 1814 3191 (ἶ
1843 3155 2066 3214 propter
2095 3147 2492 3203 contrariorum
2527 3147 2772 3201 vitandas
2815 3148 3056 3211 insidias,
3089 3148 3437 3217 praecedente

157 3251 294 3292 trum
336 3240 627 3295 sententiis
673 3241 994 3309 simpliciter
1034 3246 1361 3313 respondere
1406 3246 1740 3314 curabiums,

156 3337 213 3380 ut
241 3329 323 3384 cui
351 3329 494 3384 forte
530 3332 712 3385 omnia
745 3333 833 3386 illa
868 3332 1047 3402 legere
1094 3350 1200 3388 non
1244 3335 1456 3391 licuerit
1496 3338 1577 3393 vel
1632 3355 1741 3393 non

159 3418 386 3487 libuerit,
419 3423 507 3478 hic
536 3425 1080 3496 compendiosaspro
1112 3436 1351 3498 tempore
1381 3430 1743 3498 capitulorum

158 3514 531 3582 responsiones
564 3515 826 3579 inveniat,
860 3531 996 3586 quas
1032 3517 1223 3584 furath
1264 3519 1472 3573 bornlis
1499 3522 1741 3576 a-diver-

161 3601 235 3656 sis
272 3607 683 3676 occupationum
725 3608 1180 3672 distensionibus,
1226 3610 1316 3680 qui
1368 3611 1740 3682 cognit'onum

162 3691 318 3749 ferias
346 3711 448 3750 non
490 3698 777 3764 habemus,
820 3701 960 3755 sicut
1003 3699 1072 3755 de
1105 3702 1390 3757 sententiis
1430 3712 1741 3759 sanctormn

162 3786 371 3844 Patrum
416 3792 734 3862 accipimus,
786 3809 854 3849 ne
904 3804 1122 3866 torpore
1165 3796 1247 3850 vel
1299 3797 1662 3854 inobedientia
1714 3815 1743 3853 a

163 3890 337 3936 vestra
373 3883 761 3940 denotaretnur
795 3886 1102 3942 Christiana
1147 3887 1454 3953 devotione,
1498 3891 1745 3944 commit-

163 3983 278 4028 tere
302 3975 567 4031 scltedulis
595 3978 951 4033 tumultuario
979 3995 1231 4035 sermone
1260 3981 1583 4045 studuimus,
1616 3998 1746 4051 quo-

166 4064 305 4120 niam
339 4068 389 4122 in
431 4067 673 4138 praefatis
721 4070 1098 4139 relationibus,
1155 4075 1429 4144 provocati
1483 4075 1742 4145 multipli-

167 4157 312 4213 cibus
338 4162 707 4233 multiplicium
762 4161 1119 4230 illationibns,
1159 4165 1531 4235 multipliciter
1562 4168 1744 4222 multi-

169 4248 487 4323 plicibusque
517 4253 922 4319 collationibus,
970 4271 1077 4309 non
1122 4256 1240 4311 sine
1270 4258 1432 4327 (sicut
1460 4260 1662 4311 scimus
1691 4266 1745 4313 ct

171 4340 490 4411 conﬁtemur)
520 4344 743 4398 lectoris
778 4343 956 4407 taedio,
987 4360 1170 4408 sensu,
1203 4347 1296 4399 sed
1329 4355 1505 4401 tamen
1549 4348 1740 4403 callio-

171 4429 287 4496 lico,
330 4435 377 4488 in
416 4437 588 4491 tribus
628 4437 782 4491 libris
816 4435 1077 4492 laciniosa
1118 4455 1370 4494 sermone
1416 4443 1743 4512 respondere

175 4525 462 4594 satagimus.
496 4527 603 4583 Sed
645 4529 697 4582 in
727 4528 832 4583 hoc
870 4530 1106 4587 maxime
1140 4533 1372 4601 benigno
1409 4534 1596 4588 lectori
1646 4550 1744 4588 nos

177 4616 466 4675 satisfacere
517 4630 902 4687 autumamus,
953 4624 1078 4694 quia
1123 4625 1455 4695 singulorum
1507 4626 1746 4697 singulas

177 4718 366 4777 semper
397 4721 661 4779 ponentes
693 4713 1016 4778 sententias,
1049 4714 1396 4785 singulariter
1438 4715 1504 4768 ad
1533 4714 1745 4786 objecta

178 4804 229 4850 et
257 4802 544 4858 resistentia
579 4805 703 4859 ﬁdei
742 4806 1076 4873 respondere
1117 4806 1462 4873 studuimus;
1493 4819 1548 4864 et
1574 4809 1659 4865 vel
1691 4808 1743 4862 in

182 4885 267 4944 hoc
286 4892 394 4948 solo
416 4895 668 4950 devotum
696 4910 970 4966 quemque
998 4897 1252 4954 lectorem
1282 4898 1438 4954 nobis
1464 4899 1744 4957 conciliari

184 4985 487 5054 conﬁdimus,
516 4990 645 5060 quia
680 5006 808 5046 eum
850 5005 915 5044 ex
953 5007 1048 5047 sua
1095 5000 1277 5047 mente
1325 5002 1566 5047 nostrum
1600 4992 1747 5049 labo-

184 5088 277 5131 rem
318 5084 678 5152 perpenderlt,
735 5098 841 5139 nos
876 5085 1014 5152 apud
1057 5101 1115 5139 se
1164 5091 1454 5139 excusatus
1499 5086 1739 5143 habebit.

187 5162 294 5232 Quis
320 5188 441 5228 vero
467 5176 537 5229 sit
580 5177 817 5231 istorum
861 5175 1215 5243 capitulorum
1264 5179 1613 5245 compositor,
1653 5178 1740 5233 cui

1844 3235 1986 3292 Julio
2022 3253 2210 3293 mense
2254 3237 2483 3293 Romam
2527 3241 2771 3295 miserat.
2817 3240 3112 3308 Epistulam
3157 3250 3336 3295 autent
3378 3241 3433 3295 iu

1848 3328 2159 3396 prtescripta
2218 3320 2425 3399 synodo
2474 3328 2711 3394 factam,
2765 3339 2820 3385 et
2861 3332 3432 3401 archiepiscoporum,

1845 3420 1937 3487 qui
1980 3430 2349 3475 convenerant
2383 3422 2575 3491 sigillis
2617 3423 2907 3493 signatam,
2946 3426 3212 3479 Actardus
3261 3424 3436 3494 perfo-

1846 3513 2070 3567 rendam
2109 3514 2411 3585 suscipiens
2437 3556 2450 3578 ,
2488 3531 2610 3571 cum
2650 3516 2973 3585 quibusdam
3021 3517 3296 3586 episcopis
3356 3516 3431 3569 ad

1846 3605 2128 3672 Karolum,
2160 3608 2302 3663 sicut
2334 3608 2448 3677 ipse
2477 3618 2831 3678 prmceperat,
2864 3611 3042 3665 rediit.
3074 3609 3305 3667 Karolns
3333 3625 3430 3661 au-

1849 3705 1954 3750 tem
2001 3700 2286 3755 immemor
2335 3700 2615 3755 lidelitatis
2655 3711 2819 3771 atque
2858 3702 3126 3760 laborum.
3167 3718 3300 3771 quos
3337 3716 3434 3769 pro

1846 3789 1963 3857 ejus
1992 3790 2198 3844 honore
2231 3799 2285 3844 et
2340 3792 2490 3860 regni
2521 3792 2744 3847 obtentu
2770 3807 2911 3862 smpe
2940 3790 3083 3846 fatus
3110 3792 3433 3847 Hinemarus

1846 3896 1942 3949 per
1981 3881 2166 3950 plures
2207 3897 2380 3938 annos
2418 3884 2695 3951 subierat,
2739 3884 2987 3939 eamdem
3031 3884 3311 3955 epistolam
3362 3884 3433 3939 ab

1846 3971 2212 4026 Aetardo'sibi
2244 3972 2361 4026 dari
2390 3972 2581 4043 exigit,
2609 3982 2663 4028 ct
2693 3973 3226 4045 arcltiepiSCOporum
3256 3973 3431 4043 sigilla

1846 4059 2216 4133 confringens,
2245 4072 2394 4134 gesta
2423 4064 2612 4135 synodi
2651 4065 2863 4134 relegit,
2894 4076 2950 4120 et
2981 4065 3128 4135 quia,
3170 4065 3311 4119 sicut
3341 4081 3433 4119 vo-

1847 4155 2043 4220 luerat,
2072 4158 2123 4210 in
2153 4158 2340 4212 eadem
2366 4157 2573 4229 synodo
2598 4156 2922 4212 Ilincmarus
2946 4174 3049 4212 non
3074 4156 3281 4212 exstitit
3305 4172 3436 4213 con-

1847 4248 2072 4315 futatus,
2103 4249 2385 4319 epistolam
2430 4264 2529 4304 suo
2569 4250 2788 4304 nomine
2826 4250 2892 4303 ad
2923 4248 3203 4304 Nicolaum
3239 4262 3431 4319 papam

1849 4341 2039 4396 dictari
2090 4342 2139 4394 in
2181 4341 2625 4395 contrarietatem
2669 4340 2943 4395 llincmari
2997 4339 3142 4403 fecit,
3174 4354 3334 4407 quam
3380 4346 3436 4391 et

1850 4431 1992 4485 bulla
2024 4432 2105 4486 sui
2138 4432 2372 4486 nominis
2397 4431 2672 4501 sigillavit,
2699 4438 2754 4483 et
2779 4446 2901 4485 cum
2931 4429 3156 4500 epistola
3189 4425 3434 4498 synodali

1851 4539 1946 4595 per
1977 4525 2149 4594 ipsum
2178 4525 2471 4579 Aetardum
2497 4522 2725 4577 Romam
2757 4522 2973 4576 direxit.
3009 4520 3223 4576 Praefati
3253 4527 3432 4571 autem

1851 4617 2128 4672 Ilincmari
2154 4617 2341 4672 clerici
2374 4616 2427 4669 in
2465 4631 2652 4671 mense
2692 4615 2934 4684 Angusto
2962 4615 3188 4669 Romam
3216 4611 3437 4665 venien-

1854 4720 1957 4776 tes,
1987 4708 2263 4763 Nicolaum
2317 4722 2508 4778 papam
2554 4707 2665 4777 jam
2718 4705 2874 4759 valde
2918 4704 3355 4762 inﬁrtnatum,et
3381 4699 3437 4753 in
3480 4770 3485 4775 ‘

1850 4803 2223 4863 contentione,
2264 4813 2428 4857 uuam
2476 4808 2670 4854 contra
2727 4797 3083 4865 imperatores
3124 4793 3437 4850 Graecorum

1850 4891 2166 4947 Micliaelem
2218 4899 2273 4945 et
2323 4888 2606 4956 Basiliam,
2647 4890 2740 4945 sed
2791 4896 2847 4942 et
2893 4896 3084 4942 contra
3139 4879 3443 4939 Orientales

1848 4985 2133 5055 episcopos
2175 4982 2430 5046 habebat,
2478 4996 2809 5056 magnopere
2842 4979 3184 5037 laborantem
3219 4976 3440 5028 invene-'-

1850 5086 1997 5130 runt.
2057 5075 2400 5146 Quapropter
2458 5088 2639 5146 usque
2701 5074 2767 5129 ad
2825 5086 3074 5129 mensem
3128 5063 3443 5123 Octobrium

1849 5168 2046 5224 ibidem
2073 5177 2197 5222 sunt
2223 5165 2523 5222 itnntorati.
2556 5167 2812 5225 Nicolaus
2840 5178 2979 5219 vero
3008 5174 3141 5234 papa
3168 5158 3444 5223 gratanter

3206 5256 3280 5264 -..Α
3290 5238 3445 5264 -.τιαρ-
