3904 5396
457 356 556 413 I9I

1524 354 1918 413 FLODOARDI
1958 351 2275 411 CANONICI
2318 349 2660 411 REMENSIS

3652 352 3749 411 I92

460 470 598 526 tales
636 470 918 542 episcopos
961 466 1283 523 calumniari
1320 478 1565 525 sanctam
1595 469 1900 525 Romanam
1944 469 2047 526 Ec-
2075 475 2123 533 Α
2151 469 2411 540 episcopi.
2464 468 2666 525 Scribit
2693 470 2856 526 etiam
2895 470 2962 525 ad
3014 469 3424 529 instructionem
3459 473 3633 544 ipsius
3663 492 3744 534 re-

460 562 709 625 clesiam,
745 562 853 617 ltttO
882 576 1100 614 omnem
1143 560 1463 627 Ecclesium,
1493 577 1613 631 qua:
1651 561 1842 616 Latina
1882 563 2053 617 utitur

460 656 663 725 lingua,
696 654 819 723 quia
845 653 1158 723 jejunamus
1196 654 1248 707 in
1291 653 1567 718 Sabbatis,
1596 655 1739 723 quod
1789 654 2050 725 Spiritum

459 760 710 802 sani-inm
737 762 802 801 ex
830 746 992 801 Patre
1033 746 1277 815 Filioque
1317 748 1610 816 procedere
1641 747 1894 814 dicimus,
1923 748 2050 819 quia

457 837 808 907 presbyteros
860 838 1044 891 sortiri
1086 839 1343 908 c:njuges
1388 839 1760 908 prohibemus,
1791 840 2049 909 quoniam

456 930 678 982 eosdcm
716 930 1065 1001 presbyteros
1105 931 1400 985 chrismate
1450 930 1603 986 linire
1649 932 2048 1003 baptizatorum

458 1021 668 1076 frondes
702 1022 1035 1088 inlnhenms,
1068 1023 1310 1077 dicentes
1349 1023 1448 1093 ipsi
1486 1022 1684 1091 Graeci,
1717 1025 1862 1095 quod
1908 1025 2053 1081 chri-

461 1127 580 1167 suta
607 1128 673 1166 ex
702 1129 841 1182 aqua
874 1112 1110 1168 ﬁnuiinis
1141 1113 1317 1168 Latini
1343 1098 1727 1180 conﬁciemus;
1760 1118 2053 1186 reprehen-

459 1205 654 1257 dentes
688 1220 785 1257 nos
818 1205 1074 1269 Latinos,
1117 1204 1260 1274 quod
1297 1214 1421 1259 octo
1465 1205 1896 1261 hebdomadibus
1927 1215 2052 1262 ante

460 1294 668 1351 Pascha
714 1313 742 1350 a
771 1299 1038 1361 carnium,
1068 1307 1122 1352 et
1152 1306 1360 1368 septem
1392 1299 1821 1355 hebdomadibus
1848 1316 1877 1353 a
1904 1301 2053 1357 casei

458 1396 514 1441 et
541 1404 766 1441 ovorum
805 1404 926 1455 esu,
959 1405 1109 1443 more
1141 1405 1259 1451 suo,
1305 1405 1412 1443 non
1451 1404 1747 1445 cessamus.
1799 1391 2053 1447 Dicentcs

456 1480 642 1541 etiam,
676 1481 818 1550 quod
849 1482 900 1533 in
932 1481 1136 1536 Pascha
1165 1497 1314 1557 more
1339 1480 1650 1537 Iudaeorum
1676 1499 1844 1553 super
1874 1483 2049 1540 altare

458 1573 665 1641 pariter
698 1588 823 1627 cum
858 1573 1140 1627 Dominico
1171 1588 1397 1643 corpore
1426 1590 1622 1644 agnum
1662 1575 2052 1630 benedicamus

456 1671 512 1717 et
544 1659 871 1726 oﬁ'eramns;
923 1673 1308 1719 succenseutcs
1339 1666 1503 1718 etiam
1542 1680 1664 1731 nos,
1696 1666 1823 1736 quia
1867 1665 2049 1720 clerici

457 1755 600 1824 apud
653 1771 748 1809 nos
805 1755 1014 1828 barbas
1047 1773 1176 1812 suas
1225 1758 1454 1822 radunt;
1509 1767 1563 1813 et
1617 1758 1879 1827 dicentes,
1921 1761 2045 1829 quia

2154 560 2257 632 gis,
2285 561 2352 615 de
2381 560 2665 615 duodecim
2714 559 2956 616 abusivis
2990 570 3302 616 sanctorum
3357 564 3409 619 in
3457 565 3546 620 his
3598 568 3746 623 colli-

2153 665 2286 721 gens
2343 651 2485 706 dicta
2526 651 2748 705 Patrum
2796 662 2852 706 ct
2900 654 3294 721 praeteritorum
3332 656 3751 716 constitutiones

2153 754 2360 813 regum.
2397 741 2501 798 Sed
2525 743 2673 797 etde
2713 744 3069 813 prmnissioue
3112 760 3208 798 sua
3243 760 3367 800 eum
3417 747 3748 816 admonens,

2152 852 2312 907 quam
2339 836 2525 899 verbo,
2565 851 2630 892 ac
2656 837 2877 906 scripto.
2917 846 3208 907 antequam
3248 854 3341 893 rex
3385 855 3743 897 consecrare-

2153 938 2259 992 tur,
2292 928 2611 999 primatibus
2636 937 2691 983 et
2719 929 2987 998 epise0pis
3012 929 3234 984 fecerat.
3269 929 3510 1002 Scripsit
3532 949 3750 1005 quoque

2152 1018 2351 1072 multas
2376 1018 2442 1071 ad
2474 1019 2647 1088 ipsum
2694 1033 2874 1088 regem
2904 1019 3161 1089 epistolas
3187 1060 3203 1086 ,
3264 1031 3323 1075 ut
3366 1023 3466 1093 qui
3495 1022 3747 1092 ejusdem

2152 1110 2540 1181 archiepiscopi
2566 1112 2633 1166 de
2662 1111 2844 1166 multis
2866 1114 3519 1183 requirebatconsiliuzn,
3554 1126 3613 1172 et
3648 1134 3744 1188 per

2152 1200 2268 1269 ejus
2300 1200 2598 1270 prudentiae
2627 1203 3032 1272 suggestionem
3067 1204 3236 1259 multa
3267 1206 3541 1262 industrie
3568 1210 3751 1279 dispo-

2153 1295 2333 1348 nebat.
2387 1293 2615 1361 Quando
2642 1296 2808 1350 etiam
2839 1296 2982 1351 ﬁlius
3006 1313 3136 1352 suns
3158 1297 3571 1356 Karlomannus
3593 1302 3751 1358 cleri-

2151 1399 2249 1439 cus
2273 1385 2531 1440 adversus
2555 1401 2677 1440 eum
2705 1389 3078 1451 consurrexit,
3110 1397 3165 1443 et
3197 1391 3312 1460 ipse
3346 1405 3445 1445 rex
3469 1392 3541 1445 ad
3586 1392 3751 1447 Vien-

2152 1491 2276 1532 nam
2323 1487 2507 1531 contra
2535 1476 2833 1533 Gcrardum
2882 1482 3158 1546 comitem,
3206 1483 3320 1553 (qui
3355 1498 3384 1537 a
3417 1498 3479 1539 se
3504 1484 3754 1541 descive—

2151 1568 2256 1639 rat)
2289 1568 2563 1640 profectus
2583 1580 2723 1637 erat,
2766 1571 2893 1626 huic
2923 1572 3136 1643 prtcsuli
3160 1583 3347 1629 nostro
3369 1575 3592 1631 litteras
3620 1592 3749 1632 suae

2153 1661 2317 1725 misit,
2347 1660 2609 1715 mandans
2650 1670 2710 1715 ut
2750 1674 3076 1718 convocaret
3123 1664 3405 1736 episcopos
3452 1669 3631 1740 regni.
3684 1686 3747 1726 ac

2152 1749 2317 1805 laicos
2347 1750 2446 1820 ipsi
2472 1750 2675 1815 ﬁdeles,
2699 1759 2760 1805 ut
2788 1753 3024 1822 episcopi
3050 1756 3343 1810 secundum
3372 1757 3743 1813 ministerium

457 1843 724 1898 diaconus
773 1861 879 1898 non
936 1855 1192 1916 suscepto
1237 1849 1645 1920 presbyteratus
1689 1847 1865 1903 olIirio
1904 1850 2044 1920 apud
2079 1832 2120 1891 Β
2149 1859 2305 1898 suum
2335 1845 2688 1912 prohiberent
2727 1844 3095 1900 Karlomnnﬂo
3123 1863 3189 1903 nc
3219 1846 3437 1918 aliquod
3475 1851 3743 1906 damnum

455 1948 555 1987 nos
610 1936 896 2005 episcopus
948 1937 1251 1991 ordinatur.
1286 1938 1363 1991 De
1408 1939 1606 2007 quibus
1649 1941 1905 1996 omnibus
1950 1956 2048 2011 per

454 2026 696 2096 singulas
749 2028 1061 2096 provincias
1110 2044 1140 2082 ει
1190 2030 1623 2098 metropolitauis
1679 2046 1804 2086 cum
1855 2047 2045 2088 eorum

455 2121 793 2190 coepiscopis
838 2122 939 2175 sibi
992 2123 1217 2176 rescribi
1266 2124 1528 2194 prmcipit,
1569 2125 1849 2195 alloquens
1896 2143 2050 2182 eum-

458 2214 579 2269 deut
617 2214 966 2269 "im-marum
999 2216 1052 2271 in
1080 2218 1323 2287 epistola:
1355 2220 1459 2275 ﬁne
1488 2220 1589 2277 hoc
1619 2223 1776 2277 modo
1810 2240 1824 2278 :
1857 2242 1875 2275 ‹
1910 2223 2046 2290 Tua,

456 2303 653 2373 inquit,
676 2305 985 2369 Ilincmare,
1014 2307 1110 2361 cha
1124 2308 1256 2362 ritas
1281 2325 1401 2363 cum
1436 2311 1573 2365 hanc
1593 2312 1877 2381 epistolam
1908 2314 2051 2386 lege-

455 2396 546 2459 rit,
574 2411 697 2449 mox
748 2406 806 2450 ut
853 2397 1015 2451 etiam
1065 2398 1133 2451 ad
1183 2399 1319 2453 alios
1360 2402 1822 2473 archiepiscopus,
1851 2406 1946 2475 qni
1993 2405 2047 2459 in

456 2502 629 2558 regno
670 2488 762 2542 lilii
812 2489 982 2543 nosri
1032 2489 1217 2544 Karoli
1266 2490 1485 2561 gloriosi
1539 2494 1682 2565 regis
1719 2497 2046 2563 consistunt,

456 2577 765 2638 deferatur.
821 2595 1166 2649 summopere
1214 2598 1376 2652 agere
1435 2584 1688 2650 studeat,
1748 2596 1803 2640 et
1867 2596 1927 2641 ut
1982 2589 2050 2643 de

459 2670 546 2725 his
590 2672 786 2739 singuli
844 2673 897 2726 in
957 2674 1282 2729 dicecesibus
1340 2678 1574 2746 propriis
1622 2695 1726 2733 una
1776 2696 1897 2736 cum
1938 2681 2051 2737 sul-

456 2759 731 2831 I'raganeis
784 2762 897 2817 suis
957 2763 1008 2816 iu
1060 2763 1433 2836 cujuscunque
1485 2783 1653 2838 regno
1692 2770 1805 2824 sint
1848 2773 2052 2827 consti-

456 2852 594 2915 tuti,
650 2853 1038 2908 convenienter
1095 2864 1347 2921 tractare,
1387 2865 1442 2912 et
1493 2859 1649 2914 nobis
1681 2876 1800 2929 quze
1832 2878 2050 2933 repere-

455 2944 585 3008 rint,
625 2960 917 3015 suggerere
966 2956 1180 3013 curent,
1221 2962 1316 3002 eos
1364 2949 1533 3004 citare
1578 2952 1836 3022 negligat,
1875 2954 1945 3008 ita
1991 2965 2051 3010 ut

452 3052 640 3092 eorum
665 3042 905 3092 onmium
944 3055 1065 3108 qum
1086 3041 1371 3110 prmsentis
1399 3040 1643 3111 epistola:
1694 3054 1895 3100 nostra:
1939 3046 2048 3100 cir-

453 3131 776 3184 cumstantia
822 3131 1085 3196 continet,
1120 3140 1175 3185 tu
1223 3141 1277 3185 et
1306 3141 1558 3188 strenuus
1595 3145 1885 3191 exsecutor
1940 3136 2049 3194 illic

454 3220 694 3286 exislas,
751 3229 807 3275 et
838 3222 1104 3290 apnd‘uos
1130 3239 1295 3278 verax
1337 3233 1393 3278 et
1436 3225 1675 3294 prudens
1718 3227 2046 3297 scriptorum
2076 3196 2121 3258 ε

460 3319 673 3366 tuorum
700 3314 842 3367 serie
873 3314 1078 3369 relator
1116 3317 1432 3372 inveniaris.
1466 3338 1484 3371 ι
1545 3319 1717 3386 Quam
1765 3322 2047 3391 epistolam

457 3401 784 3458 Hincmarus
820 3406 1140 3476 suscipiens,
1169 3407 1222 3461 in
1251 3406 1569 3463 Corbanaco
1596 3407 1877 3481 (Corbeuyl
1904 3412 2051 3481 pala-

457 3492 538 3546 tio
558 3493 876 3548 consistenti
922 3496 1032 3566 regi
1064 3494 1262 3553 Karolo
1310 3513 1433 3552 cum
1481 3499 1730 3568 pluribus
1782 3501 2052 3572 episcopis

457 3582 667 3653 relegit,
693 3594 747 3639 et
768 3600 864 3655 per
886 3585 1020 3640 alios
1042 3587 1495 3657 archiepiscopos.
1529 3589 1670 3645 sicut
1707 3591 1759 3645 in
1793 3594 2050 3648 mandato

458 3684 781 3744 acceperat,
839 3676 1072 3747 dirigere
1112 3679 1337 3733 stmluit.
1394 3679 1643 3736 Nicotaus
1682 3698 1818 3752 papa
1871 3683 2054 3739 Ilibus

457 3766 707 3835 proxime
735 3769 1090 3836 praecedentis
1118 3770 1320 3825 mensis
1349 3771 1660 3827 Decembris
1681 3774 1814 3828 ohiit
1841 3775 1932 3846 (ml
1956 3793 2048 3830 an.

459 3856 548 3919 ll,
585 3854 719 3910 Lud.
752 3859 840 3927 ll),
896 3858 982 3913 cui
1023 3858 1297 3914 Adrianus
1339 3877 1472 3932 papa
1514 3861 1780 3919 electione
1825 3865 2050 3919 clerico-

458 3959 602 4011 rum,
656 3957 711 4001 et
746 3962 1010 4004 consensu
1058 3949 1313 4006 Ludovici
1347 3952 1687 4022 imperatoris
1720 3955 1771 4008 in
1827 3955 2050 4024 poutiﬁ-g

458 4043 582 4090 catu
609 4038 909 4104 successit;
951 4053 1111 4108 quem
1138 4040 1403 4095 Actardus
1427 4043 1651 4096 ltomam
1682 4044 1905 4098 veniens
1928 4061 2050 4100 cum

458 4141 623 4196 supra
645 4130 863 4199 scriptis
887 4131 1150 4201 epistolis,
1179 4132 1231 4186 in
1254 4134 1551 4202 apostolica
1595 4136 1724 4189 sede
1751 4134 1865 4205 jam
1905 4137 2052 4192 ordi«

462 4227 650 4275 natum
681 4220 908 4276 invenit.

1036 4333 1263 4390 CAPUT
1301 4334 1482 4391 XVIII.

824 4441 955 4496 Item
980 4444 1043 4498 de
1064 4445 1287 4513 pm)”an
1315 4464 1429 4507 reae
1464 4447 1681 4503 Kurolo.
1738 4510 1739 4513 η

2152 1933 2204 1987 in
2246 1934 2351 1989 hoc
2405 1949 2572 2003 regno
2629 1934 2854 2001 faceret,
2900 1945 2954 1991 et
2998 1935 3121 1991 laici
3178 1937 3498 1993 resisterent
3549 1939 3627 1993 illi
3684 1954 3752 1995 ne

2149 2029 2252 2084 hoc
2280 2028 2459 2083 facere
2489 2038 2691 2098 posset.
2715 2029 2833 2097 Qua
2857 2030 2922 2083 de
2949 2044 3007 2084 re
3034 2030 3387 2099 Eugilranno,
3439 2031 3681 2088 Gossino
3703 2042 3755 2089 et

2147 2118 2427 2174 Adelelmo
2473 2121 2763 2175 comitibus
2816 2122 3056 2191 scripsit,
3111 2138 3360 2192 quaerens
3405 2125 3476 2179 ab
3503 2124 3608 2185 eis,
3642 2125 3753 2182 imo

2148 2210 2433 2266 consilium
2474 2212 2608 2266 dans
2633 2252 2649 2278 ,
2706 2213 2833 2283 quid
2857 2228 3020 2283 super
3045 2216 3147 2269 hac
3177 2230 3237 2270 re
3265 2214 3407 2270 foret
3434 2216 3544 2272 illis
3579 2233 3749 2287 agen-

2149 2302 2298 2358 dum.
2331 2305 2565 2360 Litteras
2595 2320 2809 2376 quoque
2830 2307 3231 2377 deprecatorias
3257 2308 3362 2380 regi
3388 2309 3502 2380 jam
3528 2326 3631 2380 pro
3652 2326 3751 2366 eoo

2151 2398 2273 2454 dem
2316 2398 2681 2454 Karlomanno
2709 2398 3007 2465 direxerat,
3038 2410 3095 2455 et
3122 2417 3219 2471 pro
3238 2417 3369 2472 pace
3397 2403 3543 2457 inter
3576 2404 3755 2473 ipsum

2151 2498 2206 2545 et
2242 2499 2451 2559 patrem
2505 2487 2622 2557 ejus
2667 2488 2985 2558 laborabat;
3049 2491 3215 2545 multa
3272 2501 3455 2547 tamen
3506 2494 3653 2548 mala
3703 2503 3756 2551 et

2152 2579 2581 2652 depra‘dationes
2611 2581 2679 2636 ab
2700 2581 2836 2651 ipso,
2864 2581 3095 2653 ejusque
3123 2584 3481 2653 complicibus
3503 2587 3754 2657 patieba-

2152 2682 2262 2728 tur.
2297 2671 2580 2727 Accedens
2629 2681 2811 2726 autem
2857 2688 2980 2726 eum
3024 2673 3145 2729 aliis
3186 2673 3435 2729 ﬁdelibus
3482 2677 3631 2747 regis
3688 2676 3754 2731 ad

2154 2761 2323 2831 ipsius
2349 2762 2698 2817 Karlomanni
2736 2762 3089 2833 colloquium,
3131 2765 3351 2821 obsides
3401 2765 3451 2821 ei
3492 2766 3674 2830 dedit,
3701 2774 3755 2821 et

2153 2854 2354 2924 accepit
2386 2853 2454 2908 ab
2495 2854 2631 2924 ipso,
2671 2862 2727 2907 ut
2751 2870 2852 2924 pax
2887 2855 3039 2909 ﬁeret
3062 2855 3115 2909 in
3156 2869 3347 2927 regno,
3397 2865 3452 2912 et
3499 2857 3754 2912 homines

2154 2943 2324 3013 ipsius
2347 2942 2698 2998 Karlomanni
2730 2943 2955 3013 paciﬁce
2977 2945 3029 2999 in
3069 2960 3238 3017 regno
3267 2946 3661 3001 consisterent.
3690 2945 3755 3001 Et

2155 3037 2297 3093 idem
2344 3036 2739 3091 Karlomannus
2787 3038 2841 3092 in
2899 3037 3041 3093 villis
3096 3039 3272 3094 sancti
3323 3038 3568 3094 Medardi
3628 3055 3749 3095 cum

2153 3130 2340 3200 paucis
2368 3129 2591 3199 paciﬁce
2620 3138 2883 3193 maneret,
2909 3128 3081 3185 donec
3104 3130 3254 3186 missi
3281 3131 3424 3201 regis
3474 3132 3751 3198 venirent,

2153 3227 2208 3273 et
2229 3217 2628 3272 Karlomannus
2652 3233 2779 3273 cum
2806 3218 3052 3274 ﬁdelibus
3081 3220 3224 3291 regis
3248 3222 3313 3274 ad
3342 3231 3563 3291 patrem
3590 3239 3749 3278 suum

2152 3317 2423 3379 pergeret,
2465 3316 2522 3362 et
2556 3307 2811 3378 placitum
2855 3324 3066 3363 eumeo
3109 3308 3329 3371 faceret,
3361 3311 3445 3365 vel
3474 3326 3650 3366 sanus
3686 3312 3752 3366 ad

2153 3413 2283 3453 suos
2312 3398 2530 3451 rediret.
2563 3396 2841 3466 Susceptis
2868 3408 3046 3451 autem
3092 3399 3270 3454 missis
3298 3401 3462 3467 regis,
3512 3402 3638 3455 misi
3670 3402 3754 3455 lit-

2154 3494 2301 3542 teras
2349 3487 2417 3541 ad
2469 3485 2894 3541 Karlomaunum
2921 3528 2936 3551 ,
3002 3496 3062 3542 ut
3101 3489 3309 3543 veniret
3337 3489 3455 3557 ejus
3496 3491 3565 3544 ad
3590 3491 3755 3546 collo.

2153 3578 2362 3647 quium,
2417 3578 2700 3631 auditurus
2729 3577 2799 3631 ibi
2826 3578 2955 3647 quid
2982 3594 3075 3632 rex
3103 3580 3385 3634 mandaret
3410 3598 3425 3634 :
3463 3581 3558 3635 ubi
3580 3582 3749 3636 etiam

2156 3667 2341 3722 ﬁdeles
2392 3667 2535 3736 regis
2578 3667 2916 3732 convocavit,
2974 3676 3031 3720 ut
3061 3669 3132 3723 ibi
3162 3669 3306 3738 quod
3335 3685 3432 3724 rex
3456 3670 3750 3725 mandaret

2155 3758 2222 3813 de
2250 3773 2381 3828 pace
2420 3759 2663 3814 stabilire
2686 3767 2928 3829 possent,
2957 3775 3226 3830 agereque
3260 3771 3564 3818 certarent.
3595 3764 3750 3830 Quod

2155 3858 2209 3904 et
2237 3857 2365 3903 tunc
2399 3848 2614 3917 quidem
2650 3848 2850 3904 factum
2879 3861 2987 3904 est.
3018 3850 3125 3905 Sed
3158 3866 3251 3905 rex
3275 3852 3532 3907 eumdem
3581 3854 3749 3908 lilium

2154 3956 2310 3995 suum
2347 3956 2467 3994 eum
2510 3941 2624 3994 suis
2654 3952 2841 4010 postea
2871 3942 3336 3995 excommunieari
3368 3941 3499 3997 fecit
3526 3941 3599 3996 ab
3638 3944 3753 4013 epi-

2155 4030 2334 4100 scopis
2366 4030 2528 4084 totius
2568 4030 2752 4100 regni,
2808 4045 2906 4099 pro
2941 4030 3099 4085 malis
3130 4045 3252 4099 qua:
3294 4030 3617 4100 relinquere
3654 4047 3750 4089 κιο·

2156 4122 2321 4183 lebat,
2352 4121 2574 4188 insuper
2587 4128 2642 4172 et
2663 4121 3113 4190 comprehensum
3143 4120 3316 4175 oculis
3337 4120 3545 4190 privari
3564 4122 3749 4192 jussit.

2157 4210 2365 4264 Damno
2400 4223 2525 4263 vero
2555 4207 2849 4263 lliucmaro
2872 4224 2968 4263 rex
3000 4210 3141 4264 idem
3176 4224 3282 4264 non
3338 4210 3519 4264 solum
3567 4211 3637 4266 de
3669 4227 3753 4267 re-

2158 4300 2258 4356 bus
2309 4298 2708 4364 ecclesiasticis,
2758 4300 2855 4354 sed
2883 4310 2939 4354 et
2971 4300 3036 4354 de
3066 4300 3262 4371 populo
3292 4302 3344 4355 in
3374 4301 3592 4358 hostem
3622 4319 3748 4360 cou-

2158 4390 2420 4454 vocando,
2472 4398 2529 4444 ut
2560 4391 2674 4460 ipse
2704 4392 2805 4445 hoe
2852 4401 3058 4461 ageret,
3109 4393 3368 4466 mandare
3390 4394 3653 4448 solebat:
3694 4404 3747 4449 et

2161 4478 2275 4550 ipse
2308 4491 2529 4549 accepto
2557 4481 2698 4551 regis
2728 4482 2980 4535 mandato
3011 4492 3118 4536 tam
3151 4483 3442 4554 episcopos
3471 4501 3641 4554 quam
3665 4500 3751 4541 co-

539 4577 769 4648 Seripsit
811 4590 1254 4648 prmmemoratus
1312 4581 1545 4637 domnus
1605 4582 1929 4640 Hincmarus
1982 4586 2049 4640 ad

2156 4573 2320 4627 mites
2342 4588 2642 4627 convocare
2666 4571 2859 4626 solitus
2888 4581 3027 4627 erat.

464 4671 712 4724 eumdem
739 4685 915 4741 regem
941 4670 1197 4726 Karolum
1231 4672 1488 4740 libellum,
1513 4688 1580 4728 ex
1611 4676 1781 4729 sacris
1806 4675 2052 4744 Scriptu—

463 4761 542 4816 ris
585 4771 639 4815 et
695 4762 1085 4817 catholicorum
1139 4765 1299 4818 dictis
1332 4766 1658 4831 collectum,
1705 4783 1769 4822 ac
1820 4767 2050 4823 triformi

465 4848 765 4919 digestione
790 4853 1125 4913 distinctum,
1171 4855 1380 4909 scilicet
1423 4857 1488 4912 de
1537 4872 1769 4926 persona
1814 4861 1956 4927 regis
1997 4868 2054 4913 et

468 4941 618 5010 regio
649 4943 948 4998 ministerio
989 4945 1042 4998 in
1071 4960 1234 4998 causa
1268 4947 1594 5015 reipublicae,
1628 4958 1682 5002 et
1702 4964 1823 5019 quae
1853 4951 2052 5004 debeat

468 5047 591 5089 esse
613 5032 870 5088 discretio
914 5036 965 5088 iu
1015 5036 1412 5102 misericordia,
1467 5047 1521 5091 et
1557 5041 1625 5093 de
1665 5041 1869 5095 ultione
1928 5055 2055 5110 Spe-

467 5121 683 5178 cialinm
714 5138 1083 5191 personarum,
1116 5138 1274 5192 quem
1311 5126 1577 5182 conclusit
1606 5128 1658 5182 in
1690 5131 1940 5199 capitulis
1962 5129 2051 5183 55.

473 5216 677 5273 Scribit
737 5219 902 5273 etiam
951 5220 1016 5272 ad
1077 5221 1355 5289 praefatum
1416 5237 1598 5292 regem
1643 5224 2053 5279 instructionem

471 5310 810 5346 Ιιίῖίῖεοῖημὶηι
843 5312 883 5346 [ὅ
928 5310 960 5346 ’7
1014 5312 1142 5346 nnis!
1196 5312 1317 5346 IQRI
1407 5314 1474 5346 ΑΔ
1499 5315 1752 5346 navari-lic
1777 5313 1920 5346 ‘?;I::o
2002 5322 2055 5346 Al

2226 4665 2303 4719 De
2332 4666 2433 4719 hoc
2474 4679 2599 4735 rege
2636 4663 2834 4719 Karolo
2887 4666 2938 4717 in
2978 4664 3186 4719 visione
3215 4665 3470 4720 Bernoldi
3518 4667 3747 4723 redivivi

2158 4757 2246 4829 (de
2294 4772 2400 4828 qua
2458 4755 2705 4827 superius
2755 4754 2831 4828 [c.
2864 4755 2920 4827 '5]
2971 4755 3151 4825 aliqua
3207 4756 3321 4825 jam
3376 4761 3745 4827 narravimus)

2159 4849 2281 4902 talia
2326 4846 2634 4902 referuntur
2665 4846 2819 4899 'visa.
2857 4843 3095 4900 Venit'in
3134 4848 3425 4915 quemdam
3457 4847 3642 4903 locum
3674 4858 3746 4902 te-

2157 4940 2471 4998 nebrosum,
2504 4937 2569 4989 ad
2600 4950 2760 5004 quem
2794 4950 2859 4989 ex
2889 4934 2994 4989 alia
3026 4947 3179 5002 parte
3225 4934 3317 4988 lux
3361 4935 3746 5005 resplendebat

2158 5029 2224 5083 de
2250 5029 2426 5083 vicino
2457 5027 2574 5082 loco
2601 5028 2734 5082 satis
2757 5026 3112 5090 lucidissime,
3141 5035 3195 5081 et
3228 5026 3601 5096 pulcherrime
3652 5026 3748 5083 ﬂo-

2159 5120 2279 5175 rido
2308 5135 2369 5175 ae
2396 5118 2688 5181 odorifero,
2733 5119 2914 5188 ibique
2961 5116 3142 5187 jacere
3196 5120 3330 5173 Vldll
3373 5120 3521 5174 hunc
3564 5136 3743 5193 regem

2158 5212 2412 5269 Karolum
2436 5212 2488 5265 in
2518 5211 2629 5264 luto
2658 5224 2723 5264 ex
2754 5210 2904 5264 sanie
2932 5209 3101 5278 ipsius
3129 5210 3456 5279 putrediuis,
3483 5219 3539 5265 et
3565 5228 3596 5264 ει
3630 5226 3748 5265 ver-

2160 5305 2339 5346 milms
2372 5302 2476 5346 mli-
2519 5302 2610 5346 nni
2636 5316 2853 5346 carnem
2879 5302 3047 5346 insitis
3080 5317 3296 5346 omnem
3327 5300 3433 5346 iam
3472 5318 3613 5346 unum
3657 5318 3745 5346 as.
