3904 5396
165 338 270 398 195

746 339 1092 396 HISTORIA!
1131 335 1484 394 ECCLESIAZ
1527 335 1875 393 RESIENSIS
1913 335 2092 390 LIBRI
2128 331 2484 402 QUATUOR.
2530 367 2596 374 —
2634 335 2760 390 LIB.
2799 335 2883 390 III.

3341 335 3444 396 194

165 474 310 532 pone
349 459 500 514 illam
551 458 651 512 sub
691 456 866 526 capite
917 470 1056 510 meo.
1121 452 1238 520 Quo
1289 451 1451 514 facto,
1499 449 1635 505 dixit
1687 449 1753 502 ad
1784 453 1830 510 Α
1857 462 2054 502 vocare
2076 448 2348 518 gestiens;
2388 449 2533 511 item,
2561 448 2920 504 demissatico
2959 465 3078 517 suo,
3113 454 3254 522 quod
3287 470 3443 511 mse-

165 553 425 607 eumdem
457 569 468 604 :
517 549 659 603 Vade
691 549 756 602 ad
794 547 1142 602 IIincmarum
1173 545 1506 614 episcopum,
1559 551 1616 596 et
1671 542 1756 596 dic

167 645 241 708 ei,
274 646 406 715 quia
439 644 586 698 illius
618 651 668 695 et
697 641 923 694 aliorum
978 639 1136 692 ﬁdetu
1164 651 1405 690 meorum
1457 636 1593 688 b0ua
1627 651 1754 688 eon-

165 737 283 791 silia
331 751 441 788 non
491 732 763 795 obaudivi,
808 730 928 783 ideo
974 730 1072 782 ista
1107 744 1226 796 qua:
1255 728 1401 780 vides
1451 744 1549 796 pro
1580 725 1754 794 culpis

163 829 302 884 meis
344 828 615 888 sustineo,
658 835 711 877 et
739 823 823 876 die
856 823 928 876 illi
968 821 1090 889 quia
1122 835 1336 888 semper
1392 820 1442 872 in
1477 821 1567 873 illo
1615 819 1752 870 fidit-

163 919 302 973 ciam
353 917 546 979 habui,
579 926 634 967 ut
661 930 742 967 me
778 914 1014 982 adjuvet,
1055 923 1322 981 quatenus
1350 911 1415 965 de
1463 912 1562 964 ista
1595 926 1752 979 paena

157 1011 263 1066 sim
297 1010 589 1069 liberatus,
612 1016 660 1060 et
690 1021 780 1075 per
809 1021 1000 1059 omnes
1024 1004 1114 1072 qui
1144 1003 1270 1057 mihi
1299 1002 1514 1056 fuerunt
1545 1003 1750 1066 ﬁdeles,

158 1119 222 1157 ex
254 1118 376 1155 mea
409 1110 565 1169 parte
597 1097 823 1168 postulet
849 1105 906 1150 ut
939 1112 1023 1150 me
1064 1094 1321 1164 adjuvent
1349 1112 1364 1161 ;
1398 1095 1522 1164 quia
1557 1096 1599 1148 si
1627 1096 1751 1148 inde

158 1203 443 1247 certamen
473 1191 778 1253 habuerint,
809 1191 916 1243 cito
941 1188 1008 1242 de
1036 1189 1136 1242 ista
1167 1205 1327 1258 paena
1351 1205 1445 1242 ero
1467 1189 1748 1242 liberatus.

156 1283 412 1352 Cumque
457 1283 848 1352 interrogasset
894 1297 1040 1343 eum,
1091 1281 1212 1349 quis
1249 1279 1398 1334 locus
1420 1290 1561 1336 esset
1612 1279 1752 1335 unde

155 1375 242 1428 illa
294 1390 392 1428 tux
448 1373 848 1442 resplendebat,
884 1373 1089 1426 audivit
1137 1383 1452 1426 sanctorum
1508 1389 1631 1427 esse
1669 1389 1750 1426 re-

153 1469 336 1538 quiem
371 1485 386 1531 ;
432 1477 766 1534 conatusque
812 1467 1032 1536 prepius
1062 1467 1344 1530 accedere,
1378 1467 1511 1520 vidit
1544 1477 1749 1520 tantam

154 1560 494 1622 claritatem,
561 1559 837 1628 sensitque
863 1560 1206 1621 suavitatem,
1243 1569 1558 1627 tantumque
1588 1559 1750 1612 deco-

152 1666 266 1704 rem
295 1650 368 1722 [j,
421 1647 722 1719 duleorem]
751 1657 1009 1717 quantum
1044 1651 1272 1702 humana
1306 1664 1410 1702 non
1441 1658 1613 1719 potest
1639 1649 1751 1703 edi-

157 1757 280 1794 cere
301 1742 514 1810 lingua.
552 1739 801 1810 V'iditqne
829 1741 959 1794 inibi
1013 1741 1413 1794 multitudinem
1470 1741 1744 1794 hominum

1861 547 2018 591 cutus
2051 546 2134 590 est
2159 538 2297 605 apud
2327 535 2643 590 Lotbarium
2677 538 3081 605 imperatorem,
3129 551 3185 596 et
3215 541 3449 599 Ludovi-

1859 645 1980 684 cum
2020 627 2556 690 Transrlienensem,
2614 630 2813 686 fratres
2858 634 3025 703 ipsius
3073 636 3288 702 Karoli,
3347 655 3445 708 pro

1856 732 2014 790 pacto
2043 722 2191 790 pacis
2222 723 2363 776 inter
2389 724 2606 777 eosdem
2635 733 2744 779 tres
2782 726 2980 782 fratres
3019 734 3396 799 componendo
3424 751 3440 799 ;

1857 814 1982 866 item
2026 815 2182 867 aliam
2228 815 2506 885 epistolam
2554 815 2621 870 de
2647 816 2835 872 eadem
2869 835 2948 882 re,
2984 821 3034 874 in
3063 838 3165 891 qna
3190 842 3312 878 eum
3340 829 3438 880 lem

1856 920 2036 975 regem
2068 905 2320 959 Karolum
2345 907 2619 969 instruxit,
2645 911 2877 977 qualiter
2899 928 3059 981 agere
3097 933 3222 985 erga
3250 918 3444 974 fratres

1854 1016 1982 1054 suos
1996 1001 2236 1064 deberet,
2256 1001 2524 1071 simulque
2548 1004 2612 1057 de
2638 1007 2941 1072 receptione
2960 1008 3037 1060 vel
3057 1007 3344 1074 rejectione
3360 1029 3444 1064 co-

1855 1109 1995 1156 rum,
2021 1095 2086 1148 de
2108 1095 2304 1164 quibus
2328 1098 2467 1149 ratio
2491 1098 2880 1163 ventilabatnr;
2914 1100 3038 1154 item
3063 1102 3127 1155 de
3149 1118 3310 1155 causa
3343 1103 3442 1157 Lo-

1855 1187 2012 1239 tharii
2033 1187 2999 1260 imperatorisfratrisipsius,qua|iter
3021 1193 3448 1250 Ronnebabeba-

1854 1286 1958 1338 tur,
1977 1287 2029 1329 et
2051 1281 2264 1346 quando
2281 1289 2538 1333 venturus
2553 1290 2695 1334 esset
2712 1282 2763 1335 iu
2791 1283 2924 1336 istas
2948 1297 3146 1352 partes.
3173 1285 3448 1344 Instruens

1851 1370 2012 1423 etiam
2040 1373 2180 1424 hunc
2209 1389 2410 1442 regem,
2440 1375 2650 1442 qualem
2685 1390 2741 1428 se
2769 1385 2876 1428 tam
2930 1392 3110 1430 coram
3142 1379 3250 1432 Deo
3281 1396 3444 1450 quam

1853 1465 2018 1514 etiam
2075 1478 2261 1517 coram
2315 1465 2624 1521 hominibus
2681 1469 2940 1524 exhibere
2997 1472 3236 1526 deberet.
3290 1474 3444 1530 Unde

1855 1553 2100 1623 reginam
2147 1571 2364 1626 quoque
2409 1560 2682 1623 admouet,
2721 1571 2772 1613 ut
2816 1577 2993 1632 regem
3045 1565 3111 1618 ad
3161 1566 3443 1621 honestam

1854 1652 1908 1697 et
1938 1645 2045 1714 regi
2078 1662 2372 1715 congruam
2403 1649 2617 1704 studeat
2649 1651 2922 1705 exhortari
2952 1659 3440 1723 conversationem;

1852 1737 2020 1804 item,
2063 1739 2130 1793 de
2181 1741 2434 1794 militaris
2481 1743 2555 1796 rei
2611 1743 2995 1812 dispositione,
3039 1763 3137 1815 pro
3186 1749 3443 1805 solvenda

152 1831 348 1885 diversi
381 1831 595 1884 ordinis
628 1831 679 1884 in
734 1831 870 1884 albis
901 1831 1141 1885 vestibus
1205 1831 1590 1884 enllaetantium
1613 1871 1627 1894 ,
1691 1840 1746 1884 et
1781 1831 1820 1886 Β
1851 1830 2192 1886 Belvaeeusis
2224 1832 2373 1886 urbis
2404 1835 2711 1899 obsidione,
2747 1836 2796 1888 in
2826 1851 2930 1905 qua
2963 1838 3252 1908 designare
3289 1858 3444 1896 cura-

151 1924 401 1992 quanlam
432 1923 619 1976 sedilia
649 1921 850 1983 lucida,
897 1923 948 1976 in
974 1924 1170 1991 quibus
1202 1939 1361 1976 nemo
1391 1923 1566 1977 adlutc
1596 1923 1751 1976 sede-

155 2015 242 2068 bat
271 2029 468 2067 eorttm
495 2013 695 2082 quibus
721 2023 1020 2083 prmparata
1044 2022 1224 2067 erant.
1271 2013 1334 2066 Et
1365 2013 1416 2066 itt
1450 2013 1538 2066 illo
1561 2013 1751 2068 itinere

155 2105 438 2173 ingressus
490 2112 574 2158 est
614 2103 1230 2173 ecclesiamquamdam,
1259 2103 1438 2173 inqua
1489 2104 1752 2171 reperisse

153 2197 324 2249 visum
351 2196 457 2248 sibi
489 2207 574 2250 est
606 2195 954 2248 Ilincmarum
986 2196 1321 2265 episcopum,
1383 2206 1749 2265 praiparatnm

152 2302 269 2340 cum
312 2286 539 2340 clericis
581 2287 1171 2340 revestitisutmissam
1203 2286 1544 2352 celebraret;
1584 2287 1751 2340 dixit-

150 2395 253 2448 que
277 2379 351 2432 illi
377 2379 486 2433 hoc
509 2379 652 2448 quod
680 2377 914 2432 Karolus
961 2379 1078 2448 ejus
1124 2378 1497 2432 mandaverat.
1553 2379 1748 2432 Statim

151 2485 437 2540 regressus
484 2471 553 2523 ad
589 2469 765 2524 locum
813 2469 902 2522 ubi
947 2470 1198 2524 eumdem
1245 2485 1424 2540 regem
1467 2467 1742 2538 jaccutem

152 2568 381 2632 viderat,
410 2566 621 2621 invenit
644 2582 768 2620 eum
821 2566 874 2620 in
912 2565 1029 2620 loco
1057 2564 1232 2620 lucido
1254 2580 1447 2618 sanum
1497 2579 1745 2634 corpore,

150 2669 203 2714 et
259 2660 514 2714 indutum
566 2658 732 2727 regiis
784 2658 1060 2721 vestibus,
1113 2657 1361 2726 dixitque
1418 2656 1541 2710 illi:
1588 2657 1748 2711 Vides

154 2751 426 2820 quomodo
473 2767 561 2804 me
614 2748 825 2818 adjuvit
882 2759 1004 2803 tuus
1054 2747 1402 2802 missaticus?
1441 2756 1496 2800 et
1526 2757 1744 2800 cmtera.

153 2843 322 2910 Quam
350 2843 621 2897 visionem
655 2841 889 2895 dmnuus
927 2840 1249 2894 llincmarus
1278 2838 1380 2893 sibi
1409 2839 1632 2895 relatam
1656 2839 1747 2894 dc-

149 2936 420 2999 scribens,
469 2942 523 2988 et
565 2947 661 3001 per
712 2931 828 2986 loca
880 2932 969 2985 ubi
1006 2946 1230 2985 necesse
1265 2931 1440 2983 visum
1469 2939 1553 2983 est
1585 2945 1746 2999 expo-

153 3042 304 3090 nens,
333 3026 402 3079 ad
431 3025 724 3079 multorum
760 3023 1008 3078 notitiam
1039 3023 1325 3092 pervenire
1354 3021 1502 3081 fecit,
1546 3030 1600 3074 et
1634 3032 1742 3074 tam

151 3132 240 3185 per
274 3131 337 3170 se
363 3131 529 3184 quam
580 3130 676 3184 per
701 3114 839 3168 alios
867 3115 1008 3182 regis
1039 3111 1210 3167 ﬁdelis
1240 3112 1342 3166 sibi
1371 3127 1584 3181 quoque
1611 3111 1742 3165 sub-

146 3208 332 3278 jectos,
368 3224 468 3278 pro
499 3208 665 3276 ipsius
693 3205 1032 3261 absolutione
1061 3205 1277 3270 animae,
1308 3214 1363 3258 et
1390 3203 1740 3274 adipiscenda
1771 3198 1816 3258 C

155 3302 356 3370 requie,
393 3301 483 3370 pie
513 3299 849 3368 ﬁdeliterque
879 3297 1163 3352 laboravit.

215 3392 364 3447 Idem
422 3406 552 3446 vero
601 3389 794 3461 praesul
841 3389 909 3444 de
939 3389 1122 3443 multis
1149 3387 1258 3458 regi
1287 3386 1612 3442 necessariis
1637 3402 1742 3441 sa:-

153 3484 373 3552 pissime
403 3482 752 3553 suggerebat.
807 3481 954 3536 Inter
984 3497 1104 3550 qum
1135 3480 1323 3535 scribit
1363 3481 1428 3533 ad
1468 3495 1592 3534 eum
1648 3494 1745 3548 pro

153 3577 411 3631 electione
449 3574 796 3629 Belvacensis
829 3574 1087 3644 episcopi,
1117 3582 1238 3642 post
1293 3574 1500 3627 obitum
1562 3573 1744 3628 Ililde-

155 3669 328 3721 manni
360 3666 610 3738 praesulis
638 3665 806 3736 ipsius
848 3665 1016 3719 urbis.
1061 3663 1117 3718 In
1158 3680 1262 3734 qua
1291 3663 1518 3732 epistola
1560 3678 1741 3734 regem

156 3764 329 3818 studet
364 3778 397 3816 a
454 3761 766 3817 Simoniaca
819 3761 1010 3816 bznresi
1059 3775 1425 3830 compescere,
1490 3774 1744 3815 asserens

158 3855 250 3910 sibi
276 3855 445 3909 multo
475 3854 761 3908 amabilius
787 3868 906 3908 esse
942 3854 1102 3907 istum
1133 3853 1502 3922 episcopatum
1548 3866 1741 3906 secun-

158 3948 277 4002 dum
324 3947 581 4002 smculum
623 3946 898 4000 dimittere
925 3986 939 4009 ,
1006 3961 1168 4016 quam
1205 3945 1517 4014 episcopum
1547 3952 1738 3998 contra

161 4041 465 4094 canonicam
500 4038 894 4092 institutionem
923 4053 1026 4090 non
1049 4046 1156 4090 tam
1190 4035 1533 4102 benedicere,
1575 4051 1737 4104 quam

161 4139 345 4185 aeterna
379 4145 566 4186 secum
614 4129 994 4182 maledictionc
1031 4126 1396 4192 maledicere;
1431 4126 1584 4191 item,
1640 4143 1741 4196 pro

163 4223 306 4289 cella,
353 4223 431 4278 vel
458 4223 791 4278 monasterio
827 4222 1098 4283 Flaviaeo,
1137 4223 1280 4292 quod
1310 4221 1454 4275 idem
1489 4237 1582 4276 rex
1615 4222 1738 4287 sibi,

165 4316 278 4370 dum
310 4318 359 4370 in
401 4316 570 4387 ipsius
595 4325 720 4369 ante
750 4315 1120 4383 episc0patum
1157 4323 1462 4368 moraretur
1490 4313 1734 4378 servitio,

167 4406 458 4474 donaverat,
488 4416 542 4463 et
575 4417 632 4460 ut
665 4407 717 4460 in
759 4407 866 4459 vita
910 4420 1005 4460 sua
1038 4404 1165 4457 illud
1196 4414 1424 4468 teneret,
1466 4414 1738 4474 prtrcepto

169 4501 586 4563 eonﬁrmaverat,
619 4499 871 4568 quodque
901 4511 930 4549 a
962 4497 1196 4566 quodam
1245 4497 1495 4550 invasorc
1525 4497 1737 4551 destru-

169 4603 295 4646 ctum
331 4601 687 4654 restruxerat,
724 4599 780 4645 ct
810 4588 1143 4658 religionem,
1176 4598 1334 4656 prout
1357 4588 1548 4653 valuit,
1582 4589 1633 4642 in
1667 4603 1732 4643 eo
1767 4561 1814 4619 θ

171 4696 561 4748 restauraverat,
618 4683 764 4754 quod
798 4692 980 4751 postea
1010 4697 1103 4735 rex
1147 4681 1287 4735 idem
1324 4680 1623 4734 conabatur
1651 4681 1730 4734 in-

167 4772 290 4842 juste
317 4792 344 4829 a
375 4777 496 4847 jure
534 4775 704 4846 ipsius
734 4771 989 4836 auferre;
1048 4771 1198 4836 item,
1237 4785 1333 4839 pro
1379 4770 1610 4839 quodam
1642 4786 1731 4825 re-

171 4863 292 4935 fuga,
317 4869 402 4938 qui
425 4867 714 4938 quamdam
740 4861 1208 4918 sanctimonialem
1237 4861 1343 4916 sibi
1365 4861 1730 4932 copulaverat,

174 4970 433 5029 suggerens
475 4959 607 5027 regi,
642 4965 705 5010 ut
735 4971 860 5008 eum
889 4953 1269 5024 comprehendi
1319 4953 1542 5020 faceret,
1570 4965 1732 5025 atque

173 5065 251 5102 sua
294 5051 430 5120 regia
461 5057 729 5121 potestate
768 5055 1046 5116 separaret
1084 5045 1152 5097 ab
1181 5047 1280 5100 hoc
1305 5046 1558 5112 crimine,
1600 5049 1725 5118 quia

176 5139 268 5208 ipse
284 5151 548 5212 stuprator
585 5138 886 5211 episcopali
920 5137 1126 5207 judicio
1178 5148 1431 5192 rennerat
1466 5139 1727 5206 obedire;

671 5230 910 5252 neu--.”
944 5227 1044 5252 τη--
1135 5225 1418 5252 ῐ)...1.,....ιε·1
1475 5230 1704 5252 --:---._:

1855 1923 1954 1989 vit,
1993 1924 2225 1993 qualiter
2263 1925 2562 1980 Ecelesiam
2610 1927 2710 1981 sibi
2765 1931 3109 1984 commissam
3161 1940 3440 2000 tractaret,

1857 2010 2257 2067 ecclesiasticas
2305 2013 2514 2068 scilicet
2565 2015 2807 2071 actiones
2849 2034 2944 2086 per
2993 2023 3442 2078 monasteriorum

1855 2105 2192 2174 prmpositos,
2223 2113 2288 2172 et,
2318 2106 2841 2177 archipresbyteros,
2875 2125 3062 2165 curam
3095 2113 3343 2168 villarum
3379 2129 3446 2170 ac

1855 2201 2226 2271 dispositionis
2282 2203 2513 2270 domus,
2568 2206 2940 2276 regaliumque
2991 2210 3338 2264 servitiorum
3389 2220 3446 2266 et

1855 2295 2149 2364 hOSpitum,
2181 2296 2537 2366 querelasque
2583 2298 2932 2354 clamantium
2959 2301 3040 2355 vel
3086 2303 3438 2374 interpellan-

1857 2386 2013 2449 tium,
2050 2403 2146 2456 per
2194 2387 2536 2444 ﬁdelissimos
2591 2391 2788 2457 laicos;
2841 2393 2991 2458 item,
3022 2395 3088 2448 de
3141 2396 3334 2450 itinere
3372 2397 3441 2452 ad

1856 2481 2194 2550 superiorem
2231 2481 2542 2548 Franciam,
2575 2485 2808 2553 qualiter
2844 2486 3184 2556 disponatur,
3216 2497 3270 2542 et
3308 2505 3444 2559 quo-

1854 2572 2015 2626 modo
2045 2588 2271 2641 regnum
2314 2573 2454 2627 istud
2485 2574 2791 2629 ordinatum
2824 2576 3160 2642 dimittatur;
3197 2579 3343 2644 item,
3376 2580 3444 2636 do

1853 2664 2058 2734 synodo
2087 2679 2251 2731 quam
2283 2665 2630 2734 praecipiebat
2670 2681 2759 2720 rex
2801 2669 3086 2721 convocari
3117 2668 3253 2723 infra
3286 2686 3444 2740 paro-

1851 2753 2033 2806 chiam
2068 2753 2409 2817 liemensem,
2442 2755 2734 2809 Ostendens
2769 2757 2964 2824 quibus
2991 2773 3056 2812 ex
3086 2761 3266 2814 causis
3308 2776 3439 2814 con-

1852 2844 2031 2897 vocari
2062 2844 2258 2898 debeat
2290 2846 2547 2917 synodus,
2578 2857 2630 2900 ιι
2679 2847 2743 2901 de
2785 2848 2906 2902 aliis
2937 2850 3258 2917 quibusdam
3290 2852 3438 2905 utili-

1850 2934 1950 2988 bus
1981 2934 2171 2999 rebus;
2201 2935 2329 2988 item
2356 2937 2421 2990 de
2453 2952 2619 2990 causa
2650 2937 2885 2992 Ililduini
2917 2940 3130 2994 abbatis
3161 2941 3438 3008 defuncti;

1852 3026 2004 3089 item,
2045 3026 2112 3080 de
2159 3043 2320 3081 causa
2366 3027 2597 3084 Gerardi
2653 3031 2904 3096 comitis;
2963 3032 3116 3092 item.
3157 3034 3224 3088 de
3274 3051 3438 3091 causa

1849 3119 2110 3176 Ludovici
2164 3123 2304 3191 regis
2351 3121 2658 3180 Germania:
2709 3124 2896 3181 fratris
2939 3129 3177 3194 ejusdem
3219 3129 3437 3193 Karoli;

1851 3213 2003 3277 item,
2039 3213 2105 3266 de
2135 3229 2299 3267 causa
2335 3213 2576 3269 Lotbarii
2620 3217 2762 3285 regis
2797 3216 2982 3279 Italiae,
3027 3220 3236 3288 nepotis
3273 3221 3440 3289 ipsius

1850 3303 2071 3369 Karoli;
2108 3305 2256 3368 item,
2287 3306 2353 3360 de
2383 3321 2547 3375 opera
2587 3309 2791 3377 pontis,
2815 3326 2974 3378 quem
3019 3306 3109 3364 rev
3155 3327 3276 3366 cum
3325 3313 3440 3382 ipso

1849 3409 1913 3447 ac
1943 3395 2160 3449 eteteris
2192 3397 2467 3451 nonnullis
2499 3398 2744 3454 lidelibus
2774 3400 2886 3454 suis
2913 3399 3147 3456 faciebat
3168 3405 3233 3456 ad
3264 3403 3438 3460 I‘islas

1847 3482 1902 3537 itt
1945 3484 2227 3554 Sequana;
2272 3488 2424 3553 item,
2462 3489 2529 3542 de
2565 3505 2724 3544 causa
2765 3490 3040 3546 Ilincutari
3087 3496 3296 3563 nepotis
3331 3497 3434 3561 sui,

1849 3579 2051 3632 montis
2093 3578 2338 3634 Lauduni
2390 3582 2650 3651 episcopi,
2693 3582 2874 3652 plures
2922 3585 3111 3640 scribit
3157 3587 3434 3655 epistolas,

1849 3684 1951 3738 pro
1991 3684 2098 3739 quo
2144 3670 2372 3725 multant
2413 3674 2553 3740 apttd
2598 3675 2846 3729 eumdem
2897 3691 3078 3746 regem
3133 3677 3432 3746 laboravit;

1847 3761 2003 3825 item,
2041 3761 2107 3814 de
2148 3762 2462 3817 inﬁrmitate
2508 3779 2626 3826 sua,
2663 3776 2719 3820 et
2766 3766 2831 3820 de
2871 3768 3173 3837 peregrinis
3213 3771 3438 3838 quibus-

1845 3851 1970 3904 dam
2004 3852 2288 3906 monachis
2326 3854 2719 3922 suscipiendis;
2762 3855 2912 3920 item,
2943 3858 3008 3912 de
3059 3860 3223 3913 rebus
3261 3863 3433 3917 sancti

1846 3941 2078 4013 Remigii
2116 3944 2236 3997 sitis
2273 3943 2325 3996 in
2364 3946 2640 4014 provincia
2681 3947 2992 4013 Viennensi,
3023 3951 3108 4004 vel
3156 3954 3430 4021 Aquensi;

1845 4032 2008 4098 item,
2065 4033 2131 4088 de
2175 4035 2611 4092 ordinationibus
2657 4041 3016 4107 quorumdam
3053 4045 3431 4114 episcoporum

1843 4133 1897 4177 et
1925 4123 2306 4178 nonnullarum
2350 4126 2735 4194 ecclesiarum;
2769 4129 2918 4193 item,
2944 4132 3010 4186 de
3040 4133 3231 4189 itinere
3260 4137 3430 4206 ipsius

1844 4214 1986 4284 regis
2016 4215 2081 4268 ad
2116 4214 2322 4270 Italiam
2355 4228 2478 4287 post
2508 4230 2736 4274 mortem
2781 4223 2994 4292 nepotis
3031 4225 3150 4294 ejus
3198 4226 3432 4297 impera-

1844 4307 1979 4361 tovis
2029 4306 2317 4368 Ludovici.
2372 4312 2644 4379 quomodo
2701 4312 2806 4366 iter
2863 4313 2990 4370 illud
3039 4317 3322 4387 disponat,
3376 4329 3432 4376 et

1842 4399 2113 4469 quomodo
2162 4415 2386 4470 regnum
2430 4401 2573 4455 istud
2623 4403 2932 4458 ordinatmn
2973 4407 3239 4475 dimittat;
3277 4409 3426 4477 item,

1842 4490 1908 4543 de
1933 4491 2322 4558 quaestionibus
2351 4491 2630 4560 cujusdam
2660 4493 3000 4562 Mancionis;
3032 4498 3182 4564 item,
3209 4500 3274 4555 de
3304 4500 3426 4555 villa

1843 4581 2136 4648 Noviliaco,
2169 4592 2226 4638 et
2260 4585 2423 4640 rebus
2468 4587 2536 4639 ad
2587 4587 2757 4655 ipsam
2803 4590 3234 4656 pertinentibus;
3274 4593 3424 4658 item,

1844 4691 1941 4745 pro
1969 4676 2168 4730 litteris
2197 4676 2451 4731 Ludovici
2483 4679 2624 4748 regis
2650 4679 2836 4733 fratris
2870 4681 3036 4750 ipsius
3062 4682 3263 4745 Karoli,
3291 4697 3426 4752 quas

1842 4769 1915 4822 illi
1967 4784 2066 4838 pro
2105 4768 2342 4833 visione,
2381 4784 2488 4837 qua
2535 4778 2690 4839 pater
2729 4786 2860 4824 suus
2907 4772 3009 4826 sibi
3051 4776 3330 4843 apparuit,
3374 4788 3425 4827 et

1845 4859 2086 4924 miserat,
2117 4875 2347 4929 quarum
2375 4860 2651 4932 exemplar
2679 4863 2985 4918 transmisit
3009 4865 3183 4920 eidem
3208 4863 3426 4928 Karolo,

1844 4967 1965 5006 cum
1996 4951 2293 5020 exemplari
2327 4951 2592 5022 epistulte,
2625 4951 2788 5025 qualn
2821 4970 2922 5022 pro
2957 4957 3058 5011 bac
3096 4971 3153 5010 re
3193 4957 3293 5026 ipsi
3326 4955 3430 5010 Lu-

1839 5045 2031 5100 dovico
2077 5046 2388 5109 direxerat;
2451 5047 2620 5115 item,
2670 5062 2769 5118 pro
2818 5061 2989 5103 causa
3032 5047 3280 5102 Waltarii
3338 5047 3435 5099 de—

1841 5134 2043 5201 functi,
2084 5136 2187 5190 viri
2236 5135 2564 5205 clarissimi,
2604 5150 2660 5195 et
2703 5141 2770 5195 de
2812 5139 3055 5212 imagine
3099 5135 3426 5198 Salvatoris;

2041 5243 2136 5250 ..μοι
2183 5243 2335 5250 -»ρ.---..
2390 5225 2403 5250 1
2437 5246 2480 5250 ..λ
2528 5233 2540 5248 I
2725 5232 2735 5242 θ
2801 5245 2826 5247 νκ
2959 5242 2970 5248 -
3055 5245 3076 5247 η
3100 5229 3129 5246 1⁸
3178 5242 3234 5246 -..
3262 5227 3306 5246 Ι-
3354 5223 3426 5246 Αἶα
