3904 5396
463 327 563 384 165

1503 326 1891 390 ιπιοοοςκιιυι
1931 327 2249 390 (IAKONlCl
2285 324 2631 387 REMENSIS

3639 316 3734 374 196

461 447 590 503 item
614 489 628 512 ,
666 446 733 502 de
772 446 910 501 villis
952 447 1124 501 sancti
1164 447 1391 519 ltemigii
1440 451 1492 505 in
1528 450 1772 521 Vosago,
1813 449 2048 521 qualiter
2074 454 2123 511 Α
2150 447 2467 517 petitionem
2509 443 2676 515 ipsius
2702 444 2868 515 regis,
2911 443 2979 499 de
3000 439 3320 513 quibusdam
3347 435 3735 510 quiestionibus

464 553 635 607 usque
684 538 752 591 ad
806 536 859 591 id
916 539 1176 607 temporis
1235 540 1343 593 sint
1403 541 1619 596 habitae.
1671 543 1773 596 l’ro
1819 543 2050 597 diversis

462 645 678 701 quoque
717 631 879 686 rebus
917 630 1038 687 aliis
1075 630 1321 688 diversas
1352 635 1419 689 ad
1448 635 1697 691 eumdem
1745 636 1894 690 dedit
1934 636 2049 706 epi-

462 723 649 780 stolas.

1054 816 1281 873 CAPUT
1319 816 1460 874 XIX.

608 909 741 977 Qua:
770 911 1031 967 Ludovico
1059 914 1292 983 ejusdem
1322 913 1508 969 Karoli
1534 914 1646 984 [ilio
1669 914 1901 984 scripsit.

536 1002 688 1067 Item,
721 1005 787 1059 ad
822 1004 1150 1060 Ludovicum
1197 1005 1421 1076 (Ludov.
1447 1006 1627 1078 Both.)
1662 1022 1842 1078 regem
1880 1006 2047 1062 lilium

465 1093 626 1163 hujus
676 1093 882 1159 Karoli,
913 1112 1071 1167 quem
1120 1106 1352 1153 unxerat
1394 1108 1450 1153 et
1495 1108 1930 1166 eonseeraVcrat,
1983 1102 2049 1155 de

463 1187 711 1256 conjecto
760 1187 1083 1245 Normaunis
1131 1190 1341 1257 dando;
1397 1192 1547 1259 item,
1595 1193 1661 1248 de
1701 1195 2051 1264 disponendis

467 1279 647 1350 regni.
681 1280 1038 1347 utilitatibus,
1100 1292 1157 1336 et
1207 1285 1549 1339 ordinatione
1607 1294 1771 1354 atque
1823 1286 2050 1342 censilio

463 1372 634 1440 patris
686 1371 1027 1442 imperatoris
1075 1375 1383 1443 sequendo;
1442 1376 1610 1443 item,
1663 1387 1783 1447 post
1840 1378 2048 1432 obitum

464 1462 706 1531 ejusdem
751 1464 1111 1534 imperatoris,
1148 1467 1215 1520 de
1250 1467 1564 1523 ordinandis
1602 1469 1749 1539 regni
1788 1471 1868 1525 sui
1901 1472 2052 1542 prin—

465 1555 641 1625 cipiis,
684 1570 989 1625 proponens
1036 1557 1086 1612 ci
1136 1559 1383 1629 exempla
1427 1562 1884 1630 jirmdeccssortlttt
1926 1578 2053 1617 suo-

466 1662 606 1710 rum,
637 1657 694 1701 et
738 1647 1010 1706 instruens
1051 1666 1174 1706 eum
1218 1667 1315 1721 per
1355 1652 1588 1722 Capitula
1629 1654 1699 1707 de
1722 1653 1870 1722 justo
1902 1656 2052 1725 regni

466 1739 751 1810 regimine,
780 1751 835 1796 et
880 1743 1084 1797 honore
1128 1755 1329 1799 saneta:
1367 1744 1458 1799 Dei
1501 1745 1778 1811 Ecclesim,
1815 1748 2052 1802 czeteriso

2148 555 2311 610 super
2340 539 2537 607 quihus
2588 536 2767 591 fuerat
2823 536 3190 604 interrogatus
3218 532 3286 587 ab
3312 532 3426 603 ipso
3453 545 3559 601 pro
3596 541 3732 599 quo-

2149 631 2271 685 dam
2295 630 2562 692 Fulcrico,
2599 629 2829 684 reddens
2853 627 2903 682 ei
2939 628 3209 682 rationem
3238 625 3476 694 dignam,
3512 637 3615 677 cur
3650 635 3738 675 cx-

2149 724 2631 780 commuuieavcrit
2668 723 2863 792 ipsum,
2904 735 3068 792 quem
3107 719 3206 773 sub
3242 719 3466 771 obtentu
3510 711 3739 767 absolvit

2152 818 2371 887 agendae
2394 816 2752 886 pamitcntim;
2788 813 2934 879 item,
2963 828 3060 883 pro
3087 810 3310 864 tuitione
3338 823 3401 863 ac
3422 804 3741 861 defensioue

2151 924 2333 963 rerum
2386 908 2673 963 lienteusis
2709 906 2951 964 ecclesia:
2999 906 3054 959 in
3102 902 3396 973 Tltoringia
3448 898 3738 969 conjaeen-

2153 1002 2284 1054 tium
2314 1016 2328 1065 ;
2357 1001 2506 1064 item,
2539 1001 2605 1053 de
2639 998 2961 1069 pervasioue
3006 995 3159 1067 regni
3207 995 3458 1059 fraterni,
3485 992 3668 1064 dignis
3691 1000 3743 1051 et

2152 1093 2395 1148 utillimis
2419 1093 2469 1148 ei
2495 1093 2597 1149 hoc
2631 1091 2950 1147 dissuadens
2980 1087 3460 1150 admonitionibus,
3490 1101 3563 1141 ne
3594 1085 3647 1139 id
3676 1084 3744 1140 ad

2153 1199 2307 1239 suam
2339 1184 2683 1254 aggrediatur
2711 1181 3147 1247 danmatione’m;
3182 1179 3337 1243 item,
3359 1177 3520 1232 aliam
3545 1176 3616 1231 de
3644 1175 3743 1230 hac

2151 1278 2341 1353 eadem
2368 1292 2424 1332 re
2451 1292 2571 1331 cum
2603 1276 2814 1331 emteris
2841 1274 2991 1346 regni
3020 1274 3179 1345 hujus
3199 1271 3470 1343 episc0pis
3501 1270 3570 1325 ad
3595 1283 3743 1324 cum.

2154 1372 2274 1426 dem
2305 1386 2486 1441 regem
2539 1369 2730 1424 scribit
2783 1367 3065 1439 epistolam
3094 1406 3110 1432 ,
3147 1363 3441 1437 episcopali
3490 1362 3743 1417 modera-

2155 1462 2300 1517 tione
2332 1460 2621 1526 refertam;
2666 1460 2818 1525 item,
2872 1458 3039 1514 semel
3069 1474 3135 1513 ac
3159 1454 3397 1511 secundo
3449 1453 3520 1508 ad
3571 1453 3744 1522 ipsum

2154 1570 2251 1624 per
2279 1570 2358 1622 se,
2390 1554 2458 1610 de
2496 1555 2579 1609 his
2618 1568 2737 1623 qua:
2773 1552 3128 1607 mandaverat
3162 1550 3229 1603 ab
3265 1563 3332 1603 eo
3381 1546 3501 1601 fieri
3536 1545 3593 1599 itt
3649 1544 3742 1597 ad-

2156 1656 2319 1701 ventu
2344 1662 2442 1701 suo
2472 1645 2677 1710 Remis,
2714 1654 2773 1699 ut
2800 1659 2905 1699 non
2960 1643 3101 1699 sicut
3132 1641 3470 1711 disponebat,
3502 1652 3607 1691 nec
3657 1634 3742 1689 tali

2157 1740 2367 1794 veniret
2394 1749 2638 1808 tempore
2692 1738 2818 1806 quia
2860 1734 3214 1805 incongruum
3245 1741 3410 1794 esset,
3446 1739 3503 1784 et.
3552 1727 3746 1782 anima:

462 1847 568 1900 que
602 1833 701 1888 sibi
736 1849 801 1888 ac
845 1849 1012 1904 regno
1055 1836 1380 1890 necessariis
1412 1838 1606 1901 rebus;
1654 1837 1804 1903 item,
1838 1839 1903 1893 dc
1937 1839 2053 1909 qui.
2086 1816 2126 1874 Β
2160 1833 2708 1903 suminopportnnnm
2730 1847 2744 1896 ;
2769 1830 2897 1884 item
2922 1828 2987 1882 ad
3012 1826 3260 1882 eumdem
3287 1821 3605 1895 qualitcrdc
3619 1836 3746 1891 pace

464 1926 690 1980 busdam
720 1928 1202 1997 prmsuutptoribus
1229 1929 1586 1998 corrigendis,
1616 1939 1673 1984 et
1702 1930 2051 2002 temperanda

467 2032 696 2072 censura
724 2019 1104 2083 correctionis,
1141 2028 1194 2075 et
1220 2006 1341 2075 aliis
1366 2023 1871 2090 commoditatibus;
1899 2025 2052 2090 item,

466 2125 537 2164 ne
584 2110 857 2179 quippiam
907 2120 1099 2167 contra
1147 2113 1442 2168 cauonicas
1489 2114 1775 2170 moliretur
1818 2116 2053 2187 regulas,

468 2214 570 2255 nec
600 2200 795 2255 alicubi
830 2202 931 2257 hoc
961 2202 1339 2273 episcoporum
1371 2206 1710 2276 prteciperet,
1743 2222 1810 2263 ne
1840 2219 2057 2264 senten-

467 2293 599 2347 tiam
650 2294 888 2348 divinam
941 2295 1279 2365 incurreret;
1333 2299 1493 2365 item,
1540 2300 1774 2371 qualiter
1818 2312 2057 2357 cummo-

466 2384 647 2437 nuerit
680 2398 747 2438 ex
791 2397 1055 2456 pra:ccpto
1103 2388 1248 2459 regis
1294 2388 1463 2459 ipsius
1499 2389 1776 2459 llugoncm
1814 2390 2055 2447 Lotharii

466 2474 611 2545 regis
669 2476 857 2542 filium,
897 2494 1061 2547 super
1113 2480 1414 2535 malefactis
1463 2498 1585 2552 qua:
1632 2484 1848 2553 agebat,
1886 2492 1941 2539 et
1989 2484 2057 2539 de

470 2567 779 2623 hominibus
833 2572 948 2625 suis
1003 2572 1071 2625 ad
1131 2587 1311 2642 regem
1370 2588 1492 2628 cum
1556 2576 1737 2629 hostili
1793 2586 2055 2645 apparatu

467 2659 780 2728 dirigendis.
836 2660 916 2715 Ad
973 2662 1114 2717 filios
1171 2679 1387 2734 quoque
1441 2666 1610 2735 ipsius
1657 2669 1897 2723 defuncti
1971 2685 2057 2724 tc-

468 2749 554 2818 gis
577 2752 710 2820 (ιο),
741 2750 1070 2807 Ludovicqu
1102 2767 1156 2809 et
1181 2755 1628 2825 Karlotnannum,
1662 2776 1761 2830 pro
1790 2762 2056 2819 electione

471 2842 733 2896 canonica
808 2844 1052 2900 ecclesia:
1125 2846 1461 2906 Tornacensi
1547 2853 1633 2907 vel
1710 2854 2058 2912 Noviomensi

472 2933 768 2990 obtinenda
860 2947 984 3007 post
1065 2940 1272 2995 obitum
1355 2941 1673 3015 liageuclini
1766 2947 2055 3019 episcopi;

472 3023 623 3089 item,
654 3043 751 3095 pro
797 3028 910 3098 ipsa
962 3028 1226 3086 electione
1272 3032 1384 3102 jam
1435 3034 1597 3100 facta,
1625 3052 1786 3105 quam
1838 3037 2058 3110 indigne

472 3117 707 3172 tulerant
756 3119 825 3173 ab
873 3120 989 3191 ipso
1035 3124 1443 3196 archiepiscopo
1494 3127 1661 3183 fuisse
1703 3130 2055 3201 dispositam;

472 3210 602 3265 item
661 3220 760 3281 pro
807 3213 1017 3279 eadem,
1076 3219 1365 3273 ostendens
1421 3222 1654 3289 qualiter
1697 3237 1749 3276 tn
1797 3233 2062 3279 c.ecttone

476 3302 718 3369 ipsorum
774 3306 1141 3370 consenserit,
1184 3317 1400 3378 quando
1459 3311 1612 3365 eleett
1660 3323 1786 3367 sunt
1818 3315 1884 3369 ad
1913 3317 2064 3386 regni

474 3391 834 3461 principatum
864 3404 917 3449 et
945 3411 1064 3464 qum
1077 3399 1145 3451 ab
1164 3398 1243 3453 eis
1267 3414 1365 3467 pro
1397 3400 1497 3455 hac
1526 3401 1790 3459 electione
1812 3406 2066 3460 mandata

473 3483 778 3552 perceperit
802 3494 857 3539 et
886 3487 1047 3555 quale
1086 3487 1157 3541 sit
1187 3491 1545 3545 ministerium
1576 3493 1775 3561 regale,
1808 3504 1864 3550 et
1909 3496 2066 3565 quale

476 3576 801 3644 pontiﬁcale,
854 3586 902 3632 el
942 3578 1119 3648 qualis
1170 3580 1445 3649 eligendus
1472 3583 1554 3636 vel
1605 3584 1940 3641 ordinandus
1995 3588 2066 3643 sit

475 3665 782 3735 cpiscopus,
812 3676 867 3722 et
881 3667 1061 3738 qualis
1081 3670 1162 3723 vel
1189 3670 1425 3740 qualiter
1445 3688 1550 3726 non
1574 3673 1766 3729 debeat
1796 3676 2062 3743 ordinari,

476 3765 534 3809 ct
561 3764 613 3809 ut
637 3757 848 3825 divinas
875 3760 1229 3814 auctoritates
1249 3760 1526 3818 addiscere
1546 3758 1766 3830 curent;
1794 3765 1941 3833 item,
1965 3783 2064 3838 pro

475 3848 665 3904 eadem
694 3866 773 3915 re,
806 3853 979 3907 sacris
1025 3853 1405 3909 demonstrans
1451 3857 1869 3915 auctoritatibus
1900 3875 2062 3929 quant

478 3941 717 4007 graviter
746 3942 801 3996 in
854 3942 1021 3998 Demn
1078 3955 1391 4014 peecarent,
1445 3963 1536 4017 qut
1575 3950 1970 4005 ordinationem
2001 3952 2067 4008 il-

479 4026 585 4084 lam
612 4032 796 4087 tamliu
823 4034 1041 4089 dill'erre
1066 4033 1325 4102 facerent,
1348 4047 1403 4092 et
1432 4038 1497 4090 de
1523 4037 1747 4108 objectis
1759 4042 1858 4096 sibi
1880 4057 1911 4096 a
1931 4040 2066 4097 Gus-

479 4135 611 4174 seno
640 4137 805 4191 super
845 4122 1102 4178 Ludovici
1162 4128 1307 4195 regis
1358 4128 1532 4196 patris
1571 4144 1760 4184 eorum
1819 4146 2064 4186 assensu.

472 4212 661 4278 Quare
697 4214 1020 4285 Ansgardim
1064 4233 1287 4273 uxorem
1338 4220 1602 4290 abjectam
1650 4238 1774 4277 eum
1828 4225 2069 4294 recipere

483 4318 590 4356 non
630 4305 965 4375 coeget‘it,‘et
993 4307 1294 4363 Adelaidim
1321 4311 1387 4364 ab
1409 4325 1474 4365 eo
1502 4313 1720 4367 retineri
1752 4328 1859 4367 non
1886 4315 2072 4384 prohi-

480 4393 687 4461 buerit,
718 4400 862 4452 etde
889 4398 1084 4454 litteris
1114 4399 1368 4457 Ludovici
1394 4404 1537 4473 regis
1561 4405 1626 4460 ad
1660 4421 1783 4460 eum
1814 4421 1911 4475 pro
1935 4407 2071 4462 tilio-

2157 1926 2301 1979 iuter
2327 1926 2501 1994 ipsum
2539 1934 2593 1979 et
2624 1924 2847 1978 fratrem
2880 1920 2997 1989 ejus
3030 1918 3289 1973 Karolum
3321 1914 3650 1971 stabilienda
3674 1912 3746 1966 la-

2155 2019 2404 2081 borabat,
2439 2017 2685 2073 referens
2714 2017 2760 2071 ei
2785 2016 3083 2087 gratiarum
3113 2013 3353 2068 actiones
3380 2027 3479 2082 pro
3513 2010 3641 2064 filiis
3662 2024 3748 2064 ee-

2155 2110 2334 2165 clcsite
2357 2109 2663 2175 Remensis,
2700 2109 2793 2179 qui
2824 2109 2875 2162 in
2905 2108 3076 2178 ipsius
3097 2107 3231 2161 bene
3258 2105 3638 2160 tractabantur
3668 2118 3749 2156 re-

2158 2218 2265 2273 gno
2297 2221 2311 2257 :
2344 2214 2533 2273 petens
2560 2213 2617 2256 ut
2663 2215 2853 2256 secure
2902 2199 3094 2254 liceret
3139 2196 3245 2252 illis
3293 2210 3438 2256 suas,
3482 2209 3624 2263 quas
3674 2191 3750 2248 ibi

2158 2296 2455 2359 habebant,
2486 2288 2669 2348 tenere
2693 2308 2770 2362 pr:
2793 2290 3088 2361 prietatcs;
3121 2289 3248 2343 item
3273 2286 3339 2341 de
3362 2284 3583 2340 tnctallo
3609 2284 3752 2354 quod

2157 2385 2207 2439 ei
2235 2385 2535 2439 transmisit
2569 2384 2636 2437 ad
2665 2383 2974 2437 faciendum
3022 2381 3260 2452 signum,
3307 2378 3753 2447 subjungensque

2158 2478 2224 2531 de
2244 2491 2376 2547 pace
2395 2485 2555 2546 atque
2582 2475 2850 2530 (-haritate
2870 2474 3135 2529 servanda
3165 2481 3222 2526 et
3249 2470 3526 2525 voluntate
3552 2469 3643 2523 Dei
3667 2484 3756 2522 se-

2160 2569 2393 2638 qucnda,
2427 2578 2484 2621 ut
2516 2566 2589 2621 illi
2617 2566 2858 2630 mandat,
2891 2563 3316 2621 admonitionem
3342 2578 3357 2629 ;
3394 2562 3523 2616 item
3548 2575 3645 2631 pro
3668 2575 3760 2615 τος

2159 2659 2262 2714 bus
2283 2658 2529 2714 ecclesia:
2560 2657 2849 2713 Rcmensis
2895 2656 3033 2725 apud
3056 2654 3403 2724 Thoringiam
3428 2651 3550 2707 sitis
3573 2669 3588 2715 ;
3624 2652 3754 2705 item

2160 2754 2227 2808 de
2268 2753 2511 2824 reliquiis
2537 2762 2850 2807 sanctorum
2894 2749 3180 2805 Bernensis
3223 2747 3493 2812 ecclesizc,
3519 2760 3656 2815 quas
3674 2744 3755 2798 iili

2162 2847 2303 2903 sicut
2331 2847 2564 2917 petierat
2593 2843 3018 2906 trausmittebat,
3045 2852 3101 2896 et
3130 2841 3197 2895 de
3237 2839 3372 2894 libro
3402 2838 3550 2903 vita),
3579 2837 3755 2891 virtut-

2166 2951 2385 3009 tumque
2409 2940 2467 2993 S.
2494 2937 2725 3008 lietuigii
2747 2978 2763 3004 ,
2796 2936 2928 2991 item
2959 2935 3025 2991 de
3055 2935 3215 2989 rebus
3260 2931 3319 2988 8.
3350 2930 3586 3002 Remigii
3635 2929 3758 2984 sitit

2164 3034 2216 3089 in
2252 3032 2580 3103 Theriugia;
2610 3033 2758 3096 item,
2793 3030 2862 3085 de
2911 3028 3259 3099 passiouibus
3313 3034 3650 3089 sanctorum,-
3696 3032 3757 3076 et

2164 3128 2231 3182 de
2258 3127 2417 3181 rebus
2445 3132 2666 3180 suorum
2693 3123 2994 3189 hominum,
3028 3135 3161 3191 quas
3192 3120 3243 3174 in
3271 3118 3413 3173 illius
3445 3130 3619 3186 regno
3661 3114 3756 3169 ha-

2173 3219 2395 3283 bebant,
2430 3227 2495 3271 nt-
2514 3217 2580 3272 de
2621 3216 2705 3273 bis
2755 3214 2952 3269 nullum
2992 3210 3357 3282 pra'jndicium
3388 3208 3753 3270 sustinerent;

2171 3312 2298 3366 item
2330 3308 2520 3364 scribit
2550 3323 2671 3363 cum
2697 3305 2945 3374 Remigio
2987 3300 3354 3374 Lugdunensi,
3378 3299 3623 3353 Arduico
3647 3298 3754 3353 Ve-

2169 3401 2527 3467 sontioneusi,
2580 3399 2788 3454 Erardo
2833 3395 3157 3459 Turonensi,
3197 3394 3383 3447 Adone
3417 3392 3715 3447 Viennensi
3741 3430 3756 3454 ,

2171 3493 2396 3563 Egilone
2440 3489 2704 3546 Senneusi
2769 3485 3195 3557 arcliiepiseopis
3253 3485 3428 3539 eidem
3482 3482 3759 3537 Ludovico

2169 3584 2332 3656 ltcgi,
2356 3597 2455 3654 pro
2485 3580 2776 3651 Bertulpho
2833 3577 3154 3633 Trevcrcnsi
3200 3575 3635 3646 archiepiscopo,
3673 3589 3759 3628 rc-

2166 3671 2533 3745 prebensibile
2564 3686 2626 3725 ac
2651 3669 3014 3740 periculosum
3044 3668 3424 3722 demonstrans
3447 3680 3591 3727 esse,
3617 3662 3758 3732 quod

2168 3775 2349 3821 actum
2381 3763 2450 3819 ab
2474 3778 2540 3817 eo
2569 3768 2932 3830 compererat,
2972 3759 3039 3813 de
3072 3758 3174 3813 hac
3222 3755 3506 3827 metropoli
3526 3776 3529 3781 ν
3552 3755 3760 3809 scilicet

2167 3869 2224 3916 et
2257 3854 2578 3912 Treverensi
2604 3852 2856 3917 ecclesia,
2880 3860 2938 3905 ut
2964 3866 3084 3905 eam
3109 3850 3309 3914 invadi,
3333 3847 3566 3902 discindi
3594 3862 3661 3901 ac
3679 3847 3766 3900 de-

2167 3951 2414 4025 populari
2446 3966 2475 4004 a
2506 3962 2800 4020 pervasere
2840 3946 3182 4015 permitteret
3221 3942 3457 4014 quodam
3492 3942 3761 3996 monacho

2170 4043 2414 4112 ejusdem
2442 4039 2686 4096 ecclesia:
2720 4057 2732 4092 :
2768 4037 3082 4100 ostendens,
3109 4035 3233 4105 quia
3260 4034 3384 4089 licet
3415 4032 3625 4103 regulis
3672 4049 3764 4102 po-

2174 4145 2342 4191 testas
2367 4133 2656 4202 pncsideat
2709 4132 2947 4186 humano
3002 4127 3184 4198 generi
3237 4127 3526 4198 dignitate,
3586 4140 3765 4179 rerum

2174 4224 2496 4295 prtesulibns
2529 4232 2710 4277 tamen
2735 4221 3041 4275 divinarum
3073 4219 3269 4273 devote
3297 4217 3434 4272 colla
3467 4217 3761 4277 submittit,

2176 4327 2340 4387 atque
2378 4313 2446 4369 ab'
2506 4315 2587 4369 eis
2643 4328 2837 4368 causas
2897 4327 3008 4367 sua:
3063 4310 3256 4364 salutis
3317 4307 3546 4377 expetit,
3605 4309 3765 4379 inque

2180 4405 2458 4464 sumendis
2504 4403 2815 4459 cmlestibus
2871 4401 3249 4466 sacramentis,
3290 4399 3480 4469 eisque
3530 4409 3591 4452 ut
3621 4415 3766 4453 como

487 4502 606 4541 rum
638 4504 859 4544 suorum
890 4495 1238 4561 provectione
1260 4495 1421 4555 datis,
1462 4505 1514 4551 et
1568 4497 1634 4553 de
1679 4498 1952 4555 mandatis
1992 4500 2069 4554 is-
2102 4521 2149 4580 υ
2177 4500 2312 4571 petit
2354 4495 2727 4567 disponendis,-
2778 4494 2932 4549 subdi
2984 4509 3043 4567 se
3092 4492 3290 4547 debere
3324 4492 3609 4563 cognoscit
3640 4491 3764 4544 reii-

488 4587 663 4633 torum
697 4595 881 4651 regum
917 4583 985 4637 ad
1014 4600 1073 4639 se
1112 4586 1347 4641 indebite
1388 4588 1599 4655 missis;
1636 4590 1788 4657 item,
1832 4593 1899 4645 ad
1929 4593 2073 4647 hune

486 4660 817 4739 Ludovicum
849 4672 1021 4737 solum
1051 4676 1117 4730 de
1154 4678 1382 4733 consilio
1421 4696 1450 4732 a
1499 4694 1557 4733 se
1592 4680 1782 4749 petito,
1819 4682 1977 4749 quale
2006 4683 2076 4737 sit

486 4763 617 4817 utile
646 4764 1096 4834 regicon‘silium,
1120 4778 1174 4824 ct
1225 4770 1459 4839 qualiter
1500 4771 1694 4826 debeat
1741 4788 1901 4843 agere
1926 4772 2075 4843 judi-

489 4855 636 4910 cium
657 4856 713 4913 et
741 4858 1028 4927 justitiam,
1071 4872 1127 4916 et
1152 4863 1279 4931 qttid
1314 4864 1428 4919 lucc
1468 4865 1590 4919 boni
1645 4866 1930 4919 conferant
1974 4869 2071 4920 ob-

480 4957 726 5011 servata,
751 4951 948 5018 quidve
971 4952 1092 5005 ntali
1120 4953 1359 5021 neglecta
1394 4956 1633 5025 irrogare
1654 4956 1885 5019 soleant,
1921 4966 2027 5011 etc.
2055 4973 2069 5022 ;

493 5037 646 5086 itetn-
681 5041 745 5086 ml
778 5056 955 5086 root-tn
991 5043 1409 5086 Km'lmnmmmn
1449 5048 1848 5086 mlnlncnmntam
1904 5056 1953 5086 nl
2010 5049 2075 5086 ml

2177 4588 2350 4662 gionis
2370 4588 2581 4651 ordine,
2605 4587 2786 4656 potius
2805 4600 2966 4655 quam
3006 4598 3261 4653 pra‘esso.
3286 4583 3473 4651 Itaque
3495 4583 3642 4636 inter
3656 4582 3767 4635 ima:

2178 4682 2392 4736 illorum
2416 4695 2474 4734 sc
2495 4679 2731 4748 pendere
2752 4674 2973 4743 judicio,
3001 4688 3106 4728 non
3130 4673 3342 4739 illormn
3367 4674 3434 4727 ad
3453 4688 3611 4728 suam
3637 4673 3767 4727 velle

2178 4773 2346 4843 redigi
2378 4770 2727 4825 voluntatem.
2782 4785 2799 4817 ι
2832 4766 3090 4828 Proinde,
3119 4784 3137 4816 ι
3175 4765 3369 4834 inquit,
3425 4783 3445 4816 ‹
3478 4766 3625 4821 sicut
3664 4781 3768 4821 non

2179 4864 2296 4919 leve
2340 4862 2631 4917 discrimen
2677 4857 2939 4912 incumbit
2984 4855 3359 4925 pontiﬁcibus,
3407 4855 3626 4911 siluisse
3671 4871 3769 4926 pro

2181 4954 2479 5011 divinitatis
2507 4950 2653 5006 cultu
2684 4949 2826 5020 quod
2862 4948 3110 5017 congruit
3141 4965 3153 5000 :
3196 4947 3266 5001 ita
3304 4948 3467 5017 regia:
3513 4948 3766 5019 potestati

2183 5049 2346 5086 Imma
2374 5045 2534 5086 aliain
2563 5060 2667 5086 nnn
2717 5041 2987 5086 mmlincm
3025 5038 3273 5086 naculum
3309 5048 3413 5086 «λι-
3445 5040 3490 5086 si
3521 5055 3646 5086 cum
3672 5039 3767 5086 de-
