3904 5396
147 145 239 209 I37

700 138 1044 200 illSTOlll£
1084 134 1441 196 ECCLESIAS
1480 131 1716 192 llEMEN

1822 131 2038 191 .Liiiiu
2074 133 2431 205 QUATUOB.
2468 169 2537 180 ..-
2575 138 2700 194 Lis.
2743 140 2829 195 iii.

3312 147 3415 206 198

144 268 334 318 postne
362 258 461 331 ipsi
484 255 779 314 secundum
824 269 1014 310 sacros
1051 268 1286 309 canones
1329 250 1718 312 ordiiiaviinus,
1748 253 1799 310 Α
1828 263 1964 313 mus.
1997 259 2051 304 et
2083 250 2126 305 si
2173 266 2395 308 necesse
2441 252 2627 320 fuerit,
2665 258 3032 315 ostendemus.
3078 260 3420 334 Quapropter

146 356 282 426 quia,
313 363 372 407 ut
398 344 774 422 scriptum-est
802 365 816 402 :
851 346 1004 403 Sicut
1032 344 1175 402 Deus
1212 343 1312 399 loci
1337 342 1581 415 angustia
1613 356 1720 396 non

144 449 465 510 continetur,
517 455 592 499 ita
661 442 886 497 verbum
961 439 1078 509 ejus
1149 453 1257 494 non
1316 447 1401 493 est
1448 436 1721 507 alligatum

147 539 222 613 (il
247 538 379 594 Tim.
408 537 471 608 ii)
506 555 520 591 :
556 534 898 590 collaudante
939 532 1303 595 Redemptore
1337 546 1402 586 ac
1440 528 1722 584 Saivatore

144 639 337 693 nostro,
371 626 518 698 quod
566 624 815 681 centurio
860 623 912 677 iii
964 623 1068 677 hoc
1115 636 1276 676 sensu
1310 621 1525 675 dixerat
1565 637 1578 673 :
1625 618 1721 673 Dic

146 723 302 790 rerbo,
329 731 380 774 et
407 717 683 773 sanabitur
702 731 832 786 puer
855 731 1003 769 meus
1034 712 1249 785 (Matth.
1283 712 1397 783 viii)
1425 728 1439 776 ;
1472 711 1721 766 videlicet

144 815 272 886 quod
319 813 410 868 hic
443 810 668 877 dixeris,
714 808 824 863 illic
871 808 983 865 iiet.
1027 806 1129 874 Qui
1175 806 1227 860 in
1278 805 1561 875 discipulis
1608 805 1721 859 suis

144 906 398 976 hodieque
447 903 624 966 nobis,
669 900 795 955 licet
840 898 1097 968 indignis,
1141 896 1384 966 loquitur
1429 914 1442 950 :
1486 895 1720 966 Spiritus

144 999 292 1070 petris
323 996 482 1051 vestri
519 993 751 1064 loquitur
801 998 855 1045 i‘u
888 990 1026 1045 vobis
1058 986 1274 1059 (Matth.
1321 987 1398 1058 Χ),
1430 986 1519 1057 qui
1552 988 1722 1057 replet

143 1094 312 1147 orbem
342 1098 616 1143 terrarum
641 1083 791 1155 (Sap.
817 1082 878 1151 i).
908 1080 1082 1135 Nolite
1111 1080 1356 1145 credere,
1384 1094 1718 1150 quaisuuius,

143 1200 290 1256 prava
319 1182 600 1245 suadenti,
631 1178 755 1248 quia
787 1192 884 1247 pro
914 1184 1065 1229 certo
1098 1174 1308 1237 sciatis,
1340 1189 1444 1228 non
1493 1173 1545 1227 iii
1591 1188 1720 1227 coii-

143 1284 333 1346 teiiiptu
365 1281 573 1336 vestro,
604 1284 777 1340 neque
813 1276 1002 1322 contra
1036 1266 1349 1320 lidelitatein
1380 1273 1637 1332 vestram,
1665 1266 1716 1319 iii

142 1367 311 1420 eadem
351 1360 639 1433 metropoli
686 1359 812 1414 sede
839 1357 1147 1429 pontificem
1190 1355 1581 1420 ordinavimus,
1623 1357 1719 1411 sed

141 1454 530 1527 perpendentes
575 1451 738 1524 (quod
770 1459 823 1505 et
865 1464 961 1503 vos
1010 1447 1202 1502 melius
1231 1447 1402 1516 scitis)
1435 1456 1632 1517 quanta
1662 1455 1719 1501 ct

141 1562 227 1618 per
251 1554 454 1616 quanta
485 1554 729 1613 tempora
758 1542 876 1612 ipsa
907 1539 1147 1595 Ecclesia
1189 1537 1431 1594 desolata
1459 1547 1516 1593 et
1547 1537 1719 1593 desti-

143 1650 243 1694 tuta
262 1640 350 1703 sit,
385 1647 442 1693 et
473 1646 676 1708 quanta
703 1644 896 1692 contra
924 1634 1019 1690 Dei
1050 1632 1377 1690 voluntatem
1408 1649 1514 1688 iion
1542 1634 1716 1689 solum

140 1734 188 1787 in
216 1734 400 1787 eadem
434 1730 716 1802 parocliia,
750 1730 845 1784 sed
880 1728 1011 1783 etin
1051 1736 1159 1781 tota
1189 1725 1468 1796 provincia
1497 1726 1564 1781 ad
1595 1740 1715 1780 eam

142 1823 455 1891 pertinente,
486 1820 849 1874 increverint:
875 1834 996 1874 cum
1026 1817 1158 1872 nihil
1181 1817 1439 1872 canonice
1465 1818 1580 1871 sine
1609 1816 1718 1885 pri-

141 1925 269 1969 inate
292 1911 624 1981 suti'raganm
657 1911 896 1981 episcopi
926 1924 1087 1981 agere
1134 1908 1366 1971 valeant,
1404 1908 1538 1962 iiiiiil
1572 1908 1717 1978 quod

141 2006 199 2059 ad
218 1996 468 2075 proprias
490 2001 783 2073 parochias
811 2000 1064 2071 pertinet,
1111 1999 1239 2055 ibid.
1277 1999 1716 2054 commoditatem

139 2095 432 2166 regularem
462 2093 825 2156 invenientes,
851 2091 1118 2146 canonice
1160 2090 1470 2159 pontiﬁcem
1498 2090 1719 2144 ordina-

140 2185 318 2239 viinus.
339 2184 498 2253 Quod
514 2193 570 2238 et
590 2182 890 2239 secundum
913 2181 1127 2234 divinas
1146 2179 1291 2250 leges
1311 2194 1471 2249 agere
1498 2186 1719 2248 possent

140 2288 288 2346 atque
335 2278 606 2333 deberent
662 2276 833 2347 ipsius
887 2272 1205 2344 iiietroiiolis
1256 2272 1606 2343 suil'raganei,
1666 2272 1717 2326 ei

142 2371 259 2423 tanti
291 2369 506 2424 numeri
546 2368 744 2433 i'oreiit,
774 2375 835 2421 ut
881 2382 979 2437 per
1020 2381 1077 2421 se
1126 2364 1448 2437 regulariter
1498 2376 1720 2435 possent

140 2463 386 2517 ordinare
413 2462 748 2534 pontiﬁcem,
779 2462 869 2532 qui
902 2478 1005 2516 non
1042 2462 1221 2516 minus
1255 2462 1450 2532 quibus
1486 2477 1516 2515 a
1548 2463 1720 2518 tribus

140 2553 381 2621 prievalet
431 2552 753 2624 regulariter
796 2552 1063 2607 ordinari.
1093 2571 1113 2606 ι
1161 2551 1522 2621 Prosequitur
1552 2553 1715 2607 etiam

139 2639 452 2716 deproiueus
481 2646 833 2701 auctoritates
875 2654 1189 2701 sanctorum
1235 2645 1481 2711 Patrum,
1521 2648 1719 2717 quibus

139 2737 242 2790 fulti
268 2739 375 2791 hoc
404 2745 645 2809 egerant.
672 2737 733 2791 Et
761 2736 987 2792 subinde
1012 2754 1025 2790 :
1052 2756 1071 2788 ι
1102 2737 1168 2791 Et
1194 2738 1317 2806 quia
1345 2746 1421 2791 tot
1445 2738 1497 2792 in
1524 2738 1715 2793 eadem

138 2829 407 2897 provincia
435 2827 764 2898 suilraganci
804 2844 908 2881 non
941 2838 1097 2882 erant
1120 2827 1382 2899 episcopi,
1415 2837 1473 2882 ut
1516 2838 1717 2883 metro-

138 2918 426 2987 politaiinm
476 2918 803 2989 regulariter
842 2918 1100 2972 ordinare
1151 2919 1413 2985 valerent,
1460 2921 1714 2991 quoniam

140 2997 385 3067 Ecclesiae
432 3011 723 3068 Reineiisis
755 3019 809 3065 et
841 3010 1194 3067 Trevercnsis
1231 3014 1715 3083 comprovinciales

140 3114 289 3174 atque
319 3116 545 3158 sorores
573 3113 629 3159 et
659 3119 727 3159 ex
765 3106 1090 3159 auctoritate
1120 3113 1173 3158 et
1224 3120 1290 3159 ex
1328 3106 1550 3175 antiqua
1591 3122 1715 3162 con-

138 3196 414 3251 suetudine
437 3195 727 3258 habentur,
752 3208 815 3249 ea
840 3194 1148 3249 conditione
1172 3203 1230 3248 iit
1251 3194 1338 3264 qui
1358 3195 1506 3265 prior
1529 3211 1715 3251 earum

136 3288 286 3343 fuerit
325 3287 611 3357 episc0piis
636 3286 946 3352 ordinatus,
976 3286 1127 3356 prior
1154 3285 1319 3340 etiam
1356 3287 1621 3342 habeatur
1664 3289 1717 3343 iii

135 3382 356 3449 synodo,
401 3391 457 3435 et
484 3381 529 3435 si
576 3390 768 3436 mutuo
813 3380 1043 3435 consilio
1080 3388 1136 3434 et
1183 3380 1386 3434 auxilio
1416 3381 1714 3445 faveaiitiir,

136 3478 288 3540 atque
326 3472 616 3527 iniciuntur
649 3490 660 3524 :
693 3469 1053 3525 'i'revereiisis
1084 3470 1376 3540 proviiiciie
1422 3471 1659 3541 episcopi
1688 3487 1716 3524 a

136 3564 363 3630 priuiate
409 3561 704 3631 provincia:
756 3559 1045 3614 Ilcniouim
1077 3557 1327 3613 solatium
1366 3574 1478 3612 sua:
1504 3560 1721 3612 ordina-

139 3654 322 3717 tionis,
363 3655 655 3710 secundum
710 3668 895 3708 sacras
943 3652 1155 3722 regulas
1201 3653 1549 3722 qiii‘esierunt,
1583 3654 1723 3708 sicut

138 3746 308 3800 Sancti
339 3732 704 3800 Sai’iiaceiises
733 3758 970 3799 canones
1004 3740 1187 3813 (Cone.
1216 3741 1375 3798 Βανά.
1399 3761 1446 3797 c.
1478 3743 1531 3808 5,
1559 3745 1632 3798 al.
1664 3744 1719 3811 6)

139 3838 339 3901 dicunt,
364 3837 568 3893 scilicet
597 3847 659 3892 tit
689 3837 733 3892 si
768 3836 1058 3907 contigerit
1090 3837 1141 3890 in
1186 3852 1289 3889 una
1332 3836 1636 3901 l’rovincia,
1669 3837 1720 3891 in

140 3937 236 3997 qua
266 3920 478 3997 plurimi
509 3927 731 3982 fuerunt
762 3927 1020 3996 episcopi,
1069 3942 1235 3980 unum
1268 3925 1408 3982 forte
1439 3942 1722 3982 remanere

139 4020 459 4090 episcopum,
507 4028 563 4074 et
597 4017 777 4089 populi
816 4017 1193 4083 convenerint,
1225 4016 1509 4088 episcopos
1536 4017 1724 4072 vicina:

142 4112 439 4179 provinciai,
472 4111 675 4165 debere
716 4108 865 4162 illum
899 4108 1047 4178 prius
1071 4107 1346 4162 conveniri
1388 4108 1718 4178 cpiscOpuin,

144 4205 227 4273 qui
258 4205 308 4258 in
338 4205 524 4259 eadem
565 4202 847 4274 provincia
879 4210 1143 4265 moratur,
1174 4212 1228 4254 ct
1258 4202 1543 4256 ostendere
1581 4200 1724 4272 quod

1823 338 1994 408 ipsius
2022 340 2445 407 ordinationem,
2482 353 2536 398 et
2575 345 2979 416 dispositionem
3006 364 3189 405 rerum
3225 366 3290 407 ac
3332 350 3414 406 la-

1821 431 2082 486 cultatuni
2133 434 2669 502 ecclesiasticarum,
2726 439 2868 494 sicut
2926 441 3068 496 sacri
3131 446 3421 514 prmligunt

1822 537 2081 588 canones,
2114 524 2189 578 ita
2233 524 2588 587 defendimus,
2638 536 2693 581 et
2741 539 3001 599 perpetuo
3042 531 3415 599 defendemus,

1820 612 1959 667 sicut
2008 623 2062 668 et
2104 615 2351 670 ordinem
2404 628 2648 671 nostrum
2698 636 2712 672 :
2771 621 2897 690 quia
2949 622 2992 675 si
3045 623 3158 693 ipse
3187 640 3292 679 non
3332 636 3419 680 est

1820 704 2124 775 episcopus,
2155 721 2253 761 nec
2278 723 2375 761 nos
2406 707 2665 764 debemus
2696 711 2962 765 nominari
2992 715 3250 785 episcopi.
3279 716 3344 771 Et
3369 718 3416 772 si

1821 798 1944 866 quis
2003 799 2237 854 voluerit
2307 814 2499 855 contra
2548 802 2948 858 ordinationem
3007 806 3124 876 ejus
3178 809 3417 866 sinistris

1822 888 2094 959 quidpiam
2119 890 2316 953 dicere,
2347 900 2575 947 exeatet
2598 892 2739 949 dicat
2769 907 3179 952 :verumtamen
3209 915 3418 956 memor

1820 980 2218 1034 communionis
2247 996 2377 1045 sine,
2408 982 2532 1051 quia
2564 992 2657 1038 aut
2692 984 2805 1055 ipse
2856 1000 2960 1041 nea
3000 989 3420 1044 communicabit

1821 1069 2193 1125 ecclesiastico
2222 1080 2275 1127 et
2311 1072 2605 1143 episcopali
2637 1074 2835 1139 ordini,
2868 1086 2959 1130 aut
2994 1093 3094 1131 nos
3131 1095 3235 1133 non
3265 1094 3417 1134 coni-

1821 1164 2238 1228 inuuicabimus,
2298 1165 2602 1221 ministerio
2654 1169 2968 1240 episcopali.
3025 1169 3180 1226 Unde
3233 1173 3416 1228 verbis

1820 1260 1963 1313 beati
1994 1260 2190 1314 Leonis
2220 1258 2375 1329 (Leo,
2422 1277 2503 1331 ep.
2534 1263 2685 1331 χειν)
2713 1262 3078 1319 Theodosium
3110 1265 3419 1336 Augustum

1820 1355 2090 1423 quondam
2120 1353 2465 1426 alloqucutis,
2495 1352 2613 1422 vos,
2656 1358 3120 1416 Christianissiine
3160 1370 3216 1416 et
3260 1377 3421 1417 vene-

1819 1444 1945 1499 biiis
1972 1445 2234 1514 nobisque
2261 1445 2582 1500 charissiiiie
2614 1463 2732 1513 rex,
2767 1464 2889 1504 cum
2935 1449 3419 1506 consacerdotihns

1821 1536 2022 1590 nostris
2042 1535 2384 1606 alloquimur,
2413 1537 2697 1608 iinplentcs
2732 1541 3088 1595 reverentiam
3117 1540 3418 1596 clementiae

1749 1617 1793 1678 Β
1825 1639 2017 1682 vestra:
2046 1627 2245 1683 sinceri
2291 1629 2496 1684 amoris
2524 1629 2721 1697 oiiicio,
2754 1633 3142 1702 capientesque
3174 1648 3268 1687 vos
3304 1633 3417 1702 pL:-

1822 1734 1949 1773 cere
1996 1736 2095 1789 per
2137 1720 2318 1774 omnia
2366 1719 2494 1783 Deo,
2544 1721 2632 1776 cui
2678 1737 2774 1792 pro
2808 1722 2960 1777 vobis
2989 1740 3018 1777 a
3060 1723 3233 1785 nobis,
3266 1725 3416 1777 etab

1822 1811 2082 1867 Ecclesiis
2112 1813 2268 1867 nobis
2296 1815 2603 1869 commissis
2632 1815 2986 1885 supplicatur,
3034 1827 3101 1871 ne
3146 1807 3271 1871 ante
3315 1817 3414 1871 tri-

1820 1903 1985 1958 bunal
2017 1904 2225 1958 Domini
2256 1905 2331 1960 rei
2361 1905 2428 1960 de
2466 1906 2681 1961 silentio
2708 1906 3036 1975 jiidiccniur,
3068 1911 3418 1968 obsecramus

1821 2013 2005 2053 coram
2037 1999 2195 2053 unius
2223 1999 2440 2053 tleitatis
2466 1998 2814 2070 liiscparabili
2845 1999 3132 2067 Trinitate,
3162 2019 3282 2073 quin
3324 2003 3418 2059 tali

1821 2088 1964 2145 facto
1992 2089 2219 2153 laiditur,
2251 2106 2375 2145 eum
2409 2091 2523 2159 ipsa
2575 2092 2738 2146 vestri
2789 2093 2859 2147 sit
2892 2103 3082 2150 custos
3129 2105 3184 2151 et
3221 2107 3416 2152 auctor

1822 2185 1994 2255 regni,
2023 2193 2078 2239 rt
2099 2193 2284 2239 coram
2312 2186 2517 2239 Sanctis
2540 2186 2748 2254 angelis
2774 2186 2998 2253 Christi,
3024 2197 3082 2241 ut
3110 2189 3161 2243 iii
3185 2205 3250 2243 eo
3274 2200 3418 2246 statu

1821 2287 1983 2346 atque
2014 2277 2353 2331 immunitate
2394 2293 2488 2331 seu
2540 2277 2820 2347 privilegio
2859 2293 2982 2332 cum
3028 2288 3128 2334 suo
3161 2282 3418 2350 pontifice

1821 2368 2209 2424 Trevereiisein
2240 2367 2524 2423 ecclesiam
2553 2384 2675 2422 esse
2716 2368 2954 2439 jubeatis
2990 2381 3153 2439 atque
3193 2378 3416 2427 conser-

1823 2459 1979 2526 vctis,
2011 2474 2118 2528 quo
2150 2459 2315 2513 vestri
2348 2459 2721 2530 progenitores
2772 2468 2937 2529 atque
2965 2463 3411 2530 pixedecessores.

1821 2549 1916 2604 sed
1938 2557 1993 2602 et
2022 2548 2075 2602 in
2103 2563 2210 2618 quo
2238 2548 2406 2603 frater
2431 2563 2494 2602 ac
2521 2564 2688 2618 nepos
2712 2558 2889 2603 vester
2916 2548 3226 2616 Lotharius,
3253 2561 3411 2621 pater

1821 2639 2030 2694 St'ilit‘cl
2077 2654 2142 2694 ac
2192 2637 2355 2703 illius,
2383 2639 2643 2693 canonica
2690 2652 3105 2706 conservarunt,
3150 2654 3416 2712 quatenus

1821 2741 1876 2787 et
1906 2746 2001 2785 vos
2039 2730 2290 2785 meritum
2326 2732 2447 2785 inde
2478 2732 2616 2799 apud
2645 2730 2835 2797 Deum,
2867 2740 2919 2785 et
2962 2732 3177 2786 beatum
3201 2745 3420 2803 aposto-

1821 2827 1998 2883 lorum
2042 2828 2341 2898 principem
2389 2826 2611 2881 Petruiu
2649 2827 2699 2881 in
2747 2827 2900 2895 cujus
2939 2837 3141 2884 honore
3185 2830 3415 2886 ecclesia

1822 2921 1937 2991 ipsa
1966 2928 2050 2975 est
2079 2927 2421 2984 consecrata,
2453 2917 2723 2980 habeatis,
2753 2929 2807 2972 et
2855 2932 2952 2973 nos
2997 2920 3228 2989 amplius
3257 2921 3413 2976 debi-

1822 3020 1968 3066 tores
1995 3011 2049 3065 iii
2082 3009 2421 3064 orationibus
2453 3017 2508 3062 et
2536 3009 2751 3063 exteris
2786 3009 2982 3063 debitis
3016 3009 3289 3081 obsequiis
3329 3027 3418 3066 ac-

1820 3104 2070 3176 quiratis.
2107 3103 2244 3171 Quia
2276 3102 2379 3157 nisi
2421 3116 2517 3173 pro
2551 3111 2731 3156 vestra
2771 3103 3074 3158 reverentia
3121 3104 3224 3159 hoc
3265 3105 3419 3160 dilic-

1820 3216 2024 3265 ramiis,
2051 3199 2164 3270 jam
2198 3199 2251 3253 in
2297 3210 2643 3267 pervasorem
2678 3198 2848 3269 ipsius
2879 3199 3122 3255 ceclesiaz
3146 3197 3415 3269 judicium

1820 3289 1874 3345 iii
1906 3290 2064 3345 terris
2095 3300 2339 3343 exertuiii
2372 3289 2716 3351 haberemus,
2747 3289 2889 3357 quod
2920 3289 3025 3343 650
3078 3291 3312 3360 ('[liSCOpi
3362 3293 3415 3345 iii

1820 3398 2011 3451 magna
2036 3380 2462 3436 Clialeedoiieiisi
2487 3382 2695 3451 synodo
2723 3381 2789 3435 de
2817 3381 3124 3451 hujnsmodi
3155 3384 3412 3439 decreve-

1822 3476 1948 3529 rnut
1974 3473 2161 3544 (Juxta
2196 3489 2312 3525 can.
2342 3464 2397 3536 7,
2449 3472 2557 3540 18),
2586 3480 2642 3526 et
2672 3474 2739 3526 de
2769 3472 2907 3525 crnio
2958 3487 3123 3543 super
3157 3489 3280 3529 eum
3334 3473 3419 3529 ii.-

1823 3574 2054 3630 tcntaiit,
2079 3574 2133 3620 et
2159 3566 2210 3619 iii
2240 3562 2450 3633 judicio
2482 3564 2664 3619 divino
2701 3565 2769 3617 ad
2806 3574 3066 3617 aeternam
3115 3564 3419 3619 damnatio-

1822 3676 1944 3713 ueni
1978 3668 2225 3720 exerent,
2277 3655 2381 3709 nisi
2435 3656 2653 3724 dignam
2706 3654 3081 3725 paenitentiam
3129 3654 3342 3725 egerit;
3385 3674 3406 3708 ι

1821 3758 1875 3804 et
1902 3759 2096 3805 eietera
2128 3750 2194 3803 de
2217 3746 2631 3801 auctoritatibus
2657 3760 2932 3801 sacrorum
2964 3760 3255 3800 canonum.
3291 3746 3421 3801 Post

1822 3856 1940 3911 qu.e
1979 3836 2323 3907 subiungitur
2354 3855 2366 3889 :
2400 3854 2417 3888 ι
2452 3836 2602 3892 Unde
2653 3847 2833 3889 vestra
2880 3835 3131 3905 religiosa
3177 3843 3233 3889 et
3262 3835 3419 3892 nobis

1823 3932 2145 3987 charissima
2173 3929 2469 3983 dominatio
2501 3928 2804 3983 certissime
2845 3927 3001 3992 sciat,
3026 3928 3151 3998 quia
3176 3928 3415 3998 quaiidiu

1826 4025 1927 4079 iste
1976 4022 2147 4077 frater
2176 4031 2367 4076 noster
2407 4018 2682 4075 Bertull‘us
2728 4036 2758 4073 a
2797 4018 2954 4075 nobis
3002 4019 3053 4073 in
3096 4017 3419 4075 Trevercnsi

1823 4116 2065 4175 Ecclesia
2091 4115 2372 4170 ordinatus
2401 4128 2688 4183 cpiscopus
2719 4114 2771 4166 iii
2799 4114 2902 4167 hoc
2947 4111 3160 4166 mortali
3193 4126 3422 4182 corpore

1824 4209 2045 4273 vixerit,
2071 4210 2209 4261 alter
2241 4205 2294 4260 in
2327 4208 2515 4261 eadem
2554 4205 2795 4261 Ecclesia
2824 4206 3107 4262 ordinatus
3132 4206 3419 4275 episcopus

144 4294 313 4363 populi
340 4302 539 4365 petant
559 4293 667 4348 sibi
699 4305 988 4355 rectorem,
1021 4302 1074 4345 et
1118 4293 1218 4347 hoc
1243 4291 1447 4362 justum
1490 4308 1628 4354 esse,
1665 4301 1721 4346 ut
1756 4328 1799 4384 υ
1829 4317 1933 4355 non
1961 4300 2084 4365 crit,
2124 4298 2228 4352 nisi
2259 4296 2399 4352 forte
2428 4298 2560 4368 ipse,
2606 4298 2746 4367 quod
2795 4297 2957 4362 absit,
2998 4297 3170 4353 sacris
3222 4296 3421 4366 regulis

146 4400 195 4441 et
223 4391 317 4459 ipsi
362 4389 607 4453 veniant,
651 4396 707 4442 et
753 4403 875 4441 cum
930 4386 1047 4455 ipso
1089 4387 1340 4441 ordinent
1384 4386 1717 4457 episcopum.

148 4478 291 4544 Quod
313 4481 353 4535 si
376 4489 679 4535 conventus
703 4476 898 4531 litteris
923 4476 1173 4539 tacuerit,
1197 4488 1252 4530 et
1274 4475 1719 4542 dissimulaverit,

150 4572 372 4643 nihilque
416 4571 790 4642 rescripserit,
835 4567 1275 4624 satisfaciendum
1329 4584 1450 4623 esse
1489 4570 1719 4640 populis,

148 4675 204 4720 ut
231 4668 433 4722 veniant
458 4683 521 4722 ex
550 4666 731 4720 vicina
762 4662 1040 4732 provincia
1071 4663 1334 4731 episcopi,
1366 4670 1421 4716 et
1469 4664 1721 4718 ordinent

152 4760 462 4831 episcopum.
508 4758 589 4814 Ex
645 4756 847 4827 quibus
886 4756 986 4811 rite
1030 4753 1318 4828 colligitur,
1355 4752 1479 4825 quia
1522 4759 1565 4814 si
1600 4776 1722 4830 pro-

150 4854 312 4908 vincia
332 4854 684 4912 Trevereiisis
706 4869 818 4907 iinii
844 4851 945 4905 nisi
968 4869 1131 4906 unum
1159 4854 1238 4906 vel
1264 4846 1468 4907 nullum
1500 4854 1722 4911 haberet

152 4947 462 5019 episcopum,
506 4947 753 5018 episcopi
804 4942 1087 4999 Rcmensis
1133 4944 1465 5014 provinciic,
1520 4952 1721 5017 petenti

152 5032 290 5090 clero
309 5048 359 5093 et
389 5037 585 5109 populo
616 5034 980 5091 Treverensis
1011 5033 1280 5103 Ecclesize,
1322 5035 1545 5094 deberet
1586 5043 1725 5098 ordi-

1825 4390 2074 4457 obviaiis,
2108 4407 2202 4460 per
2233 4392 2450 4445 easdem
2500 4405 2686 4445 sacras
2733 4388 2946 4458 regulas
2990 4388 3313 4459 deponatur.
3353 4378 3422 4443 Et

1826 4486 1995 4540 istem
2028 4492 2385 4554 pra-sumptor
2411 4489 2465 4534 et
2512 4491 2759 4550 apostata
2800 4480 3102 4533 monachus
3145 4477 3326 4533 Walto
3356 4479 3423 4533 de

1826 4575 2159 4631 monasterio
2208 4572 2565 4628 Trevercnsis
2616 4571 2892 4643 parochiai
2947 4585 3255 4640 utinquam,
3306 4562 3422 4637 iani

1820 4668 2024 4741 julirio
2049 4665 2285 4737 Spiritus
2309 4663 2480 4719 sancti
2517 4680 2684 4735 super
2712 4676 2837 4719 eum
2873 4660 3104 4731 prolato,
3137 4662 3191 4715 in
3224 4656 3429 4714 Treve-

1835 4762 1977 4818 reusi
2011 4760 2271 4825 Ecclesia,
2297 4773 2459 4829 quain
2487 4759 2840 4815 exitiabiliter
2877 4757 3163 4831 usurpavit
3190 4765 3244 4812 et
3268 4754 3432 4820 linsit,

1830 4842 2032 4927 poterit
2054 4868 2172 4907 esse
2200 4851 2504 4921 episcopus.
2530 4849 2605 4908 Et
2630 4854 2696 4919 si,
2742 4858 2799 4904 ut
2830 4848 3090 4916 diximus,
3119 4863 3216 4920 pro
3258 4853 3435 4898 vestra

1835 4947 2141 5002 reverentia
2162 4947 2264 5001 hoc
2287 4961 2392 4999 non
2416 4940 2787 5011 dill'erreiuus,
2812 4959 2915 4996 non
2939 4946 3117 5000 solum
3145 4957 3240 5012 per
3259 4950 3440 4990 sacros

1824 5024 2076 5096 icaiioues
2101 5038 2552 5100 decerneremus,
2592 5054 2653 5095 ut
2682 5043 2955 5103 nunquam
2986 5046 3043 5089 ct
3087 5038 3345 5095 nusquam
3376 5025 3442 5072 ad

152 5143 281 5182 nare
305 5132 627 5202 episcopum.
656 5128 759 5184 Cui
805 5124 1056 5181 Ecclesia:
1100 5144 1305 5186 omnes.
1360 5143 1590 5197 quorum
1635 5151 1724 5190 no-

154 5219 293 5273 mina
315 5223 621 5294 prmscripta
656 5223 709 5276 in
737 5217 920 5287 capite
950 5217 1105 5287 hujus
1132 5219 1377 5291 epistola:
1402 5219 1526 5290 legit
1557 5225 1727 5296 gloria

158 5318 342 5379 vesua,
378 5312 611 5367 unanimi
642 5322 775 5366 voto
800 5316 962 5376 atque
990 5324 1249 5367 consensu
1279 5311 1505 5367 fratrem
1531 5327 1584 5372 et
1605 5335 1731 5374 con-

1836 5131 2035 5205 gradus
2076 5126 2479 5188 ecclesiasticos
2537 5135 2896 5201 [irresuineret
2930 5128 3213 5183 accedere,
3259 5128 3445 5205 verum

1833 5225 1934 5281 sub
1960 5224 2312 5279 anathemate.
2338 5235 2464 5277 cum
2499 5235 2800 5289 ponemus,
2830 5218 3039 5270 ret-rudi
3073 5218 3124 5271 in
3154 5202 3447 5303 ergastulo,

1830 5298 2129 5372 Secundum
2177 5329 2370 5372 sacras
2418 5315 2676 5379 regulas,
2724 5314 3143 5367 dccct‘nct‘eiiins
3176 5319 3188 5355 :
3220 5307 3277 5352 et
3401 5298 3453 5344 ἰιι
3504 5375 3509 5379 9
