3904 5396
500 303 602 361 I99

1558 305 1949 364 FLODOARDI
1980 304 2295 362 CANONICI
2338 303 2681 362 REMENSIS

3661 309 3763 367 200

491 422 763 473 exsortem
790 430 819 469 a
850 414 1097 480 Domino,
1124 430 1224 485 per
1251 431 1411 485 quem
1460 431 1614 487 reges
1643 427 1872 487 regnant
1898 414 2077 487 (Prov.
2111 430 2157 486 Α
2187 431 2308 469 emn
2341 417 2574 470 retinere
2621 414 2857 481 fatetuti,
2896 416 3152 471 intimans
3193 417 3335 487 quod
3395 428 3618 475 sanctus
3646 420 3761 476 Clo-

491 513 639 579 vttt),
670 518 724 561 et
751 524 819 562 ex
854 523 961 577 quo
985 516 1038 561 et
1075 522 1171 577 per
1200 524 1359 576 quem
1408 510 1688 563 exordium
1724 525 1879 565 sacer
1920 511 2083 579 cu‘pit

490 601 847 669 episcopatus,
880 599 995 654 ﬁeri
1030 602 1158 655 totis
1186 602 1390 656 uisiluts
1430 617 1746 668 exoramus,
1792 604 1934 659 illius
1974 604 2083 658 cle-

490 691 748 743 mentiam
782 689 1154 758 deprecantes.
1189 700 1248 745 ttt
1277 692 1366 745 det
1393 692 1544 746 vobis
1573 694 1712 748 velle
1738 704 1792 748 et
1823 695 2083 763 perlicere

490 794 587 848 pro
619 778 755 832 bona
789 779 1064 833 voluntate
1114 796 1232 849 qua:
1263 784 1517 851 prteeepit
1545 783 1765 852 (Philip.
1801 784 1860 855 ιι)
1894 799 1909 838 :
1950 801 2082 854 qua—

490 879 646 922 tenus
691 872 1009 927 mereamini
1044 873 1322 942 percipere
1370 883 1570 927 :eterna
1604 876 1820 943 gaudia,
1867 892 1987 945 quae
2025 890 2083 932 se

488 961 838 1031 diligentibus
869 964 1216 1032 repromittit.
1249 984 1267 1016 ι
1304 964 1431 1018 Item
1475 966 1806 1036 reSpondens
1840 968 1906 1021 ad
1940 967 2083 1023 litte-

490 1067 601 1117 ras,
628 1068 764 1122 quas
800 1053 939 1107 idem
979 1070 1072 1107 rex
1102 1054 1150 1109 ei
1202 1055 1593 1119 transmiserat,
1626 1072 1822 1127 rogans
1874 1067 1931 1111 ιιι
1973 1068 2081 1113 tam

491 1160 588 1213 per
632 1159 692 1198 se
743 1160 903 1214 quam
936 1159 1285 1213 quoscunque
1337 1155 1564 1214 poterat,
1596 1146 1871 1202 orationes
1899 1157 2083 1217 ageret

489 1250 588 1304 pro
632 1235 875 1305 genitore
923 1235 1089 1305 ipsius
1137 1236 1299 1304 regis,
1341 1236 1432 1307 qui
1473 1247 1797 1307 apparuerat
1837 1238 1885 1292 ci
1923 1239 1974 1292 in
2003 1239 2082 1293 vi-

487 1328 673 1391 sione,
740 1327 1035 1382 obsccraus
1086 1337 1145 1381 ut
1195 1327 1370 1398 paruis
1421 1329 1656 1399 eriperet
1713 1345 1834 1383 cum
1886 1329 2082 1398 quibus

488 1421 855 1474 detinebatur.
888 1418 1040 1475 Unde
1088 1430 1143 1475 et
1190 1421 1323 1475 satis
1357 1421 1538 1475 utilem
1582 1422 1648 1474 ad
1678 1437 1800 1475 cum
1834 1420 2083 1475 rescribit

490 1512 772 1581 epistolam
804 1511 868 1566 de
904 1512 1062 1566 modo
1091 1520 1145 1566 et
1168 1511 1429 1582 qualitate
1457 1512 1744 1575 orationis,
1772 1512 2073 1566 auctorita-

490 1603 637 1657 tibus
666 1604 897 1672 pIeuam.
928 1602 1059 1656 Itent
1090 1618 1187 1672 pro
1217 1603 1377 1658 rebus
1403 1603 1577 1657 sancti
1609 1601 1838 1671 Remigii
1877 1601 1997 1656 sitis
2024 1601 2076 1655 in

492 1691 718 1766 Vosago,
744 1707 797 1749 et
823 1695 925 1749 alia
955 1694 1127 1764 plura.
1156 1694 1235 1748 Ad
1266 1693 1432 1749 lilium
1460 1710 1675 1764 quoque
1702 1694 1888 1763 ipsius,
1914 1694 2079 1763 arqui-

2185 510 2412 566 doaldus
2441 512 2684 567 eamdem
2707 522 2896 568 sancto
2931 514 3174 584 Remigio
3201 515 3441 579 dederit,
3471 515 3764 572 admonens

2185 619 2251 658 ne
2268 603 2367 659 hoc
2401 603 2521 659 inde
2547 614 2754 675 ageret,
2779 608 2919 660 unde
2946 608 3450 661 condemnationem
3468 608 3664 661 anima:
3678 622 3760 663 ae-

2186 701 2449 768 qnireret.
2476 699 2606 754 Item
2639 716 2736 771 pro
2783 700 3047 757 electione
3091 702 3326 771 episcopi
3358 701 3605 755 ecclesia:
3643 716 3761 754 con-

2186 792 2423 847 cedenda
2486 791 2885 849 Cameracensi.
2952 793 3082 848 Item
3140 794 3207 847 de
3265 792 3501 847 utilitate
3555 792 3747 845 animae

2187 886 2444 954 regioque
2474 887 2639 955 ipsius
2666 889 2894 951 honore,
2927 888 2979 942 itt
3009 903 3113 957 qua
3145 894 3561 946 commemorat,
3600 881 3741 952 quali

2188 986 2271 1031 ter
2303 987 2460 1047 pater
2508 979 2676 1048 ipsius
2727 977 3014 1034 Lotbarins
3059 979 3332 1048 Augustus
3361 976 3412 1030 ei
3461 990 3522 1030 se
3572 974 3763 1044 ipsum,

2183 1082 2445 1138 suamque
2482 1070 2955 1125 commendaverat
2980 1070 3218 1123 animant

2771 1181 2997 1237 CAPUT
3034 1180 3175 1238 XXI.

2253 1271 2330 1327 De
2353 1272 2433 1327 Itis
2451 1288 2569 1343 qua:
2588 1273 2901 1343 quibusdam
2925 1274 3321 1356 arcltiepiscopis
3345 1273 3422 1327 vel
3446 1272 3702 1343 episcopis

2864 1356 3093 1408 scripsit.

2253 1431 2490 1487 Diversis
2517 1434 2679 1488 etiam
2713 1443 2820 1488 tam
2858 1435 3122 1504 episcopis
3150 1452 3311 1505 quant
3347 1434 3766 1505 archiepiscopis

2180 1520 2497 1576 multimoda
2554 1522 2783 1576 utillima
2810 1524 2954 1578 dedit
2991 1524 3212 1593 stripta.
3244 1523 3394 1578 IIecti
3444 1525 3764 1578 trevirorutn

2180 1615 2594 1686 arcltiepisc0po
2654 1616 2847 1671 scribit
2883 1615 3245 1671 ordinationis
3295 1631 3405 1671 sua:
3448 1616 3763 1686 primordia,

2179 1710 2415 1768 oﬂ‘erens
2441 1727 2501 1767 se
2528 1712 2734 1767 socium
2759 1721 2813 1767 et
2859 1713 3232 1767 obsecntorem
3278 1712 3330 1766 itt
3384 1711 3768 1767 ecclesiasticis

486 1800 677 1841 vocum
704 1787 837 1857 ejus.
868 1786 1059 1840 scribit
1088 1799 1185 1856 pro
1224 1784 1349 1839 villa
1398 1784 1721 1849 Deduciaco,
1765 1784 2075 1854 significans

2184 1803 2418 1874 negotiis
2448 1803 2617 1873 ipsius
2641 1804 2951 1872 pateruitati
2978 1819 2993 1869 ;
3025 1803 3147 1858 item
3175 1803 3240 1857 de
3261 1804 3450 1858 eadem
3475 1819 3557 1866 re,
3588 1813 3768 1872 petens

489 1882 722 1951 qualiter
751 1889 970 1936 sanctus
998 1879 1322 1934 Clodoaldns
1343 1894 1461 1932 eam
1491 1878 1549 1932 S.
1579 1877 1824 1948 Remigio
1848 1876 2075 1940 dederit,

485 1982 541 2027 et
574 1973 844 2042 quomodo
892 1970 1121 2026 Karolus
1176 1970 1387 2041 Pippini
1444 1970 1586 2040 regis
1640 1969 1781 2023 lilius
1831 1969 2078 2023 eamdem

496 2064 677 2118 villam
706 2065 846 2135 apud
889 2063 1159 2134 Tilpinum
1204 2062 1670 2132 archiepiscopum
1696 2060 1992 2116 obtinuerit
2025 2062 2078 2115 iu

489 2157 849 2226 prmstariam,
899 2170 962 2210 ea
1020 2156 1349 2219 conditione,
1406 2144 1481 2209 ut
1516 2153 1750 2225 capellas
1802 2152 1869 2208 ad
1910 2153 2079 2222 ipsatu

491 2246 827 2315 pertinentes
857 2261 978 2300 cum
1009 2245 1166 2299 nonis
1193 2254 1249 2299 et
1292 2244 1517 2299 decimis
1552 2245 1839 2314 episcopus
1882 2241 2075 2296 Remo-

489 2354 608 2391 rum
650 2337 930 2403 retineret,
984 2346 1039 2392 et
1074 2353 1168 2393 rex
1216 2336 1501 2392 duodecim
1550 2337 1720 2392 libras
1766 2335 1977 2407 argenti
2025 2336 2077 2391 itt

487 2429 845 2485 Iuminaribus
875 2431 1115 2486 ecclesiae
1163 2430 1339 2496 daret,
1369 2440 1426 2485 et
1476 2431 1621 2501 quod
1660 2431 1805 2487 hunc
1854 2445 2077 2487 censum

489 2536 600 2583 tam
628 2528 744 2598 ipse
772 2542 888 2593 rex,
916 2544 1077 2598 quam
1108 2542 1451 2583 successores
1473 2527 1590 2598 ejus
1618 2526 1996 2598 persolverint,
2025 2534 2081 2581 ct

485 2620 632 2689 quod
665 2620 779 2689 ipse
805 2634 1019 2689 quoque
1050 2636 1079 2673 a
1112 2630 1264 2689 patre
1292 2620 1433 2675 illius
1461 2621 1711 2676 eumdem
1759 2635 1978 2674 censum
2013 2619 2077 2674 de

486 2706 708 2777 praefata
759 2709 887 2763 villa
939 2709 1224 2779 receperit.
1255 2709 1360 2763 Sed
1410 2718 1465 2764 et
1494 2709 1562 2763 de
1614 2709 1737 2763 villa
1778 2708 2075 2776 Noviliaca,

485 2797 756 2866 quomodo
786 2813 815 2850 a
840 2797 1205 2852 Karlomanno
1234 2798 1356 2853 data
1390 2799 1565 2854 fuerat
1594 2810 1781 2855 sancto
1807 2798 2073 2870 Remigio,

488 2898 539 2943 et
564 2890 691 2961 quid
719 2899 904 2960 postea
930 2890 996 2946 de
1022 2890 1136 2961 ipsa
1166 2889 1328 2947 fuerit
1355 2902 1556 2946 actum.
1582 2890 1713 2946 Item
1738 2892 1804 2945 ad
1828 2893 2074 2946 eumdem

485 2981 554 3037 de
585 2984 811 3039 consilio
862 2985 1165 3040 divinarum
1229 2985 1631 3056 Scripturarum
1684 2987 1974 3056 qumrendo
2020 2991 2075 3040 et

484 3071 844 3138 observando.
874 3084 929 3129 et
965 3076 1032 3129 de
1072 3074 1399 3131 consiliariis
1446 3076 1880 3142 inconsideratis,
1911 3086 2073 3134 caele.

2182 1910 2241 1950 se
2265 1893 2334 1948 ab
2362 1910 2429 1949 eo
2461 1894 2679 1960 instrui,
2701 1905 2754 1948 et
2779 1911 2875 1965 pro
2898 1895 3007 1949 lilio
3031 1894 3242 1959 haberi,
3264 1894 3589 1965 signiﬁcans
3612 1894 3765 1949 etiam

2181 1988 2248 2042 de
2275 1987 2472 2041 itinere
2524 2002 2642 2051 suo,
2674 2002 2781 2057 quo
2833 2002 2892 2042 se
2945 1986 3170 2041 Romam
3199 1996 3383 2055 petere
3410 1985 3763 2056 disponebat;

2184 2077 2310 2132 item
2336 2078 2403 2133 de
2431 2078 2725 2142 Condrico,
2764 2093 2922 2146 quem
2953 2077 3528 2133 excomtmtnicaverat
3582 2076 3690 2138 ille,
3719 2086 3767 2130 et

2180 2170 2249 2225 de
2273 2169 2523 2226 Fulcrico
2552 2186 2582 2224 a
2613 2184 2673 2224 se
2716 2169 3213 2235 excommunicato,
3240 2168 3331 2238 qni
3392 2166 3670 2236 refugium
3718 2167 3766 2221 in

2182 2256 2505 2313 Treverensi
2554 2257 2753 2312 habere
2779 2257 3067 2312 videbatur
3092 2256 3428 2326 episcopatu.
3461 2252 3766 2310 Guntbaldo

2181 2348 2656 2422 (Gunt.Rothom.)
2691 2349 3101 2419 archiepiscopo
3150 2348 3345 2403 scribit
3394 2363 3496 2417 pro
3537 2346 3766 2415 quodam

2179 2443 2514 2513 presbytero.
2540 2444 2606 2497 de
2635 2441 2761 2512 jure
2785 2439 3153 2496 ecclesiastico
3199 2438 3580 2493 conservando
3602 2453 3619 2502 ;
3645 2436 3764 2491 item

2178 2549 2276 2604 pro
2313 2535 2396 2590 bis
2420 2549 2540 2604 qua:
2562 2533 2615 2588 in
2638 2534 2843 2605 synodo
2872 2541 3018 2603 gesta
3047 2532 3288 2595 fuerant;
3321 2529 3516 2583 Amolo
3551 2528 3670 2599 Lug
3691 2530 3759 2581 iu-

2179 2625 2351 2687 nensi,
2381 2625 2446 2678 de
2479 2624 2675 2694 placito
2699 2623 2842 2694 quod
2891 2623 3149 2676 habuerat
3175 2637 3297 2674 cum
3331 2635 3456 2691 rege
3504 2620 3769 2691 regnique

2177 2715 2529 2787 primoribus.
2556 2715 2623 2770 de
2642 2713 2948 2771 Judzeorum
2987 2714 3041 2768 in
3084 2714 3189 2768 hoc
3219 2727 3383 2783 regno
3408 2719 3593 2777 stata;
3646 2711 3761 2765 item

2177 2809 2245 2865 de
2282 2809 2737 2880 synodoatribus
2769 2807 2986 2877 regibus
3033 2806 3303 2867 condicta,
3358 2813 3415 2859 et
3470 2804 3539 2858 de
3588 2804 3762 2859 Ehoae

2176 2914 2507 2970 praecessore
2534 2899 2721 2968 ipsius,
2745 2908 2797 2952 et
2827 2898 2947 2953 aliis
2968 2896 3255 2957 nonnullis,
3282 2895 3336 2950 in
3358 2909 3463 2963 qua
3490 2910 3621 2948 eum
3645 2893 3762 2948 cIta-

2176 2992 2448 3046 rissimnm
2463 3000 2516 3045 et
2533 2991 2837 3044 unanimem
2852 2990 2950 3043 sibi
2970 3000 3173 3059 patrem
3189 3004 3246 3042 se
3262 2988 3459 3043 habere
3476 2987 3760 3058 significat;

2176 3081 2302 3136 item
2327 3081 2393 3137 de
2421 3080 2676 3136 Lotltario
2704 3095 2849 3149 rege,
2871 3091 2926 3134 et
2975 3080 3097 3133 aliis
3118 3078 3438 3148 quibusdam
3484 3079 3672 3137 rebus.
3710 3075 3760 3130 in

487 3166 671 3234 risque
696 3168 859 3223 rebus
885 3168 1119 3237 qualiter
1147 3168 1286 3223 istud
1318 3184 1540 3239 regnum
1572 3169 1892 3235 habebatur,
1920 3182 1974 3225 et
2006 3187 2073 3227 ne
2101 3160 2145 3221 C
2177 3186 2280 3239 qua
2315 3186 2372 3224 se
2399 3169 2566 3223 lilium
2618 3169 2923 3224 dilectionis
2978 3168 3147 3238 ipsius
3200 3166 3471 3237 appellat;
3513 3165 3649 3220 item
3701 3166 3763 3220 do

488 3255 616 3310 illud
649 3256 902 3312 invadere
932 3268 1300 3328 prmsumeret.
1328 3258 1459 3313 Item
1508 3275 1606 3329 pro
1637 3260 1893 3315 salvauda
1940 3260 2073 3317 civi.

491 3354 602 3402 tate
629 3347 902 3413 Remensi,
930 3358 984 3404 et
1033 3350 1302 3418 parcendo
1346 3351 1517 3406 sacris
1563 3351 1717 3417 locis,
1760 3352 1804 3407 si
1847 3353 2070 3408 veniret.

484 3432 619 3490 Item
643 3436 873 3506 qualiter
897 3438 1106 3508 egerint
1130 3439 1365 3509 cpiscOpi
1386 3455 1514 3510 erga
1543 3439 1874 3496 Ludovicum
1904 3441 2073 3496 lilium

485 3520 691 3590 Karoli,
720 3526 935 3595 quando
964 3542 1084 3581 eum
1113 3542 1293 3597 regem
1321 3539 1793 3596 consecraverunt,
1820 3531 1944 3601 quia
1973 3530 2075 3587 iste

488 3614 650 3671 aliter
675 3616 941 3670 audierat.
966 3616 1097 3671 Item
1143 3616 1209 3671 de
1248 3617 1458 3673 duabus
1487 3619 1744 3675 uxoribus
1776 3620 1943 3691 ipsius
1970 3620 2076 3675 Lu-

486 3703 661 3761 dovici
695 3706 785 3761 lilii
817 3706 1017 3773 Karoli,
1050 3707 1281 3779 qualiter
1306 3717 1486 3765 aetum
1532 3709 1715 3776 fuerit,
1753 3720 1807 3765 et
1854 3720 2072 3767 caetera.

561 3794 762 3851 Scribit
788 3806 844 3852 ct
872 3797 1095 3870 Pippino
1135 3800 1244 3870 regi
1296 3800 1642 3871 Aquitattico,
1672 3817 1768 3872 pro
1797 3803 1956 3857 rebus
1987 3819 2076 3859 cc—

486 3888 665 3945 clesia:
690 3906 799 3945 sua:
824 3890 874 3943 in
904 3892 1055 3962 pagis
1079 3891 1391 3955 Arvernico,
1416 3890 1706 3947 Lemovico
1729 3903 1782 3948 et
1807 3893 2077 3950 I’iclavfco

491 3980 632 4043 sitis,
663 3995 762 4050 pro
793 3981 990 4050 quibus
1017 3983 1176 4036 etiam
1207 3981 1419 4037 litteras
1448 3981 1627 4037 Karoli
1661 3984 1802 4052 regis
1830 3984 1895 4039 ad
1925 3999 2077 4039 eum-

494 4070 614 4123 dem
634 4070 914 4141 Pippinum
937 4072 1073 4126 mitti
1096 4072 1346 4137 obtinuit,
1362 4090 1496 4144 quas
1520 4090 1602 4129 res
1617 4073 1942 4145 Frigidoloni
1961 4074 2077 4130 viro

497 4160 687 4214 illustri
734 4163 983 4217 tutandas
1020 4164 1309 4218 commisit.
1346 4164 1542 4220 Karolo
1565 4181 1780 4235 quoque
1820 4165 2076 4221 Ludovici

494 4254 912 4309 transremensis
968 4254 1096 4320 lilio,
1151 4255 1462 4310 collaudatis
1503 4257 1623 4312 lidei
1669 4257 2075 4327 benignitatem,

496 4356 658 4410 quam
705 4343 1060 4398 conservabat
1110 4359 1238 4416 erga
1279 4345 1415 4399 lilios
1457 4345 1661 4401 sobrini
1694 4347 1773 4401 sui
1821 4346 2076 4404 Ludovici

496 4427 918 4486 Karlomannum
944 4432 1091 4503 (Car.
1111 4433 1314 4507 Cross.)
1338 4444 1392 4490 et
1416 4434 1765 4501 Ludovicum,
1783 4438 2077 4494 obsecrans

496 4538 619 4577 eum
646 4540 741 4593 pro
772 4523 1026 4579 Ecclesiae
1051 4525 1140 4580 Dei
1172 4526 1379 4581 honore
1410 4542 1473 4581 ac
1500 4527 1651 4597 regni
1675 4527 1833 4597 liujus
1855 4537 2000 4582 statu
2022 4537 2077 4582 et

499 4613 829 4679 defensione,
855 4623 1019 4685 atque
1041 4626 1099 4669 nt
1123 4617 1359 4687 prmfatis
1388 4616 1571 4686 pueris
1599 4618 1761 4688 regiis
1782 4619 2077 4672 constitue-

498 4716 582 4763 ret
612 4710 924 4780 prudentes,
959 4710 1240 4781 jttstosqtte
1288 4711 1625 4781 pmdagogos,
1656 4710 1747 4779 qui
1782 4724 1876 4764 eos
1919 4710 2078 4764 doce-

497 4810 620 4853 rent
640 4800 731 4853 Dei
766 4798 994 4855 t‘amulos
1022 4801 1310 4867 honorare,
1338 4812 1393 4856 et
1424 4802 1678 4855 mandata
1709 4801 1803 4855 Dei
1836 4816 2075 4865 servare,

498 4892 818 4960 semetipsos
848 4906 1058 4962 regere,
1086 4892 1342 4962 regnique
1394 4891 1758 4963 gubernacula
1813 4891 1915 4947 rite
1961 4900 2075 4945 tra-

497 4990 668 5026 nam-
711 4982 840 5028 Item
866 4996 964 5028 nm
991 4999 1151 5030 causa
1184 4984 1448 5034 Sigeberti
1474 4983 1645 5036 lideIis
1671 4983 1772 5036 sui.
1804 4982 1936 5038 Item
1974 4982 2080 5040 L0-

2172 3259 2507 3316 Gotltescalci
2540 3261 2645 3313 vita
2679 3258 2761 3314 vel
2784 3258 3209 3319 comesatione.
3240 3256 3656 3328 prmitieatioue.
3676 3254 3760 3308 de-

2173 3351 2550 3422 prcbeusione,
2604 3360 2768 3420 atque
2811 3351 3285 3410 condemnatione.
3338 3349 3413 3402 rei
3475 3347 3759 3401 veritatem

2174 3456 2481 3510 exponens;
2517 3439 2770 3494 IIrabano
2816 3440 3102 3510 Mngtltttim
3144 3437 3383 3509 prmsuli,
3414 3452 3584 3507 super
3619 3435 3758 3505 ejus-

2177 3531 2299 3584 dem
2329 3528 2673 3584 Gotbescalei
2709 3527 2889 3599 (quem
2940 3529 3081 3584 idem
3131 3526 3370 3595 pontifex
3412 3544 3442 3581 a
3503 3524 3759 3595 parochia

2175 3634 2270 3675 sua
2302 3621 2371 3674 ob
2400 3621 2662 3674 lueresum
2684 3619 2911 3685 semina,
2945 3635 3063 3688 quin
3111 3618 3419 3688 spargebat,
3464 3616 3757 3685 repulsum,

2177 3712 2243 3765 ad
2273 3712 2521 3765 eumdem
2560 3726 2681 3765 cum
2742 3710 3060 3780 quibusdam
3118 3708 3473 3778 complicibus
3528 3708 3646 3761 suis
3700 3704 3760 3777 li.

2179 3800 2397 3873 ipsius]
2424 3801 2716 3869 direxerat)
2751 3800 3092 3870 susceptione
3124 3798 3205 3853 vel
3237 3798 3614 3861 discussione;
3639 3796 3759 3849 item

2178 3892 2243 3946 de
2266 3892 2367 3947 hac
2397 3893 2585 3947 eadem
2637 3907 2712 3956 re,
2746 3900 2799 3945 et
2831 3892 2960 3962 quid
2999 3902 3121 3961 post
3159 3890 3562 3957 susceptionem
3601 3887 3762 3958 ipsius

2179 3981 2244 4037 de
2274 3982 2460 4038 eodem
2514 3982 2712 4052 egerit,
2757 3982 3035 4051 qualemve
3080 3980 3346 4035 invenerit
3398 3979 3573 4050 ipsius
3618 3993 3761 4032 vesa-

2180 4071 2344 4130 niam.
2370 4072 2653 4127 consilium
2684 4071 2749 4124 ab
2777 4086 2842 4126 eo
2873 4070 3264 4132 rationabilius,
3296 4070 3425 4139 quid
3448 4068 3552 4123 sibi
3577 4069 3762 4123 advero

2182 4177 2273 4217 sus
2300 4176 2422 4215 eum
2450 4161 2714 4229 agendum
2750 4161 2835 4222 sit,
2879 4169 3164 4228 expetens;
3201 4159 3326 4213 item
3350 4158 3418 4213 de
3445 4159 3691 4212 doctrina
3713 4164 3762 4209 ct

2182 4259 2372 4313 luereSI
2396 4256 2656 4325 ejusdem,
2688 4255 2888 4325 etquid
2920 4255 2974 4309 in
3000 4270 3123 4308 eum
3157 4253 3365 4315 fecerit,
3391 4264 3680 4322 postquam
3713 4249 3761 4302 in

2182 4348 2387 4420 synodo
2436 4348 2725 4402 barretieus
2760 4343 3141 4415 comprobatus
3178 4343 3377 4409 fuerat,
3423 4358 3525 4397 nec
3564 4338 3760 4410 corrigi

2182 4442 2389 4511 potuit,
2407 4449 2459 4494 et
2476 4438 2603 4510 quid
2620 4439 2729 4508 ipse
2742 4447 2929 4493 contra
2951 4436 3249 4492 doctrinam
3268 4434 3385 4507 ejus
3398 4433 3762 4490 sentiatdatu-

2104 4507 2155 4567 Ῑ)
2185 4507 2565 4597 nationemque
2595 4507 2782 4598 ipsius,
2814 4543 2999 4597 qmeve
3026 4535 3212 4582 contra
3235 4526 3487 4580 eumdem
3532 4526 3764 4593 scripse-

2186 4621 2279 4683 rit,
2312 4619 2436 4675 huic
2476 4619 2810 4674 discutienda
2833 4618 3046 4683 direxit,
3072 4632 3322 4687 qttmrcns
3343 4618 3509 4671 etiam
3539 4616 3765 4686 qualiter

2186 4708 2252 4763 de
2303 4706 2582 4763 Trinitatis
2639 4708 2743 4762 lide
2801 4722 2866 4762 ac
2916 4707 3389 4778 prtedestinatione
3431 4707 3763 4761 diversorum

2185 4800 2403 4858 Patrum
2420 4802 2525 4856 sint
2543 4801 2896 4870 intelligenda:
2917 4801 3225 4855 sententia):
3245 4801 3296 4853 in
3317 4814 3422 4868 qua
3437 4798 3666 4869 cpistola
3685 4810 3763 4851 as-

2188 4894 2319 4948 serit
2338 4893 2481 4946 bunc
2514 4892 2730 4945 beatum
2768 4890 3041 4944 IIrbanum
3065 4889 3237 4945 solum
3267 4898 3396 4944 tunc
3419 4888 3680 4959 temporis
3703 4887 3763 4939 de

2188 4982 2507 5040 discipulatu
2535 4980 2677 5036 beati
2724 4980 2933 5035 Alcnini
2965 4980 3247 5040 relictum;
3301 4978 3655 5034 Landramno
3679 4991 3766 5031 ar-
