3904 5396
116 352 210 411 201

682 348 1029 408 umorum
1070 343 1425 406 ECCLESIJE
1463 324 1809 397 REMENSIS
1844 338 2023 396 LIBRI
2061 342 2417 410 cuneos.
2450 378 2517 388 -
2543 348 2671 405 ue.
2710 350 2795 406 ut.

3258 354 3364 413 20?.

118 469 277 525 tertio
322 469 390 525 de
429 481 590 524 causa
629 454 861 522 Fulcrici
901 463 1360 520 excommunicati
1388 479 1403 528 ;
1431 462 1556 516 item
1590 472 1688 529 pro
1714 455 1768 516 Α
1791 458 2088 527 sequenda,
2130 458 2482 530 depromens;
2505 461 2574 519 de
2597 462 2874 524 Hinc'mari
2909 470 3125 543 quoque
3152 472 3369 531 Lauda-

120 566 275 621 rebus
302 561 561 618 Ecclesice
588 558 939 616 Trevereusis
990 558 1044 613 iu
1094 557 1385 628 Aquitania
1419 556 1561 621 sitis,
1594 570 1691 626 pro

118 656 309 727 quibus
348 655 492 710 idem
534 654 762 709 domnus
787 650 1111 706 Hincmarus
1160 650 1293 705 satis
1328 658 1513 721 egerat
1550 649 1691 720 apud

117 746 411 802 Arnoldum
445 745 728 814 quemdam
776 743 1165 814 Aquitannum,
1197 741 1288 811 qui
1332 756 1427 796 eas
1455 742 1688 804 tenebat,

117 849 173 893 ut
211 839 354 907 ipsas
382 836 639 891 Ecclesia:
676 835 993 890 Trevcrensi
1024 834 1353 896 restitueret,
1379 833 1521 904 quod
1558 841 1612 889 et
1634 846 1693 887 se

117 932 410 987 obtinuisse
457 918 722 1000 signiﬁcat
765 927 1038 982 Amalrico
1074 925 1269 997 (Amal.
1307 924 1531 995 Turon.)
1568 924 1695 979 reli-

118 1021 281 1092 gioso,
314 1020 742 1090 archiepiscopo,
767 1018 1101 1087 compatiens
1133 1014 1575 1070 tribulationibus
1606 1015 1690 1085 ip-

119 1112 245 1175 sius,
302 1119 357 1165 et
412 1110 699 1164 consolans
733 1110 1071 1179 patientiam,
1134 1115 1295 1176 atque
1348 1108 1691 1177 congaudens

119 1205 381 1259 sanctitati
407 1204 541 1273 ejus,
569 1219 727 1273 quem
752 1202 1061 1259 cbariorem
1088 1202 1228 1257 inter
1247 1203 1442 1257 charos
1461 1216 1520 1257 se
1542 1199 1690 1256 dele-

119 1297 250 1366 gisse
294 1295 590 1365 significat,
620 1295 840 1348 mittens
881 1293 928 1349 ei
977 1293 1224 1363 quredam
1264 1293 1500 1363 pretiosa
1528 1307 1691 1346 orna-

120 1394 311 1448 menta,
341 1385 583 1440 casulam
623 1383 827 1439 scilicet
855 1383 1243 1453 diaprasiuam,
1274 1397 1435 1452 quam
1459 1382 1690 1437 habebat

119 1479 344 1543 unicam,
377 1486 431 1531 et
456 1476 560 1530 alia
584 1475 898 1531 munuscula
928 1490 1047 1530 cum
1072 1475 1259 1530 solidis
1288 1483 1523 1530 centum.
1556 1473 1687 1528 Item

119 1570 295 1624 scribit
316 1569 494 1623 eidem
523 1583 622 1638 pro
650 1569 810 1622 rebus
839 1565 1126 1622 Bernensis
1149 1566 1402 1621 Ecclesim
1444 1567 1495 1620 in
1523 1567 1688 1635 Aqui-

119 1662 252 1715 tania
285 1660 428 1723 sitis,
458 1676 594 1730 quas
619 1659 665 1714 ei
709 1674 801 1712 rex
846 1658 1055 1712 restitui
1081 1655 1258 1725 jubet,
1293 1672 1536 1726 quasque
1580 1665 1690 1711 tra-

119 1746 328 1805 ctandas
395 1750 569 1805 cidem
637 1748 913 1835 Amalrico
986 1748 1312 1801 lidueialiter
1372 1746 1681 1802 committit.

1791 549 1975 604 nensis
2012 551 2348 618 depositione
2386 554 2475 609 vel
2516 556 2878 627 restitutione,
2909 562 3144 632 qualiter
3182 577 3365 627 actum

1791 642 1863 697 sit
1908 644 2282 702 manifestans.
2326 646 2403 704 De
2440 648 2543 705 hoc
2596 651 2761 708 etiam
2815 655 2957 710 unde
3008 656 3370 716 calumniatus

1792 733 1971 789 fuerat
2029 748 2059 791 a
2118 738 2441 808 quibusdam
2474 743 2616 813 apud
2663 746 2911 801 eumdem
2951 763 3165 819 papam,
3211 755 3366 822 quasi

1792 825 1998 881 diceret
2043 842 2150 884 non
2188 830 2367 901 ipsum
2414 833 2637 903 majoris
2682 834 2961 905 dignitatis
2996 854 3117 896 esse
3168 858 3366 915 papam

1791 931 1955 986 quam
2003 930 2144 976 esset
2178 922 2322 992 ipse;
2354 924 2421 979 de
2456 926 2797 982 ordinatione
2834 944 3048 1001 quoque
3089 933 3367 992 llcdeuulti

1793 1010 1848 1065 in
1893 1011 2070 1069 locum
2124 1014 2402 1072 Hincmari
2454 1019 2507 1072 in
2551 1020 2862 1090 episcopatu
2906 1022 3271 1095 Lauduuensi,
3313 1040 3373 1085 et

1790 1104 2203 1162 confirmatione
2266 1122 2418 1178 papa:
2469 1109 2655 1179 ipsius‘
2692 1112 3085 1182 ordinationis;
3131 1117 3255 1172 item
3303 1121 3371 1176 de

1793 1193 2178 1264 Karlomauno,
2225 1206 2281 1252 et
2318 1199 2437 1254 aliis
2475 1202 2815 1270 quibusdam
2846 1200 3027 1273 rebus,
3082 1209 3148 1262 de
3173 1210 3370 1278 quibus

1791 1298 1913 1337 cum
1941 1284 2140 1339 veritas
2186 1287 2551 1342 excusabilem
2582 1291 2831 1347 reddidit.
2865 1294 3199 1361 Quibusdam
3235 1314 3371 1370 quo-

1790 1387 1896 1442 que
1948 1374 2426 1443 calumniantibus,
2466 1378 2592 1434 licet
2646 1384 2976 1451 respondere
3027 1396 3230 1456 posset,
3283 1404 3373 1445 as-

1791 1463 1925 1518 serit
1985 1480 2044 1518 se
2102 1465 2377 1535 noluisse,
2427 1484 2495 1524 ne
2541 1471 2804 1528 conviciis
2865 1477 3109 1531 convicia
3153 1479 3369 1534 videre-

1794 1562 1882 1607 tur
1941 1553 2236 1609 reddidisse
2284 1556 2444 1628 [ms.,
2484 1560 2614 1614 vitia
2666 1561 2940 1618 videretur
3009 1567 3366 1641 addidisse],

1791 1646 2080 1717 gloriosius
2125 1664 2247 1703 esse
2338 1650 2540 1707 ducens
2602 1655 2823 1709 eosdem
2892 1659 3117 1714 tacendo
3182 1659 3369 1731 fugere

1790 1753 1950 1808 quam
2015 1739 2391 1809 respondendo
2448 1755 2744 1810 superare,
2798 1760 2866 1800 ne
2928 1762 3082 1801 suam
3136 1750 3363 1820 gloriam

117 1841 410 1896 Rozblando
438 1840 864 1910 archiepiscopo,
894 1821 1004 1908 pro
1045 1838 1207 1893 rebus
1245 1839 1419 1894 sancti
1458 1832 1685 1909 Remigii

1792 1828 2049 1895 quaesisse
2104 1836 2408 1896 putaretur.
2487 1831 2715 1901 Scripsit
2771 1834 2936 1890 ctiam
2987 1838 3233 1906 quaedam
3296 1842 3365 1895 ad

116 1936 512 2005 conjaeeutibus
558 1937 611 1990 in
669 1935 972 2006 provincia,
1035 1943 1089 1989 et
1121 1948 1221 2004 pro
1266 1932 1532 2001 quondam
1568 1945 1689 2000 prc-

116 2029 317 2085 sbvtero
347 2027 404 2080 in
450 2027 654 2097 synodo
680 2023 1170 2088 exeommuuicato,
1207 2032 1261 2077 et
1291 2021 1462 2076 altero
1482 2021 1536 2075 iu
1569 2020 1688 2075 loco

118 2117 268 2186 ipsius
297 2117 576 2171 ordinato.
623 2114 853 2171 Rodulfo
884 2115 1228 2185 Biturigensi,
1265 2128 1362 2183 pro
1393 2113 1552 2167 rebus
1584 2111 1689 2166 Re-

117 2206 301 2259 utcusis
326 2205 588 2260 Ecclesia!
634 2205 687 2259 in
736 2220 872 2278 pago
924 2204 1213 2259 Lcmovico
1243 2202 1683 2271 conjaceutibus;

117 2296 383 2365 itempro
448 2296 773 2367 quibusdam
842 2294 1361 2360 excommunicatis;
1421 2292 1688 2348 Guntario

114 2384 429 2449 Coloniensi,
460 2396 520 2440 ut
546 2385 848 2441 intercedat
880 2386 1019 2455 apud
1046 2385 1361 2440 Lotliarium
1392 2399 1601 2454 regem,
1632 2389 1688 2437 et

116 2458 306 2546 satagat
340 2491 441 2546 pro
469 2475 735 2530 electione
762 2475 1020 2531 canonica
1043 2473 1451 2531 Cameracensis
1476 2474 1689 2542 episeo-

114 2569 160 2638 pi
200 2577 319 2639 post
360 2568 644 2623 decessum
690 2568 1012 2625 Theoderici
1057 2566 1353 2622 venerandi
1405 2565 1681 2636 praesulis;

116 2658 229 2712 item
254 2659 516 2724 secundo,
548 2658 631 2713 vel
656 2659 818 2714 tertio
838 2675 936 2729 pro
965 2660 1068 2715 bac
1086 2660 1274 2715 eadem
1303 2672 1383 2723 re,
1410 2653 1687 2711 afﬁrmans

116 2765 210 2805 nou
240 2751 341 2806 nisi
374 2750 699 2822 regulariter
751 2752 803 2807 in
845 2752 1035 2807 diebus
1072 2751 1185 2805 suis
1236 2748 1345 2804 illic
1374 2749 1682 2820 episcopum

113 2843 457 2898 ordinandum
488 2843 770 2904 Luitbcrlo
791 2843 865 2917 [c.
888 2843 940 2914 j,
976 2842 1194 2914 Luidb.]
1227 2841 1557 2912 Maguutiuo,
1586 2855 1686 2910 pro

116 2932 261 2987 rebus
322 2934 496 2987 sancti
559 2933 791 3005 Remigii
847 2934 968 2989 sitis
1032 2934 1087 2987 iu
1144 2934 1355 3002 Vosego
1410 2929 1680 3003 [Vosge].

115 3021 407 3092 signiﬁcans
443 3018 676 3093 qualiter
699 3022 917 3093 quidam
939 3023 1137 3079 Gibero
1166 3038 1264 3093 pro
1291 3037 1478 3077 earum
1497 3034 1681 3076 rerum

117 3115 415 3181 pervasione
445 3130 666 3170 sensum
688 3115 1004 3184 perdiderit,
1035 3123 1089 3170 et
1117 3129 1212 3185 per
1237 3115 1505 3184 integrum
1529 3129 1681 3169 men-

1790 1918 2086 1972 Adrianum
2121 1933 2348 1988 papam,
2390 1921 2481 1991 qui
2510 1922 2786 1979 Romanus
2826 1925 3064 1995 pontifex
3115 1930 3370 1986 nonnulla

1789 2009 1840 2063 ei
1895 2009 2133 2080 dirigere
2202 2025 2264 2065 se
2321 2014 2520 2081 scripta
2589 2026 2999 2072 commemorat.
3057 2019 3169 2074 Cui.
3205 2022 3370 2077 etiam

1791 2099 2012 2154 mittens
2065 2101 2348 2171 epistolam
2374 2117 2527 2158 suam
2571 2120 2668 2175 per
2713 2107 3009 2164 Actardum
3054 2108 3366 2167 Naunetcu-

1789 2206 1904 2246 sem
1941 2194 2254 2263 episcopum
2284 2194 2531 2251 laudibus
2569 2196 2802 2265 plenam,
2834 2198 3121 2270 delegavit,
3150 2210 3209 2256 ut
3254 2201 3373 2269 ejus

1786 2284 1904 2339 vice
1950 2286 2004 2339 in
2047 2286 2168 2341 istis
2213 2288 2461 2357 partibus
2506 2304 2670 2359 super
2726 2289 2971 2346 Lotharii
3029 2307 3192 2353 causa
3246 2294 3371 2352 fuu~

1788 2384 2025 2447 geretur,
2077 2390 2343 2448 quatenus
2393 2382 2537 2449 quod
2587 2381 2713 2435 inde
2776 2380 3026 2439 Nicolaus
3074 2395 3211 2454 papa
3256 2386 3365 2451 ,de-

1785 2478 2034 2524 creverat
2093 2481 2417 2525 servaretur.
2462 2470 2762 2543 Respondit
2802 2474 2969 2529 etiam
3010 2476 3078 2530 ad
3133 2478 3369 2547 capitula
3408 2518 3413 2527 .

1786 2562 2050 2631 quaedam,
2089 2564 2238 2635 regni
2267 2562 2599 2620 Francorum
2627 2568 2894 2638 episcopis
2931 2584 2960 2624 a
2990 2569 3199 2627 Joanne
3226 2588 3367 2644 papa

1789 2655 2108 2709 transmissa
2147 2657 2215 2712 de
2256 2656 2554 2728 privilegiis
2592 2660 2737 2715 sedis
2757 2675 2855 2730 per
2886 2662 2917 2715 7
2944 2663 3200 2732 capitula,
3228 2680 3368 2734 quo-
3406 2718 3409 2721 .

1785 2745 1931 2801 niam
1974 2746 2113 2802 idem
2147 2762 2284 2819 papa
2317 2749 2469 2805 nisus
2507 2749 2684 2805 fuerat
2715 2750 3035 2824 AuSegisum
3069 2754 3366 2812 Seneusent

1784 2838 2096 2908 episcopum
2186 2839 2474 2909 primatem
2565 2842 2894 2898 constituere
2972 2846 3171 2916 (epist.
3254 2848 3367 2913 15,

1784 2928 2051 2998 Adriani),
2076 2936 2131 2982 ut
2154 2930 2447 2999 apostolica
2475 2931 2595 2987 vice
2622 2948 2721 3002 per
2744 2931 2945 2991 Gallias
2967 2945 3022 2990 et
3044 2936 3366 2995 Germanias

1784 3014 2055 3072 frueretur
2076 3017 2163 3089 [[2,
2185 3019 2539 3092 fungeretur].
2563 3020 2660 3075 Cui
2692 3025 2907 3079 conatui
2930 3027 3258 3087 .veuerabilis
3280 3029 3369 3084 hic

1783 3109 1981 3178 praesul
2012 3109 2337 3166 Hincm'arus
2370 3111 2667 3167 eﬂlcaeiter
2699 3113 2927 3170 obstitit.
2958 3114 3189 3191 Scripsit
3213 3118 3369 3174 deni-

115 3208 220 3257 sem
247 3206 357 3261 sine
380 3205 789 3261 intermissione
810 3216 1056 3270 vexatus,
1086 3220 1209 3259 cum
1237 3205 1419 3260 dolore
1447 3214 1501 3261 et
1525 3206 1675 3275 peri-
1700 3190 1748 3251 (ἶ
1778 3216 1883 3270 uae
1909 3202 1975 3255 ad
2014 3202 2261 3258 diversos
2295 3204 2576 3274 episcopos
2607 3205 2746 3260 idem
2785 3207 3014 3263 domnus
3041 3190 3364 3267 [linemams

115 3295 225 3350 culo
244 3297 472 3352 maximo
496 3298 659 3352 vitam
686 3297 915 3363 ﬁnierit;
947 3297 1076 3352 item
1096 3313 1196 3367 pro
1227 3297 1454 3352 tuitione
1492 3312 1673 3352 rerum
1710 3322 1715 3331 ο

114 3390 554 3460 przescriptarum,
596 3399 651 3444 et
680 3405 863 3445 earum
916 3389 1135 3445 familia:
1193 3388 1528 3456 defensione,
1592 3390 1675 3444 vel

116 3480 484 3548 gubernatione
519 3496 659 3550 sarpc
686 3481 905 3545 scribit;
934 3481 1063 3536 item
1101 3482 1166 3535 de
1197 3482 1555 3537 collocatione
1579 3497 1674 3536 sua

117 3585 278 3639 quam,
304 3573 493 3627 habuit
526 3573 666 3643 apud
694 3571 896 3628 Trecas
922 3590 1043 3628 cum
1067 3573 1275 3629 Joanne
1298 3590 1453 3644 papa,
1476 3584 1530 3630 et
1546 3576 1675 3646 quid

115 3661 229 3716 boni
264 3679 380 3717 cum
436 3679 503 3717 eo
537 3663 747 3719 locutus
776 3664 941 3719 fuerit
980 3665 1046 3720 de
1088 3666 1223 3735 ipso,
1273 3668 1570 3721 exhortans
1617 3676 1711 3719 ut'

117 3750 304 3808 litteras
342 3765 395 3808 et
444 3755 672 3809 missurn
729 3771 882 3825 papa:
929 3756 1159 3826 benigne
1206 3758 1487 3827 suscipiat,
1514 3767 1571 3813 et
1609 3757 1673 3811 ad

114 3856 224 3895 eum
250 3845 430 3899 venire
459 3846 709 3911 studeat;
746 3847 874 3901 item
900 3846 967 3901 de
997 3849 1227 3916 quodam
1274 3857 1675 3919 transgressore
1704 3876 1709 3887 ι

116 3935 425 4004 presbytero.
452 3935 657 3991 Scribit
702 3937 842 3991 idem
884 3938 1215 3992 venerabilis
1254 3938 1577 3993 lliucmarus
1620 3946 1678 3992 et

117 4021 174 4073 ad
207 4022 509 4080 Lotbarium
554 4024 719 4080 ltalite
751 4041 954 4097 regem,
1009 4031 1099 4097 qui
1137 4044 1215 4095 se,
1267 4028 1454 4083 relicta
1507 4045 1676 4085 uxore

118 4117 325 4183 propria,
365 4118 582 4171 cuidam
610 4116 822 4174 feminae
849 4119 1215 4189 cepalaverat,
1254 4119 1390 4174 dans
1415 4120 1465 4174 ei
1492 4121 1673 4176 cousi-

119 4205 250 4270 liutn,
274 4217 325 4262 et
355 4208 677 4272 admonens,
710 4218 771 4263 ut
803 4223 923 4263 eam
969 4225 998 4263 a
1036 4210 1323 4280 prteseutia
1360 4224 1457 4264 sua
1500 4210 1676 4264 omni-

120 4294 206 4350 bus
228 4308 541 4367 removeret,
573 4300 885 4370 signiﬁcans
916 4317 975 4356 se
1007 4302 1185 4356 domui
1214 4301 1434 4357 Adriani
1463 4302 1676 4374 (Adria-

123 4388 167 4438 ui
197 4388 270 4458 II)
318 4408 471 4462 papae
508 4392 723 4447 litteras
766 4391 862 4462 (est
892 4409 972 4462 cp.
1018 4392 1106 4464 15)
1143 4401 1197 4447 et
1231 4392 1484 4447 mandata
1514 4407 1676 4461 super

123 4476 208 4531 hae
229 4494 279 4534 re
304 4482 630 4551 suscepisse,
661 4489 715 4536 et
745 4491 804 4535 ut
826 4482 967 4535 idem
997 4497 1088 4535 rex
1117 4482 1171 4536 in
1194 4483 1299 4537 hac
1323 4496 1484 4537 causa
1507 4483 1675 4552 ipsius

1778 3293 2050 3362 plurima;
2103 3293 2349 3365 Remigio
2396 3296 2790 3367 archipraesuli,
2829 3313 2930 3368 pro
2979 3302 3142 3356 rebus
3188 3305 3364 3357 sancti

1778 3382 2008 3454 licmigii
2048 3384 2100 3438 in
2140 3386 2416 3453 provincia
2456 3387 2726 3459 Cisalpina
2770 3391 3194 3461 coujacentibus,
3224 3408 3363 3464 quas

1779 3473 1919 3553 idem
1964 3474 2328 3541 committens,
2370 3477 2509 3546 petit
2550 3487 2611 3545 ut
2653 3479 2959 3536 easdcm‘in
2994 3497 3091 3537 sua
3134 3484 3363 3541 tuitione

1777 3567 2063 3636 suscipiat;
2099 3568 2252 3633 item,
2300 3584 2400 3638 pro
2445 3570 2785 3626 ordinatione
2821 3573 2970 3628 Isaac
3005 3573 3362 3645 Lingduensis

1776 3657 2045 3726 episcopi;
2081 3658 2230 3722 item,
2274 3661 2342 3714 de
2379 3662 2761 3717 constitutione
2787 3662 2920 3734 (uis.
2949 3666 3360 3738 consuetudine]

1777 3749 2030 3817 synodica
2061 3761 2280 3819 propter
2311 3751 2799 3808 ecclesiasticarum
2828 3770 3005 3810 rerum
3041 3772 3361 3826 pervasurus

1778 3837 1947 3910 [Κεηι.
1990 3840 2283 3912 Lugdun.],
2315 3851 2371 3896 et
2405 3843 2540 3907 alia;
2566 3844 2710 3906 item,
2737 3845 2805 3898 de
2830 3860 2990 3899 causa
3016 3847 3225 3916 praefati
3257 3848 3362 3901 Lo-

1778 3931 1938 3984 tltarii
1989 3931 2148 4001 regis,
2193 3943 2248 3986 et
2283 3934 2350 3988 de
2391 3935 2660 4003 prmdictis
2704 3935 2866 3989 rebus
2900 3936 3076 3990 cidem
3104 3938 3360 3993 nonnulla
3440 3958 3443 3961 ν

1774 4021 1977 4090 scripta
2035 4022 2271 4088 direxit;
2314 4024 2476 4090 item,
2523 4026 2590 4078 ad
2638 4025 2886 4080 eumdem
2929 4025 3254 4097 Remigium,
3303 4041 3364 4086 et

1774 4119 1999 4166 cancros
2046 4112 2350 4182 episcopos,
2375 4114 2567 4168 domui
2594 4128 2746 4185 papa:
2771 4114 2976 4170 Nieolai
3008 4119 3355 4182 auctoritate,

1777 4204 1830 4257 in
1879 4204 2142 4274 synodum
2189 4202 2328 4273 apud
2388 4203 2730 4261 Suessiouem
2782 4208 2971 4263 venire
3006 4207 3217 4277 jussus,
3260 4226 3360 4281 pro

1776 4310 1935 4350 causa
1969 4297 2189 4352 Vulsadi
2230 4307 2284 4351 et
2323 4298 2648 4368 collegarum
2687 4299 2825 4368 ejus.
2861 4301 3034 4356 Adoni
3066 4301 3359 4360 Viennensi

1774 4387 2183 4457 archiepiscopo
2204 4388 2394 4443 scribit
2421 4389 2559 4445 inter
2584 4400 2802 4457 ciete-ra,
2830 4404 2930 4461 pro
2955 4393 3181 4463 epistola
3210 4395 3357 4450 beati
3398 4456 3401 4459 λ

1774 4476 1917 4532 Aviti
1955 4478 2023 4531 ad
2052 4490 2297 4534 sanctum
2341 4479 2641 4550 liemiglum
2682 4481 2914 4552 scripta,
2945 4496 3107 4551 quam
3134 4484 3356 4552 quidam

122 4582 247 4638 papa
285 4583 554 4642 praecepta
600 4582 908 4636 conservet,
955 4586 1245 4644 suggerere
1286 4583 1474 4639 curat;
1517 4575 1668 4641 item,
1697 4553 2054 4624 DRotfridus
2095 4571 2389 4625 monachus
2436 4572 2487 4625 ei
2540 4571 2752 4626 dixerat
2815 4587 2874 4628 se
2916 4573 3057 4643 apud
3108 4574 3358 4629 eumdem

122 4658 249 4714 aliam
270 4663 560 4733 epistolam
575 4663 644 4718 tle
671 4664 981 4718 hominibus
1003 4677 1192 4732 pacem
1218 4664 1457 4733 recipere
1480 4664 1670 4720 uolen-

123 4748 253 4818 tibus,
281 4755 407 4825 quid
462 4754 588 4808 inde
641 4753 755 4808 ﬂeri
805 4755 1020 4818 debeat,
1076 4753 1386 4809 collaudatis
1416 4754 1561 4824 quod
1605 4753 1671 4811 de

121 4841 401 4906 quibusdam
462 4843 662 4898 talibus
707 4844 890 4915 regale
937 4844 1050 4914 jam
1097 4844 1457 4900 ministeriqu
1508 4859 1668 4899 exer-

121 4937 277 4990 cuerit.
293 4935 528 5008 Scripsit
557 4944 613 4990 et
637 4935 1045 5006 Apologeticum
1067 4944 1254 4992 contra
1276 4935 1670 4992 obtrectatores

121 5039 235 5091 suos,
281 5030 369 5099 qui
409 5027 890 5083 ealumuiabantur
925 5040 1045 5081 eum
1094 5027 1326 5082 diversis
1373 5027 1668 5084 detractio-
1706 5046 1714 5055 η’

122 5120 218 5146 ηἰη-
268 5120 685 5146 η-ε-ιιιιξιῖηηῖΙι-ιη
751 5117 952 5146 ρλῗηιυιι
1000 5119 1138 5146 κνῖσα-³
1179 5132 1369 5146 “unum

1411 5116 1662 5146 ἈΛ-..ιλι-
1704 5130 1709 5137 ¹

1777 4660 2264 4731 Adonem'legisse.
2300 4660 2409 4715 Sed
2453 4662 2587 4717 etsi
2629 4677 2732 4732 qua
2772 4673 3028 4732 praeterea
3071 4664 3138 4718 de
3167 4672 3357 4719 sancto

1774 4752 2022 4822 Remigio
2048 4754 2290 4823 reperire
2318 4755 2540 4820 valeret,
2563 4757 2612 4811 ei
2637 4770 2801 4827 super
2821 4773 3010 4812 aurum
3036 4760 3357 4828 ettopazion

1771 4842 1949 4916 (Prol.
1988 4858 2190 4908 cxvm,
2228 4843 2353 4915 127-)
2401 4846 2638 4913 pretiosa
2683 4857 2743 4900 et
2792 4847 3042 4903 amabilia
3095 4852 3356 4906 mitteret.

1773 4935 2015 4991 Herardo
2043 4935 2436 4991 Turonensium
2476 4938 2728 5003 antistiti,
2754 4938 2841 5011 .de
2876 4940 3196 5009 quibusdam
3228 4955 3362 5011 apo.

1769 5031 1928 5084 statis
1961 5029 2026 5083 ad
2069 5027 2364 5084 Ecclesium
2396 5028 2766 5093 redeuntibus,
2807 5037 2862 5085 et
2888 5030 3013 5088 aliis
3046 5032 3359 5105 pmuiteuti-
3398 5062 3399 5065 η

2322 5120 2450 5146 ίοΑανι
2483 5121 2547 5146 Α...
2591 5122 2707 5146 -.ξει-
2739 5121 3053 5146 αι.ίί.ι.-λ›..---
3086 5123 3245 5146 ...ιι-..-
3298 5132 3359 5146 --Δ

1770 5120 1870 5146 ιι..-
1908 5119 2263 5146 Αδικηεηξάυισιξιι
