3904 5396
479 329 587 383 2υῦ

1513 315 1904 374 ηουοιιιυι
1940 314 2261 372 CANONICI
2299 315 2642 371 REXENSIS

3597 359 3606 364 -
3645 321 3740 378 2N

481 441 812 502 Turonensis
856 437 1108 495 Ecclesia:
1157 435 1259 490 hac
1309 432 1502 489 fiducia
1533 431 1670 496 fulti,
1706 440 1824 502 post
1854 429 2055 485 obitum
2091 440 2134 492 Α
2162 427 2304 482 dono
2331 427 2488 492 datae,
2525 428 2628 481 sita
2675 427 2727 481 in
2775 427 3026 484 Remensi
3071 429 3350 498 parochia,
3391 445 3513 500 qam
3554 431 3744 488 Tunis

476 539 643 611 hujus
663 537 744 591 sui
772 527 1183 600 archiepiscopi,
1215 526 1283 581 ad
1324 523 1574 580 eumdem
1621 522 1877 576 donnmm
1926 519 2061 573 llin-

480 645 721 688 cmarum
753 634 1032 682 venerunt.
1059 620 1201 677 Cleri
1222 633 1436 689 quoque
1457 631 1521 670 ac
1549 614 1718 686 plebis
1747 613 2064 683 petitionem

480 723 548 777 ad
578 722 750 791 ipsum
781 715 1108 778 deferentes,
1133 719 1191 764 ut
1216 709 1418 780 regiam
1448 704 1820 761 celsitudinem
1851 718 1949 773 pro
1985 701 2065 756 eis

477 818 886 887 deprecaretur,
935 816 1205 879 quatenus
1251 802 1571 859 electionem
1614 797 1932 853 canonicam
1969 810 2061 850 res

479 909 649 978 ipsius
675 905 1014 962 concederet.
1046 897 1200 966 Quod
1240 906 1295 951 et
1335 895 1474 949 idem
1507 890 1745 964 pontifex
1776 889 2064 960 promptis-

480 1002 618 1055 sime
652 995 877 1070 peregit.
916 993 1174 1048 lntimans
1215 989 1378 1044 etiam
1416 985 1527 1055 regi
1567 985 1634 1039 de
1673 983 1906 1052 quodam
1949 979 2061 1035 elc-

477 1093 613 1155 rico,
649 1090 742 1158 qui
786 1102 845 1142 se
886 1083 1186 1153 ingerebat,
1233 1095 1340 1134 non
1394 1075 1735 1146 recipiendo,
1797 1071 2064 1142 significat

478 1183 623 1254 quod
661 1177 901 1251 episcopi
940 1175 1181 1244 ejusdem
1213 1171 1525 1242 provinciat,
1556 1168 1732 1222 clerus
1771 1181 1985 1235 qqune
2011 1173 2066 1218 et

477 1277 636 1347 plebs
664 1273 830 1344 ipsius
852 1268 1130 1328 Ecclesiae,
1159 1263 1368 1319 invitati
1401 1261 1724 1315 auctoritate
1757 1258 2064 1328 apostolica:

477 1369 643 1430 sedis,
691 1363 986 1419 Actardum
1036 1358 1138 1415 sibi
1179 1357 1343 1410 velint
1386 1353 1574 1409 donari
1601 1353 1938 1423 episcOpnm,
1970 1349 2062 1419 qui

476 1459 534 1512 in
563 1455 751 1510 eadem
785 1451 1010 1507 ecclesia
1059 1446 1386 1517 baptizatus,
1431 1441 1668 1497 nutritus
1703 1440 2067 1495 ctm-dinatus

477 1545 677 1609 fuerat,
720 1543 846 1597 licet
893 1539 1013 1594 alia:
1057 1535 1260 1592 civitati
1307 1534 1464 1588 datus
1501 1529 1806 1600 episcopus,
1844 1526 1936 1582 sed
1971 1541 2062 1596 pa-

473 1652 736 1711 ganorum
787 1631 1130 1689 infestatione
1178 1625 1455 1696 depulsus,
1504 1630 1558 1678 et
1611 1621 1773 1692 pallio
1827 1619 2001 1673 fuerat
2031 1633 2062 1672 a

474 1708 604 1783 sede
629 1722 924 1795 apostolica
955 1721 1273 1781 honoratus,
1309 1723 1368 1769 ut
1399 1713 1563 1768 etiam
1597 1710 1644 1766 si
1670 1710 1820 1764 locus
1849 1708 1914 1762 de
1944 1721 2061 1763 rue-

2170 528 2412 583 vucatur,
2468 518 2736 583 rescribit,
2783 520 2948 589 petita
2995 521 3294 575 concedens
3338 535 3402 574 ca
3435 522 3744 576 conditione

2170 618 2228 664 ut
2256 609 2478 677 antiqua
2506 608 2644 664 villa:
2681 609 2849 680 ipsius
2879 611 3126 676 ecclesia,
3169 611 3252 665 vel
3281 590 3748 682 presbyter'ejns-

2169 705 2290 759 dem
2322 703 2522 758 nullum
2550 703 2816 774 privii:gii
2864 704 2944 758 sui
2979 714 3202 774 propter
3231 704 3333 759 hoc
3359 702 3744 758 detrimentum

2168 795 2424 863 pariatur.
2481 793 2646 848 Leoni
2695 794 2982 864 episcopo,
3032 801 3086 848 et
3133 794 3343 848 custodi
3404 792 3749 847 bibliothecae

2167 886 2428 942 Romana:
2480 885 2734 940 Ecclesia:
2791 884 2997 940 litteras
3053 884 3192 939 mitti
3249 899 3346 952 pro
3405 884 3751 953 susceptione

2165 979 2451 1051 legationis
2502 993 2632 1044 sum,
2689 980 2747 1032 ut
2794 977 3034 1032 obtineat
3086 977 3224 1047 apud
3261 992 3454 1046 papam
3490 975 3747 1036 Leonem,

2165 1079 2430 1139 quatenus
2458 1069 2575 1140 ejus
2613 1069 2923 1139 petitionem
2978 1069 3205 1140 benigne
3243 1068 3527 1136 suscipiat,
3566 1078 3624 1122 et
3660 1082 3748 1136 pa-

2166 1170 2319 1216 terne
2364 1158 2626 1214 rescribat
2673 1159 2846 1215 cidem
2882 1159 2950 1214 de
2988 1158 3074 1213 his
3101 1173 3219 1228 qua:
3252 1158 3306 1212 in
3337 1157 3537 1212 litteris
3579 1157 3650 1210 ab
3688 1173 3748 1211 eo

2165 1250 2346 1305 missis
2374 1249 2809 1304 continebantur.
2840 1246 3100 1315 Gregorio
3130 1262 3343 1317 quoque
3372 1246 3618 1314 ejusdem
3649 1245 3747 1300 lto-

2163 1358 2335 1398 mana:
2375 1342 2631 1398 Ecclesia:
2670 1340 3055 1396 nomenclatori
3093 1349 3148 1394 ct
3181 1339 3536 1408 apocrisiario
3565 1348 3757 1408 petens

2165 1434 2394 1489 utinter
2432 1433 2617 1488 fideles
2660 1433 2862 1488 amicos
2907 1447 3036 1486 suos
3079 1447 3202 1486 eum
3246 1441 3429 1484 tenere
3475 1430 3752 1500 dignetur.

2163 1523 2294 1577 Item
2347 1521 2622 1593 postulans
2659 1531 2718 1575 ut
2759 1521 2954 1576 domno
3007 1518 3300 1590 apostolico
3351 1518 3755 1588 suggestionem

2163 1628 2316 1668 suam
2344 1611 2728 1681 acceptabilem
2772 1612 2889 1666 ﬁeri
2927 1621 3094 1681 petat.
3135 1609 3526 1667 benedictionis
3557 1609 3607 1663 ei
3640 1625 3756 1664 mus

2166 1702 2386 1758 uascula
2417 1702 2674 1772 dirigens.
2711 1699 2972 1756 Formoso
3021 1701 3163 1756 sedis
3213 1699 3456 1770 ejusdem
3501 1698 3757 1768 religioso

474 1788 677 1888 tropoli
706 1814 1004 1878 adveniret,
1030 1811 1101 1866 ibi
1132 1808 1570 1864 incardinaretur
1590 1802 1866 1874 (ADRI.\N.,
1891 1817 1970 1868 cp.
1997 1800 2058 1854 ll
2094 1788 2139 1846 Β
2167 1791 2483 1862 cpiscopou
2501 1791 2896 1861 l),collaudans
2924 1792 3058 1861 ejus,
3081 1807 3241 1860 quam
3258 1790 3528 1852 audierat,
3553 1789 3759 1842 sancti-

472 1921 524 1966 ει
550 1909 660 1980 12).
697 1909 907 1974 Datque
938 1904 1157 1972 insuper
1207 1897 1321 1969 regi
1375 1894 1678 1959 consilium,
1721 1891 1850 1961 quid
1889 1890 2060 1968 clero,

473 2003 604 2074 quid
638 2000 792 2056 laicis
819 2012 981 2068 agere
1015 1995 1085 2049 sit
1114 1991 1333 2048 interim
1369 1986 1808 2060 principiendum,
1835 1983 1962 2052 quid
1998 1982 2064 2037 de

474 2099 638 2155 rebus
670 2110 807 2166 quas
836 2109 902 2149 ex
941 2088 1203 2146 beneﬁcio
1243 2085 1388 2156 regis
1433 2083 1668 2139 habebat
1696 2078 1906 2143 fecerit,
1935 2077 2063 2131 inti-

475 2203 653 2254 mans,
687 2187 778 2257 qui
806 2201 872 2240 ex
903 2183 1009 2248 his,
1053 2195 1187 2252 quas
1225 2177 1518 2247 reliquerat
1557 2173 1670 2244 regi
1711 2171 1938 2243 placeat,
1980 2184 2066 2223 rc-

475 2281 717 2352 quirens.
755 2279 833 2332 De
878 2272 1198 2346 quihusdam
1241 2283 1456 2339 quoque
1496 2265 1650 2320 libris
1681 2262 1850 2318 sancti
1879 2261 2063 2352 Augu-

475 2350 639 2437 stini,
685 2374 822 2440 quos
872 2366 974 2422 sibi
1021 2365 1090 2418 ab
1131 2362 1322 2417 eodem
1363 2357 1567 2415 remitti
1611 2356 1864 2426 petierat,
1911 2350 2068 2407 etde

472 2461 865 2534 objectionibus
887 2458 1223 2520 Graecorum,
1245 2466 1408 2523 super
1429 2448 1628 2520 quibus
1649 2446 1692 2500 Ν
1701 2445 1917 2534 ἰοοίιιυδῗ
1929 2457 2065 2534 papa

473 2531 648 2614 eidem
689 2553 1040 2610 mandaverat
1085 2556 1140 2602 et
1171 2545 1276 2600 alia
1313 2542 1574 2612 quaedam.
1607 2534 1848 2593 Bertulfo
1879 2531 2066 2587 Trevi-

473 2646 623 2702 rensi
654 2641 1083 2712 archiepiscopo,
1109 2636 1383 2690 instruens
1409 2645 1533 2686 eum
1572 2628 1640 2682 de
1672 2623 1973 2683 ordinanda
2012 2629 2068 2677 et

475 2733 838 2809 gubernanda.
877 2728 1100 2788 dioecesi
1146 2725 1232 2781 vel
1275 2720 1532 2794 parochia
1579 2733 1700 2784 sua,
1742 2725 1848 2772 etc.
1885 2715 1928 2768 A
1960 2729 2068 2784 quo

475 2805 640 2884 etiam
675 2805 893 2892 rogatus
929 2817 1307 2875 Wiliebertum
1351 2810 1800 2867 Catalaunensem
1853 2805 2068 2874 episco-

474 2915 797 2992 pum'misit
839 2912 904 2968 ad
947 2907 1342 2967 ordinationem
1389 2899 1613 2956 Arnoldi
1663 2895 1929 2952 Tullensis
1955 2893 2070 2964 epi-

475 2991 645 3084 scOpi,
678 3009 805 3082 quia
841 3005 1030 3064 eodem
1064 2998 1306 3057 Bertulfo
1339 2993 1654 3051 infirmitate
1687 2991 1928 3053 detento,
1970 3002 2070 3040 nu-

475 3077 659 3160 merus
696 3077 1078 3173 episcOporum
1118 3108 1148 3147 a
1191 3089 1360 3147 sacris
1396 3084 1694 3142 eanonibus
1729 3081 1982 3153 praeﬁxus
2011 3077 2068 3131 in

2170 1886 2294 1939 tatis
2331 1894 2382 1938 et
2413 1884 2655 1938 scicntite
2690 1883 2942 1948 formam,
2971 1898 3326 1953 qumrensque
3353 1883 3524 1952 ipsius
3557 1881 3759 1936 habere

2165 1977 2619 2042 familiaritatem,
2671 1986 2729 2032 et
2775 1987 2834 2032 ut
2883 1977 2998 2048 ipse
3039 1993 3136 2048 pro
3178 1991 3235 2032 se
3283 1977 3538 2047 dignetur
3576 1989 3756 2037 orare,

2165 2071 2337 2126 vicem
2365 2070 2758 2139 reprehendere
2783 2069 3075 2140 spondens,
3099 2076 3153 2122 et
3179 2057 3422 2137 quatiam
3451 2066 3502 2121 ei
3531 2081 3758 2119 munera

2165 2163 2418 2228 mittens,
2469 2171 2527 2216 ut
2563 2162 2647 2216 sui
2701 2161 3016 2216 memoriam
3068 2160 3120 2214 in
3169 2157 3758 2232 orationibushabeat.

2164 2257 2294 2312 item
2323 2265 2606 2327 postquam
2628 2253 2832 2308 litteras
2861 2250 3159 2308 suasvidem
3191 2250 3484 2305 Formosus
3514 2248 3569 2303 ei
3599 2248 3758 2302 remi-

2166 2357 2331 2414 serat,
2368 2348 2422 2402 in
2458 2346 2652 2417 quibus
2677 2344 2744 2400 de
2786 2343 3052 2399 cbaritate
3093 2357 3222 2412 ergo
3255 2357 3376 2396 eum
3407 2339 3758 2411 significave-

2168 2451 2272 2507 rat,
2301 2441 2515 2496 intimat
2551 2441 2676 2510 quia
2705 2454 2954 2509 magnam
2985 2437 3036 2492 in
3069 2437 3182 2508 ipso
3207 2435 3433 2491 haberet
3475 2436 3756 2490 fiduciam.

2165 2534 2297 2590 Item
2327 2533 2628 2590 Gauderico
2671 2533 2921 2603 episeopo
2963 2530 3198 2601 praefata:
3227 2528 3507 2593 Ecclesim,
3538 2537 3600 2582 ut
3640 2544 3760 2582 eum

2169 2629 2224 2682 in
2255 2641 2368 2681 sua:
2409 2623 2709 2680 dilectionis
2739 2621 3000 2691 suscipiat
3035 2621 3320 2691 gremium,
3367 2629 3422 2674 et
3469 2618 3761 2673 Dominum

2169 2725 2490 2785 sanctosque
2549 2711 2820 2784 apostolos
2877 2727 2974 2782 pro
3024 2727 3088 2766 eo
3141 2711 3390 2779 dignetur
3446 2709 3762 2778 implorare.

2167 2807 2360 2864 Joanni
2390 2804 2628 2877 prtefata:
2683 2804 2826 2860 sedis
2871 2802 3128 2872 episcopo
3164 2802 3353 2856 eadem
3383 2815 3524 2872 pene
3551 2801 3761 2862 scribit,

2169 2908 2224 2956 et
2249 2912 2484 2954 canones
2518 2895 2730 2950 Martini
2759 2909 2932 2965 papa},
2960 2893 3308 2964 Evangeliuni
3341 2907 3560 2961 quoque
3591 2891 3763 2946 Naza-

2172 3003 2426 3044 renorum
2469 2987 2569 3041 sibi
2603 2987 2668 3040 ad
2713 2983 3173 3039 transcribendum
3212 2982 3348 3036 mitti
3377 2990 3592 3050 petens,
3618 2991 3784 3052 quab'

2171 3077 2294 3132 dam
2318 3077 2483 3132 etiam
2512 3074 2668 3131 xenia
2705 3073 2776 3128 illi
2811 3072 3149 3128 transmittit.
3182 3069 3404 3125 Yulfado
3433 3070 3764 3140 Biturigensi

475 3154 818 3252 ordinatio‘ne
868 3154 1118 3260 praesulis
1162 3184 1210 3238 ei
1246 3198 1352 3238 non
1383 3181 1590 3234 aderat.
1621 3176 1678 3230 lu
1714 3176 1875 3244 hujus
1901 3172 2068 3228 etiam
2095 3154 2141 3215 (ἶ
2172 3170 2597 3241 archiepiscopo,
2625 3168 2692 3222 de
2720 3167 2803 3222 his
2833 3165 2926 3237 qui
2968 3164 3267 3220 inconsulte
3299 3178 3495 3217 uxorts
3523 3178 3658 3217 suas
3690 3163 3764 3216 in-

475 3281 702 3346 Bertulli
731 3279 1073 3339 ordinatione
1104 3275 1215 3345 jam
1249 3271 1459 3342 pri-.lem
1494 3267 1736 3339 jussione
1769 3260 1954 3317 Karoli
1982 3275 2070 3316 re-

477 3380 564 3452 gis
593 3376 941 3432 Ilinemarum
970 3367 1282 3436 episcopum
1316 3358 1758 3421 Laudunensem,
1792 3352 2070 3408 Hodonem

477 3441 883 3526 ﬁelvaeensem,
914 3466 971 3512 et
995 3456 1297 3512 Johannem
1333 3449 1781 3505 Camer-accusem
1813 3441 2071 3498 transmi-

479 3565 650 3623 serat,
674 3553 740 3609 ad
768 3548 1084 3622 petitionem
1115 3540 1363 3598 Advcntii
1393 3547 1448 3593 ct
1469 3534 1676 3590 Amulli
1695 3533 2072 3602 episcoporum

479 3619 724 3717 ejusdem
769 3619 1114 3695 Trev'irciisis
1156 3631 1480 3688 dioeceseos,
1534 3622 1805 3695 quomodo
1859 3620 1913 3675 id
1968 3619 2072 3675 rite

478 3713 719 3799 deberet,
747 3745 840 3788 eos
861 3724 1120 3784 canonica
1142 3719 1546 3792 apostolicaque
1568 3713 1866 3782 informans
1887 3718 2073 3766 aucto-

478 3828 662 3891 ritate,
694 3831 752 3878 ut
789 3836 820 3876 a
848 3817 1023 3876 sacris
1048 3812 1268 3884 regulis,
1300 3809 1446 3864 nulla
1475 3813 1568 3860 aut
1607 3801 1952 3873 negligentia,
1981 3809 2075 3855 aut

478 3913 917 3992 praesumptione,
957 3910 1013 3965 in
1043 3906 1226 3974 aliquo
1265 3899 1624 3956 discederent.
1667 3894 1869 3950 Scribit
1906 3891 2072 3947 etiam

479 3985 705 4084 przel‘ato
749 4002 994 4063 Bertulfo
1041 4013 1142 4071 pro
1182 3991 1504 4066 quibusdam
1545 3986 1765 4060 capellis
1793 3985 1861 4041 ad
1891 3985 2071 4040 villam

483 4079 878 4160 buodeciacam
924 4087 1342 4163 pertinentibus,
1381 4096 1522 4153 quas
1561 4079 1780 4150 quidam
1812 4091 1878 4132 ex
1914 4089 2072 4146 paro-

485 4193 609 4248 chia
644 4183 952 4246 Trevircnsi
995 4177 1293 4248 usurpabat
1333 4189 1431 4245 per
1469 4170 1757 4227 factionem
1794 4165 2072 4235 cujusdam

485 4279 812 4356 presbyteri,
843 4276 1087 4348 petitque
1120 4270 1222 4326 sibi
1264 4268 1331 4323 de
1361 4266 1447 4321 his
1469 4263 1737 4334 justitiam
1776 4259 1914 4314 fieri.
1941 4257 2075 4311 Item

486 4349 586 4445 pro
609 4349 804 4428 litteris
831 4383 967 4438 quas
992 4361 1264 4419 Ludovico
1290 4358 1401 4428 regi
1421 4351 1862 4412 .Transrbenensi
1889 4349 2073 4404 mitte-

486 4442 603 4530 bat,
644 4472 703 4517 ιιι
729 4475 824 4516 eas
855 4456 966 4528 regi
997 4463 1159 4523 atque
1193 4449 1394 4521 regina:
1443 4445 1607 4517 relegi
1649 4442 1830 4509 faciat,
1874 4451 1930 4496 et
1956 4455 2076 4510 quae

2173 3265 2463 3327 terliciunt,
2497 3263 2820 3318 sententiam
2845 3259 3075 3324 Paulini,
3103 3275 3264 3329 quam
3292 3259 3395 3312 sibi
3422 3259 3566 3312 mitti
3595 3259 3765 3327 petie.

2171 3367 2277 3420 rat,
2301 3354 2564 3411 scribens.
2596 3351 2701 3408 Sed
2729 3361 2783 3406 et
2809 3352 2875 3407 de
2904 3351 3025 3406 aliis
3051 3352 3231 3406 rebus.
3262 3349 3514 3406 Frotario
3552 3349 3756 3406 Burdc-

2170 3445 2398 3518 galensi,
2428 3443 2519 3513 qui
2549 3443 2647 3498 sibi
2683 3442 2840 3496 talem
2870 3442 3081 3496 dixerat
3102 3456 3316 3495 versum
3349 3458 3362 3494 :

2297 3536 2480 3586 Remus
2503 3547 2683 3598 equum
2703 3533 2859 3595 nobis,
2886 3530 3069 3581 malum
3092 3531 3362 3593 Burdegala
3388 3531 3552 3580 vobis.

2172 3619 2337 3676 talem
2373 3626 2495 3688 post
2525 3615 2734 3670 remisit
2763 3631 2776 3666 :

2293 3709 2479 3760 Remus
2500 3719 2679 3770 equum
2705 3705 2857 3768 misit,
2879 3702 3064 3753 mulum
3088 3701 3362 3764 Burdegala
3391 3701 3607 3751 nullum.

2171 3815 2240 3871 Et
2288 3813 2392 3868 alia
2445 3811 2691 3882 quatiam
2738 3809 2810 3864 ad
2851 3807 3100 3864 eumdem
3139 3807 3386 3878 scripsit;
3437 3823 3537 3876 pro
3570 3824 3764 3862 mona-

2173 3906 2324 3963 sterii
2366 3919 2580 3975 quoque
2624 3912 2823 3957 sancta:
2852 3899 3196 3971 Radegundis
3232 3900 3464 3970 regulari
3498 3898 3773 3954 electiene

2173 3998 2482 4059 abbatissae,
2513 4003 2651 4058 etc.;
2680 3993 2830 4057 item,
2852 3993 2918 4047 de
2947 3991 3286 4047 ordinatione
3315 3991 3588 4058 Fulcrici;
3615 3993 3767 4055 item,

2171 4085 2442 4142 Weniloni
2465 4081 2910 4153 Rothomagensi,
2930 4082 2994 4137 de
3013 4081 3276 4150 operariis
3303 4089 3358 4135 et
3382 4095 3572 4151 opera,
3602 4097 3768 4152 quam

2174 4175 2406 4232 faciebat
2441 4177 2509 4228 ad
2537 4173 2712 4227 Pistas
2749 4173 2803 4226 in
2835 4171 3112 4242 Sequana;
3158 4171 3285 4226 item
3337 4169 3404 4225 de
3449 4186 3621 4226 causa
3665 4171 3772 4226 lto-

2177 4269 2321 4324 thadi
2346 4277 2400 4323 et
2436 4265 2637 4322 Odonis
2697 4265 3093 4334 episcoporum.
3155 4262 3388 4333 Drogoui
3437 4261 3767 4318 Metensium

2175 4359 2411 4431 praisuli,
2429 4356 2770 4426 imperatoris
2792 4353 3047 4409 Ludovici
3070 4354 3247 4418 fratri,
3265 4369 3364 4423 pro
3387 4351 3770 4407 familiaritate

2177 4453 2343 4524 ipsius
2373 4450 2749 4521 adipiscenda:
2791 4450 2940 4515 item,
2986 4447 3227 4504 referens
3255 4449 3304 4502 ci
3331 4448 3636 4518 gratiarum
3683 4464 3771 4501 ar-

487 4513 630 4628 apud
652 4567 747 4610 eos
771 4549 895 4606 inde
914 4513 1149 4602 audierit
1169 4539 1364 4596 litteris
1387 4537 1490 4593 sibi
1517 4535 1814 4637 remandet.
1840 4531 2075 4642 bitteras
2104 4513 2153 4572 Ι)
2181 4513 2356 4600 [mnes
2385 4513 2482 4614 ι,τά
2509 4541 2871 4598 ευηίοίιυάίηε
2897 4513 3060 4610 quam
3107 4539 3306 4595 habere
3336 4513 3632 4595 ζ-ίάειχηιιι-
3660 4539 3768 4594 nc-

486 4620 662 4716 aliam,
684 4659 820 4715 quas
866 4636 1083 4695 Arnoni
1123 4633 1375 4703 episcopo
1409 4626 1804 4690 transmiserat,
1837 4621 1938 4676 sibi
1972 4620 2075 4691 legi

485 4713 671 4805 faciat,
701 4713 760 4792 et
793 4746 972 4803 regem
1008 4738 1172 4797 atque
1213 4723 1478 4793 reginam,
1514 4717 1611 4774 sed
1637 4726 1694 4771 et
1717 4713 1972 4784 populum
2007 4713 2074 4766 de

489 4832 707 4886 illorum
748 4824 922 4880 salute
950 4829 1004 4876 et
1039 4831 1174 4888 pace
1205 4823 1407 4869 sanctae
1431 4809 1522 4864 Dei
1551 4805 1801 4862 Ecclesia:
1835 4816 2078 4859 commo-

490 4929 635 4976 neat.
669 4913 864 4972 Joanni
898 4902 1344 4976 Rothomagensi,
1383 4898 1711 4969 respondens
1741 4896 1805 4948 ad
1843 4894 2073 4947 interro-

492 5011 765 5081 gationem
802 5001 972 5071 ipsius
1015 4997 1083 5053 de
1127 4993 1362 5065 quodam
1398 4988 1616 5052 clerico,
1657 4985 1750 5054 qui
1781 4983 1849 5038 ad
1879 4979 2068 5036 Eccle-

491 5075 632 5156 siam
681 5091 973 5166 quamdam
1019 5095 1303 5159 promotus
1351 5082 1660 5152 regendam,
1695 5075 1935 5133 ordinari
1977 5090 2074 5145 per

492 5165 727 5246 aetatem
757 5185 861 5239 rite
897 5196 1008 5237 non
1043 5185 1275 5249 poterat.
1305 5175 1604 5229 Bothstano
1632 5166 1952 5224 Arelatensi.
1981 5165 2073 5234 qui

2176 4635 2378 4689 mensis
2429 4631 2706 4696 Ecclesiae,
2750 4640 2936 4700 petens
2993 4629 3156 4684 etiam
3203 4629 3268 4682 de
3305 4629 3540 4698 quodam
3600 4629 3772 4684 fratre

2175 4726 2334 4796 hujus
2381 4723 2623 4779 ecclesia:
2656 4721 2926 4786 ministro,
2972 4728 3031 4774 ut
3057 4719 3132 4773 ita
3160 4718 3431 4773 frueretur
3463 4718 3772 4789 obsequiis,

2173 4827 2440 4887 quatenus
2478 4814 2707 4870 ecclesia
2750 4813 2851 4867 ista
2890 4811 3211 4866 necessariis
3253 4810 3423 4880 ipsius
3456 4819 3648 4879 posset
3694 4810 3772 4864 uti

2175 4903 2402 4963 solatiis.
2428 4914 2483 4959 et
2512 4903 2617 4956 alia
2654 4901 2921 4972 quaedam.
2952 4899 3200 4954 Rothado
3227 4899 3574 4964 Sucssonico,
3598 4913 3771 4970 quem

2172 5009 2315 5064 saepe
2340 4994 2406 5048 ad
2431 4993 2692 5064 synodum
2721 4990 2903 5046 venire
2930 4987 3262 5044 diﬂercntem
3286 4988 3369 5043 vel
3401 4988 3773 5059 negligentem

2173 5083 2422 5146 vocabat,
2455 5081 2642 5138 scribit
2681 5081 2746 5136 de
2788 5079 3105 5149 quihusdam
3147 5078 3449 5133 eritninatis
3493 5079 3774 5149 parochiae

2177 5176 2512 5232 Suessonieze
2540 5171 2807 5242 personis,
2848 5169 2933 5224 vel
2967 5167 3278 5239 purgandis,
3319 5166 3401 5221 vel
3428 5167 3774 5238 paenitentia:
