3904 5396
124 327 213 384 ξος
676 300 1019 362 lllSTOZtle
1055 291 1408 354 metusne
1449 281 1790 344 RE‘dENSIS
1824 278 2001 336 LIBRI
2044 274 2395 346 QUATUOB.
2419 271 2636 327 ——LlB.
2675 267 2758 324 tu.
3240 263 3349 322 eos

123 437 368 502 nasterio;
415 432 574 495 item,
619 440 719 496 pro
759 418 1100 478 ordinatione
1138 408 1451 470 monasterii
1500 404 1670 463 Sancti
1702 413 1747 470 Α
1774 409 1832 502 et
1857 400 1932 502 de.
1953 396 2191 502 moribus
2222 409 2292 502 ac
2344 392 2592 502 superbia
2643 388 2829 502 ip'slius,
2860 399 2920 502 et
2957 385 3038 502 sic
3087 386 3141 441 in
3193 400 3348 502 clama

125 479 788 590 errestvitdenda
827 513 878 566 in
907 526 974 565 eo
1005 505 1218 576 regula;
1262 503 1408 563 item,
1432 512 1529 569 pro
1553 496 1678 566 qni-
1780 491 2018 555 Domini,
2037 488 2122 544 vel
2150 489 2201 542 in
2222 485 2649 590 Pasc‘lriadebeat
2670 481 2823 590 illum
2854 480 3140 590 admittere
3166 479 3232 534 ad
3255 491 3352 532 au-

123 572 633 682 ,monachis
680 624 743 663 ex
797 572 1124 660 monasterio
1164 591 1524 652 Altvillarcnsi
1557 589 1676 657 luga
1779 583 2030 638 diendum
2061 594 2276 636 sacrum
2312 576 2570 640 ollicium,
2602 573 2687 628 vel
2709 572 3078 642 accipiendam
3107 584 3384 624 commu-.

695 662 957 755 Gndoldo,
1001 689 1091 760 qui
1140 683 1406 741 clamabat
1440 679 1682 782 indebite
1781 675 2028 782 nionem:
2055 681 2110 726 et
2135 670 2265 740 quid
2302 667 2683 782 sibisideat'ur
2703 666 2769 720 de
2795 662 3354 782 sententialllzecbie-

125 755 824 860 g-c’ointbu‘nione'privari,
873 798 970 854 pro
991 755 1097 851 quo
1127 779 1291 832 etiam
1310 772 1492 827 -t:ertio
1540 769 1685 822 litte-
1782 767 1847 822 lis
1878 766 2153 837 pmplieL‘e
2175 779 2280 832 qua
2325 761 2562 816 dicitur:
2593 757 2661 813 In
2695 773 2999 828 quacunque
3039 757 3126 809 die
3162 755 3359 810 cecide-
3387 793 3390 806 .

1783 858 1848 910 rit
1880 856 2083 924 justus,
2116 869 2292 907 omnes
2311 851 2537 921 justitiw
2560 850 2676 920 ejus
2704 851 2754 902 in
2778 848 3028 903 oblivione
3050 847 3359 901 tradentur:
3385 881 3389 886 ς

1784 958 1830 1003 et
1857 962 2166 1018 quacunque
2202 945 2286 998 die
2308 952 2549 1013 peccator
2573 957 2846 995 conversus
2873 939 3029 1008 fuerit
3063 955 3238 993 omnes
3261 939 3366 992 ini-

227 1027 705 1134 ;btisqirivattis,
749 1067 805 1111 ct
849 1027 976 1125 quia
1027 1027 1466 1106 irrationabiliter
1496 1039 1684 1112 synodi
1783 1040 2005 1110 φιὶῑαιεε
2031 1035 2142 1104 ejus
2171 1036 2445 1088 tradentur
2466 1031 2707 1086 oblivioni
2730 1029 2950 1101 (Ezech.
2975 1028 3149 1098 mu).
3181 1027 3287 1083 Sed
3311 1038 3368 1083 ct

126 1119 730 1220 inlaudata—tractaverat,
749 1147 848 1202 nisi
871 1119 938 1200 “se
965 1141 1284 1211 corrigeret,
1307 1135 1579 1191 canonica:
1604 1131 1685 1184 nl-
1787 1126 2254 1185 deconsuetudine
2277 1139 2446 1179 coena:
2478 1123 2685 1177 Domini
2707 1120 3066 1176 celelirauJaz.
3107 1119 3239 1174 ltem
3269 1135 3368 1190 pro

126 1209 263 1314 iiii—nis
280 1254 494 1322 delegat
525 1209 1044 1302 interminationem;
1072 1209 1198 1290 item
1223 1247 1323 1302 pro
1351 1225 1691 1283 ordinatione
1787 1217 2032 1274 ccclesiis
2059 1216 2204 1271 sedis
2234 1214 2516 1269 Rcmcusis
2545 1213 2597 1267 in
2623 1212 2789 1282 ipsius
2817 1210 3035 1266 dimcesi
3061 1209 3202 1276 sitis,
3233 1225 3372 1279 quas
3396 1257 3398 1260 ,

129 1305 790 1409 llineinarifpostobitnm
818 1328 1035 1385 Parduli
1067 1319 1441 1380 Laudnncnsis
1468 1317 1688 1386 cpisco-
1791 1313 1876 1366 ille
1928 1312 2086 1364 aliter
2140 1309 2409 1364 tractabat
2470 1322 2630 1377 quam
2684 1305 2978 1376 episcopali
3053 1305 3373 1361 conveniret

125 1398 506 1508 ἑδῖξὲίεωξρ-το
530 1424 790 1482 Adeloldo
827 1418 1142 1490 presbytero
1183 1415 1341 1484 juxta
1370 1407 1690 1463 sententiam
1789 1403 2056 1508 aequitati,
2084 1413 2144 1456 ut
2165 1402 2232 1456 de
2271 1401 2358 1454 his
2386 1409 2440 1455 et
2460 1399 2602 1508 aliis,
2630 1415 2751 1467 qua:
2777 1399 2988 1508 delipse
3017 1399 3274 1454 audiebat
3296 1398 3374 1452 si-

127 1487 712 1600 ;,;,,,,,},','s,;u.en.io,
771 1487 870 1584 pro
927 1487 1036 1580 quo
1091 1507 1296 1560 litteras
1343 1501 1392 1555 ei
1449 1498 1693 1558 miserat,
1792 1492 1904 1548 mul
1959 1492 2329 1562 loquerentur,
2388 1489 2681 1543 exhortans
2723 1495 2782 1541 ut
2820 1487 3140 1543 alterutrum
3188 1501 3248 1542 se
3285 1487 3376 1541 in-

1129 1598 1136 1600 .
1574 1588 1588 1600 ε
1633 1586 1663 1600 ,ο
1828 1594 1870 1600 ,γ
1924 1598 1935 1600 Α
1986 1590 2064 1600 _,.
2155 1589 2195 1600 ,ι
2249 1580 2469 1600 n__-:---
2529 1589 2709 1600 _.--.--..
2764 1579 3196 1600 -.-_._.-__.I_..-_a
3275 1577 3376 1600 η..-

128 1577 354 1690 ἶιίι-έζίίιθ
402 1612 623 1685 penitus
665 1577 1078 1664 contemnebat;
1127 1598 1252 1650 item
1284 1608 1382 1663 pro
1427 1586 1698 1644 mandatis
1795 1590 2088 1690 strueretit,
2145 1589 2201 1636 et
2249 1580 2476 1634 Domino
2529 1589 2714 1681 mutuo
2759 1579 3220 1690 commendarent.
3267 1577 3379 1690 'Pro

127 1667 538 1782 buddviei
583 1709 638 1756 et
689 1697 948 1753 ﬁrmitate
993 1692 1062 1746 ab
1098 1705 1164 1745 eo
1193 1684 1439 1757 qumsita,
1466 1695 1585 1751 qua:
1612 1694 1698 1734 sa-
1797 1691 1903 1746 qua
1931 1689 1987 1729 re
2013 1673 2212 1728 librum
2256 1685 2473 1741 quoque
2501 1669 2784 1739 scripsisse
2809 1669 3097 1739 reperitur.
3138 1667 3378 1724 Pardnlo

1331 1778 1343 1782 ‘
1414 1775 1426 1782 “
1727 1763 1819 1782 "'
1932 1767 1977 1782 ’ν
2036 1765 2138 1782 κη·
2207 1762 2622 1782 λ’-νΑΑίί---Αἶιῖι
2652 1761 2995 1782 -._-._-__,.g.__
3031 1759 3207 1782 j‘#_:
3237 1760 3342 1782 In“

128 1759 354 1857 ceglotio—
370 1759 496 1852 non
543 1789 908 1860 congruebat;
963 1784 1092 1838 item
1148 1796 1248 1852 pro
1299 1775 1498 1831 clerico
1533 1787 1693 1844 quem
1727 1763 1769 1822 Β
1797 1765 2142 1821 Laudunensi
2173 1765 2424 1834 episcopo
2438 1762 2628 1817 scribit
2652 1775 2748 1831 pro
2769 1761 2997 1815 transitu
3025 1759 3208 1816 domui
3236 1760 3380 1815 Eho.

369 1851 728 1943 ordinandtim
761 1880 826 1934 ad
855 1851 1161 1946 regendum,
1177 1869 1460 1927 ecclesiam
1491 1867 1544 1920 in
1573 1864 1692 1918 villa
1797 1860 1884 1915 nis
1917 1856 2279 1914 antecesseris
2305 1855 2414 1919 sui,
2445 1861 2504 1908 ut
2556 1853 2631 1907 illi
2676 1852 3029 1907 sacerdotalis
3079 1851 3384 1920 benignitas

130 1943 512 2042 vsitam;
561 1975 716 2036 item,
763 1986 858 2041 pro
892 1943 1174 2038 parochia,
1224 1964 1292 2016 de
1324 1974 1430 2029 qua
1474 1964 1700 2013 conten-
1797 1951 1972 2022 plenis
1998 1949 2266 2004 charitate
2308 1947 2448 2001 votis
2493 1946 2683 2000 debeat
2707 1944 2968 1999 exhiberi.
2998 1943 3127 1998 Item
3180 1943 3247 1998 de
3295 1960 3384 1998 re-

132 2033 553 2142 tionevagebatur
584 2033 724 2119 inter
751 2033 958 2115 eum-et
985 2054 1282 2125 Erpuinum
1316 2049 1700 2122 Sylranectcn-
1801 2040 2177 2099 conciliatione
2222 2037 2480 2092 Luidonis
2530 2033 2948 2099 inconvenienti,
2976 2033 3117 2104 quod
3160 2049 3266 2088 non
3293 2047 3389 2102 po.

133 2122 615 2230 seinep'iscopum;
668 2152 812 2210 item,
869 2148 1009 2202 idem
1064 2122 1190 2198 cum
1249 2141 1370 2194 aliis
1415 2134 1703 2193 Rcmensis
1804 2133 1966 2187 tuerit
2002 2131 2205 2185 adeam
2232 2125 2594 2199 peragendam
2625 2124 3048 2188 adulationibus,
3076 2122 3162 2177 vel
3191 2138 3387 2192 expro-

133 2215 419 2308 ditecescos
447 2215 737 2319 episcopis,
779 2243 845 2296 de
872 2239 1181 2294 Graecorum
1205 2230 1702 2292 adinventionibus,
1802 2224 2144 2281 brationibus
2189 2220 2469 2278 hominum
2507 2217 2877 2288 insipientium
2907 2215 3157 2272 deﬂecti:
3205 2230 3392 2272 corro-

133 2306 791 2415 coiitra'canonicas
811 2341 1060 2387 statuere
1080 2325 1427 2382 conabantur
1468 2318 1702 2390 regulas.
1806 2317 2005 2370 borans
2031 2328 2154 2367 eum
2175 2311 2241 2366 ad
2275 2307 2654 2364 rectitudinem
2683 2306 3044 2378 cpiscOpalem
3082 2307 3389 2362 divinarum

132 2399 227 2491 f’ro
268 2435 469 2505 quibus
495 2439 603 2484 tam
643 2426 710 2481 ad
742 2426 941 2495 ipsum,
971 2435 1133 2491 quam
1161 2418 1229 2472 ad
1277 2424 1501 2470 cznteros
1549 2410 1709 2480 hujus
1809 2405 2135 2462 testimoniis
2158 2401 2582 2472 Scripturarum,
2610 2407 2670 2454 ut
2696 2414 2794 2469 per
2818 2399 3156 2454 auctoritatis
3175 2401 3393 2468 gradia-

134 2528 269 2598 regni
287 2490 736 2592 archiepiscopos
765 2490 998 2571 domnus
1020 2509 1292 2564 Adrianus
1331 2520 1467 2575 papa
1500 2501 1710 2556 litteras
1811 2509 1899 2555 tur
1928 2498 2096 2563 viam,
2127 2493 2322 2564 etquid
2347 2492 2397 2550 ei
2430 2493 2494 2548 de
2513 2491 2742 2562 praefato
2767 2492 2838 2547 sit
2859 2492 3123 2562 agendum
3149 2490 3395 2548 Luidone

135 2585 362 2673 dederat.
415 2585 652 2681 Insuper“
683 2618 738 2662 et
774 2605 884 2664 alia
928 2612 1299 2671 stepenumero
1335 2610 1432 2665 pro
1483 2591 1711 2648 diversis
1811 2589 2154 2663 signiﬁcans;
2180 2587 2333 2651 item,
2366 2601 2462 2656 pro
2487 2586 2674 2640 eadem
2692 2600 2778 2651 re;
2804 2585 2954 2652 item,
2975 2585 3042 2640 de
3069 2585 3395 2656 recognitio-

125 912 200 950 ras
217 894 276 946 ad
297 905 421 945 eum
456 884 651 940 direxit
675 897 690 945 ;
719 881 845 933 item
869 917 884 941 ,
913 889 1014 946 pro
1048 869 1368 942 quibusdam
1409 863 1683 935 presbyte-

125 986 203 1047 ris,
225 980 308 1052 qui
339 978 706 1032 clanmvcrant
736 969 788 1022 in
819 963 1025 1037 synodo
1047 961 1243 1030 injuste
1265 971 1323 1011 se
1433 970 1497 1007 eo
1519 950 1685 1052 cccle:

135 2709 354 2781 negotiis
386 2706 455 2761 ad
487 2718 610 2759 eum
653 2699 852 2768 scripta
881 2693 1099 2750 direxit.
1129 2687 1392 2745 lmmonni
1422 2683 1712 2740 Novioma-
1739 2717 1742 2720 ~

136 2775 274 2868 gensi
322 2796 601 2866 episcopo,
649 2803 746 2860 pro
794 2785 1000 2858 synodo
1049 2775 1492 2851 eomprovinciali
1524 2791 1554 2829 a
1589 2787 1714 2842 rege

133 2866 347 2945 l’arisiis
376 2887 445 2959 [i,
491 2879 760 2952 Parisios]
815 2876 1085 2939 condicta,
1123 2880 1178 2927 et
1225 2885 1323 2942 pro
1372 2866 1715 2923 ordinatione

137 2954 420 3033 lrmint‘ridi
456 2982 580 3045 post
639 2971 921 3024 decessum
983 2959 1324 3018 llildemanni
1377 2954 1716 3013 Belvaceusis

137 3066 400 3137 episcopi;
429 3065 584 3124 item,
609 3076 706 3131 pro
734 3055 1077 3113 ordinatione
1102 3051 1319 3108 Parduli
1356 3056 1479 3120 post
1507 3047 1712 3105 obitum

1814 2699 1901 2747 ne,
1931 2679 2327 2744 humiliatione,
2354 2675 2761 2732 etabsolutionc
2784 2675 3000 2740 Fuleri;
3031 2675 3185 2742 item,
3206 2676 3272 2730 de
3300 2674 3397 2729 ab-

1815 2776 2083 2832 solutione
2109 2770 2415 2840 cujusdam,
2437 2768 2720 2838 requirens
2736 2768 2904 2838 ipsius
2928 2767 3214 2824 consilium
3234 2785 3248 2832 ;
3267 2768 3396 2823 item

1817 2870 1884 2924 de
1922 2865 2128 2936 jejunio
2166 2879 2196 2918 a
2231 2862 2416 2933 regina
2469 2860 2756 2923 mandato;
2809 2859 2940 2913 item
2989 2859 3058 2914 de
3109 2858 3398 2914 inﬁrmita-

1821 2970 1873 3016 te
1896 2968 1956 3015 et
1984 2956 2355 3015 burniliatione
2398 2952 2628 3008 ltothadi
2660 2951 2994 3019 Suessonici,
3033 2960 3090 3008 et
3131 2952 3199 3007 de
3228 2950 3404 3007 consi-

1821 3053 1894 3108 lio
1923 3051 2065 3122 quod
2119 3049 2168 3103 ei
2215 3047 2455 3110 dederat,
2496 3053 2555 3098 ut
2593 3043 2722 3100 illud
2757 3045 2812 3101 in
2861 3060 2928 3101 eo
2958 3045 3294 3111 corroboret,
3343 3053 3403 3100 et

142 3122 405 3216 Simeo'nis
432 3122 842 3217 Landdnensis;
875 3151 1024 3214 item,
1051 3163 1149 3219 pro
1176 3144 1405 3202 consilio
1435 3152 1490 3198 et
1518 3140 1719 3197 auxilio
1747 3122 1790 3182 (ἒ
1823 3145 1892 3199 ab
1934 3139 2339 3211 obsequendum
2387 3138 2680 3206 prudenter
2730 3135 3084 3202 exliortetur;
3119 3136 3247 3191 item
3298 3149 3400 3204 pro

141 3253 311 3306 dando
341 3245 679 3303 Theoderico
733 3238 1109 3296 Cameracensi
1140 3234 1378 3307 praesuli,
1402 3247 1561 3302 super
1588 3245 1722 3301 quo-

142 3343 261 3397 dam
280 3338 646 3400 inobediente,
670 3334 760 3404 qui
784 3335 949 3389 Deum
975 3346 1078 3385 non
1109 3317 1354 3391 timebat,
1383 3335 1437 3380 et
1463 3321 1723 3380 ecclesia-

144 3435 335 3489 sticum
386 3429 750 3487 ministerium
806 3441 913 3481 non
973 3423 1357 3485 reverebatur;
1412 3420 1567 3482 item,
1626 3431 1724 3486 pro

145 3527 371 3595 quodam
410 3524 752 3594 presbytero,
806 3517 892 3573 cui
940 3515 1110 3586 legem
1139 3513 1454 3570 canonicam
1503 3507 1724 3565 concedi

147 3627 363 3680 monet;
408 3616 562 3678 item,
613 3626 712 3683 pro
749 3610 983 3679 quadam
1024 3606 1244 3670 femina,
1281 3618 1444 3672 quam
1491 3599 1728 3654 indebite

148 3709 389 3777 queritur
408 3701 947 3762 excommunicasse;
971 3697 1099 3751 item
1116 3709 1214 3764 pro
1229 3691 1496 3762 colloquio
1515 3691 1727 3760 episce-

149 3799 252 3868 pali
304 3797 566 3853 habendo.
624 3791 866 3861 Erpuino
913 3784 1330 3848 Silvanectensi,
1368 3798 1466 3852 pro
1496 3781 1728 3850 quodam

150 3890 367 3945 homine
391 3902 551 3958 quem
600 3879 1046 3937 irrationabiliter
1095 3876 1163 3930 ab
1197 3890 1262 3930 eo
1292 3871 1732 3929 excommunica-

153 3989 264 4034 tum
295 3988 353 4033 ut
378 3981 741 4046 compererat,
773 3971 960 4024 intima
981 4009 996 4034 ,
1027 3967 1290 4022 mandans
1321 3975 1378 4020 ut
1403 3963 1615 4019 obviam
1635 3961 1736 4016 sibi

150 4074 355 4136 veniat,
400 4079 455 4126 et
510 4067 646 4138 quid
677 4065 801 4120 inde
851 4062 1053 4117 rectius
1103 4061 1173 4114 sit
1221 4057 1512 4130 agendum,
1554 4069 1736 4109 secum

152 4170 479 4234 pertractet;
523 4160 678 4220 item,
713 4169 813 4224 pro
837 4152 1072 4223 quodam
1103 4151 1420 4220 presbytero
1463 4147 1623 4201 rebus
1646 4160 1739 4200 ec-

157 4253 471 4309 clesiasticis
525 4247 765 4304 indebite
809 4243 1102 4306 frustrato;
1145 4243 1297 4304 item,
1352 4252 1450 4308 pro
1503 4237 1738 4306 quodam

157 4343 382 4406 clerico,
415 4341 505 4412 qui
537 4354 597 4394 se
632 4334 1002 4408 praejudicium
1048 4334 1116 4386 ab
1143 4346 1208 4386 eo
1237 4329 1344 4401 pali
1376 4329 1741 4392 clamaverat;

162 4433 315 4498 item,
345 4448 440 4503 pro
465 4428 734 4484 "laudatis
759 4425 982 4480 Adriani
1020 4438 1172 4493 papa:
1202 4422 1268 4476 de
1306 4429 1603 4490 prmnotato
1625 4433 1748 4487 prc-

1823 3251 1980 3302 auro,
2009 3235 2152 3306 quod
2176 3235 2227 3290 ei
2278 3234 2544 3297 mittebat,
2589 3247 2686 3302 per
2729 3245 2850 3286 eum
2897 3229 3094 3299 regina:
3129 3227 3405 3283 oll‘erendo

1825 3327 1891 3382 ad
1917 3326 2347 3398 componendum
2373 3325 2644 3397 quoddam
2681 3323 2773 3379 Dei
2803 3321 3096 3378 Genitricis
3115 3335 3408 3377 ornamen-

1828 3428 1938 3474 tum
1963 3436 1978 3485 ;
2017 3421 2142 3476 item
2167 3419 2232 3475 de
2259 3417 2520 3489 opusculo
2554 3415 2766 3471 Ferculi
2793 3414 3096 3470 Salomonis
3122 3429 3152 3469 a
3182 3427 3240 3469 se
3264 3428 3415 3469 com-

1828 3511 2024 3580 posito,
2054 3509 2196 3579 quod
2229 3509 2278 3563 ei
2308 3509 2530 3578 legerat,
2577 3507 2820 3576 rogitans
2858 3505 2991 3576 quid
3029 3505 3130 3559 sibi
3163 3505 3412 3559 videatur

1831 3603 1896 3656 de
1919 3599 2009 3655 illo
2029 3599 2129 3670 (De
2147 3600 2244 3653 hoc
2273 3614 2456 3669 supra,
2487 3615 2605 3668 cap.
2631 3597 2740 3668 15).
2766 3597 2896 3651 Item
2916 3611 3015 3666 pro
3038 3594 3278 3650 Ecclesia
3303 3593 3431 3649 Μαι.

1835 3691 1937 3746 riui
1976 3699 2199 3744 vacante
2249 3698 2487 3759 pastore,
2521 3697 2581 3743 ut
2630 3688 2754 3742 inde
2783 3702 2907 3741 cum
2957 3700 3083 3756 rege
3138 3685 3414 3754 loquatur,

1833 3780 2086 3852 qualiter,
2119 3781 2232 3849 ipsa
2253 3779 2446 3833 electio
2489 3779 2594 3832 rite
2630 3785 2940 3848 peragatur,
2962 3784 3018 3830 et
3041 3790 3140 3844 pro
3176 3773 3328 3828 libris
3355 3773 3418 3827 S.

1833 3870 2104 3926 Ambrosii
2153 3871 2220 3924 de
2266 3868 2370 3922 (ide
2418 3868 2519 3922 sibi
2550 3867 2844 3921 mittendis.
2892 3864 3200 3920 lrminfrido
3227 3863 3422 3918 Belva-

1837 3962 2010 4028 censi,
2046 3977 2143 4033 pro
2171 3961 2436 4016 electione
2478 3959 2710 4031 pastoris
2731 3957 2985 4014 Ecclesia:
3015 3957 3421 4023 Ambianensis,

1839 4053 2098 4107 canonice
2127 4050 2502 4116 consecrandi,
2534 4058 2654 4118 post
2691 4048 2896 4104 obitum
2952 4047 3241 4119 Ragenarii
3281 4064 3425 4116 prac-

1842 4144 2023 4210 sulis;
2075 4142 2228 4210 item,
2280 4157 2378 4213 pro
2423 4143 2770 4212 gubernanda
2822 4142 3116 4210 prudenter
3171 4142 3428 4198 Ecclesia:

1845 4235 1988 4300 navi,
2017 4250 2138 4304 quae
2179 4233 2232 4288 in
2269 4233 2372 4288 hoc
2427 4232 2751 4303 nantragoso
2783 4233 2964 4288 surculi
3017 4234 3153 4288 mari
3182 4235 3326 4289 inter
3347 4235 3432 4287 in.

1847 4325 2043 4380 testina
2072 4324 2482 4380 conentiebatur
2527 4323 2689 4379 bella.
2727 4324 2898 4378 Eboni
2954 4324 3207 4395 episeopo
3251 4325 3432 4380 eccle-

1850 4416 1944 4470 sia:
1986 4414 2270 4469 Remensis
2319 4413 2558 4479 alumno,
2608 4429 2706 4483 pro
2742 4413 2974 4483 quodam
3021 4414 3189 4470 fratre
3233 4415 3301 4470 ab
3334 4416 3438 4471 hac

163 4479 315 4498 --.....,
347 4479 436 4503 ...ν
467 4479 677 4484 ---νη-πί
716 4479 728 4481 ἡ
816 4479 821 4480 κ
1023 4479 1036 4493 .
1091 4479 1104 4492 .
1306 4479 1318 4490 .
1626 4479 1639 4487 .
2609 4479 2623 4483 -
2759 4479 2774 4483 -

160 4527 409 4596 shytero;
438 4525 592 4584 item,
630 4534 727 4590 pro
762 4518 1016 4572 mandato
1059 4517 1201 4586 regis
1232 4513 1555 4584 regulariter
1592 4526 1747 4565 exse-
1780 4479 1823 4536 D
1851 4505 2079 4562 ecclesia
2116 4504 2238 4575 fuga
2263 4504 2434 4574 lapso,
2485 4515 2540 4559 et
2563 4507 2702 4575 apud
2733 4507 2905 4574 ipsum
2930 4518 3323 4572 commorante,
3379 4519 3439 4564 ut

163 4616 393 4685 qneudo.
419 4613 570 4682 Lupo
609 4607 1015 4670 Calalauuensi,
1041 4622 1138 4676 pro
1167 4609 1370 4676 synodo
1398 4603 1750 4666 celebranda;

166 4707 323 4770 item,
357 4720 454 4777 pro
483 4701 745 4773 quodam,
783 4699 874 4770 qui
897 4691 1028 4752 idolo
1052 4695 1314 4766 deceptus
1343 4693 1544 4755 fuerat,
1574 4703 1634 4747 ut
1664 4692 1749 4746 in-

167 4779 370 4851 fantem
419 4793 700 4866 proprium
751 4790 818 4843 ad
851 4785 1296 4842 catechizandum
1331 4793 1566 4849 teneret;
1599 4782 1749 4845 item,

169 4887 308 4956 quid
333 4887 395 4942 de
429 4887 530 4942 hac
572 4898 633 4938 re
666 4880 906 4952 synodus
931 4876 1250 4933 decreverit.
1284 4874 1382 4929 Cui
1415 4875 1575 4928 etiam
1606 4873 1752 4928 testi-

171 4977 413 5032 monium
442 4976 598 5032 bona:
632 4973 753 5028 vita?
781 4970 1032 5044 perhibet
1067 4969 1118 5024 in
1151 4967 1401 5038 epistola,
1428 4981 1590 5036 quam
1621 4965 1755 5020 seri-

174 5069 296 5139 psit
315 5077 428 5140 post
467 5068 671 5124 obitum
700 5065 872 5138 ipsius
897 5061 963 5116 ad
988 5076 1165 5131 regem
1188 5060 1439 5116 Karolum
1466 5075 1563 5128 pro
1585 5060 1756 5128 impe-

178 5163 372 5217 tranda
417 5161 676 5218 electione
738 5155 976 5228 regulari
1046 5155 1296 5210 Ecclesia:
1356 5150 1755 5208 Calalauuensi.

178 5252 471 5308 Prudentio
501 5251 820 5307 Trecassino
866 5245 1130 5309 scribens,
1158 5244 1420 5314 quaeritur
1453 5258 1625 5311 quare
1650 5241 1752 5297 sibi

770 5334 1056 5360 ,4-ι-ι..οιι.-ι
1135 5335 1442 5360 ..ει-..Ζηηηηιν
1491 5349 1547 5360 ΛΑ
1595 5336 1659 5360 Α..
1696 5346 1759 5360 ΛΑ

1854 4596 2177 4667 quantocius
2220 4595 2368 4649 illum
2401 4594 2646 4664 diligenti
2699 4610 2826 4649 cura
2859 4595 3135 4650 remittere
3176 4597 3392 4652 studeat
3425 4615 3439 4661 ;

1853 4687 2003 4752 item,
2033 4701 2131 4755 pro
2152 4684 2487 4740 ordinatione
2514 4684 2664 4739 Isaac
2685 4683 2737 4738 in
2759 4683 3069 4753 episcopatu
3089 4683 3460 4755 Lingonensi,‘

1854 4789 1914 4834 ut
1933 4779 2250 4833 exbortetur
2271 4776 2576 4848 Remigium
2600 4793 2679 4831 ari
2697 4776 3065 4847 hiepiscopum
3094 4778 3160 4832 ad
3190 4777 3443 4834 eamdem

1859 4869 2256 4926 ordinationem
2327 4867 2711 4940 peragendam.
2780 4865 3119 4922 Theoderico
3187 4868 3451 4923 Camera-

1861 4960 2035 5020 censi.
2067 4975 2168 5028 pro
2197 4960 2427 5030 quodam
2460 4957 2700 5014 llectone
2723 4957 2968 5011 Lotharii
3021 4959 3167 5031 regis
3191 4949 3473 5019 vassallo.‘

1864 5053 1949 5108 cui
2004 5051 2275 5106 communi
2329 5065 2594 5106 consensu
2645 5047 3018 5119 pmnitentiant
3078 5048 3446 5117 iniunxerunt,

1865 5146 1957 5217 qui
1977 5156 2049 5209 ,se
2079 5142 2385 5199 absolutum
2417 5158 2447 5196 a
2499 5142 2724 5210 praefato
2751 5138 3088 5193 Theoderico
3115 5137 3280 5192 fuisse
3307 5135 3447 5189 fate—

1864 5239 2047 5297 batur,
2073 5245 2128 5288 et
2151 5251 2250 5304 pro
2273 5234 2503 5306 quodam
2536 5234 2872 5304 presbytero,
2903 5244 3061 5298 quem
3097 5229 3236 5282 idem
3269 5226 3448 5278 Theo-

1864 5327 2073 5360 dno-inut:
2114 5325 2682 5360 nvnnmsnnninounnnt
2735 5337 2832 5360 nrn
2867 5336 2974 5360 mm
3013 5335 3144 5360 nam:
3179 5319 3452 5360 Rmnnnnq
