3904 5396
484 335 585 393 207

1532 324 1926 382 monetam
1964 307 2278 378 CANONICI
2316 319 2668 375 neuessus

3647 317 3747 374 ξοδ

485 450 634 504 vicus
663 445 945 515 cpiscopus
969 440 1205 513 delegari
1249 439 1467 510 petebat
1495 454 1511 504 ;
1541 438 1692 504 item,
1722 452 1818 507 pro
1844 436 2062 491 ordina-
2094 445 2137 502 Α
2169 440 2275 487 tem
2329 448 2480 487 suam
2534 439 2876 502 respuentem
2922 448 3119 498 coram
3175 433 3358 504 multis
3408 435 3745 494 sustinuerit.

491 541 636 593 tione
657 533 903 590 Ilunfridi
935 530 986 587 in
1015 531 1325 600 episcopatu
1366 524 1556 583 Morini
1581 543 1594 591 ;
1625 527 1750 582 item
1781 540 1878 595 pro
1927 525 2068 580 ordi-

490 627 706 682 natione
732 622 1007 679 Ercamrai
1043 629 1165 691 post
1191 620 1472 675 decessum
1498 617 1631 687 Lupi
1660 616 2067 673 Catalaunensis

488 716 756 788 episcOpi;
788 715 939 775 item,
961 712 1028 767 de
1048 713 1279 766 adventu
1304 709 1557 765 Ludovici
1583 707 2064 771 Transrlienensis,

485 808 613 879 quia
633 806 822 862 Remis
849 802 1077 867 venerit,
1105 811 1159 857 et
1188 799 1315 870 quid
1346 800 1539 872 egerit,
1567 799 1764 869 quidve
1802 798 1901 854 sibi
1931 813 2068 868 prte-

488 898 741 968 ceperit;
789 896 937 959 item,
988 910 1087 965 pro
1144 892 1423 956 Baldnino,
1483 892 1573 960 qui
1619 892 1836 946 viduam
1881 888 2066 945 Juditb

490 990 661 1044 ﬁliam
687 988 829 1057 regis
858 985 1040 1040 Karoli
1078 984 1289 1038 furatus
1327 983 1522 1046 fuerat,
1556 993 1614 1035 ut
1637 981 1775 1036 sciat
1803 995 1924 1036 eum
1951 995 1980 1034 a
2009 994 2069 1036 se

483 1082 587 1137 sub
613 1082 958 1135 anathemate
986 1077 1239 1147 positum,
1275 1083 1332 1130 et
1369 1075 1420 1129 id
1455 1089 1550 1146 per
1589 1088 1742 1130 suam
1791 1074 2069 1129 denuntiet

483 1169 842 1241 parochiam;
900 1168 1027 1222 item
1063 1207 1078 1231 ,
1134 1181 1252 1236 pro-
1286 1166 1551 1235 quodam,
1602 1164 1693 1234 qui
1735 1164 2022 1234 quamdam
2050 1203 2065 1230 ,

484 1260 842 1317 feminamin
891 1258 1523 1327 concubinamaccipere
1573 1272 1863 1325 persuasus
1894 1254 2068 1310 fuerat

486 1364 516 1401 a
576 1355 729 1417 patre
786 1344 955 1414 ipsius
1007 1343 1217 1414 puellze.
1266 1342 1534 1398 .Folcuino
1582 1342 1914 1405 Morinensi,
1969 1356 2071 1411 pro

484 1436 717 1507 quodam
765 1435 1083 1505 presbytero
1135 1433 1303 1503 ipsius
1353 1434 1627 1497 ordinato,
1660 1432 1751 1501 qui
1801 1432 2070 1487 clamabat

486 1526 744 1596 iniuriam
772 1539 833 1582 se
854 1524 963 1594 pali
988 1522 1055 1579 ab
1084 1522 1325 1577 Immone
1360 1522 1610 1592 praesule,
1645 1521 1887 1593 petitque
1910 1519 2069 1574 simul

487 1617 751 1688 reliquias
776 1626 1085 1672 sanctorum
1112 1614 1162 1669 in
1186 1614 1477 1669 Morincnsi
1508 1615 1765 1684 parocbia
1789 1614 2071 1683 quiescen-

491 1712 627 1767 tium
672 1708 775 1764 sibi
808 1707 969 1774 mitti,
1007 1707 1133 1777 quia
1178 1707 1231 1761 in
1270 1705 1683 1761 consecratione
1707 1704 1950 1759 ecclesiae
1975 1702 2069 1757 Dei

2168 523 2506 593 Corripitque
2534 538 2678 590 eum,
2708 524 2835 593 quia
2869 540 3147 596 nunquam
3176 540 3236 581 se
3269 536 3663 597 recognoscere
3686 529 3752 585 de

2167 613 2343 684 aliqua
2371 615 2524 684 culpa
2549 654 2565 679 ,
2604 616 2699 669 sed
2729 629 2944 685 semper
2970 631 3030 670 se
3058 615 3354 671 defendere
3390 616 3657 687 parabat»,
3680 619 3751 674 de

2167 706 2356 761 habitu
2380 722 2617 777 quoque,
2643 707 2879 770 incessu,
2924 706 3058 771 risu,
3076 706 3423 776 iuramentis,
3450 707 3750 778 impatienti

2167 794 2458 862 locutione,
2491 797 2572 851 ira
2600 796 2859 868 prmcipiti
2885 837 2899 862 ,
2930 807 2987 851 et
3033 797 3154 852 aliis
3193 797 3408 864 mltis;
3442 798 3595 861 item,
3627 799 3749 869 quia

2169 893 2361 940 contra
2419 893 2734 941 sanctarum
2788 885 3195 957 Scripturarum
3264 888 3542 944 tramitem
3593 904 3750 945 causa

2174 990 2284 1031 suae
2327 976 2538 1047 injuria:
2587 977 2642 1032 in
2675 990 2841 1048 parce
2867 992 2978 1034 suae
3006 979 3110 1033 bize
3137 979 3529 1049 gubernatione
3561 994 3751 1036 exces-

2168 1080 2352 1132 serat,
2389 1076 2450 1121 ut
2493 1067 2609 1123 haec
2651 1068 2925 1137 corrigere
2963 1068 3213 1135 studeat,
3269 1070 3575 1126 admonens
3625 1085 3750 1125 eum

2168 1156 2380 1226 qualem
2408 1172 2466 1211 se
2492 1158 2691 1213 debeat
2712 1159 2973 1214 exhibere
3000 1158 3184 1214 verbis
3207 1160 3450 1229 Apostoli
3482 1161 3553 1214 ad
3577 1160 3755 1215 Timo-

2170 1249 2384 1312 theum;
2435 1248 2565 1304 item
2593 1291 2606 1313 ,
2642 1250 2708 1304 de
2753 1250 2986 1319 quodam
3018 1251 3301 1322 sacrilegio
3324 1291 3342 1315 ,
3393 1261 3449 1305 ct
3497 1267 3530 1305 a
3564 1267 3627 1306 se
3661 1267 3756 1322 pro

2168 1339 2464 1395 sceleribus
2504 1341 3015 1407 exeommunicato,
3060 1342 3203 1412 quod
3248 1342 3320 1395 illi
3362 1357 3454 1397 res
3499 1342 3759 1398 ecclesia-

2168 1431 2335 1486 sticas
2382 1432 2450 1487 ad
2483 1432 2659 1502 turpis
2688 1431 2823 1487 lucri
2853 1434 3134 1503 praemium
3159 1433 3404 1499 dederit;
3438 1433 3570 1487 item
3590 1472 3609 1499 ,
3664 1446 3759 1503 pro

2170 1521 2403 1577 Hadulfo
2447 1524 2679 1592 quodam
2729 1525 2899 1594 ipsius
2925 1525 3125 1581 clerico
3155 1535 3341 1594 petens
3367 1566 3381 1593 ,
3413 1541 3576 1595 quem
3612 1526 3757 1580 idem

2173 1612 2493 1670 Ilincmarus
2541 1615 3135 1681 excommunicaverat;
3171 1616 3299 1671 item
3330 1656 3349 1679 ,
3397 1618 3466 1671 de
3521 1617 3751 1686 epistola

2174 1720 2329 1776 Papia
2360 1705 2586 1760 Adriani
2626 1708 2692 1763 ad
2737 1708 2999 1777 quosdam
3037 1708 3318 1779 episcopos
3352 1724 3449 1778 per
3469 1723 3600 1763 eum
3627 1710 3756 1764 diris

489 1800 784 1859 Genitricis
805 1799 977 1855 altare
1014 1802 1081 1854 ab
1110 1799 1224 1868 ipso
1253 1798 1512 1853 Folenino
1543 1796 1989 1865 consecrandum,
2013 1805 2069 1852 et
2096 1792 2142 1852 B
2169 1796 2372 1867 gentia;
2398 1794 2549 1862 item,
2575 1811 2672 1868 pro
2699 1798 3051 1868 dispositione
3099 1802 3454 1870 quarumdam
3484 1803 3758 1869 parocbire

482 1907 550 1951 ex
597 1891 765 1963 ipsius
806 1891 1077 1961 parocliite
1123 1889 1363 1961 reliquiis
1396 1890 1771 1945 honorandum
1802 1902 2070 1959 praepara-

483 1986 599 2039 bat.
652 1982 927 2039 Rainnero
974 1981 1228 2051 episcopo
1272 1995 1372 2051 pro
1428 1981 1661 2050 quodam
1708 1981 2067 2053 presbytero,

485 2087 647 2143 quem
683 2070 866 2126 Notbo
915 2071 1357 2140 archiepiscopus
1400 2069 1754 2135 Arelatensis,
1794 2069 1842 2125 ei
1874 2069 2069 2124 litteris

484 2164 825 2221 indicaverat
847 2160 1117 2230 abjectum
1145 2160 1424 2226 canonice,
1463 2168 1519 2215 et
1540 2160 2069 2215 excommunicatum

492 2272 525 2310 a
548 2254 781 2326 synodo,
809 2253 984 2309 altero
1008 2253 1326 2324 presbytero
1363 2254 1415 2307 in
1442 2251 1562 2322 ejus
1603 2252 1723 2309 loco
1749 2252 2065 2308 constituto.

486 2349 627 2420 Agio
656 2348 810 2419 (Agio
833 2346 1043 2417 Aurel.)
1069 2346 1323 2416 episcopo
1345 2360 1445 2415 pro
1469 2346 1629 2401 rebus
1656 2344 1912 2400 Ecclesiae
1964 2342 2069 2397 Re—

483 2440 688 2499 mensis
729 2438 1099 2507 in‘Aquitania
1133 2436 1560 2506 conjacentibus.
1587 2435 1798 2493 Abboni
1824 2434 2067 2490 Antisio-

482 2530 723 2597 dorensi,
768 2544 869 2600 pro
918 2528 1213 2585 Ileriboldo
1243 2528 1472 2599 praesule
1497 2526 1772 2594 defuncto,
1817 2526 1909 2597 qui
1953 2525 2070 2582 eui-

480 2624 607 2681 dam
650 2622 809 2679 fratri
855 2636 1144 2691 apparens.
1188 2620 1470 2676 admonuit
1516 2620 1583 2675 de
1624 2619 1984 2690 eleemosyna,
2014 2624 2069 2674 et

480 2713 837 2775 orationibus,
887 2721 1051 2781 atque
1095 2711 1457 2767 oblationibus
1507 2726 1605 2780 pro
1653 2724 1712 2765 se
1756 2708 2063 2765 oll'erendis.

476 2802 666 2859 {Eneze
682 2803 1038 2868 Parisiorum,
1061 2817 1162 2872 pro
1187 2802 1437 2857 Rotbado
1466 2801 1838 2867 Snessionico,
1865 2800 1933 2856 de
1959 2815 2067 2870 quo

488 2896 738 2967 qumdam
778 2894 1214 2952 inconvenientia
1256 2894 1398 2965 apud
1440 2908 1621 2962 regem
1662 2892 1922 2948 ventilata
1946 2892 2067 2947 fue-

481 2996 626 3051 rant,
650 2996 708 3040 et
739 3002 832 3042 rex
854 2986 1102 3042 eumdem
1157 2984 1387 3041 [Eneam
1433 3000 1557 3041 cum
1601 2985 1842 3041 Immone
1870 2982 2069 3040 Novio~

483 3076 724 3149 magensi
769 3076 836 3131 ad
875 3077 992 3132 lucc
1014 3076 1349 3133 discutienda
1378 3075 1661 3147 dirigebat.
1694 3074 1970 3131 Almarico
1996 3074 2063 3147 Li,

2173 1900 2284 1941 sure
2309 1885 2802 1944 ecclesiasticarum
2845 1904 3057 1953 rerum,
3092 1899 3151 1944 ιιι
3177 1891 3301 1946 inde
3328 1892 3411 1945 vel
3437 1895 3503 1947 ad
3541 1894 3758 1963 provin-

2154 1976 2368 2032 cialem
2396 1989 2740 2049 exspectaret
2757 1980 3053 2051 synodum;
3080 1982 3229 2048 item,
3253 1998 3350 2053 pro
3377 1985 3758 2038 excommuni-

2172 2067 2389 2123 catione
2411 2068 2781 2138 Karlomanni,
2815 2072 2959 2127 unde
2984 2072 3207 2129 obedire
3236 2060 3334 2143 ipsi
3361 2075 3606 2140 nolebat,
3633 2090 3757 2130 eum

2170 2172 2313 2232 serpe
2342 2175 2693 2218 commoneas
2716 2202 2732 2228 ,
2772 2172 2833 2218 ut
2863 2165 3256 2219 contumaciam
3307 2180 3418 2221 suae
3440 2168 3645 2223 mentis
3672 2169 3759 2223 de-

2168 2261 2421 2323 poneret,
2472 2261 2530 2310 et
2565 2255 2635 2310 ad
2681 2256 3079 2311 obaudiendum
3124 2257 3264 2323 sibi,
3293 2273 3393 2313 ceu
3422 2258 3540 2327 jam
3571 2274 3756 2316 coram

2170 2343 2360 2399 multis
2384 2344 2613 2401 testibus
2632 2345 2908 2416 professus
2931 2346 3108 2403 fuerat
3131 2348 3183 2403 in
3214 2350 3419 2419 synodo
3439 2360 3609 2421 atque
3636 2350 3759 2405 subs

2168 2433 2495 2505 scripserat,
2528 2448 2587 2490 se
2616 2435 2938 2502 inclinaret;
2989 2438 3153 2503 item,
3203 2454 3299 2508 pro
3351 2438 3645 2493 Bertbario
3674 2439 3754 2512 {j.

2166 2526 2489 2601 Bercbario}
2513 2529 2757 2595 diacono,
2782 2543 2940 2599 quem
2964 2530 3387 2600 metropol‘tanm
3412 2529 3537 2603 [ηις.
3561 2541 3758 2587 metro-

2166 2615 2413 2689 politani]
2442 2626 2604 2688 atque
2634 2619 3101 2689 comprovincialis
3146 2621 3333 2692 synodi
3357 2621 3626 2691 judicium
3667 2638 3757 2693 apo

2166 2707 2454 2777 pellantem
2503 2708 2739 2765 indebita
2786 2710 2894 2766 sub
2943 2711 3190 2766 custodia
3233 2711 3532 2767 detinebat.
3606 2712 3760 2769 Unde

2166 2812 2423 2868 promens
2451 2799 2502 2853 ei
2531 2800 2674 2869 quod
2719 2800 2793 2863 ita
2826 2800 2881 2855 in
2914 2814 3039 2856 eum
3090 2816 3250 2871 agere
3298 2817 3403 2858 non
3442 2804 3758 2869 debuisset,

2166 2890 2423 2961 [incepit
2450 2890 2524 2946 illi
2555 2893 2880 2950 auctoritate
2922 2908 3201 2949 sacrorum
3235 2910 3502 2950 canonum
3532 2905 3590 2950 et
3615 2912 3714 2951 sua
3738 2932 3754 2961 ,

2166 2990 2225 3037 ut
2273 2984 2522 3040 eumdem
2550 2985 2867 3050 diaconum,
2900 2986 2987 3043 vel
3020 2987 3065 3043 si
3093 2988 3183 3057 qui
3216 2986 3447 3042 fuissent
3476 2987 3567 3043 alii
3589 2989 3755 3045 cleri-

2166 3087 2350 3129 corum
2386 3074 2648 3146 judicium
2697 3077 2943 3147 regulare
2972 3077 3373 3146 proclamantes
3404 3080 3475 3132 ab
3511 3080 3634 3149 ipso
3662 3081 3755 3136 de-

475 3168 770 3241 Almerico]
797 3170 1082 3225 (inmensis
1103 3169 1357 3225 Ecclesiae
1384 3169 1623 3240 przesuli,
1648 3184 1746 3241 pro
1786 3169 2061 3240 Egilberto
2088 3158 2133 3221 C
2166 3166 2297 3221 tenti
2316 3206 2331 3233 ,
2363 3168 2431 3223 ad
2461 3182 2618 3224 suum
2641 3183 2705 3224 ac
2732 3178 3051 3225 ceterorum
3081 3171 3456 3242 episcoporum
3481 3171 3753 3242 judicium

482 3261 714 3319 diacono
756 3262 1065 3317 monasterii
1108 3262 1279 3317 sancti
1327 3262 1553 3330 Remigii
1586 3263 1873 3327 monacho,
1902 3277 2063 3331 quem

478 3352 653 3409 eidem
676 3353 929 3422 episcopo
951 3353 1002 3407 id
1033 3354 1236 3424 petenti
1278 3353 1346 3408 ad
1379 3354 1761 3421 ordinandum,
1789 3361 1846 3409 et
1873 3368 2065 3424 regen-

480 3442 607 3503 dum
637 3442 948 3498 committit.

1055 3553 1283 3610 CAPUT
1322 3554 1486 3611 XXII.

479 3638 613 3706 Quae
638 3640 981 3696 instrumenta
1031 3644 1170 3724 sine,
1216 3643 1295 3699 vel
1316 3645 1721 3724 redarguetur
1775 3644 2064 3701 Hinrmaro

972 3717 1143 3782 nepoti
1165 3731 1260 3769 suo
1281 3717 1570 3784 scripserit.

520 3801 846 3877 .IIincmaro
889 3804 1070 3873 nepoti
1093 3821 1192 3861 suo
1214 3805 1855 3879 Laudunensiepiscopo,
1882 3808 1938 3863 in
1976 3823 2065 3863 or-

480 3892 776 3949 dinationis
812 3893 985 3964 ipsius
1022 3894 1192 3958 initio,
1240 3895 1519 3953 instruens
1545 3906 1602 3952 et
1642 3898 1875 3954 edocens
1913 3912 2060 3964 eum,

476 3984 712 4054 qualiter
754 3984 907 4055 juxta
957 3987 1275 4042 canonicam
1328 3988 1751 4055 auctoritatem,
1800 3992 2064 4047 commis-

484 4089 599 4128 sam
634 4074 732 4129 sibi
767 4083 1000 4130 tractare
1051 4076 1272 4134 deberet
1311 4079 1603 4135 Ecclesiam
1633 4096 1649 4145 ;
1692 4080 1845 4146 item,
1876 4082 2063 4137 admo-

480 4178 617 4225 nens
648 4202 662 4228 ,
720 4171 780 4217 ut
823 4165 1109 4234 provideat
1154 4181 1221 4221 ne
1273 4169 1703 4238 conspirationes
1761 4170 1905 4225 inter
1959 4170 2062 4226 sibi

479 4249 753 4318 subjectos
776 4251 1057 4307 adoleret:
1098 4253 1192 4308 sed
1232 4263 1286 4309 et
1322 4256 1367 4309 si
1406 4265 1609 4312 exortae
1647 4257 1898 4324 fuissent,
1937 4276 2061 4315 mox

478 4338 707 4395 rationis
759 4340 1138 4397 moderatione
1199 4344 1646 4411 succiderentur,
1709 4356 1801 4403 aut
1854 4348 1956 4403 sibi
2015 4349 2062 4403 si

478 4414 703 4484 necesse
760 4412 901 4485 fore?
955 4431 1072 4487 haec
1134 4432 1383 4489 intimare
1439 4446 1692 4502 curaret,
1747 4448 1803 4495 et
1845 4442 2063 4511 quando

2166 3255 2336 3313 libere
2365 3259 2555 3313 venire
2596 3261 2979 3329 permitteret,
3027 3271 3081 3317 et
3119 3264 3231 3332 ipse
3256 3264 3428 3318 eidem
3461 3278 3521 3318 se
3544 3263 3757 3335 judicio

2164 3356 2536 3416 praesentaret.
2563 3349 2693 3403 Item
2740 3365 3050 3406 convocans
3079 3366 3201 3406 eum
3230 3352 3296 3404 ad
3324 3354 3589 3421 synodum
3618 3394 3634 3419 ,
3662 3354 3752 3408 ubi

2163 3437 2387 3493 Adriani
2417 3455 2567 3511 papa:
2617 3442 2869 3497 mandata
2902 3442 3181 3497 tractanda
3215 3450 3390 3497 erant.
3437 3442 3645 3499 Scribit
3686 3446 3754 3498 ad

2165 3545 2289 3585 eum
2318 3540 2579 3601 praeterea
2615 3532 2816 3598 multa;
2849 3533 3141 3589 novissime
3178 3534 3466 3589 voluminis
3512 3537 3710 3592 seriem
3732 3571 3750 3603 ,

2166 3637 2542 3679 rememorans
2578 3623 2634 3678 in
2669 3638 2735 3679 co
2757 3661 2776 3691 ,
2807 3624 2875 3680 ad
2905 3625 3101 3681 mentis
3121 3623 3238 3693 ejus
3262 3625 3448 3682 oculos
3488 3640 3755 3682 revocans

2164 3714 2398 3783 qualiter
2435 3714 2586 3771 illum
2628 3717 2931 3787 orphanum
2980 3716 3124 3772 dulci
3174 3716 3460 3773 dilectione
3496 3721 3600 3774 sub
3630 3720 3758 3774 relic

2165 3803 2323 3875 giono
2349 3806 2619 3871 nutrierit,
2644 3806 2839 3862 litteris
2858 3808 3137 3872 erudierit,
3164 3821 3261 3877 per
3280 3807 3522 3878 singulos
3544 3811 3749 3881 gradus

2164 3894 2556 3952 ecclesiasticos
2570 3911 2738 3967 usque
2753 3896 2820 3951 ad
2830 3898 3171 3967 episcopatus
3185 3898 3391 3969 apicem
3416 3900 3749 3969 provexerit.

2238 4005 2258 4040 ι
2289 3986 2463 4053 Nunc,
2483 3989 3104 4059 inquit,retribuendum
3133 3992 3261 4046 mihi
3292 3991 3432 4047 mala
3452 4004 3555 4063 pro
3570 3994 3751 4059 bonis,

2162 4086 2217 4133 et
2243 4079 2369 4135 odio
2399 4094 2482 4135 me
2525 4081 2810 4136 habentem
2838 4082 3010 4152 gratis
3038 4080 3213 4155 (Paul.
3238 4082 3458 4154 xxxiv),
3491 4087 3751 4153 quoniam

2165 4185 2270 4225 non
2321 4170 2472 4224 faveo
2520 4172 2627 4226 tuis
2670 4172 3015 4229 infructuosis
3056 4174 3348 4244 operibus,
3400 4177 3645 4247 qtiandiu
3698 4186 3753 4231 te

2163 4262 2336 4332 patiar
2358 4302 2375 4327 ,
2406 4264 2586 4321 multis
2613 4280 2653 4319 a.
2670 4273 2721 4320 te
2741 4265 2968 4321 afﬂictus
3009 4267 3251 4337 injuriis?
3279 4264 3462 4339 (Joan.
3497 4268 3616 4339 xv.)
3650 4269 3750 4323 Ειδ

2162 4353 2305 4406 enim
2334 4352 2404 4406 ab
2434 4353 2546 4423 ipsa
2577 4353 2664 4408 die
2693 4356 3048 4410 ordinationis
3076 4365 3184 4411 tuae
3213 4367 3320 4411 tam
3354 4358 3539 4413 verbis
3582 4373 3746 4429 quam

2167 4443 2419 4513 scriptis,
2459 4454 2513 4499 et
2536 4445 2851 4501 inordinatis
2888 4446 3100 4502 actibus
3124 4462 3189 4503 ac
3227 4449 3459 4505 motibus
3488 4451 3599 4506 tuis
3638 4448 3752 4506 frc-

477 4520 745 4590 synodum
801 4520 995 4577 debeat
1050 4522 1347 4580 celebrare.
1402 4523 1508 4581 I‘ro
1554 4542 1663 4597 quo
1715 4505 1880 4586 Valde
1922 4531 2067 4587 labo-
2094 4505 2142 4566 θ
2170 4505 2457 4600 quentibus
2488 4533 2623 4588 adeo
2659 4549 2776 4588 sum
2800 4545 3056 4605 gravatus
3081 4576 3096 4601 ,
3128 4536 3551 4595 lacerationibus
3584 4548 3749 4611 atque

477 4614 641 4682 ravit,
669 4615 942 4686 multaque
971 4617 1048 4673 illi
1075 4619 1283 4685 scribit,
1309 4624 1708 4691 reprehendens
1728 4640 1874 4692 eum,
1894 4636 1950 4681 et
1972 4640 2066 4681 ca-

2171 4624 2593 4690 contusionibus,
2624 4635 2681 4679 ut
2712 4630 2908 4684 taedeat
2936 4645 3020 4685 me
3046 4631 3171 4686 vitae
3195 4646 3359 4699 mete,
3389 4620 3517 4703 quia
3540 4634 3623 4690 sic
3649 4650 3753 4705 pro

477 4707 684 4783 stigans
703 4710 768 4764 de
786 4709 1004 4767 levitate
1026 4726 1238 4766 morum
1264 4722 1317 4768 et
1354 4723 1572 4770 actuum
1595 4730 1840 4783 suorum,
1877 4721 2064 4773 admo-
2168 4716 2273 4772 lori
2309 4719 2413 4773 mei
2442 4718 2613 4775 olIieio
2642 4729 2746 4777 tuae
2766 4723 3060 4778 insolentia:
3082 4740 3201 4779 sum
3233 4741 3529 4794 connexos,
3553 4737 3749 4785 utnon

478 4811 722 4870 nensqne
750 4810 809 4856 ut
836 4801 903 4856 ad
929 4818 1023 4858 cor
1045 4818 1204 4859 suum
1236 4804 1438 4871 redeat,
1476 4814 1531 4861 et
1552 4805 1721 4861 Deum
1752 4817 1859 4863 tota
1886 4809 2062 4863 inten-
2168 4807 2340 4862 solum
2367 4819 2483 4878 post
2510 4811 2735 4880 primam
2760 4822 2814 4868 et
2832 4816 3122 4869 secundam
3153 4792 3564 4883 correctitmem,
3587 4818 3750 4888 juxta

480 4890 628 4946 tione
651 4893 859 4961 precari
885 4895 1117 4960 studeat,
1147 4902 1208 4949 ut
1227 4909 1349 4955 eum
1377 4898 1655 4967 respiciat,
1685 4908 1739 4954 et
1766 4900 2066 4971 intelligere
2166 4899 2476 4970 Apostolum
2529 4903 2657 4973 (Tit.
2721 4909 2801 4975 in)
2828 4948 2842 4973 ,
2898 4921 3084 4962 verum
3152 4923 3253 4964 nec
3305 4910 3427 4979 post
3482 4911 3750 4981 plurium

479 4978 583 5035 sibi
615 4988 777 5049 atque
805 4983 1074 5053 corrigere
1106 4986 1522 5054 perversitatem
1548 5002 1702 5043 suam
1729 4990 1914 5055 donet,
1937 4991 2065 5060 quia
2165 4993 2438 5060 privatim,
2462 5003 2516 5049 et
2542 5010 2723 5050 coram
2744 4999 3118 5054 communibus
3140 4978 3499 5057 familiaribus
3519 5003 3744 5069 nostris,
