3904 5396
146 245 227 300 209
699 247 1045 303 IIISTORIJ‘Z
1084 247 1438 304 ECCLESIE
1479 228 1823 305 R'EMENSIS
1865 247 2042 302 LIBRI
2081 247 2433 315 ρυΑτυοιι.
2465 248 2680 303 --LIB.
2717 250 2802 306 IIl.

3287 256 3394 310 210

145 359 344 426 neniis,
383 363 516 433 quin
552 363 730 433 potius
766 364 1076 433 tragccdiis,
1106 374 1199 419 aut
1230 364 1565 434 talibusque:
1596 380 1700 419 non
1735 370 1776 427 Α
1809 363 2040 426 tionem,
2083 375 2183 416 nec
2205 363 2369 416 etiam
2418 362 2617 417 humile
2646 377 2963 432 responsum
3011 365 3141 420 mihi
3185 382 3248 422 ac
3301 385 3391 424 co-

144 452 446 518 conveniunt
479 454 748 523 episcopo.
780 456 845 508 de
875 465 926 509 te
949 455 1312 510 auditionibus
1339 471 1442 509 non
1465 456 1703 524 aﬂligar,

144 550 180 596 et
191 542 298 611 jam
345 543 561 598 tandem
589 545 771 614 putavi
817 553 868 599 te
911 546 1093 614 pigere
1131 546 1258 600 talia
1284 549 1547 616 exsequi,
1581 562 1705 602 cum

145 649 248 688 ecce
286 649 431 689 nunc
453 635 632 691 Idibus
662 635 979 693 Novembris
1024 645 1231 706 quartae
1252 637 1561 693 indictionis
1583 653 1706 708 pro-

143 727 445 783 lixissimam
483 731 746 794 rotulam,
789 730 1085 785 mendaciis
1113 739 1168 784 et
1201 730 1706 786 irrationabtatibus

114 820 544 890 .acimproperiis
563 831 751 876 contra
776 822 1059 879 veritatem
1101 830 1158 875 et
1199 823 1575 877 auctoritatem
1619 839 1703 878 re-

142 911 313 980 pletam
337 913 471 968 mihi
497 914 710 968 misisti.
740 913 824 968 Ει·
843 915 1013 970 miror
1039 930 1136 969 cur
1157 916 1234 970 sic
1262 914 1481 970 cxfrons
1507 915 1698 982 factus,

142 1012 183 1058 ιιι
211 1005 275 1059 de
321 1003 508 1061 Judaea
554 1005 814 1061 Dominus
841 1007 1121 1076 queritur,
1163 1009 1340 1063 nescis
1380 1009 1702 1064 erubescere

141 1093 253 1162 (lar.
269 1111 318 1148 vr
338 1105 384 1148 et
401 1097 548 1165 vm),
571 1106 624 1152 et
639 1097 732 1152 tibi
751 1113 856 1151 non
874 1113 956 1153 eSt
973 1115 1168 1154 nausea
1193 1099 1315 1153 talia
1336 1109 1547 1154 ettanta
1567 1101 1704 1156 scri-

141 1187 284 1250 bere,
323 1187 427 1244 nisi
473 1190 731 1258 quoniam
789 1190 1114 1248 utilitatibus
1155 1208 1260 1246 non
1313 1209 1372 1248 es
1421 1193 1700 1261 intentus,

142 1293 293 1347 neque
318 1279 370 1333 in
396 1282 722 1337 necessariis
742 1293 1034 1353 occupatus
1055 1301 1068 1338 :
1087 1293 1139 1339 et
1162 1294 1218 1340 ut
1238 1285 1303 1340 de
1323 1285 1445 1341 aliis
1472 1295 1697 1351 taceam,

140 1384 236 1437 qua:
269 1370 312 1424 si
344 1385 412 1425 ex
460 1372 649 1428 ordine
701 1375 920 1430 voluero
947 1376 1242 1446 replicare,
1290 1389 1447 1434 antea
1489 1380 1704 1436 deﬁciet

142 1459 216 1511 lux
265 1459 481 1522 diurna,
527 1477 686 1530 quam
742 1465 961 1536 legenda
993 1467 1186 1522 exinde
1216 1469 1429 1523 deﬁciat
1465 1471 1700 1542 pagina,

140 1549 386 1618 replicabo
417 1551 523 1626 tibi
543 1553 744 1623 aliqua,
770 1571 889 1625 qua:
916 1571 1020 1611 non
1047 1557 1198 1612 valeo
1221 1573 1321 1614 nec
1342 1561 1511 1615 debeo
1539 1561 1702 1616 silen-

140 1644 198 1697 tio
235 1646 532 1714 pneterire.
574 1648 831 1705 Videlicet
867 1650 993 1721 quia
1043 1652 1225 1706 statim
1265 1660 1324 1707 ut
1379 1669 1407 1708 a
1459 1665 1701 1723 paterna:

1809 458 2076 528 episcopis
2103 458 2301 513 nostris
2323 458 2630 511 exhibuisti.
2652 457 2778 512 Post
2799 458 2913 513 haec
2936 473 3085 516 more
3108 470 3212 515 uite
3228 462 3393 517 inSta-

1809 549 2034 604 bilitaris
2071 565 2135 605 ac
2184 549 2553 604 inconstantia:
2584 559 2770 605 contra
2819 552 3072 608 damnum
3116 569 3296 626 regem
3335 557 3388 610 ln

1809 651 2014 698 tantmn
2051 651 2100 698 te
2127 643 2244 698 sine
2272 642 2480 697 ratione
2519 644 2912 699 contumaciter
2952 646 3171 701 erexisti
3197 688 3212 712 ,
3251 654 3308 702 ut
3335 657 3392 702 et

1807 733 2328 787 administrationem
2361 731 2676 801 palatinam,
2704 742 2759 787 et
2791 734 2956 802 ipsam
2992 735 3263 790 abbatiam
3295 737 3391 790 tibi

1807 823 2079 890 auferret,
2115 834 2171 878 et
2208 840 2237 878 a
2264 833 2313 878 te
2342 833 2700 894 exaggeratus
2733 826 2950 878 duriora
2979 826 3265 895 ingerenda
3292 827 3390 884 tibi

1803 925 2145 988 preponcret.
2179 915 2331 971 Unde
2373 926 2430 971 et
2473 917 2710 986 scriptis,
2743 926 2798 973 et
2845 918 3026 972 verbis
3062 933 3160 989 pro
3190 928 3243 974 te
3279 929 3394 975 sat-

1805 1023 1969 1079 agens
2028 1008 2178 1062 illum
2229 1008 2324 1062 tibi
2364 1009 2730 1064 reconciliavi.
2768 1009 3001 1079 Indeque
3042 1009 3184 1065 sicut
3211 1011 3393 1065 sciunt

1804 1099 2043 1170 plurimi,
2074 1108 2260 1154 contra
2286 1099 2431 1153 illum
2466 1109 2519 1154 te
2551 1100 2748 1154 iterum
2780 1100 3002 1154 erexisti
3024 1141 3038 1164 ,
3067 1108 3123 1154 et
3145 1101 3396 1155 mandata

1807 1205 1926 1253 sua,
1952 1198 2013 1244 ut
2047 1189 2114 1243 ad
2141 1206 2264 1244 eum
2294 1191 2527 1252 venires,
2566 1199 2950 1254 contemnens,
2979 1191 3117 1247 adeo
3147 1192 3294 1246 illum
3328 1192 3397 1247 ad

1803 1280 2134 1336 iracundiam
2150 1281 2477 1350 provocasti,
2499 1282 2638 1336 sicut
2654 1297 2842 1336 omnes
2865 1283 2916 1336 in
2941 1283 3058 1336 istis
3081 1283 3393 1353 regionibus

1803 1374 2019 1438 sciunt,
2050 1382 2108 1427 ut
2128 1383 2350 1428 coactus
2376 1383 2428 1428 te
2455 1389 2550 1442 per
2597 1374 2784 1428 ﬁdeles
2809 1389 2936 1429 suos
2961 1373 3101 1429 sicut
3125 1373 3396 1428 inﬁdelem

1805 1471 2106 1532 appeteret.
2146 1461 2224 1516 Tu
2267 1471 2446 1516 autem
2475 1471 2601 1516 ante
2629 1462 2925 1518 inauditam
2955 1461 3398 1516 excommunica-
3452 1483 3460 1491 -

1810 1555 2011 1608 tionem
2043 1553 2095 1608 in
2123 1568 2305 1618 meos,
2356 1563 2411 1608 et
2446 1553 2736 1608 multorum
2769 1552 3297 1623 archiepisc0porum
3342 1561 3400 1606 et

1805 1647 2186 1716 episcoporum
2232 1645 2592 1715 parochianos
2617 1687 2630 1712 ,
2664 1645 2759 1700 sed
2801 1655 2855 1716 et
2896 1645 2947 1699 in
2990 1645 3162 1714 ipsum
3212 1658 3394 1714 regem

139 1735 244 1790 nido
282 1737 618 1792 educationis
649 1738 825 1794 factus
866 1741 1152 1812 episcopus
1178 1743 1399 1797 evolasti
1419 1785 1432 1808 ,
1459 1754 1512 1799 et
1541 1760 1626 1800 me
1646 1755 1702 1802 ει
1735 1725 1780 1786 Β
1805 1739 1924 1793 sine
1948 1752 2064 1792 mea
2087 1738 2418 1793 conscientia
2450 1747 2639 1793 contra
2669 1753 2854 1793 sacras
2884 1739 3096 1810 regulas
3120 1737 3396 1806 jaculasti.

137 1840 208 1878 cos
238 1826 323 1894 qui
359 1836 410 1882 te
439 1829 748 1883 nutrierunt
780 1829 1098 1896 deseruisti,
1123 1839 1177 1886 et
1194 1832 1482 1892 smculares
1509 1835 1701 1891 amici-

137 1920 219 1974 tias
253 1927 420 1990 atque
464 1921 868 1979 familiaritates
897 1925 1168 1993 qumsisti,
1196 1936 1251 1980 et
1288 1927 1564 1996 acquisisti
1593 1970 1608 1993 ,
1649 1939 1705 1984 et

135 2013 195 2067 sic
226 2013 451 2069 subinde
479 2014 616 2069 alios
647 2025 704 2070 et
723 2015 858 2071 alios
885 2017 1142 2072 deserens
1167 2028 1221 2073 et
1246 2019 1560 2088 acquirens,
1594 2035 1702 2076 non

138 2104 291 2158 solum
316 2106 382 2160 de
404 2107 775 2174 comparibus,
793 2108 884 2161 sed
903 2109 1064 2162 etiam
1087 2109 1230 2162 etde
1253 2109 1347 2163 tibi
1376 2109 1700 2175 commissis,

135 2193 185 2246 ad
212 2193 308 2248 hoc
339 2196 640 2258 emcrsisti,
677 2206 734 2250 ut
769 2207 956 2253 contra
995 2213 1178 2253 sacras
1206 2199 1572 2256 Antiochenas
1619 2214 1704 2255 re-

134 2284 262 2353 gulas
283 2287 660 2356 przeeipientes
687 2299 744 2344 ut
773 2301 969 2360 praeter
1017 2307 1103 2346 me
1127 2307 1292 2364 agere
1315 2294 1452 2348 nihil
1502 2294 1700 2350 debeas

135 2376 321 2443 (concil.
356 2379 602 2432 Antioch.
635 2396 682 2444 ι,
715 2397 829 2451 cap.
857 2381 933 2452 9),
965 2384 1259 2438 secnndum
1299 2385 1574 2454 antiquam
1598 2383 1701 2439 Pa-

137 2465 288 2523 tribus
317 2470 524 2524 nostris
554 2471 794 2538 regulam
819 2473 1194 2538 constitutam,
1235 2474 1337 2528 nisi
1365 2489 1429 2528 ea
1459 2483 1664 2530 tantum
1684 2518 1699 2544 ,

136 2572 235 2624 qua:
261 2562 325 2614 ad
357 2571 507 2616 tuam
538 2564 854 2632 parochiam
900 2566 1200 2635 pertinent,
1226 2566 1703 2637 possessionesque

135 2651 380 2718 subjectus
433 2656 556 2710 sine
595 2657 847 2724 mea,vel
897 2659 1343 2728 coepiscoporum
1393 2669 1700 2715 nostrorum

138 2746 445 2800 conscientia
483 2747 1013 2803 administrationem
1046 2749 1096 2803 in
1120 2749 1322 2818 palatio
1351 2751 1530 2805 domni
1560 2751 1704 2822 regis

134 2835 449 2901 obtinueris,
477 2854 641 2908 quam
674 2841 1198 2897 administrationem
1240 2842 1335 2896 tibi
1371 2857 1559 2897 coram
1606 2858 1701 2898 eo-

138 2923 241 2977 dem
290 2926 488 2982 domno
546 2942 672 2998 rege
723 2939 775 2983 et
804 2929 925 2984 aliis
959 2931 1050 2999 qui
1088 2931 1379 2986 adfuerunt
1429 2948 1494 2987 ex
1531 2933 1704 3011 sacris

139 3015 317 3083 regulis
344 3017 622 3085 interdixi,
646 3028 701 3073 et
721 3020 1030 3089 aliquandiu
1054 3021 1121 3076 ab
1142 3023 1330 3077 eadem
1353 3023 1704 3079 administra-

143 3106 268 3160 tione
289 3111 533 3164 ccssasti.
572 3110 763 3166 Postea
796 3122 973 3166 autem
1004 3127 1101 3181 per
1129 3123 1343 3169 exteras
1364 3155 1378 3179 ,
1403 3114 1455 3169 id
1486 3121 1569 3170 est
1595 3129 1700 3169 sre-
1731 3085 1775 3148 δ

145 3194 329 3250 culares
358 3208 650 3267 potestates
697 3210 884 3255 contra
911 3200 1264 3258 Sardicenses
1298 3218 1532 3258 canones
1561 3204 1706 3275 (con-

146 3284 218 3337 ril.
251 3286 400 3342 Sard.
433 3307 556 3345 cun.
605 3291 694 3360 15)
733 3293 980 3347 eamdem
1024 3293 1548 3350 administrationem
1581 3313 1704 3352 cum

147 3377 335 3433 abbatia
365 3382 416 3436 in
447 3383 605 3436 tertia
647 3384 922 3453 provincia
957 3384 1094 3438 ultra
1123 3385 1446 3442 Remensem
1479 3389 1698 3456 provino

149 3468 267 3523 ciam
294 3472 408 3528 siue
445 3489 564 3528 mea
605 3475 934 3529 conscientia
964 3475 1267 3531 obtinuisti.
1306 3477 1385 3531 Ad
1417 3493 1580 3547 quam
1613 3478 1706 3532 ab-

148 3555 323 3614 batiam
349 3563 462 3617 sine
493 3578 610 3617 mea
641 3563 858 3618 licentia
889 3565 1102 3633 quoties
1126 3565 1218 3618 tibi
1248 3565 1490 3634 placuit,
1519 3581 1708 3636 perre-

146 3648 251 3703 xisti
271 3692 284 3716 ,
328 3661 380 3705 et
413 3655 652 3722 quandiu
679 3654 770 3710 tibi
799 3656 999 3724 placuit
1031 3656 1228 3710 ibidem
1266 3657 1413 3713 fuisti
1443 3659 1704 3712 immora-

149 3749 219 3793 tus
241 3782 256 3804 ,
289 3753 470 3798 contra
519 3745 710 3800 Hilarii
739 3762 887 3817 papa:
931 3749 1148 3803 decreta
1183 3749 1410 3803 dicentis
1462 3749 1700 3820 (litum,

148 3831 274 3897 epist.
310 3833 397 3904 8):
428 3835 558 3890 illud
582 3852 687 3891 non
719 3839 988 3906 potuimus
1022 3839 1302 3908 prmtcrire
1329 3840 1470 3908 quod
1505 3839 1705 3894 sollicio

151 3923 308 3977 tudine
361 3926 701 3997 diligentiore
747 3931 1040 3983 curandum
1080 3940 1191 3992 est,
1235 3945 1300 3984 ne
1341 3939 1538 3999 prieter
1587 3945 1703 3985 mc-

152 4017 571 4082 tropolitanorum
620 4036 842 4075 suorum
898 4022 1107 4077 litteras
1159 4023 1323 4093 aliqui
1361 4024 1596 4094 episcopi
1638 4024 1706 4078 ad

151 4107 415 4169 quamlibet
438 4111 775 4180 provinciam
803 4111 1033 4166 audeant
1056 4113 1349 4183 proﬁcisci,
1373 4114 1514 4183 quod
1539 4115 1704 4169 etiam

152 4194 194 4246 in
217 4202 350 4254 omni
387 4218 583 4273 genere
630 4203 789 4260 oliicii
825 4206 1090 4261 clericalis
1125 4223 1224 4277 per
1261 4208 1500 4279 singulas
1548 4209 1707 4264 debet

154 4287 383 4347 ecclesias
395 4296 691 4350 custodiri.

209 4398 228 4428 ‹
261 4383 322 4436 Ει
345 4386 421 4441 sic
447 4397 607 4441 antea
637 4387 885 4444 Zosimus
936 4388 1168 4460 (7.05m,
1201 4393 1353 4460 epist.
1382 4392 1415 4446 5
1443 4402 1488 4445 et
1519 4393 1597 4463 9),
1654 4400 1709 4447 et

149 4479 308 4534 postea
334 4485 551 4531 sanctus
575 4475 873 4549 Gregorius
901 4479 1189 4548 (Gemon,
1215 4481 1305 4534 lib.
1333 4497 1405 4544 tv,
1431 4483 1581 4550 epist.
1617 4480 1706 4553 51)

148 4559 491 4622 decreverunt.
539 4567 834 4639 Propterea
885 4584 1097 4639 quoque
1142 4572 1310 4626 semel
1362 4586 1426 4626 ac
1472 4573 1710 4626 secundo

126 4647 316 4720 [litteris
339 4659 613 4714 canonicis
647 4669 905 4714 evocatus
933 4661 998 4713 ad
1028 4661 1423 4716 ordinationem
1454 4662 1702 4731 episcopi

149 4738 192 4792 in
217 4743 448 4803 Ecclesia
485 4751 872 4806 Cameracensi
915 4752 1204 4820 provinciae
1251 4760 1452 4807 nostra:
1492 4763 1709 4821 pastore

150 4834 402 4906 destituta,
428 4844 570 4897 unde
620 4842 920 4914 apostolica
952 4845 1106 4898 sedes
1143 4859 1228 4898 me
1250 4852 1570 4914 suggerente
1603 4858 1708 4896 non

152 4926 339 4983 modice
363 4931 647 4998 laboravit,
689 4949 791 4989 nec
824 4933 940 5000 ipse
972 4934 1189 4999 venisti,
1219 4950 1318 4987 nec
1354 4948 1454 5002 pro
1487 4941 1536 4986 te
1563 4935 1709 4986 vica-

152 5013 268 5071 riam
319 5037 616 5091 personam,
667 5027 751 5081 vel
808 5025 1018 5080 litteras
1061 5027 1136 5080 tui
1172 5038 1489 5091 consensus,
1523 5034 1582 5079 ut
1627 5039 1714 5079 re-

154 5110 271 5174 sulm
297 5129 453 5172 sacrm
483 5121 817 5190 praecipiunt,
859 5116 926 5169 ad
948 5134 1032 5173 me
1061 5119 1326 5176 direxisti.
1372 5116 1525 5173 Unde
1551 5119 1710 5189 Sym-

153 5205 354 5261 machus
379 5225 508 5280 papa
552 5213 613 5267 ad
639 5210 883 5268 Eonium
933 5224 999 5262 ex
1034 5214 1202 5269 sacris
1240 5211 1438 5282 regulis
1465 5211 1710 5280 promul-

155 5296 285 5357 ῧπὶι
321 5298 494 5370 (δι-ειη
526 5305 724 5372 ep..ll,
755 5299 833 5354 ad
881 5296 1188 5375 Cinariam)
1221 5344 1235 5368 ,
1289 5313 1348 5356 ut
1394 5302 1438 5356 si
1486 5304 1712 5372 quilibet

1810 1830 1962 1886 Unde
1989 1831 2184 1886 multos
2213 1831 2618 1896 scandalizasti,
2655 1840 2711 1885 et
2750 1831 3043 1884 maximum
3077 1830 3396 1886 scandalum

1807 1938 1912 1976 non
1949 1922 2118 1977 solum
2154 1922 2443 1986 Ecclesiae,
2480 1922 2573 1977 sed
2607 1929 2660 1976 et
2692 1922 2802 1992 regi
2842 1935 2905 1975 ac
2932 1936 3099 1991 regno
3139 1921 3395 1984 intulisti,

1806 2029 1928 2067 cum
1960 2013 2042 2067 lex
2067 2012 2386 2083 prohibebat
2406 2022 2465 2068 ut
2488 2028 2584 2082 per
2609 2013 2839 2067 alienam
2868 2027 3097 2067 messem
3125 2005 3397 2068 transiens

1804 2105 1996 2160 falcem
2023 2120 2126 2159 non
2150 2106 2352 2170 mittas,
2384 2106 2476 2160 sed
2503 2121 2660 2159 manu
2684 2105 2862 2176 spicas
2887 2113 3138 2160 conteras
3159 2113 3215 2159 et
3233 2107 3393 2158 ‘man-

1806 2195 2334 2266 duces(Deut.xxm,
2356 2196 2469 2266 25).
2487 2195 2727 2260 Falcem,
2753 2196 2946 2264 inquit,
2970 2196 3159 2250 beatus
3185 2193 3394 2263 Grego-

1806 2285 2145 2355 rius,judieii
2177 2288 2391 2343 mittere
2417 2303 2522 2344 non
2548 2297 2699 2356 potes
2723 2288 2774 2340 in
2798 2301 2860 2340 ea
2883 2286 3294 2356 segete(Gncc.,
3319 2285 3389 2340 ad

1805 2377 2111 2447 interrogat.
2128 2377 2404 2446 Augustin.
2444 2395 2578 2447 resp.
2605 2378 2680 2446 9),
2705 2377 2832 2447 quia
2858 2377 3014 2431 alteri
3031 2377 3243 2431 videtur
3264 2389 3385 2432 esse

1806 2467 2094 2522 commissa
2129 2506 2144 2531 ,
2181 2467 2272 2521 sed
2313 2481 2410 2537 per
2441 2466 2688 2521 eﬂ'ectum
2729 2465 2856 2520 boni
2899 2465 3079 2534 operis
3119 2465 3392 2518 frumenta

1806 2559 2084 2614 Dominica
2111 2558 2362 2613 vitiorum
2385 2573 2605 2613 suorum
2635 2557 2806 2628 paleis
2831 2556 3092 2628 exspolia,
3133 2565 3188 2612 et
3221 2557 3274 2610 in
3300 2555 3395 2613 Ec-

1807 2651 1983 2707 clesiae
2020 2665 2219 2722 corpus
2244 2651 2512 2705 monendo
2535 2657 2588 2705 ct
2611 2649 3009 2721 persuadendo,
3037 2648 3192 2718 quasi
3241 2660 3394 2702 man-

1807 2741 1986 2798 dando
2005 2781 2019 2808 ,
2051 2749 2328 2797 converte.
3364 2748 3366 2750 ν

1883 2853 1901 2884 ι
1925 2833 2056 2888 Post
2093 2847 2257 2903 quam
2297 2834 2770 2905 praesumptionem
2800 2875 2813 2900 ,
2871 2832 3129 2888 adhibitis
3181 2847 3394 2888 mecum

1796 2910 2174 2980 confratribus
2201 2924 2437 2990 nostris,
2471 2934 2522 2979 te
2543 2933 2598 2979 et
2632 2939 2754 2978 cum
2795 2939 2860 2978 eo
2895 2923 3174 2994 paciﬁcavi
3202 2932 3255 2978 et
3282 2923 3396 2993 epi-

1809 3015 1989 3086 scopis
2017 3057 2030 3079 ,
2057 3031 2288 3086 quorum
2321 3010 2680 3086 parochianOs
2706 3015 3188 3072 excommunicasli
3209 3024 3312 3078 ,ut
3339 3014 3395 3068 in

1811 3119 1862 3164 te
1898 3107 2143 3179 synodali
2188 3107 2454 3162 sententia
2516 3123 2623 3162 non
2685 3108 3045 3174 inveherent,
3107 3106 3396 3178 persuasi;

1809 3199 1904 3255 sed
1931 3208 1986 3254 et
2018 3199 2239 3254 eosdem
2276 3214 2306 3254 a
2336 3207 2389 3254 te
2430 3199 2930 3254 excommunicatos
2949 3240 2963 3265 ,
2992 3200 3118 3254 licet
3143 3213 3248 3254 non
3273 3198 3393 3254 sine

1810 3290 2020 3357 labore,
2050 3289 2476 3346 adminiculante
2503 3299 2682 3346 tamen
2706 3291 2904 3346 domno
2925 3306 3074 3362 rege,
3111 3291 3397 3345 adversum

1808 3392 1861 3438 te
1908 3383 2295 3450 conquiescere
2331 3380 2455 3437 feci.
2495 3381 2602 3437 Sed
2642 3392 2696 3436 tu
2728 3383 2934 3438 addens
2966 3381 3151 3452 pejora
3196 3381 3394 3452 priori-

1809 3475 1929 3544 bus,
1955 3475 2038 3531 sic
2058 3475 2314 3531 domnum
2340 3491 2541 3547 regem,
2569 3477 2711 3531 sicut
2739 3477 2870 3530 mihi
2894 3476 3109 3546 longum
3131 3485 3216 3531 est
3235 3490 3396 3530 enar-

1810 3583 1934 3624 rare
1955 3609 1970 3633 ,
1999 3578 2057 3624 et
2087 3568 2242 3622 multi
2279 3569 2477 3634 sciunt,
2518 3569 2714 3622 iterum
2755 3568 3116 3639 exaggerasti,
3149 3576 3208 3622 ut
3232 3579 3398 3622 causa

1809 3668 1914 3714 tuae
1965 3659 2337 3729 castigationis
2358 3699 2373 3723 ,
2419 3667 2500 3724 te,
2531 3660 2646 3713 sine
2681 3674 2797 3712 mea
2827 3659 3134 3724 voluntate,
3171 3657 3397 3725 sineque

1811 3765 1932 3804 meo
1999 3764 2264 3804 consensu
2306 3790 2319 3814 ,
2398 3749 2791 3820 aliquantulum
2861 3751 3090 3804 detineri
3153 3739 3391 3819 iuberet.

1809 3839 1889 3893 Tu
1928 3853 2058 3894 vero
2100 3854 2261 3894 causa
2287 3848 2391 3894 tua:
2415 3840 2660 3910 injuria),
2720 3855 2805 3893 me
2829 3839 3160 3904 inconsulto,
3193 3848 3249 3894 et
3279 3840 3398 3896 sine

1808 3944 2070 3986 consensu
2126 3932 2563 4002 coepiscoporum
2617 3931 2900 3987 Remensis
2925 3933 3235 4002 provinciae,
3264 3932 3406 3986 sicut

1807 4023 1998 4092 petitio
2042 4037 2072 4076 a
2117 4022 2329 4077 clericis
2384 4022 2756 4077 Lauduncnsis
2801 4021 3056 4077 Ecclesia:
3103 4023 3232 4076 mihi
3273 4037 3400 4092 por-

1809 4123 1955 4170 recta
1984 4115 2344 4179 demonstrat,
2397 4115 2742 4185 presbyteros
2771 4122 2826 4168 et
2865 4113 3265 4168 comministros
3313 4127 3404 4167 ec-

1808 4205 1988 4261 clesiae
2031 4221 2094 4260 ac
2148 4206 2417 4275 parochias
2446 4205 2540 4259 tibi
2563 4205 2867 4261 commissae
2897 4204 3402 4270 excommunicasti,

1810 4304 1871 4350 ut
1898 4309 2058 4350 nemo
2085 4295 2138 4350 in
2181 4294 2371 4350 eadem
2402 4295 2658 4365 parochia
2712 4296 2996 4350 missarum
3054 4293 3228 4350 oﬁicia
3256 4295 3402 4350 cele4

1815 4389 2018 4452 braret,
2060 4388 2331 4441 neminem
2377 4385 2749 4456 parvulorum,
2800 4388 3046 4460 etiamin
3093 4388 3283 4442 mortis
3309 4403 3402 4441 ur-

1815 4479 1993 4548 gentis
2037 4480 2278 4547 pcriculo
2321 4477 2694 4541 constitutum,
2735 4478 3055 4546 baptizaret,
3087 4477 3290 4532 nullum
3329 4476 3405 4533 ad

1813 4569 2185 4638 ptenitentiam
2217 4569 2521 4637 quisquam,
2574 4583 2673 4622 nec
2700 4568 2863 4621 etiam
2895 4570 3111 4623 obeunti
3159 4583 3402 4624 commu-

1817 4662 1976 4715 nione
2013 4661 2208 4713 viatica
2235 4659 2473 4713 muneris
2497 4657 2808 4713 subveniret
2838 4675 2852 4720 ;
2899 4659 3029 4714 nulli
3057 4659 3311 4714 defuncto
3347 4659 3403 4714 in

1812 4751 2124 4824 sepeliendo
2153 4749 2506 4805 humanitatis
2535 4748 2855 4820 obsequium
2887 4751 3207 4816 exhiberet;
3234 4749 3408 4804 donec

1812 4851 1905 4896 aut
1937 4851 1992 4894 tu
2016 4841 2128 4907 ipse
2159 4839 2223 4892 ad
2255 4852 2350 4894 eos
2368 4838 2603 4903 venires,
2629 4849 2724 4894 aut
2755 4854 2784 4891 a
2810 4839 2944 4895 sede
2969 4839 3258 4911 apostolica
3283 4837 3408 4918 inde

1812 4930 2128 4985 relationem
2181 4929 2504 4998 reciperent.
2543 4926 2698 4994 Quod
2745 4927 2998 4996 audiens,
3037 4931 3225 4992 lateor,
3249 4923 3408 4977 vehe-

1815 5028 2024 5072 menter
2052 5019 2335 5085 exhorrui,
2379 5027 2434 5074 et
2484 5021 2713 5088 proinde
2752 5017 2817 5070 ad
2866 5026 2959 5085 te,
3000 5013 3405 5084 metropoli“!!!a

1813 5108 2192 5174 scilicitudine,
2228 5109 2435 5166 litteras
2482 5110 2626 5177 misi,
2660 5122 2884 5164 monens
2919 5119 2977 5163 et
2997 5111 3216 5163 hortans
3243 5110 3315 5162 te,
3348 5105 3411 5150 ut

1818 5213 1925 5255 tam
1980 5199 2308 5255 exitiabilem
2360 5194 2982 5255 excommunicationem
3018 5207 3072 5250 et
3109 5185 3406 5260 ’ἰῐῐιρίείδῑίδ

1814 5296 2207 5366 colligationem
2247 5296 2303 5350 in
2361 5304 2507 5348 tuum
2553 5301 2611 5345 et
2656 5287 2949 5345 multorum
2999 5282 3293 5357 periculum
3323 5277 3408 5331 in-

2805 5373 2912 5396 a-..
2984 5385 2998 5396 ι
3043 5393 3062 5396 -
3091 5376 3105 5396 Ι
3133 5373 3411 5396 ...2-ιξηοηηιῐ
