3904 5396
515 417 659 475 ,211

1620 403 2008 462 FLODOABD]
2045 401 2364 460 CANONICI
2400 402 2766 473 REMENSIS.
3693 404 3774 462 HS

560 541 839 586 sacrorum
882 539 1152 582 canonum
1189 533 1245 582 et
1275 523 1584 598 apostolica:
1619 522 1764 579 sedis
1786 521 1981 589 direxi,
2007 535 2137 592 qua-
2164 524 2212 584 Α
2241 527 2296 575 et
2330 527 2380 574 te
2401 520 2571 576 sacris
2599 520 2800 591 regulis
2831 519 3086 588 subdens,
3107 536 3298 594 pacem
3325 529 3378 578 et
3403 521 3772 578 sanctimoniam

560 629 718 673 tenus
748 616 1044 672 secundum
1068 615 1288 672 easdem
1336 614 1696 676 deﬁnitiones,
1725 629 1844 683 quae
1892 613 1945 666 in
1993 609 2136 664 nullo

555 709 779 764 convelli
813 716 1060 777 possunt,
1090 723 1156 762 ex
1187 707 1377 764 eadem
1424 706 1722 778 periculosi
1750 714 1806 759 et
1854 702 2136 774 irrcgulari

555 799 1118 856 exconmiunicatioue
1161 808 1384 870 agerent
1428 808 1482 854 et
1523 798 1622 868 ipsi
1666 797 1817 852 satis.
1875 796 1981 851 Sed
2011 795 2137 866 quia

556 906 690 946 mean
740 891 1094 947 admonitioni
1137 890 1358 946 obedire
1408 906 1514 946 non
1555 889 1790 954 voluisti,
1827 890 1944 944 misi
1993 890 2059 944 ad
2088 897 2137 942 te

554 983 750 1037 ἱιοιιιιιι
791 982 984 1037 exinde
1009 982 1239 1048 litteras,
1259 983 1355 1037 sed
1376 992 1432 1037 et
1469 981 1536 1036 ad
1556 982 1784 1038 clericos
1811 981 2136 1038 Laudunen-

553 1071 632 1126 sis
656 1071 949 1141 parochitc,
975 1081 1030 1124 et
1067 1086 1167 1126 nec
1214 1071 1294 1127 sic
1315 1079 1368 1127 te
1414 1071 1481 1125 ad
1509 1071 1865 1127 ohediendum
1910 1069 2138 1124 invitare

554 1164 832 1234 praevalui.
864 1163 994 1221 Post
1026 1165 1160 1230 hare,
1189 1179 1439 1234 quaerens
1470 1165 1898 1230 adinventiones,
1945 1171 2003 1218 ut
2032 1173 2084 1220 te
2107 1179 2137 1217 a

555 1255 970 1324 metropolitana
998 1253 1332 1323 subjectione
1355 1269 1540 1325 posses
1563 1269 1780 1321 exuere,
1811 1255 2050 1310 libellum
2071 1254 2139 1310 de

556 1346 900 1415 antiquorum
927 1345 1148 1402 Patrum
1177 1347 1396 1417 scriptis
1417 1357 1541 1402 ante
1584 1362 1770 1403 sacros
1795 1347 2024 1403 Nicaena:
2049 1364 2139 1420 sy-

557 1438 708 1503 nodi,
754 1448 808 1494 et
850 1438 1080 1493 aliorum
1126 1447 1438 1496 sanctorum
1479 1454 1715 1494 canones
1772 1439 1932 1494 editis
1977 1438 2138 1495 colle-

557 1529 708 1596 gisti,
742 1531 794 1584 in
822 1531 1019 1600 quibus
1042 1532 1338 1587 sententias
1362 1532 1500 1586 inter
1527 1547 1586 1587 sc
1629 1531 1897 1598 dissonas,
1925 1541 1979 1587 et
2011 1546 2139 1585 con-

558 1628 638 1671 tra
665 1619 1028 1688 evangelieam
1058 1629 1111 1674 et
1135 1620 1510 1690 apostolicam,
1535 1630 1695 1692 atque
1741 1622 2054 1676 canonicam
2084 1628 2140 1676 et

556 1709 864 1778 apostolica:
893 1712 1039 1768 sedis
1077 1713 1452 1768 auctoritatem
1480 1713 1842 1778 immiscuisti,
1883 1721 1937 1768 et
1963 1713 2134 1769 eidem

555 1798 733 1856 lbsllo
761 1804 877 1857 sine
901 1804 1298 1878 metrOpclitani
1319 1814 1374 1860 et
1395 1805 1831 1875 coepiscoporum
1856 1804 2138 1862 Remensis

517 1953 522 1958 δ
553 1893 844 1961 provir.ei.c
874 1877 1208 1950 conscientia
1252 1911 1316 1950 ac
1366 1911 1633 1951 consensu
1669 1897 2059 1966 subscripsisti,
2082 1904 2135 1951 et
2170 1877 2210 1934 Π

556 2001 587 2036 a
626 1982 840 2038 clericis
885 1985 1129 2042 ecclesiae
1187 1995 1324 2052 ιιιιυ,
1377 2001 1586 2043 necnon
1634 1995 1744 2041 eta
1795 1986 2138 2058 parochianis

554 2073 886 2144 presbyteris
916 2075 1182 2132 subscribi
1210 2077 1408 2143 fecisti,
1441 2079 1628 2133 volens
1652 2089 1702 2132 te
1726 2093 1756 2132 a
1800 2079 2136 2148 subjectioue

557 2169 662 2216 tua:
710 2165 1023 2234 metrOpolis
1073 2175 1294 2221 exutum
1342 2177 1650 2234 ostentare,
1694 2176 1748 2223 et
1795 2169 2134 2240 privilegium

553 2269 642 2309 me
668 2257 978 2326 ropolitanze
1029 2258 1173 2313 sedis
1217 2260 1519 2326 annullare,
1569 2260 1722 2329 quasi
1777 2275 1881 2314 non
1924 2275 2136 2330 possem

556 2347 849 2416 impietatis
893 2356 995 2403 tuac
1053 2350 1426 2421 colligationes
1484 2351 1746 2405 canonica
1789 2352 2134 2417 auctoritate,

549 2438 669 2493 sine
709 2448 798 2495 tuo
825 2455 1110 2506 consensu,
1142 2457 1204 2496 ac
1228 2443 1344 2496 sine
1385 2441 1628 2514 synodali
1657 2451 1924 2499 conventu
1957 2442 2010 2496 in
2042 2457 2136 2514 pa-

552 2528 740 2584 rochia
775 2538 864 2585 tua
909 2529 1226 2595 dissolvere,
1259 2546 1380 2585 cum
1414 2531 1480 2586 de
1531 2531 1695 2590 certis
1754 2541 1806 2587 et
1835 2530 2137 2588 manifestis

549 2620 752 2687 causis,
789 2635 907 2690 qum
929 2621 982 2675 in
1013 2620 1162 2676 nullo
1189 2621 1346 2677 nobis
1391 2630 1518 2676 sunt
1555 2621 1716 2678 dubia
1746 2622 1834 2678 vel
1875 2623 2131 2689 obscura,

550 2717 606 2764 et
629 2711 693 2764 de
718 2710 916 2780 quibus
953 2710 1192 2766 finitivas
1223 2711 1540 2778 sententias,
1585 2727 1705 2782 qua:
1734 2713 1881 2768 nulla
1909 2721 2138 2784 possunt

554 2801 768 2856 ratione
797 2802 1042 2868 convelli,
1073 2818 1103 2856 a
1131 2804 1335 2858 sanctis
1356 2801 1610 2858 Patribus
1644 2804 2017 2875 promulgatas
2040 2805 2131 2860 ha-

547 2893 763 2960 bemus,
795 2895 1052 2966 synodale
1078 2895 1401 2962 consultum,
1435 2895 1518 2950 vel
1545 2897 1990 2967 coepiscoporum
2039 2913 2135 2953 no-

546 2994 676 3041 strae
719 2989 1011 3056 provinciae
1063 2988 1380 3062 censimum,
1404 2987 1488 3042 vel
1533 3003 1854 3044 consensum
1901 3005 2006 3047 non
2045 2990 2134 3046 de-

546 3077 702 3133 beam
745 3090 1084 3150 cxspcctare,
1123 3089 1178 3134 ct
1220 3096 1248 3134 a
1306 3079 1508 3150 regulis
1541 3080 1876 3149 prmstitutis,
1911 3089 1969 3134 ut
2010 3097 2134 3135 san-

545 3178 666 3224 ctus
694 3167 804 3224 Leo
836 3170 966 3224 dicit
991 3169 1146 3241 (Leo,
1179 3187 1261 3240 ep.
1287 3169 1376 3232 84,
1403 3185 1447 3229 c.
1469 3169 1548 3240 2),,
1574 3168 1714 3222 nulla
1739 3179 1832 3224 aut
1861 3170 2134 3241 negligen-

548 3261 644 3325 tia,
676 3270 769 3314 aut
798 3261 1217 3332 praesumptione
1241 3261 1522 3316 discedere
1557 3278 1570 3314 :
1609 3276 1710 3316 nec
1749 3261 1914 3316 etiam
1945 3277 2003 3316 se
2027 3264 2126 3316 'cm

547 3351 899 3420 apostolicam
933 3353 1055 3407 inde
1086 3353 1404 3421 inquietare,
1435 3353 1573 3407 sicut
1604 3352 1770 3422 ipsius
1814 3361 2012 3408 sanctcc
2039 3369 2128 3408 se-

548 3443 632 3500 dis
661 3444 803 3500 beati
836 3444 1118 3515 pontiﬁces
1163 3443 1526 3510 Innocentius,
1573 3445 1841 3510 lesiintis,
1887 3446 2132 3501 leesti-

545 3552 670 3602 nus,
696 3535 825 3602 Lco,
850 3535 1105 3602 Hilarius,
1127 3535 1398 3600 Gelasius,
1422 3535 1731 3606 Gregorius,
1758 3545 1810 3590 et
1834 3536 1922 3590 alii
1951 3537 2130 3605 plures

545 3628 784 3699 ejusdem
821 3637 1025 3693 sanctae
1044 3627 1188 3684 sedis
1207 3637 1443 3684 rectores
1473 3626 1524 3682 in
1559 3626 1789 3682 decretis
1810 3629 1922 3682 suis
1950 3639 2130 3684 esten.-

547 3718 704 3785 dunt,
744 3736 763 3770 ι
803 3727 858 3773 et
880 3718 1104 3788 reliqua.

618 3807 750 3864 Item
786 3809 932 3869 datis,
951 3809 1367 3864 auctoriLntibus
1388 3808 1585 3870 Gelasii
1609 3824 1784 3880 papae:
1809 3829 1824 3860 ι
1848 3808 1971 3865 Post
1994 3825 2130 3880 prce.-

543 3899 638 3954 fati
693 3900 945 3971 denique.
996 3900 1198 3970 inquit,
1242 3895 1568 3956 moustrirosi
1611 3899 1768 3954 liliclli
1805 3915 1835 3954 a
1882 3908 1934 3954 te
1974 3915 2128 3954 mon-

545 3997 762 4046 struose
810 3991 1024 4046 collecti
1071 4001 1217 4048 tuam
1277 3999 1598 4060 tuorumque
1655 3991 2126 4062 subscriptionem,

541 4083 738 4137 .itteris
764 4099 991 4153 quarum
1032 4084 1306 4154 exemplar
1350 4085 1548 4150 habeo,
1596 4085 1769 4140 denuo
1799 4097 1850 4140 tc
1886 4102 2126 4140 commo-

541 4173 657 4239 nui,
685 4181 744 4226 ut
772 4188 834 4226 ea
863 4187 983 4242 qua:
1031 4172 1082 4226 in
1124 4172 1378 4242 parochia
1427 4179 1515 4226 tua
1546 4182 1734 4233 contra
1783 4175 2043 4230 rationem
2075 4185 2130 4229 et

543 4261 922 4317 auctoritatem
953 4277 1164 4330 egeras,
1195 4262 1442 4317 studeres
1473 4264 1765 4334 corrigere,
1812 4265 1904 4318 sed
1945 4265 2128 4320 admoo

539 4352 736 4407 nitioni
782 4367 916 4407 mem
965 4367 1069 4406 non
1102 4351 1348 4420 paruisti.
1391 4351 1593 4406 Deinde
1641 4366 1705 4406 cx
1752 4353 1989 4422 praefatis
2017 4354 2129 4423 epi-

540 4440 694 4496 stolis
725 4441 982 4496 Romana:
1010 4442 1154 4496 sedis
1206 4441 1520 4511 pontificum
1552 4451 1678 4497 ante
1727 4443 1998 4499 Nicaanam
2041 4460 2128 4515 sy-

541 4532 742 4586 nodum
772 4532 990 4602 scriptis
1018 4531 1255 4587 libellum
1289 4549 1320 4587 a
1349 4541 1400 4588 te
1428 4532 1730 4598 collectum,
1759 4543 1814 4590 et
1844 4535 2125 4593 versiculis

539 4625 594 4678 in
629 4623 846 4679 nomine
872 4624 1052 4679 domui
1082 4625 1225 4696 regis
1248 4622 1428 4678 Karoli
1454 4623 1748 4689 titulatum,
1779 4641 1877 4695 per
1906 4640 2123 4691 venera-

535 4712 698 4775 bilem
726 4715 995 4784 quondam
1027 4717 1494 4786 archiep'scopum
1524 4713 1866 4773 Wauilonem
1894 4715 1944 4770 in
1981 4715 2127 4771 Gun-

539 4801 649 4857 dull
672 4803 802 4857 villa
837 4820 1019 4858 coram
1053 4805 1326 4875 episcopis
1351 4805 1440 4873 qui
1469 4802 1779 4871 adfuerunt,
1811 4805 1941 4862 mihi
1986 4804 2127 4859 dire.-

536 4891 768 4956 xisti,de
793 4910 899 4964 quo
917 4895 1012 4949 tibi
1040 4895 1241 4964 scripto
1270 4895 1540 4966 respondi,
1565 4895 1718 4965 cujus
1743 4895 2134 4966 exemplarha-

536 4983 662 5046 beo,
689 4996 912 5037 monens
934 4992 1008 5048 te,
1026 4996 1084 5036 ut
1112 4984 1286 5039 sacris
1309 4984 1603 5039 canonibus
1629 4994 1684 5040 et
1709 4985 2018 5056 apostolicae
2041 5001 2130 5040 se-

538 5068 622 5124 dis
636 5068 871 5124 decretis
885 5084 951 5124 ex
981 5071 1186 5124 eisdem
1218 5072 1386 5125 sacris
1416 5072 1716 5127 canonitsus
1739 5081 1793 5127 et
1813 5073 2124 5143 apostolicae

2238 611 2534 670 secundum
2560 612 2873 682 Apostolum
2909 613 3059 682 sequi
3089 613 3334 670 studeres
3367 612 3548 684 (Hebr.
3581 615 3690 684 xu).
3713 615 3772 669 Tu

2239 713 2418 757 auiem
2451 702 2650 758 nullam
2683 702 2807 758 inde
2836 719 2966 759 mcze
2991 705 3342 760 admonitioni
3391 703 3772 760 satisfactionem

2237 794 2552 861 exhibuisti,
2585 795 2713 865 quin
2736 796 2914 866 potius
2935 797 3164 852 rotulam
3185 797 3600 866 prolixissimam
3620 806 3772 850 contra

2237 888 2521 942 veritatem
2547 895 2602 942 et
2632 886 3036 952 auctoritatem,
3059 902 3122 943 ac
3143 888 3404 942 rationem
3426 896 3710 943 contextam
3734 888 3771 942 in

2237 983 2422 1039 eadem
2451 981 2657 1054 synodo
2677 982 2918 1038 obtulisti
2943 990 2995 1036 et
3030 981 3309 1052 praefatum
3335 991 3482 1036 tuum
3511 990 3772 1036 monstruo-

2238 1089 2356 1129 sum
2384 1072 2640 1137 lihellum,
2666 1088 2696 1128 a
2724 1083 2776 1128 te
2793 1083 2848 1127 et
2872 1088 2902 1126 a
2931 1073 3038 1128 tuis
3058 1073 3417 1143 subscriptum
3442 1072 3494 1126 in
3511 1073 3685 1126 eadem
3707 1087 3773 1142 sy.

2238 1164 2380 1220 nodo
2422 1163 2714 1234 protulisti,
2761 1180 2920 1234 quem
2967 1165 3164 1220 ibidem
3233 1165 3505 1235 accipiens
3555 1165 3774 1218 hactenus

2237 1269 2415 1310 servo.
2469 1254 2534 1308 Et
2589 1270 2712 1310 cum
2769 1271 2855 1310 me
2904 1256 3010 1310 vidi
3041 1265 3162 1327 post
3191 1267 3267 1310 tot
3296 1257 3642 1311 adsumentes
3669 1255 3773 1309 nihil

2237 1345 2378 1416 apud
2411 1354 2462 1400 te
2487 1360 2644 1416 posse
2667 1346 2950 1416 proficere,
2975 1347 3285 1403 sehcdulam
3307 1349 3526 1417 porrexi
3545 1347 3593 1400 in
3609 1347 3774 1418 synodo

2238 1435 2607 1506 episcoporum
2641 1437 2823 1492 decem
2855 1438 3256 1508 provinciarum
3286 1440 3428 1508 (syri.
3455 1437 3774 1499 Duziacemis,

2237 1541 2328 1581 an.
2356 1526 2506 1597 87f),
2541 1526 2611 1581 ab
2641 1528 2844 1583 eisdem
2892 1531 3216 1586 venerandis
3261 1530 3533 1600 episcopis
3568 1543 3774 1599 quaerens

2238 1619 2541 1685 consilium,
2591 1621 2718 1692 quid
2749 1630 2937 1677 contra
2989 1631 3135 1677 tuam
3165 1625 3500 1693 pertinacem
3539 1631 3776 1676 contuma-

2239 1708 2376 1764 ciam
2426 1723 2585 1779 agere
2615 1725 2850 1780 possem,
2879 1719 2936 1766 et
2983 1711 3093 1779 illa,
3137 1729 3258 1783 quae
3290 1713 3382 1767 tibi
3415 1728 3482 1768 ac
3525 1701 3772 1782 parochizc.

2241 1809 2346 1855 tua:
2389 1809 2577 1856 contra
2633 1801 3006 1873 colligationes
3033 1812 3138 1860 tuae
3168 1804 3466 1875 impietatis
3489 1805 3772 1865 direxerarn,

2238 1906 2420 1948 coram
2454 1891 2559 1948 illis
2586 1892 2749 1964 relegi
2773 1893 2898 1948 feci.

2316 1999 2334 2034 ι
2365 1981 2517 2039 Unde
2543 1981 2688 2038 etab
2707 1983 2909 2040 eisdem
2931 1984 3197 2056 episcopis
3222 1985 3501 2056 prtedictis
3525 1985 3656 2040 sacri
3679 1999 3776 2039 con-

2240 2081 2432 2130 ventus
2480 2074 2918 2139 auctoritatibus,
2955 2077 3210 2146 quoniam
3241 2076 3444 2144 injuste
3476 2093 3539 2131 ac
3561 2076 3776 2146 irregula-

2239 2167 2374 2221 riter
2411 2175 2592 2223 tantas
2620 2174 2677 2222 et
2710 2168 2845 2223 tales
2887 2168 3484 2224 excommunicationes
3507 2182 3657 2238 agere
3673 2183 3778 2236 pne-

2235 2257 2536 2328 sumpsisti,
2564 2265 2619 2312 et
2643 2273 2674 2312 a
2702 2258 2904 2314 domno
2935 2274 3062 2330 rege
3119 2259 3415 2330 impetitus,
3451 2259 3692 2329 quoniam
3711 2257 3779 2325 ju-

2237 2357 2482 2402 rameuta
2531 2347 2659 2404 illia
2687 2356 2740 2404 te
2785 2364 2949 2419 super
3002 2364 3158 2405 sacra
3201 2351 3440 2420 praestita
3490 2365 3593 2405 non
3635 2348 3778 2403 obser-

2234 2437 2408 2503 vasti;
2439 2437 2535 2494 sed
2559 2447 2614 2494 et
2642 2438 2772 2509 quia
2802 2453 2892 2494 res
2920 2454 3031 2494 sua:
3068 2440 3414 2509 proprietatis
3444 2451 3632 2496 contra
3663 2439 3776 2508 leges

2235 2526 2446 2583 divinas
2498 2536 2553 2584 et
2605 2528 2873 2584 humanas
2925 2529 3191 2596 invasisti,
3247 2539 3303 2585 et
3347 2545 3378 2584 a
3419 2529 3775 2585 Normannoix

2235 2620 2444 2688 synodo
2485 2628 2794 2688 accusatus,
2842 2622 3100 2692 quoniam
3140 2616 3357 2678 eum‘de
3389 2623 3555 2678 rebus
3581 2632 3660 2676 tua
3683 2635 3777 2676 con-

2235 2710 2484 2766 cessione
2533 2721 2696 2781 atque
2746 2713 3107 2768 consensione
3155 2728 3186 2767 a
3231 2713 3452 2767 domino
3482 2712 3669 2768 Karolo
3698 2710 3774 2765 sibi

2233 2800 2590 2867 beneﬁciatis,
2625 2802 2744 2856 sine
2787 2803 3111 2858 auctoritate
3141 2803 3311 2874 regia,
3341 2813 3558 2858 armata
3589 2800 3772 2858 militari

2234 2905 2421 2956 manu,
2449 2900 2506 2947 et
2535 2893 2691 2948 turba
2722 2893 2867 2964 vulgi
2913 2894 3162 2960 collecta,
3206 2910 3328 2950 cum
3361 2894 3561 2965 gladiis
3583 2904 3635 2948 et
3657 2892 3777 2947 fusti-

2235 2980 2334 3040 bus
2375 2981 2617 3050 primum
2670 2983 2886 3052 quidem
2936 2999 3160 3040 uxorem
3199 2999 3380 3050 suam,
3430 3001 3556 3055 quae
3595 2985 3660 3039 ibi
3687 2983 3776 3038 sine

2233 3069 2343 3124 ullo
2393 3080 2534 3136 crat,
2566 3080 2620 3127 et
2651 3082 2836 3143 postea
2869 3074 3016 3128 illum
3070 3075 3245 3146 ipsum
3273 3085 3466 3130 contra
3495 3076 3634 3146 leges
3651 3081 3778 3128 etre-

2233 3165 2382 3235 gulas
2429 3167 2702 3236 expulisti,
2733 3177 2789 3224 et
2814 3169 2998 3223 onmia
3027 3184 3146 3234 sua,
3179 3185 3300 3240 quae
3346 3169 3419 3224 ibi
3452 3167 3661 3230 habuit,
3683 3165 3776 3218 abt-

2245 3255 2409 3310 tulisti
2455 3257 2635 3318 sedet
2659 3274 2688 3311 a
2717 3259 2822 3313 tuis
2859 3259 3167 3315 hominibus
3194 3269 3504 3325 accusatus,
3539 3259 3655 3329 quia
3677 3271 3777 3310 cou-

2235 3353 2314 3398 tra
2344 3345 2488 3415 leges
2512 3345 2722 3403 divinas
2765 3356 2822 3403 et
2847 3350 3148 3405 mundanas
3170 3350 3250 3404 eis
3275 3365 3370 3404 sua
3399 3347 3654 3404 beneﬁcia
3675 3343 3776 3400 abs-

2233 3435 2423 3499 tulisti.
2463 3445 2520 3490 ut
2567 3439 2895 3509 synodalem
2933 3455 3220 3497 censuram
3264 3441 3568 3505 evadet-es,
3616 3436 3775 3493 dediin

2232 3526 2344 3598 regi
2394 3537 2448 3583 et
2499 3530 2629 3585 mihi
2684 3531 2736 3585 in
2764 3532 2952 3587 eadem
2999 3532 3209 3603 synodo
3237 3531 3594 3602 professionis
3619 3539 3709 3586 tua:
3734 3527 3778 3580 Ii-

2229 3616 2427 3673 bellant
2459 3619 2526 3674 de
2571 3619 2806 3692 regulari
2855 3621 3164 3677 obedientia
3189 3629 3300 3685 tua,
3324 3635 3492 3690 quem
3525 3620 3683 3674 habeo
3703 3632 3715 3679 ;
3735 3623 3778 3666 ει

2232 3721 2286 3764 ιιι
2312 3728 2512 3783 negare
2544 3728 2649 3767 non
2690 3722 2865 3784 potes,
2911 3714 3166 3784 quoniam
3207 3713 3376 3784 ipsius
3397 3707 3776 3782 exemplarm)

2231 3804 2297 3859 de
2329 3821 2490 3859 manu
2540 3820 2658 3860 mea
2701 3806 2754 3859 in
2800 3807 2986 3862 eadem
3026 3807 3232 3878 synodo
3271 3805 3551 3875 accepisti,
3581 3804 3703 3860 sicut
3734 3799 3775 3852 iu

2230 3909 2485 3963 processu
2545 3897 2876 3951 monstrabo.
2935 3896 3041 3952 Sed
3091 3906 3148 3951 ut
3176 3897 3260 3950 vir
3304 3896 3504 3966 duplex
3534 3896 3778 3954 animo,ct

2231 3987 2544 4042 inconstans
2604 3987 2656 4041 in
2689 3988 2942 4043 omnibus
2987 3989 3089 4043 viis
3117 3988 3226 4044 tuis
3271 3987 3415 4057 (Jac.
3448 3989 3515 4058 ι).
3546 3985 3711 4041 statim
3735 3981 3776 4033 in

2230 4075 2467 4131 crastina
2521 4076 2714 4131 tuisisti
2768 4077 2898 4131 mihi
2931 4093 3026 4146 per
3073 4077 3406 4132 ilarduicum
3449 4071 3778 4132 venerabilem

2234 4167 2715 4224 \iesontionensem
2743 4169 3075 4239 episcopum,
3107 4169 3172 4224 ad
3211 4167 3573 4239 profitendum
3601 4175 3652 4222 et
3672 4162 3778 4218 sub-

2230 4259 2577 4313 scribendum
2639 4258 2730 4312 tibi
2783 4258 3116 4313 breviculum
3172 4259 3244 4312 ita
3284 4272 3346 4312 se
3374 4249 3774 4312 habentem:Ei

2231 4365 2332 4419 ego
2359 4347 2680 4404 Hincmarus
2704 4347 2996 4404 Remorum
3036 4348 3476 4417 archiepiscopus
3531 4345 3623 4400 tibi
3669 4340 3778 4396 lliu-

2228 4456 2413 4494 cniarn
2450 4439 2824 4495 Laudunensis
2870 4439 3123 4494 Ecclesiae
3145 4439 3468 4510 coepiscopo
3491 4447 3634 4492 tuum
3657 4430 3778 4488 debi-

2230 4541 2363 4594 tum,
2396 4531 2570 4586 sacris
2617 4531 3064 4601 pra‘cipientihus
3100 4529 3419 4592 canonibus,
3470 4524 3777 4598 privilegium

2230 4621 2588 4684 conservabo,
2637 4628 2695 4674 et
2742 4620 2797 4674 in
2835 4621 3248 4689 quibuscunque
3299 4617 3678 4676 ecclesiasticis
3707 4625 3780 4667 nc-

2231 4711 2390 4778 gotiis
2419 4710 2736 4780 indigneris,
2785 4709 3079 4778 secundum
3111 4724 3300 4764 sacras
3330 4707 3545 4780 regulas
3573 4705 3780 4762 debitqu

2233 4802 2327 4858 tibi
2355 4801 2480 4869 jure
2525 4799 2856 4868 adjutorium
2897 4799 3340 4868 archiepiscopali
3372 4798 3686 4852 auctoritate
3705 4790 3781 4846 ad-

2235 4891 2451 4952 hibebo.
2478 4889 2608 4956 Qua:
2629 4905 2790 4943 causa
2819 4903 2924 4946 non
2953 4888 3126 4952 solum
3161 4903 3268 4945 non
3290 4890 3356 4943 de
3382 4887 3589 4949 humili,
3620 4896 3778 4938 verum

2239 4994 2337 5045 nec
2381 4980 2449 5036 de
2490 4994 2626 5043 sano
2673 4994 2844 5042 sensu
2893 4979 3176 5046 processit.
3223 4977 3485 5046 Iniustum
3519 4975 3705 5046 quippe
3729 4983 3780 5023 ac

2235 5071 2613 5134 ἱιτειιίοιιςιιιίιε
2663 5071 2917 5132 videtur,
2967 5078 3027 5124 ut
3077 5070 3514 5140 archiepiscopus
3559 5084 3589 5123 a
3635 5061 3781 5122 sacris
