3904 5396
157 399 253 454 313

720 388 1066 448 ιίΙΞΤΟΒΙεΕ
1108 384 1459 446 ECCLESl/E
1500 380 1727 441 ΒΕΜΕΝ

1832 383 1844 438 'i
1879 382 2057 439 LIBRI
2095 380 2447 452 QUATUOR.
2478 414 2547 423 —-
2578 382 2703 440 LIB.
2742 382 2827 440 III.

3296 380 3401 436 ΞΗ

157 518 208 567 et
249 506 643 566 rationabiliter
671 505 765 560 tibi
811 504 937 560 liiiic
979 503 1335 575 reSpondetur
1375 515 1443 555 ex
1474 497 1714 555 Iacobo:
1745 502 1801 564 Α
1824 494 2093 567 episcopis
2128 509 2190 551 es
2235 494 2539 560 ordinatus,
2579 510 2718 566 pene
2765 496 3026 551 vicarium
3066 495 3398 566 episcopum,

157 601 329 660 Petisti
351 610 406 657 et
421 615 527 655 non
550 597 906 669 accepisti,eo
919 598 1061 667 quod
1087 595 1226 652 male
1249 594 1434 666 petisti
1456 590 1598 663 (Jac.
1618 590 1716 661 tv).

156 693 321 749 Sedet
344 691 399 746 in
432 688 653 761 ecquod
682 690 776 744 tibi
805 704 834 744 a
861 703 948 745 me
986 687 1254 744 subscribi
1278 683 1624 758 proposuisti,
1661 688 1721 736 ut

157 795 289 841 tuum
314 782 583 849 debitum,
607 784 778 839 sacris
804 781 1243 853 praecipientibus
1262 781 1578 845 canonibus,
1605 778 1720 852 pri-

150 879 388 952 vilegium
403 893 807 945 eonservarem,
827 878 1004 949 petisti
1016 877 1160 949 quod
1174 877 1410 943 voluisti,
1424 878 1520 933 sed
1546 878 1723 935 nesci-

152 972 211 1027 sti
227 970 364 1042 quod
377 970 588 1035 dixisti,
603 970 857 1040 quoniam
876 978 930 1025 ut
946 979 1170 1025 sanctus
1187 969 1544 1042 Hieronymus
1557 971 1717 1027 dicit:

151 1061 424 1133 Privilegia
453 1062 785 1131 singulorum
811 1077 1153 1119 communem
1182 1061 1353 1130 legem
1404 1059 1585 1117 facere
1614 1077 1721 1118 non

150 1151 659 1223 possuntmtsuom,
700 1152 756 1205 in
781 1167 897 1220 cap.
932 1166 950 1206 ι
1000 1149 1287 1220 Ιοηιτ).Ει
1325 1150 1463 1205 sacri
1486 1165 1723 1207 canones

151 1242 563 1315 provincialibus
604 1243 889 1313 episcopis,
937 1250 991 1297 et
1018 1256 1206 1296 eorum
1255 1240 1501 1297 ecclesiis
1528 1239 1613 1296 vel
1638 1256 1724 1297 se-

154 1334 316 1400 dibus,
371 1334 679 1406 privilegia,
736 1334 944 1390 scilicet
992 1333 1232 1404 privatas
1280 1333 1445 1404 leges,
1475 1332 1559 1388 vel
1596 1331 1723 1403 jura

154 1428 351 1498 prima
380 1427 708 1498 generaliter
737 1442 842 1485 non
888 1426 1172 1489 dederunt,
1201 1426 1335 1497 quia
1356 1424 1498 1495 quod
1532 1439 1725 1481 omnes

153 1518 470 1589 generaliter
497 1518 719 1584 habent,
738 1514 829 1587 jus
858 1515 1092 1587 speciale
1119 1522 1174 1571 et
1193 1514 1471 1587 dignitatis
1494 1513 1579 1568 lex
1610 1513 1721 1584 pri-

153 1618 261 1664 rata
295 1625 424 1666 esse
470 1625 578 1665 non
607 1610 788 1666 valet.
844 1608 952 1665 Sed
987 1607 1420 1679 metropolitanis
1453 1606 1725 1678 episcopis

154 1699 648 1770 acmetropolitanis
660 1699 881 1756 sedibus
900 1699 1178 1772 privilegia
1190 1698 1513 1760 tribuerunt.
1544 1718 1563 1752 ι
1591 1707 1722 1763 etc.,

152 1788 427 1845 tie-sacris
471 1789 770 1845 canonibus
818 1796 874 1844 et
904 1789 1137 1846 decretis
1179 1803 1331 1860 papa:
1365 1788 1561 1844 Leonis
1589 1789 1722 1844 sub-

154 1895 299 1936 nexa.
326 1880 461 1937 Post
490 1895 611 1952 qua:
630 1879 931 1937 subinfert:

220 1989 238 2023 ι
264 1972 610 2044 Quapropter
639 1973 860 2044 quando
882 1958 1007 2028 talia
1038 1973 1171 2029 mibi
1194 1972 1261 2029 ad
1284 1972 1643 2045 profitendum
1672 1983 1728 2029 et

155 2065 596 2122 subscribendum
625 2067 841 2133 misisti,
875 2067 1018 2123 scire
1041 2067 1327 2133 debueras,
1351 2066 1495 2138 quod
1523 2066 1577 2122 in
1610 2067 1728 2121 istis

157 2159 455 2229 rrgiouibus
503 2174 664 2215 nemo
711 2174 850 2232 pene
912 2161 1145 2231 ignorat,
1198 2159 1326 2230 quia
1373 2157 1726 2229 municipium

156 2246 414 2315 Lauduni,
446 2249 500 2305 in
526 2264 635 2320 quo
664 2264 725 2306 es
752 2249 1034 2306 ordinatus
1077 2250 1381 2321 episcopus,
1410 2250 1478 2305 ab
1503 2248 1729 2305 exordio

156 2339 252 2405 sui,
310 2350 597 2412 postquam
643 2357 674 2397 a
727 2341 1029 2398 Marcobrio
1087 2352 1340 2414 praetore,
1394 2353 1454 2398 ut
1495 2342 1731 2413 produnt

159 2429 412 2498 historiae,
446 2434 723 2489 conditum
754 2433 878 2500 fuit,
915 2450 1189 2506 nunquam
1238 2434 1381 2490 inter
1416 2436 1573 2490 sedes
1598 2449 1724 2504 pru-

160 2522 413 2579 vinciales
449 2523 742 2581 Remorum
769 2525 1084 2597 provinciis,
1117 2526 1170 2581 in
1199 2526 1535 2598 paganismo,
1564 2526 1644 2582 vel
1674 2525 1728 2580 in

158 2610 587 2682 (.‘bristianismo,
621 2630 815 2670 nomen
851 2615 931 2671 vel
969 2615 1144 2672 locum
1168 2615 1375 2685 habuit,
1413 2617 1585 2673 donec
1608 2632 1733 2671 san-

161 2710 274 2759 ctus
296 2703 574 2778 Remigius
622 2706 1001 2778 quindecimus
1045 2707 1341 2764 Remorum
1366 2709 1731 2781 archiepisco-

162 2808 271 2863 pus,
304 2797 472 2852 certis
510 2798 836 2868 quibusdam
884 2800 1257 2859 accidentibus
1300 2803 1498 2869 causis,
1524 2804 1733 2874 primus

164 2886 350 2942 ibidem
398 2889 672 2946 ordinavit
723 2890 1055 2963 episcopum,
1106 2903 1160 2949 et
1194 2894 1369 2950 eidem
1416 2895 1730 2968 municipio,

164 2977 227 3033 de
267 2979 429 3034 rebus
476 2979 762 3037 Remensis
810 2982 1126 3054 metropolis
1182 2984 1316 3040 satis
1362 2998 1629 3057 superque
1652 2986 1733 3041 di-

164 3077 282 3126 tato.
334 3071 506 3142 ipsum
554 3074 895 3139 comitatum,
957 3076 1011 3130 in
1052 3091 1159 3147 quo
1200 3077 1472 3142 consistit,
1522 3088 1730 3148 partem

165 3162 359 3218 scilicet
389 3179 455 3219 ex
484 3165 738 3222 Remensi
773 3168 1031 3237 parocbia
1061 3169 1361 3241 delegavit;
1394 3169 1487 3225 sed
1516 3182 1732 3237 semper

169 3250 260 3307 fuit
295 3252 583 3311 Bernensis
610 3258 902 3326 provinciae
946 3240 1318 3331 municipium,
1359 3260 1500 3317 sicut
1540 3259 1726 3315 liodie-
1757 3240 1803 3303 C

167 3356 264 3411 que
284 3354 335 3399 et
362 3344 463 3399 alia
509 3347 802 3418 municipia
832 3348 888 3403 in
934 3347 1193 3406 Remensi
1222 3352 1505 3420 parocbia,
1530 3366 1651 3423 qua:
1678 3351 1732 3405 in

167 3432 580 3504 subiectionibus
605 3437 725 3492 loco
746 3452 812 3493 ac
836 3438 1053 3494 nomine
1075 3449 1412 3510 permanent.
1436 3438 1552 3494 Non
1570 3439 1734 3511 igitur

167 3524 512 3597 privilegium,
529 3528 624 3584 sed
645 3528 1034 3599 municipatum
1061 3529 1155 3585 tibi
1184 3530 1378 3587 debere
1391 3531 1595 3587 servari
1613 3546 1735 3587 con-

170 3626 377 3671 venerat
404 3628 610 3688 petere,
642 3619 767 3688 quia
810 3620 951 3675 sicut
969 3619 1162 3678 Patres
1204 3622 1373 3677 nostri
1397 3637 1460 3677 ac
1486 3622 1732 3694 magistri

166 3702 408 3762 Ecclesiae
457 3709 717 3775 tradunt,
744 3709 942 3766 Paulus
972 3711 1247 3781 apostolus
1289 3727 1393 3767 non
1430 3726 1489 3768 se
1534 3713 1730 3777 civem,

166 3797 260 3850 sed
293 3798 609 3868 municipem
653 3799 909 3870 appellat,
965 3801 1155 3857 dicens
1199 3820 1214 3856 :
1264 3801 1376 3873 Ego
1415 3803 1569 3858 homo
1616 3819 1733 3857 sum

166 3888 359 3957 quidem
402 3888 629 3945 Iudaeus
688 3908 721 3944 a
773 3890 973 3946 Tharso
1017 3891 1238 3958 Cilicia,
1277 3908 1381 3948 non
1418 3894 1612 3964 ignota
1657 3894 1734 3948 ci-

165 3978 327 4033 νίιηιὶε
378 3981 644 4049 municeps
696 3979 834 4050 (Act.
865 3980 1004 4053 xxi).
1053 3980 1223 4036 Natus
1270 3981 1488 4052 quidem
1515 3991 1733 4052 aposto-

169 4066 321 4122 lusin
346 4071 539 4140 Oppido
566 4069 801 4126 Galilaxe
842 4071 1044 4127 Giscali
1095 4070 1214 4136 fuit,
1255 4086 1363 4141 quo
1392 4086 1424 4125 a
1474 4071 1734 4128 Romanis

170 4170 333 4230 capto,
368 4180 485 4220 eum
515 4166 833 4236 parentibus
880 4168 993 4223 suis
1037 4166 1304 4221 Tharsum
1337 4164 1539 4222 Ciliciae
1578 4182 1731 4222 com-

173 4252 422 4319 migravit;
454 4255 500 4310 A
530 4255 730 4327 quibus
765 4255 837 4311 ob
859 4257 1097 4312 studium
1140 4255 1276 4329 legis
1310 4257 1508 4313 missus
1539 4256 1731 4314 Hiero-

174 4344 437 4414 solymam,
492 4362 551 4401 a-
586 4346 884 4404 Gamaliele
924 4348 1045 4403 viro
1095 4348 1431 4416 doctissimo,
1489 4349 1629 4405 sicut
1679 4350 1732 4406 in

176 4435 605 4507 subsequentibus
652 4438 768 4509 ipse
812 4448 1143 4505 memorat,_
1171 4441 1414 4497 eruditus
1460 4451 1545 4498 est
1591 4442 1729 4515 (Act.

175 4526 312 4597 nn).
338 4528 400 4582 Et
426 4529 548 4583 ideo
575 4543 681 4583 non
721 4542 780 4583 se
806 4530 1002 4593 civem,
1039 4530 1133 4585 sed
1164 4531 1512 4602 municipem,
1546 4548 1575 4586 a
1610 4549 1731 4587 tnu-

174 4608 373 4689 nicipio,
406 4621 456 4675 id
488 4629 595 4687 est,
651 4621 927 4676 territorio
954 4620 1194 4691 ejusdem
1239 4622 1492 4686 civitatis,
1539 4624 1592 4678 in
1622 4639 1731 4694 quo

174 4711 384 4768 nutritus
425 4721 531 4778 est,
584 4711 840 4782 appellat.
888 4711 1098 4768 Dictum
1136 4723 1315 4770 autem
1352 4715 1729 4786 municipium,

172 4801 294 4866 quod
322 4812 526 4857 tantum
576 4803 784 4869 munia,
824 4802 874 4858 id
915 4813 998 4858 est
1044 4805 1245 4860 tributa
1289 4805 1469 4861 debita
1498 4807 1583 4861 vel
1616 4823 1736 4862 inu-

170 4903 283 4946 nera
324 4896 530 4951 reddat.
568 4895 703 4951 Nam
754 4894 1005 4951 liberales
1030 4906 1082 4951 et
1117 4896 1490 4953 famosissima:
1530 4914 1734 4967 causae,

170 4990 214 5037 et
247 5001 360 5056 quze
400 5004 465 5045 ex
514 4989 767 5059 principe
814 4988 1250 5057 proficiscuntur,
1299 4990 1366 5044 ad
1418 4990 1738 5061 dignitatem

165 5075 419 5138 civitatum
447 5085 742 5155 pertinent.
784 5079 895 5134 Nec
934 5082 1149 5145 mirum,
1182 5082 1226 5137 si
1256 5092 1307 5137 te
1344 5080 1732 5152 Tliarsensem,

165 5179 202 5194 an
232 5187 325 5194 ..--
366 5175 675 5194 n',-,l'..-,<-
739 5172 876 5194 ,ΠΒ-..-ι
939 5188 1048 5194 ---ω
1089 5172 1341 5194 n-_.e_---
1384 5172 1492 5194 2----
1528 5173 1573 5194 εκ
1631 5174 1695 5194 n,

1817 600 1977 656 quem
2008 583 2184 640 Graeci
2220 584 2669 656 chorcpiscopum
2709 592 2924 650 vocant,
2953 586 3219 643 debueras
3251 598 3407 639 reco-

1818 688 2197 745 gnoscerepac
2225 687 2324 745 per
2357 674 2461 730 hoc
2511 690 2616 731 non
2650 673 2987 748 privilegium
3034 673 3160 758 tibi.
3175 674 3403 740 ascribi,

1818 766 1912 822 sed
1939 765 2364 836 municipatum;
2392 782 2492 822 nec
2526 777 2717 822 contra
2768 765 3106 838 privilegium
3148 775 3252 823 tute
3289 780 3408 821 me-

1822 858 2049 930 tropolis
2090 866 2142 914 te
2187 866 2503 930 oportuerat
2550 856 2831 924 rebellare,
2859 858 3003 929 quod
3038 872 3147 914 non
3193 871 3401 929 ageres,

1821 954 1867 1010 si
1898 952 2082 1009 animo
2110 952 2328 1019 Paulus,
2379 952 2589 1009 scilicet
2632 951 2855 1023 pusillus
2882 960 2941 1008 et
2983 950 3197 1005 humilis
3230 964 3405 1006 esses.

1822 1042 1977 1101 Unde
2006 1044 2306 1100 timendum
2333 1052 2441 1109 est,
2475 1058 2543 1099 ne
2565 1051 2623 1099 et
2657 1043 2711 1099 in
2746 1043 2850 1099 hoc
2894 1041 3214 1115 perditionis
3236 1040 3409 1097 lilium

1821 1135 2077 1201 imiteris,
2120 1135 2214 1206 qui
2261 1136 2584 1192 adversatur
2627 1142 2682 1191 et
2726 1134 3004 1191 extollitur
3038 1149 3204 1205 supra
3245 1147 3410 1189 omne

1822 1226 1967 1297 quod
2009 1225 2209 1283 dicitur
2244 1224 2403 1289 Deus,
2446 1226 2708 1296 autquod
2747 1224 2947 1281 colitur
2976 1223 3062 1298 (ιι
3104 1223 3286 1279 Thess.
3320 1223 3407 1296 ιι).

1822 1318 1919 1375 Cui
1939 1327 2201 1390 quantum
2227 1332 2295 1373 ex
2329 1327 2381 1374 te
2403 1317 2525 1384 fuit,
2554 1318 2823 1374 tradidisti
2849 1332 2943 1374 eos
2977 1333 3113 1389 quos
3143 1316 3408 1389 irregula-

1826 1410 1981 1476 riter,
2014 1421 2073 1466 ut
2116 1411 2351 1481 perteinisi
2395 1410 2905 1475 exconuuuuicasti,
2953 1426 3061 1465 non
3095 1416 3176 1473 ut,
3217 1421 3413 1465 secun-

1825 1503 1951 1559 dum
1975 1501 2315 1572 Apostolum,
2350 1501 2579 1573 spiritus
2601 1516 2788 1557 eorum
2819 1500 2953 1557 salvi
2978 1499 3029 1574 (ι
3054 1499 3180 1556 Cor.
3211 1499 3288 1572 v),
3317 1500 3412 1556 sed

1824 1603 2093 1662 quantum
2133 1590 2284 1646 furor
2312 1601 2369 1648 et
2414 1591 2714 1665 indignatio
2764 1600 2852 1646 tua
2882 1590 3180 1663 praevalere
3212 1588 3411 1662 potuit,

1827 1687 2020 1759 perditi
2049 1695 2237 1742 essent
2267 1686 2321 1741 in
2347 1685 2435 1742 die
2472 1685 2705 1740 Domini.
2737 1683 2883 1752 Quas
2905 1683 3274 1755 colligationes
3312 1684 3413 1738 im—

1826 1782 2065 1855 pietatis,
2102 1788 2160 1835 ut
2188 1795 2331 1852 saepe
2374 1780 2581 1834 dictum
2622 1787 2726 1842 est,
2776 1786 2831 1833 et
2862 1791 3077 1848 semper
3124 1775 3412 1835 dicendum

1757 1872 1799 1932 Β
1830 1885 1933 1942 est,
1981 1875 2233 1946 quoniam
2285 1873 2607 1945 regulariter
2649 1879 2838 1928 contra
2881 1879 3067 1928 votum
3108 1881 3259 1927 tuum
3302 1868 3415 1925 dis-

1829 1967 1985 2035 solvi,
2026 1975 2078 2023 te
2098 1968 2382 2023 adversum
2409 1980 2496 2021 me
2525 1964 2768 2021 erexisti.
2799 1981 2820 2017 ι

1904 2097 2059 2166 Item,
2091 2104 2213 2169 post
2239 2096 2594 2152 auctoritates
2621 2110 2785 2167 super
2814 2092 3002 2150 illicita
3037 2089 3414 2149 excommuni-

1831 2193 2085 2249 eatione:
2116 2208 2139 2242 ε
2167 2191 2242 2246 De
2262 2190 2618 2247 sacramentis
2658 2199 2837 2246 autem
2870 2204 2901 2244 a
2926 2197 2979 2245 te
3011 2188 3122 2260 regi
3157 2186 3414 2260 praestitis

1830 2302 1938 2342 non
1967 2295 2051 2342 est
2074 2284 2205 2339 mihi
2230 2299 2454 2341 necesse
2482 2283 2683 2356 aliquid
2710 2283 2970 2348 scribere,
2995 2282 3250 2353 quoniam
3280 2295 3419 2351 pene

1828 2392 2020 2432 omnes
2047 2376 2245 2441 sciunt,
2273 2375 2400 2446 quid
2437 2376 2506 2430 de
2540 2373 2778 2445 perjurio
2814 2374 2880 2445 (si
2910 2373 3050 2429 forte
3087 2372 3214 2427 illud
3245 2372 3417 2427 admi-

1832 2471 1974 2543 sisti)
2009 2470 2268 2526 Dominus
2294 2470 2349 2525 in
2394 2468 2510 2541 lege
2541 2468 2720 2541 (Deut.
2743 2468 2799 2540 v)
2829 2475 2884 2523 et
2924 2465 3204 2539 prophetis
3224 2463 3412 2537 (Zach.

1832 2579 1897 2630 v;
1943 2561 2076 2617 Mal.
2128 2562 2233 2635 tn),
2293 2569 2350 2617 et
2394 2561 2449 2616 in
2494 2558 2787 2632 Evangelio
2822 2557 3040 2632 (Matth.
3097 2555 3176 2629 v),
3219 2565 3274 2611 et
3320 2571 3417 2626 per

1835 2652 2112 2725 apostolos
2142 2651 2285 2725 (Jac.
2315 2649 2371 2722 τ)
2415 2665 2478 2706 ac
2522 2649 2777 2706 Ecclesia:
2806 2648 3057 2704 doctores
3106 2654 3268 2717 atque
3294 2661 3414 2700 ma—

1835 2745 2032 2816 gistros
2054 2743 2221 2799 dicat.
2248 2742 2314 2797 Et
2340 2742 2488 2813 quia,
2523 2749 2581 2796 ut
2605 2741 2658 2796 in
2687 2739 2920 2796 decretis
2943 2737 3251 2809 apostolica:
3269 2734 3417 2792 sedis

1835 2835 2052 2901 dicitur,
2076 2834 2324 2890 nolumus
2362 2846 2690 2903 exaggerare
2740 2829 2880 2901 quod
2928 2837 3140 2901 gestum
3186 2835 3308 2893 est,
3348 2841 3418 2881 ne

1835 2941 2095 2995 cogamur
2138 2926 2386 2998 judicare
2428 2923 2569 2995 quozl
2593 2920 2801 2992 justum
2836 2929 2937 2983 cst,
2975 2918 3231 2992 quoniam
3274 2917 3417 2988 quod

1837 3020 1961 3075 inde
1992 3020 2086 3075 tibi
2119 3019 2173 3073 in
2218 3017 2423 3090 synodo
2454 3024 2757 3087 reputatum
2786 3021 2891 3079 est,
2907 3010 3198 3081 judiciario
3225 3010 3417 3065 ordine

1835 3108 2245 3178 comprobatum
2274 3121 2386 3162 non
2423 3113 2526 3169 est,
2560 3104 2654 3160 sed
2696 3106 2845 3172 regia
2883 3101 3213 3172 benignitate
3251 3099 3418 3153 inter‘

1836 3201 2061 3256 missum
2087 3206 2194 3263 est,
2234 3195 2405 3253 omisi
2443 3195 2571 3251 liinc
2620 3193 2865 3265 regulare
2902 3191 3169 3264 judicium
3192 3203 3414 3263 ponere,

1835 3300 1895 3346 ut
1925 3298 1978 3346 te
2028 3290 2097 3344 ad
2134 3288 2522 3345 conscientiam
2570 3294 2719 3340 tuam
2755 3284 3112 3340 remitterem.
3160 3280 3418 3338 Pervasio

1835 3392 2014 3436 autem
2040 3396 2222 3436 rerum
2247 3377 2597 3452 prOprietatis
2626 3377 2785 3448 regia:
2819 3392 2851 3432 a
2880 3385 2933 3431 te
2961 3381 3268 3446 perpetrata
3296 3388 3416 3429 nta-

1834 3473 2184 3529 nil‘estissime
2230 3471 2447 3532 claruit,
2492 3470 2618 3541 quia
2669 3485 2943 3539 nunquam
2990 3483 3081 3525 res
3120 3468 3248 3539 ipsa:
3277 3465 3420 3536 juris

1833 3564 2088 3623 Ecclesiae
2126 3564 2500 3621 Laudunensis
2526 3563 2693 3619 fuisse
2718 3562 2962 3632 lcgaliter
2986 3562 3226 3633 probata:
3266 3572 3414 3625 sunt,

1834 3672 1935 3713 nec
1960 3673 2079 3724 sua,
2107 3656 2194 3712 vel
2227 3655 2544 3726 cujusquam
2572 3655 2794 3710 alterius
2820 3654 3132 3719 donatione,
3169 3652 3261 3708 vel
3287 3667 3420 3708 CUI:-

1834 3750 2082 3808 cessione
2120 3750 2189 3806 ab
2225 3751 2422 3805 eadem
2455 3749 2694 3805 Ecclesia
2735 3763 3011 3819 possessas
3059 3747 3225 3802 fuisse
3268 3762 3417 3801 mon-

1833 3847 2063 3894 stratum
2090 3848 2194 3894 est.
2226 3837 2380 3894 Unde
2404 3838 2869 3909 superbomiucm
2908 3845 3058 3891 tuum
3086 3834 3410 3901 Teduinum,

1834 3928 1921 3984 cui
1953 3928 2173 3985 easdem
2222 3942 2482 4000 pervasus
2522 3926 2880 3991 beneﬁciasti,
2915 3923 3157 3997 legaliter
3184 3926 3417 3994 conqui-

1833 4027 1998 4083 situm
2044 4033 2148 4081 est.
2198 4023 2305 4080 Sed
2347 4032 2405 4079 et
2436 4022 2788 4094 proelantatio
2829 4022 3115 4078 adversum
3155 4028 3208 4075 te
3254 4017 3417 4074 Nort-

1835 4115 2017 4172 tnanni
2068 4130 2196 4172 vera
2248 4114 2418 4171 fuisse
2464 4114 2692 4176 claruit,
2744 4128 2861 4168 nec
2896 4112 3121 4167 testibus
3167 4110 3413 4182 indiguit.

1834 4208 2091 4280 quoniam
2124 4217 2233 4262 tam
2262 4205 2705 4276 manifestissime
2744 4205 2866 4269 lioc,
2900 4202 3046 4274 quod
3074 4200 3198 4259 inde
3223 4209 3415 4256 contra

1834 4301 1982 4372 leges
2009 4308 2065 4355 et
2091 4298 2304 4369 regulas
2330 4297 2512 4369 egisti,
2535 4297 2670 4351 adeo
2697 4295 2951 4350 omnibus
2999 4294 3052 4349 in
3085 4293 3205 4349 istis
3235 4291 3414 4363 regio-

1834 4393 1994 4449 nibus
2020 4392 2216 4463 patuit,
2269 4401 2328 4445 ut
2367 4389 2509 4445 nulla
2548 4387 2995 4460 tergiversatione
3035 4386 3237 4440 factum
3283 4384 3417 4453 tegi,

1834 4492 1930 4538 aut
1950 4481 2200 4537 excusari
2219 4480 2445 4536 valeret.
2489 4477 2624 4533 Nam
2657 4485 2869 4533 constat
2895 4474 3079 4530 multis
3108 4489 3228 4529 csse
3253 4474 3423 4527 notis-

1764 4591 1809 4651 υ
1836 4577 2058 4642 simum,
2097 4585 2153 4632 et
2199 4576 2339 4630 tuin
2383 4574 2604 4644 scriptis
2645 4573 2752 4628 tuis
2797 4572 2997 4627 domno
3033 4570 3143 4641 regi
3186 4579 3242 4624 et
3287 4570 3419 4623 tnilti

1833 4666 2057 4722 directis
2082 4667 2188 4722 boc
2233 4663 2534 4728 conﬁteris,
2575 4663 2830 4734 quoniam
2882 4661 2949 4716 ad
2976 4659 3418 4731 deprecationem

1832 4756 2047 4815 Rodulﬁ
2078 4766 2135 4813 et
2163 4757 2422 4822 Conradi,
2451 4755 2667 4811 easdem
2713 4769 2824 4819 res,
2865 4762 3153 4825 postquam
3191 4752 3425 4808 domnus

1835 4864 1931 4905 rex
1979 4847 2101 4906 illas
2146 4863 2199 4903 αα
2222 4846 2382 4919 longo
2424 4855 2666 4916 tempore
2704 4845 2770 4901 de
2799 4844 3030 4901 ecclesia
3072 4844 3426 4900 Lauduncnsi

1837 4943 2169 5006 abstractas,
2197 4939 2377 4996 eidem
2416 4938 2661 4998 ecclesiae
2702 4952 2799 4994 sua
2849 4945 3119 5008 potestate
3165 4936 3424 5002 restituit,

1838 5031 1941 5103 ipsi
1981 5029 2181 5086 domno
2219 5031 2332 5101 regi
2373 5030 2494 5086 illas
2539 5032 2659 5087 sine
2711 5043 2835 5084 mea
2876 5043 2942 5084 ac
2980 5028 3424 5101 coepisc0porum

1841 5129 2151 5177 nnstroruni
2177 5128 2233 5175 et
2270 5120 2775 5178 coiuministrorum
2819 5128 3035 5174 tuorum
3066 5115 3401 5173 conscientia
