3904 5396
498 387 609 446 215
1054 454 1057 459 Ι
1530 454 1535 459 ι
1568 371 1957 431 FLODOARDI
1992 367 2311 427 CANONICI
2352 367 2692 429 REMENSIS
3665 371 3755 433 εις

504 509 753 569 eumdem
787 496 1199 561 Nortmanuum,
1235 495 1326 566 qui
1360 495 1505 565 ipsas
1540 506 1629 547 res
1669 507 1701 546 a
1733 499 1783 546 te
1815 488 1927 561 regi
1960 503 2093 543 con—
2119 486 2168 548 Α
2195 501 2447 556 exposco,
2486 485 2627 541 sicut
2653 491 2708 539 et
2759 483 2811 538 in
2856 483 3046 540 eadem
3078 485 3283 558 synodo
3312 485 3363 541 in
3399 486 3598 543 eodem
3638 489 3758 555 Atti-

464 626 469 629 -
506 615 711 665 cessas,
732 610 830 668 per
856 591 1000 665 regis
1046 582 1369 646 beneficium
1417 582 1717 647 retinebat,
1742 579 2008 634 violenter
2035 586 2091 632 et
2196 577 2357 633 niaco
2383 595 2413 631 a
2459 578 2611 634 vobis
2638 588 2959 646 convocata,
2992 580 3138 650 quod
3187 581 3503 656 impetrare,
3542 600 3648 639 non
3678 602 3757 642 va-

472 695 626 750 .'sine
654 666 799 761 regis
828 682 1173 745 auctoritate,
1207 692 1271 733 ac
1304 676 1492 741 verbo,
1524 672 1610 729 vel
1651 670 1851 725 litteris
1887 666 2094 761 expuli—
2150 670 2155 677 ”
2194 666 2289 735 lui,
2323 670 2681 741 expostulari,
2727 687 2791 726 ac
2810 670 2923 741 jam
2952 672 3116 729 etiam
3146 688 3241 743 per
3272 675 3545 746 integrum
3587 676 3762 751 εωθεὶ-

473 765 596 850 ἐιῑ,
625 792 682 838 et
715 759 943 848 expulso
975 773 1085 838 illo,
1118 770 1237 827 illas
1268 766 1539 831 invasisti,
1566 772 1622 819 et
1650 764 1703 818 in
1736 777 1829 819 eas
1851 759 2093 825 intrasti,
2199 762 2302 815 tavi
2333 777 2554 828 annmn,
2582 771 2637 816 et
2663 764 2932 834 praaeipue
2960 764 3011 818 in
3039 766 3247 836 synodo
3270 768 3411 836 apud
3444 768 3762 826 Vermeriam

486 887 573 927 ac
601 864 925 942 possedisti,
960 878 1082 917 cum
1125 858 1232 915 sint
1275 856 1420 928 leges
1467 864 1524 910 et
1556 852 1774 925 regulae,
1824 850 1897 942 sit
1930 850 2093 904 etiam
2196 853 2449 922 palatium
2496 854 2625 909 olim
2657 855 2725 910 ab
2760 870 2894 909 orno
2934 855 3116 911 habita
3156 857 3309 928 (Syri.
3341 859 3487 929 apud
3528 856 3765 927 Vererer,

509 941 610 1018 rex,
653 964 883 1031 portans
929 953 1165 1025 gladium
1206 949 1272 1004 ad
1338 947 1632 1003 vindictam
1681 941 2094 999 malefactorum

511 1030 691 1125 (noni.
729 1049 873 1116 xui),
911 1039 1305 1113 sintepiscopi,
1336 1046 1391 1094 et
1433 1049 1670 1093 canones
1712 1034 1778 1088 ad
1801 1030 2096 1101 iudicanda

470 1166 475 1171 τ
510 1134 743 1200 crimina
775 1136 1183 1207 sacrilegorum,
1218 1139 1276 1185 ut
1297 1129 1343 1185 si
1372 1129 1485 1199 ipse
1507 1126 1876 1181 Nortmannus
1902 1137 2097 1194 perva-

513 1250 608 1292 sor
657 1245 841 1288 rerum
891 1223 1383 1284 ecclesiasticarum
1428 1218 1610 1283 foret,’
1654 1210 1861 1289 gladio,
1909 1215 1964 1270 id
2016 1221 2100 1268 est

511 1327 753 1385 vindicta
791 1322 940 1395 regia
983 1318 1290 1391 puniretur,
1324 1315 1368 1370 si
1386 1304 1695 1385 sacrilegus
1718 1295 2100 1380 comprobatus

513 1429 703 1487 esset,
756 1414 1047 1490 episcopali
1086 1420 1141 1465 ct
1185 1394 1447 1465 canonico
1488 1403 1694 1478 judicio
1738 1400 2095 1473 judicaretur,

516 1511 656 1567 Sunt
698 1509 863 1564 etiam
888 1505 1118 1576 iudices,
1154 1509 1211 1555 et
1252 1507 1376 1554 sunt
1403 1496 1571 1566 leges,
1612 1506 1843 1563 quorum
1875 1497 1929 1543 ct
1967 1501 2101 1557 qua-

515 1616 635 1658 rum
657 1597 879 1669 iudicio,
909 1595 953 1650 si
984 1592 1110 1664 quid
1138 1589 1276 1653 forte
1300 1588 1419 1653 tibi,
1459 1594 1513 1641 et
1540 1582 1799 1640 Ecclesia:
1836 1578 1928 1633 tibi
1955 1592 2102 1632 com-

513 1667 692 1746 missa:
738 1687 934 1757 injuste
962 1683 1163 1738 factum
1202 1689 1345 1746 erat,
1390 1675 1634 1749 legaliter
1678 1679 1734 1727 et
1785 1667 2103 1741 regulariter

513 1779 916 1838 emendaretur.
941 1795 961 1828 ι

2197 959 2288 999 an.
2330 945 2479 1015 870),
2524 946 2867 1002 obsecrando
2903 947 3223 1012 declamavi,
3267 964 3413 1004 nunc
3462 965 3678 1021 quoque
3721 961 3766 1006 et

2196 1034 2448 1103 obsecro,
2480 1046 2535 1091 et
2582 1037 2708 1092 item
2737 1037 3000 1105 declamo,
3026 1047 3086 1094 ut
3115 1048 3169 1095 et.
3215 1041 3483 1097 hactenus
3527 1042 3635 1113 egi,
3674 1058 3769 1113 quo

2196 1138 2377 1184 vestra
2401 1128 2848 1200 archiepiscopali
2877 1132 3203 1186 auctoritate
3227 1133 3368 1203 apud
3401 1132 3591 1187 domui
3619 1135 3770 1189 nostri

2199 1218 2573 1292 gloriosissimi
2615 1222 2758 1292 regis
2795 1220 2977 1283 Karoli
3022 1221 3225 1292 (Carol.
3287 1221 3509 1294 Calvus)
3553 1222 3767 1279 clemcno,

2200 1312 2331 1366 tiam
2359 1311 2672 1377 obtineatis,
2704 1320 2974 1383 quatenus
3022 1312 3207 1367 domui
3257 1322 3312 1368 et
3343 1312 3670 1368 universalis
3694 1328 3769 1383 pa-

2164 1404 2169 1411 ’
2200 1418 2281 1474 pte
2307 1403 2532 1458 Adriani
2569 1402 2854 1474 praeceptis
2892 1419 2958 1459 ac
2988 1403 3422 1460 institutionibus
3459 1405 3769 1461 ecclesiasti-

2200 1495 2303 1559 cis,
2334 1495 2466 1549 mibi
2504 1495 2835 1552 utomuibus
2878 1495 3118 1566 expedit,
3164 1497 3313 1553 velut
3348 1499 3397 1553 ci
3420 1499 3519 1569 qui
3555 1500 3621 1553 de
3642 1500 3767 1552 omni

2172 1583 2444 1641 'Ecclesia
2473 1583 2554 1638 fas
2595 1584 2759 1639 habet
2783 1584 3083 1654 iudicandi,
3130 1584 3292 1641 lii-eat
3320 1587 3568 1653 obedire,
3606 1588 3770 1642 videtis

2201 1683 2287 1730 cet
2319 1683 2378 1729 ut
2421 1673 2609 1730 limina
2640 1685 2953 1731 sanctorum
2982 1677 3367 1748 apostolorum,
3402 1678 3558 1734 Petri
3589 1680 3770 1739 scilicet

2203 1776 2259 1823 et
2302 1760 2474 1832 Pauli,
2525 1783 2777 1834 merear,
2812 1778 2869 1823 ut
2897 1769 3110 1835 devovi,
3158 1781 3208 1823 et
3242 1770 3311 1826 ab
3345 1772 3545 1827 eodem
3577 1773 3768 1842 insuper

581 1832 882 1942 ίῖέιῆηιιοει
911 1867 1157 1938 quaedam
1185 1862 1456 1936 praecipue
1489 1849 1634 1915 beati
1676 1832 1924 1927 Gregorii
1964 1865 2101 1924 prte-
2132 1858 2181 1924 u‘
2205 1867 2430 1915 Vocatus
2449 1874 2592 1924 sum,
2620 1832 2927 1929 penetrare.
2973 1832 3225 1931 Alioquin
3254 1878 3341 1918 me
3365 1863 3533 1918 vobis
3554 1861 3622 1917 ab
3643 1832 3773 1929 hinc,

510 1964 824 2036 ceptionum
848 1961 1065 2016 decreta
1086 1976 1099 2011 :
1120 1976 1138 2008 ι
1163 1954 1402 2024 Denique
1429 1966 1493 2005 cx
1520 1964 1586 2004 eo
1606 1946 1748 2019 quod
1766 1945 1841 2000 tui
1857 1944 2102 2000 homines

514 2035 592 2112 se,
624 2055 691 2110 ad
737 2067 918 2124 regem
965 2049 1417 2108 rcclamavernnl,
1463 2040 1719 2113 quoniam
1770 2037 1836 2091 ab
1886 2035 1966 2091 eis
2004 2048 2103 2089 sua

494 2144 801 2211 beneficia,
851 2158 971 2212 quae
1016 2138 1158 2211 apud
1203 2145 1579 2195 antecessores
1636 2140 1757 2185 tuos
1790 2124 2103 2199 praeservie-

514 2247 665 2304 runt,
694 2237 895 2307 injuste
920 2241 976 2290 ct
1013 2226 1460 2286 irrationabiliter
1502 2223 1822 2282 ahstulisses
1847 2226 1966 2291 post
2010 2217 2104 2273 da-

518 2342 632 2387 tum
660 2329 780 2406 regi.
802 2336 857 2383 et
880 2325 1010 2382 mihi
1037 2323 1276 2380 libellqu
1300 2322 1352 2377 iu
1378 2319 1584 2399 synodo
1613 2317 1678 2373 de
1716 2313 1948 2388 regulari
1976 2311 2105 2369 obe-

517 2424 721 2480 dientia
770 2432 887 2488 tua,
914 2418 1211 2477 secundum
1257 2432 1445 2474 sacros
1484 2428 1740 2479 canones,
1782 2420 1837 2467 et
1884 2412 2105 2467 decreta

518 2525 720 2573 sancta:
750 2514 894 2571 sedis
924 2512 1183 2567 Romana:
1230 2507 1566 2580 pontificum,
1606 2521 1676 2561 ex
1702 2502 1907 2560 eisdem
1937 2498 2106 2557 sacris

517 2606 822 2665 canonibus
866 2601 1246 2673 promulgata,
1302 2598 1508 2655 electos
1554 2596 1767 2668 iudices
1823 2592 2107 2664 episcopos

519 2696 661 2768 apud
709 2708 797 2749 me
843 2690 1117 2761 expetisti,
1166 2698 1223 2745 et
1266 2696 1397 2755 tres,
1441 2686 1736 2742 secundum
1792 2681 2107 2737 Africanum

525 2786 814 2844 concilium
860 2784 1028 2855 (conc.
1061 2780 1230 2849 Afric.
1261 2794 1383 2834 can.
1425 2777 1517 2843 63,
1542 2775 1657 2843 -88,
1710 2775 1803 2842 89,
1855 2772 1967 2844 9i),
2003 2771 2108 2827 sci-

521 2878 648 2934 licet
676 2876 996 2940 Actardum,
1025 2869 1439 2943 Ragenelinum,
1477 2878 1640 2938 atque
1663 2865 1926 2931 Joannem
1957 2878 1987 2917 a
2022 2876 2110 2919 me

522 2970 621 3026 tibi
645 2968 959 3038 designatos
987 2961 1293 3034 suscepisti,
1323 2970 1378 3018 et
1407 2974 1618 3024 eorum,
1642 2965 1805 3028 atque
1833 2954 2108 3026 apostolo-

512 3078 647 3125 rum
696 3063 867 3123 Deum
896 3058 1198 3115 timentium
1221 3055 1446 3128 judicio,
1480 3053 1533 3108 in
1563 3050 1747 3109 domui
1791 3050 1935 3120 regis
1969 3048 2111 3104 sicut

522 3153 835 3227 postulasti,
862 3150 1149 3222 prmsentia
1171 3148 1237 3203 de
1250 3145 1570 3218 quibusdam
1598 3144 1875 3200 decretum
1896 3138 2020 3205 fuit,
2039 3145 2112 3201 ,ιιι

2206 1959 2267 2007 ιιι
2322 1951 2734 2022 archiepiscopo
2777 1952 3132 2022 coepiscopus
3166 1953 3554 2024 obtemperare
3613 1952 3770 2015 debet,

2204 2042 2465 2099 canonice
2486 2042 2671 2098 sciatis
2699 2042 2926 2112 obsequi
2958 2056 3065 2097 non
3094 2058 3276 2115 posse,
3306 2043 3436 2113 quia
3467 2052 3530 2098 ut
3554 2042 3769 2099 decernit

2205 2132 2394 2188 beatus
2415 2147 2549 2203 papa
2566 2131 2814 2188 Gelasius
2838 2130 3081 2204 (Gens,
3106 2132 3255 2200 epist.
3281 2131 3359 2203 4),
3385 2132 3642 2188 nesciunt
3664 2132 3773 2203 quid

2203 2223 2521 2294 loquuntur,
2571 2223 2661 2293 qui
2704 2223 2943 2279 decretis
2989 2232 3190 2278 sancta:
3228 2222 3490 2279 Romana:
3546 2222 3771 2281 Ecclesiae

2205 2315 2349 2372 sedis
2362 2312 2653 2386 praesulum
2677 2313 2832 2384 quasi
2860 2328 3098 2369 canones
3118 2322 3421 2384 opponunt,
3445 2314 3646 2384 quibus
3665 2327 3772 2369 eou-

2207 2406 2371 2461 traire
2443 2414 2631 2461 contra
2690 2418 2928 2460 canones
2982 2414 3066 2460 est
3130 2404 3276 2475 ipsos
3318 2419 3378 2459 se
3418 2405 3652 2474 erigere.
3688 2402 3773 2457 iste

2190 2497 2453 2555 ’Gelasius
2510 2511 2649 2568 papa
2704 2495 3034 2553 venerabilis
3087 2505 3143 2550 et
3201 2504 3421 2552 sanctus
3463 2509 3652 2551 omnes
3696 2492 3773 2548 de

2208 2589 2439 2646 cretales
2467 2586 2726 2658 epistolas
2765 2585 3152 2642 venerabiliter
3180 2586 3357 2641 sanxit
3390 2583 3771 2656 suscipiendas,

2190 2687 2310 2738 'nec
2349 2695 2412 2736 ea
2462 2678 2853 2734 venerabiliter
2885 2676 3130 2747 suscipit,
3157 2676 3283 2732 licet
3336 2676 3406 2731 ad
3456 2686 3662 2731 tomum
3697 2688 3773 2733 ctr-~

2209 2780 2303 2844 put
2339 2771 2581 2835 inclinet,
2607 2770 2698 2839 qui
2725 2768 2804 2824 eis
2830 2783 2935 2825 non
2958 2767 3162 2836 obedit,
3192 2766 3285 2823 sed
3312 2768 3499 2839 potius
3519 2782 3676 2839 porro
3692 2766 3771 2825 oh-

2209 2863 2326 2919 vias
2354 2856 2547 2917 manus
2573 2858 2835 2925 inferens,
2867 2858 3010 2930 quod
3039 2859 3155 2914 sine
3187 2857 3428 2930 periculo
3451 2859 3544 2931 agi
3571 2871 3768 2927 nonpo-

2211 2962 2337 3022 test,
2384 2954 2589 3024 respuit
2622 2958 2810 3021 utpote
2840 2950 2933 3020 qui
2965 2951 3031 3005 de
3089 2964 3148 3005 se
3171 2947 3406 3021 iudicari
3447 2964 3562 3004 non
3590 2945 3772 3019 prospi-

2212 3050 2306 3107 cit.
2354 3046 2486 3103 Nam
2532 3047 2765 3102 velimus
2811 3045 3066 3112 nolimus,
3092 3043 3184 3099 aut
3229 3045 3310 3101 eis
3343 3044 3672 3114 parebimus,
3695 3048 3773 3094 aut

2212 3154 2400 3199 eorum
2425 3138 2631 3209 judicio
2656 3136 3033 3206 percellemur,
3074 3151 3306 3207 quorum
3339 3136 3614 3193 neminem
3631 3131 3768 3203 aliqui

523 3215 788 3302 beneﬁcia
821 3215 947 3307 sua,
976 3255 1097 3310 qua:
1134 3215 1583 3295 irrationabiliter
1623 3231 1996 3303 perdiderant,
2024 3242 2111 3287 re—
2138 3220 2183 3285 C
2216 3230 2416 3300 quique
2446 3229 2741 3299 reprobare
2766 3225 3027 3281 valemus.
3059 3215 3136 3281 De
3159 3226 3588 3298 archiepiscopis
3617 3233 3772 3279 autem

520 3350 787 3409 coperare
813 3334 1088 3390 deberent.
1117 3326 1481 3399 Quorumdam
1517 3334 1697 3381 autem
1726 3338 1914 3383 eorum
1943 3335 2108 3379 causa

527 3446 701 3501 usque
730 3428 797 3483 ad
824 3427 989 3482 alium
1012 3432 1324 3491 tractatum,
1349 3420 1516 3475 certis
1536 3417 1716 3474 causis
1745 3413 2113 3470 intervenien-

529 3523 673 3578 tibus
698 3535 806 3580 non
857 3515 1100 3580 dillinita,
1132 3514 1228 3569 sed
1275 3512 1364 3568 die
1399 3509 1505 3565 alia
1552 3506 1860 3563 diﬂinienda
1896 3518 2114 3559 reman-

528 3615 624 3677 sit;
654 3619 709 3667 ct
747 3618 803 3664 tu
834 3616 957 3664 ante
986 3604 1358 3661 dilIinitionem
1408 3606 1600 3656 contra
1638 3611 1826 3651 sacros
1857 3608 2113 3660 canones,

530 3713 587 3761 et
615 3704 732 3761 sine
767 3701 874 3756 ulla
897 3697 1220 3756 necessitate
1243 3695 1329 3752 vel
1366 3694 1594 3759 ratione,
1637 3690 1762 3760 fuga
1795 3688 2003 3757 lapsus,
2034 3700 2118 3746 re—

531 3799 772 3869 gularem
798 3793 1169 3850 dillinitionem
1196 3797 1516 3860 exspectare
1538 3781 1929 3853 contempsisti.
1952 3799 1971 3836 ι

600 3888 734 3943 ltein
766 3894 888 3957 post
922 3883 1101 3955 aliqua
1127 3882 1193 3937 de
1222 3879 1598 3941 canonibusu
1618 3875 1685 3930 Et
1706 3874 1775 3929 ab
1796 3871 2117 3935 electorum,

529 3970 753 4050 judicio,
784 3986 843 4032 ut
866 3974 1114 4047 praedixi,
1146 3972 1360 4029 incaute
1382 3985 1447 4024 ac
1477 3967 1761 4025 inhoneste
1788 3963 1913 4034 fuga
1939 3960 2122 4031 lapsus

535 4069 856 4134 abscedens,
878 4064 1224 4137 pitacciolum
1248 4059 1697 4126 irrationabiliter
1718 4054 2045 4118 confectum,
2068 4059 2124 4107 et

2215 3319 2462 3391 Remigio
2509 3336 2574 3375 ac
2618 3318 2921 3386 ‘llarduico,
2971 3318 3115 3389 quod
3161 3317 3293 3373 mihi
3322 3332 3422 3388 per
3443 3316 3771 3374 Teutlandum

2208 3411 2500 3466 'diaconum
2563 3408 2901 3475 mandastis,
2957 3407 3244 3478 privilegio
3299 3415 3509 3462 sancta:
3548 3405 3776 3462 Romana:

2215 3501 2473 3557 Ecelesim
2492 3516 2599 3555 non
2626 3497 2967 3571 prtejudieat,
2994 3497 3087 3552 sed
3117 3497 3258 3567 quod
3289 3496 3370 3552 eis
3395 3497 3586 3552 eadem
3616 3502 3774 3551 sancta

2208 3593 2375 3648 sedes
2419 3592 2484 3646 de
2514 3606 2602 3646 me
2651 3589 2824 3644 voluit
2851 3604 2914 3645 ac
2963 3587 3226 3658 disposuit
3267 3587 3630 3650 committere,
3658 3596 3777 3640 com-

2217 3685 2387 3748 misit,
2412 3698 2510 3738 vos
2544 3698 2672 3736 vero
2723 3680 2865 3749 quod
2899 3689 3135 3736 vestrum
3171 3689 3255 3734 cst
3292 3678 3454 3749 agite.
3487 3678 3544 3733 In
3574 3676 3776 3733 Domino

2218 3774 2347 3832 desu
2396 3772 2615 3829 Christo
2664 3772 2802 3825 bene
2854 3771 3047 3826 valete.
3101 3770 3214 3843 Ego
3245 3770 3575 3825 llincmarus
3602 3776 3777 3823 sancta:

2220 3866 2601 3922 Landuncnsis
2628 3864 2886 3920 Ecclesiae
2910 3865 3195 3936 episcopus
3229 3872 3420 3934 sponte
3442 3860 3740 3930 subscripsi.
3757 3878 3773 3911 ι

2217 3966 2223 3971 '
2300 3977 2319 4010 ι
2351 3959 2425 4013 De
2455 3973 2562 4028 quo
2606 3956 2796 4028 pitatio
2828 3954 2921 4011 tibi
2950 3954 3134 4009 distuli
3163 3954 3490 4025 respondere
3533 3963 3714 4025 putans
3739 3957 3780 4003 te

2224 4054 2545 4115 retractare,
2594 4056 2648 4101 et
2683 4064 2711 4101 a
2739 4058 2828 4103 tua
2856 4047 3197 4103 contumacia
3236 4046 3560 4118 resipiscere
3592 4064 3607 4101 :
3636 4054 3685 4099 tu
3704 4057 3781 4096 auo

539 4176 704 4216 manu
735 4130 1259 4225 tu’a'subscriptum,
1292 4166 1355 4207 ac
1397 4148 1636 4220 praafatze
1669 4143 1988 4218 professioni
2022 4151 2127 4197 tuae
2224 4150 2336 4197 tem
2364 4156 2472 4196 non
2503 4140 2777 4212 quievisti,
2820 4138 2959 4195 sicut
2997 4154 3158 4194 causa
3199 4138 3485 4194 brevitatis
3510 4138 3708 4193 omitto.
3728 4130 3783 4187 Et

540 4263 928 4321 usquequaque
981 4224 1338 4309 contrarium,
1378 4258 1476 4313 per
1518 4240 1897 4296 Ermenoldum
1947 4238 2126 4293 diaco-
2230 4239 2350 4309 post
2369 4237 2486 4293 haec
2510 4251 2607 4306 per
2636 4235 2897 4291 clericum
2924 4243 3071 4289 tuum
3095 4232 3439 4294 Bertharium
3476 4232 3668 4288 domno
3687 4224 3781 4296 regi

541 4359 674 4398 num
703 4352 881 4409 tuum,
911 4356 965 4396 γι
1008 4338 1191 4394 Nonas
1235 4336 1385 4401 Iulii,
1411 4333 1704 4391 indictione
1733 4329 1768 4387 3
1811 4329 1945 4387 mibi
1981 4328 2129 4393 misi-
2233 4338 2353 4384 tuas
2404 4328 2615 4383 litteras
2659 4326 2924 4389 direxisti,
2973 4340 3242 4390 excusans
3281 4332 3357 4390 te,
3381 4323 3636 4394 quoniam
3655 4319 3714 4374 ad
3733 4318 3783 4372 il-

540 4436 635 4501 sti,
664 4432 807 4503 quod
836 4408 909 4487 ita
938 4445 997 4487 se
1026 4430 1188 4486 habet
1210 4428 1322 4500 (15)
1355 4445 1368 4480 :
2232 4418 2367 4487 lum,
2393 4419 2531 4475 sicut
2573 4418 2665 4474 tibi
2705 4418 3082 4485 mandaverat,
3110 4416 3297 4471 venire
3321 4431 3429 4471 non
3454 4429 3659 4485 posses,
3678 4408 3789 4480 quia

619 4548 638 4579 ‹
669 4502 1142 4583 Reverendissizno
1188 4520 1481 4575 Remorum
1531 4515 1939 4585 archiepiscopo
2000 4510 2130 4567 llrx-
2164 4581 2195 4585 A
2233 4511 2570 4578 febricitans,
2596 4521 2657 4566 ut
2680 4519 2732 4566 te
2754 4509 2833 4565 sol
2859 4519 3106 4580 tangeret
3127 4508 3355 4564 sufferre
3384 4508 3643 4579 nequibas
3667 4519 3683 4559 :
3705 4502 3783 4557 sed

541 4634 720 4677 artano
774 4626 980 4673 sanctae
1037 4612 1410 4670 Lauduuensis
1465 4608 1722 4677 Ecclesiae
1773 4581 2126 4670 “incusans,
2159 4581 2208 4639 θ
2239 4605 2334 4660 tibi
2374 4605 2600 4660 Romam
2653 4603 2814 4658 eundi
2871 4602 3146 4657 licentiam
3191 4600 3369 4665 daret,
3394 4599 3686 4656 secundum
3710 4610 3786 4649 vo—

541 4713 656 4768 Dco
681 4711 989 4772 miserante,
1020 4707 1323 4777 episcopus,
1350 4702 1587 4758 debitam
1615 4701 1669 4756 in
1716 4698 1937 4757 Christo
1971 4699 2133 4753 devo-
2239 4705 2350 4755 tum
2385 4704 2534 4749 tuum
2576 4693 2718 4763 quod
2745 4693 2960 4760 vovisti,
3008 4692 3225 4769 quando
3262 4691 3434 4746 altera
3470 4692 3587 4748 vice
3610 4689 3784 4744 febrem

544 4806 769 4861 tionem.
795 4801 904 4858 Vos
925 4801 1075 4857 scitis
1109 4800 1234 4870 quia
1262 4799 1330 4853 ab
1360 4793 1652 4852 universali
1693 4801 1894 4853 sancta:
1931 4789 2133 4845 Roma-
2238 4785 2498 4852 habuisti,
2529 4793 2588 4837 ut
2613 4783 2681 4838 ad
2706 4794 3018 4838 sanctorum
3045 4782 3417 4854 apostolorum
3442 4781 3646 4847 limina,
3668 4777 3786 4832 sicut

547 4911 634 4951 nae
656 4894 913 4950 Ecclesiae
944 4908 1107 4964 papa,
1126 4866 1289 4945 l’atre
1320 4903 1541 4960 quoque
1560 4895 1745 4942 nostro
1774 4892 1829 4940 et
1868 4882 2131 4954 magistro
2237 4891 2461 4932 vOVeras
2488 4874 2728 4939 veniens,
2757 4873 2954 4929 ibidem
2979 4871 3049 4929 ab
3076 4873 3267 4927 eadem
3308 4873 3461 4929 febre
3486 4866 3785 4928 liberareris.

547 4984 790 5040 Adriano
813 4950 1058 5054 (Adrian.
1087 4981 1175 5050 Il)
1218 4981 1304 5036 bis
1337 4950 1563 5033 vocatus
1590 4976 1784 5041 existo,
1819 4983 1874 5030 et
1896 4950 1990 5029 vos
2035 4972 2136 5042 ipsi
2238 4970 2289 5025 ls
2310 4977 2490 5025 autem
2533 4968 2763 5022 domnus
2820 4981 2912 5019 rex
2958 4980 3144 5020 coram
3173 4966 3441 5037 episcopis
3465 4976 3522 5021 et
3543 4950 3656 5020 aliis
3676 4958 3793 5015 fide-7

553 5077 610 5130 in
640 5052 1089 5143 quaternionibus
1113 5071 1246 5124 mihi
1278 5084 1307 5122 a
1339 5068 1491 5123 vobis
1521 5068 1574 5121 in
1621 5066 1890 5122 Attiniaco
1913 5064 2135 5135 palatio,
2236 5059 2377 5114 libus
2398 5058 2530 5120 suis.
2556 5058 2647 5129 qui
2677 5057 2988 5121 adfuerunt,
3017 5056 3112 5110 tibi
3162 5072 3261 5127 per
3284 5059 3533 5113 eumdem
3559 5052 3789 5111 clericum

554 5181 741 5223 coram
797 5161 1223 5233 archiepiscopis
1264 5166 1320 5215 et
1364 5157 1655 5228 episc0pis,
1696 5157 1787 5226 qui
1819 5156 2133 5218 adfuerunt,
2242 5160 2390 5204 tuum
2426 5148 2782 5212 remandavit,
2816 5147 3010 5201 mirum
3057 5155 3114 5203 et
3148 5162 3252 5203 non
3301 5162 3491 5202 verum
3522 5159 3637 5201 esse
3666 5135 3785 5210 quod

551 5257 719 5321 datis,
750 5253 894 5323 quod
926 5251 992 5307 ad
1011 5250 1201 5309 eadem
1236 5251 1419 5304 sedem
1450 5248 1634 5303 venire
1658 5246 1883 5302 totidem
1912 5252 2138 5301 vocatus
2242 5241 2476 5304 diceres,
2529 5239 2785 5309 quoniam
2829 5238 2897 5293 ad
2945 5237 3095 5293 illum
3142 5239 3327 5295 venire
3380 5255 3487 5295 non
3536 5234 3789 5308 possess!

556 5348 852 5378 λιιι-..ηρακ-
930 5360 1020 5378 mn
1075 5343 1501 5378 unone-21:2:uliclic
1527 5359 1539 5371 -
1572 5343 1619 5378 εἰ
1656 5341 1789 5378 uilin
1831 5339 2107 5378 αισι-ἰωηιιίε

2247 5332 2473 5378 Romam
2502 5331 2652 5378 adire.
2701 5330 2930 5378 valeres.
2972 5329 3201 5378 Venit-es
3241 5341 3423 5378 autem
3455 5329 3523 5378 ad
3554 5330 3707 5378 illum.
3742 5329 3787 5375 ct
