3904 5396
81 401 179 457 ΞΠ

637 391 986 450 HISTORIA)
1029 391 1387 450 ECCLESL‘E
1426 389 1775 448 REMENSIS
1814 390 1995 448 LlBlll
2034 391 2389 460 QUATUOR.
2418 424 2487 435 -
2520 394 2649 450 LIB.
2688 394 2773 450 ill.

86 512 228 566 tione
250 506 445 563 fratris
463 505 545 562 sui
574 503 834 563 Ludovici
878 503 1059 569 rediit,
1102 519 1212 575 quo
1238 503 1450 558 obviam
1480 502 1551 557 illi
1588 518 1668 563 ve-
1698 503 1745 563 Λ
1774 515 1894 553 cum
1923 501 2107 557 subire
2141 500 2426 570 judicium,
2456 504 2596 559 sicut
2641 504 2726 560 lex
2770 503 3151 573 Valentiniani,
3193 520 3361 577 quam

86 602 266 665 niens,
326 597 465 654 nihil
512 610 636 651 cum
688 609 779 660 eo,
810 593 902 650 sed
954 610 1055 651 nec
1105 609 1337 662 mecum,
1395 610 1488 665 per
1517 604 1568 650 te
1591 594 1672 650 vel

88 694 287 749 missos
313 700 458 755 tuos,
488 696 582 743 aut
603 687 812 741 litteras
844 696 964 742 tuas
984 686 1052 740 de
1082 686 1300 742 licentia
1335 697 1421 741 tua
1443 686 1675 744 [loiuam

90 784 248 838 eundi
273 780 486 837 dixisti.
518 779 624 836 Sed
654 788 708 834 et
736 778 953 847 quando
984 778 1134 833 missi
1181 778 1363 832 domui
1392 777 1675 846 apostolici

96 873 279 933 Remis
319 873 564 935 luerunt,
603 870 844 940 quotidie
879 885 976 940 per
1002 878 1208 940 septem
1235 870 1371 933 dies,
1396 884 1517 924 cum
1551 883 1676 941 rege

98 976 152 1024 et
177 982 395 1021 meeum
426 965 641 1020 locutus
679 963 851 1027 luisti,
880 971 934 1016 et
964 962 1089 1017 inde
1119 962 1252 1017 nihil
1282 962 1488 1017 dixisti.
1522 961 1676 1032 Quod

98 1056 226 1112 dicis
261 1065 313 1109 te
342 1055 397 1109 in
458 1054 664 1126 synodo
705 1054 844 1123 apud
879 1053 1241 1120 Vermeriam,
1269 1054 1502 1125 indeque
1533 1052 1675 1123 apud

95 1147 426 1203 Auiniacum
478 1145 748 1201 licentiam
778 1146 940 1200 eundi
979 1144 1206 1202 Romam
1242 1147 1458 1217 petisse,
1488 1156 1544 1203 et
1572 1148 1667 1203 im-

99 1251 306 1313 petrare
334 1254 445 1293 non
470 1240 733 1308 potuisse,
764 1254 956 1294 omnes
975 1239 1233 1309 episcopi,
1266 1240 1358 1310 qui
1391 1239 1445 1297 in
1472 1240 1676 1295 eisdem

101 1332 313 1403 synodis
339 1330 585 1394 fuerunt,
616 1330 821 1400 liquido
843 1330 1022 1386 sciunt
1048 1330 1305 1401 quoniam
1333 1345 1455 1386 eum
1479 1330 1545 1385 de
1571 1330 1678 1385 tuis

101 1422 397 1477 insolentiis
449 1421 838 1488 increpabaris,
881 1420 1077 1475 timens
1122 1417 1676 1491 regularejudicimn,

104 1514 180 1567 vel
231 1514 379 1585 regis
425 1513 860 1583 castigationem,
911 1512 1186 1567 licentiam
1241 1512 1403 1567 eundi
1450 1511 1677 1566 Romam

105 1604 340 1674 petebas.
377 1602 512 1659 Cum
549 1619 679 1657 vero
706 1602 949 1667 videbas,
977 1602 1103 1673 quia
1144 1611 1195 1656 ct
1231 1616 1323 1655 rev
1354 1610 1407 1656 et
1441 1600 1678 1670 episcopi

109 1706 251 1751 erant
302 1695 403 1750 tibi
459 1694 769 1766 placabiles,
800 1694 865 1748 de
890 1694 1003 1763 ipsa
1045 1693 1258 1747 licentia
1283 1691 1414 1747 nihil
1437 1691 1676 1757 dicebas,

108 1786 237 1840 sicut
268 1800 378 1840 nec
429 1786 587 1839 modo
610 1784 768 1850 facis,
802 1784 974 1838 donec
1009 1783 1243 1854 aliquam
1277 1784 1593 1849 novitatem,
1624 1792 1682 1837 ut

1776 592 1969 661 probat
1999 593 2260 658 Ecclesia.
2288 597 2645 653 demonstrat.
2682 615 2705 649 ι

1846 683 1974 740 item
1999 697 2118 754 post
2137 694 2381 743 ostensa:
2408 688 2757 743 auctoritates
2785 707 2798 742 :
2820 708 2838 741 ι
2860 689 2931 745 Ει.
2946 704 3054 745 non
3074 698 3358 760 pertrans-

1775 786 1864 832 eat
1892 777 2056 832 etiam
2092 788 2235 834 tuam
2279 779 2795 846 considerationem,
2852 797 2952 838 cur
2984 783 3219 840 domnus
3263 802 3359 841 rex

1779 873 1882 923 tum
1912 864 2155 935 petitioni
2190 868 2461 934 annuerit,
2494 878 2555 925 ut
2598 870 2739 925 unde
2788 872 2840 926 in
2884 876 3163 941 prtesentia
3215 875 3361 933 illius

1778 956 2210 1027 electosjudiccs
2250 960 2536 1030 episcopos
2572 962 2864 1017 secundum
2895 978 3081 1018 sacros
3121 980 3362 1023 canones

1777 1048 2057 1119 accepisti,
2076 1049 2193 1104 sine
2219 1050 2549 1107 conscientia
2576 1052 2996 1121 ntetrOpolitaui,
3019 1054 3242 1125 sineque
3265 1070 3359 1112 ec-

1778 1141 2083 1198 clesiastico
2120 1141 2330 1211 judicio
2359 1147 2720 1211 consenserit,
2749 1156 2808 1203 ut
2847 1148 3117 1204 seculares
3150 1147 3365 1218 jndices

1779 1234 1846 1289 ad
1874 1236 2211 1291 retractanda
2262 1252 2326 1292 ea
2354 1237 2727 1306 qumtlilinita
2759 1238 2997 1305 fuerunt,
3028 1241 3108 1297 vel
3135 1242 3203 1297 ad
3229 1242 3367 1297 ditiis

1779 1323 1992 1388 nienda,
2039 1324 2107 1380 de
2148 1325 2344 1396 quibus
2380 1325 2591 1395 iudices
2619 1342 2930 1398 acceperas,
2962 1330 3179 1385 demum
3223 1331 3367 1386 accio

1779 1430 1956 1485 peres.
1996 1414 2122 1471 Scio
2164 1417 2310 1475 enim
2348 1427 2401 1476 et
2432 1428 2612 1473 certus
2639 1433 2757 1475 sum
2802 1418 2931 1476 hinc
2965 1420 3113 1475 illum
3138 1422 3368 1477 cationi.

1780 1523 1904 1561 cum
1940 1509 2081 1563 scire
2121 1506 2403 1576 judicimn,
2436 1518 2490 1565 et
2536 1511 2705 1565 miror
2746 1527 2809 1565 ac
2836 1511 2991 1566 doleo
3034 1529 3133 1567 cur
3181 1523 3235 1567 tu
3264 1513 3367 1569 hoc

1782 1599 1968 1654 videre
2015 1615 2120 1655 non
2150 1600 2384 1664 voluisti,
2416 1610 2509 1655 aut
2555 1601 2663 1658 Deo
2700 1602 2881 1672 judice
2912 1604 3225 1674 arrogantia
3258 1621 3365 1660 οων

1786 1698 1940 1744 catus
1972 1706 2076 1743 non
2112 1690 2350 1759 potuisti.
2380 1691 2581 1761 lnuuge
2625 1692 2808 1761 igitur,
2851 1693 3147 1747 secundum
3191 1694 3370 1749 consi-

1782 1778 1913 1833 lium
1960 1779 2314 1851 Apocalypsis
2358 1780 2614 1846 Joannis,
2660 1781 2886 1852 collyrio
2919 1782 3106 1839 oculos
3142 1793 3263 1839 tuos
3310 1794 3371 1839 ut

112 1875 260 1941 soles,
303 1891 473 1945 quam
516 1890 732 1945 semper
788 1876 1030 1929 timendo
1074 1885 1354 1945 exspecto,
1383 1876 1577 1930 iterum
1612 1874 1684 1929 fa-
1714 1887 1759 1946 Β
1786 1870 1970 1924 videas
1996 1870 2182 1940 (Apoc.
2217 1874 2324 1940 tu).
2355 1880 2410 1926 el
2435 1872 2740 1943 albugiuem
2771 1875 3094 1944 arrogantiae
3123 1875 3188 1930 de
3212 1876 3370 1930 oculo

112 1969 240 2032 cias,
268 1970 337 2023 de
379 1984 485 2037 qua
526 1968 878 2038 compellatus
902 1968 1120 2024 solitam
1172 1968 1682 2023 cantionemdetua

114 2069 375 2115 recantes.
433 2058 630 2113 Petitio
674 2068 855 2114 autem
910 2068 999 2114 tua
1042 2060 1183 2129 apud
1216 2060 1470 2115 domuum
1502 2074 1682 2129 regem

112 2149 219 2205 talis
258 2149 384 2212 fuit,
432 2150 649 2220 quando
677 2150 743 2203 ad
764 2164 886 2204 eum
917 2150 1134 2213 venisti,
1180 2151 1304 2220 quia
1332 2150 1474 2205 sicut
1502 2149 1685 2221 plures

112 2247 160 2293 et
183 2254 316 2308 pene
347 2253 538 2293 omnes
566 2237 619 2292 in
669 2237 789 2292 istis
827 2238 1120 2308 provinciis
1156 2240 1297 2293 scire
1327 2238 1598 2306 dicuntur,
1629 2245 1686 2293 et

113 2338 261 2400 patet,
286 2328 496 2385 addens
517 2329 773 2400 gravibus
795 2328 1061 2400 graviora,
1090 2329 1237 2383 velut
1263 2330 1373 2399 ipsa
1405 2343 1683 2384 sacrorum

115 2438 369 2478 canonum
428 2423 807 2477 demonstrant
855 2420 1080 2491 judicia,
1131 2422 1313 2477 nescio
1344 2422 1541 2492 quibus
1572 2435 1685 2475 ma-

120 2512 513 2567 chinationibus
557 2511 843 2581 exquisitis
890 2526 921 2565 ει
951 2520 1001 2566 te
1042 2509 1219 2580 jussio
1258 2519 1339 2566 est
1371 2509 1685 2581 principalis

117 2601 301 2669 elicita,
349 2612 411 2656 ut
456 2602 524 2655 de
554 2602 640 2657 his
676 2603 741 2656 de
770 2601 971 2672 quibus
1022 2602 1227 2658 electos
1253 2602 1464 2672 jndices
1494 2616 1687 2656 secun-

119 2693 227 2747 dum
277 2708 468 2749 sacros
511 2708 752 2748 canones
806 2693 1085 2764 expetisti,
1134 2709 1239 2749 non
1296 2694 1471 2748 solum
1496 2706 1686 2759 eorum

119 2784 341 2853 querela,
400 2800 632 2855 quorum
674 2801 836 2840 causa
870 2800 1039 2854 usque
1078 2785 1145 2840 ad
1195 2784 1362 2839 alium
1394 2792 1685 2839 tractatum

120 2875 410 2932 dillinienda
440 2877 701 2929 remansit
729 2894 741 2929 :
769 2892 955 2930 verum
980 2886 1036 2931 ct
1061 2892 1198 2947 quae,
1226 2884 1284 2930 ut
1304 2876 1436 2941 dixi,
1461 2876 1512 2929 in
1537 2874 1687 2930 dom-

121 2966 167 3021 ni
214 2967 352 3039 regis
417 2970 705 3037 prmsentia
769 2967 1064 3022 electorum
1118 2968 1363 3038 jndicum
1420 2969 1686 3022 sententia

123 3055 329 3112 dillioita
377 3044 646 3124 fuerunt,
694 3058 812 3114 sine
856 3059 1260 3130 metropolitani
1327 3059 1686 3124 conscientia,

124 3149 327 3220 sineque
371 3155 640 3206 canonico
684 3161 740 3206 et
780 3152 1072 3223 episcopali
1100 3153 1326 3222 judicio,
1361 3166 1458 3222 per
1477 3151 1689 3222 judices

1786 1962 2019 2027 mentis,
2049 1962 2103 2016 id
2145 1971 2231 2017 est
2275 1962 2550 2018 intellectu
2602 1972 2735 2027 tuo,
2787 1962 3020 2032 abjicere
3070 1965 3269 2030 valeas,
3317 1975 3372 2022 et

1782 2067 1950 2122 pensa
1981 2070 2049 2108 ne
2069 2052 2210 2108 forte
2238 2054 2467 2108 domnus
2491 2071 2606 2119 rex,
2637 2071 2799 2127 quem
2831 2058 2989 2111 toties
3010 2059 3371 2125 exacerbasti,

1783 2143 1965 2199 sciens
1987 2144 2170 2199 divina
2191 2144 2394 2213 judicia
2419 2156 2580 2216 atque
2603 2147 2838 2217 eloquia,
2865 2148 2990 2204 hinc
3012 2150 3064 2204 in
3087 2151 3374 2207 annueudo

1786 2234 1929 2288 votis
1957 2235 2063 2290 tuis
2091 2236 2410 2305 cogitaverit
2439 2246 2628 2293 contra
2664 2248 2713 2293 te
2742 2241 3042 2296 sententias
3069 2242 3282 2299 divinas
3308 2243 3375 2297 de

1785 2326 1872 2381 his
1913 2326 2003 2397 qui
2056 2327 2206 2382 dura:
2254 2328 2485 2384 cervicis
2527 2338 2582 2383 et
2626 2331 2981 2387 indomabiles
3003 2332 3166 2389 corde
3201 2342 3369 2389 sunt:

1788 2421 1893 2489 Qui
1923 2433 2068 2476 uocet
2112 2434 2294 2477 noceat
2347 2424 2519 2478 adhuc
2567 2424 2785 2496 (Bacch.
2829 2426 2915 2495 ll),
2952 2436 3007 2481 et
3034 2429 3125 2498 qui
3176 2430 3230 2481 in
3255 2445 3373 2481 raro

1786 2513 1940 2567 dibus
1983 2524 2057 2567 est
2098 2514 2366 2568 sordescut
2394 2516 2568 2569 adhuc
2597 2515 2781 2586 (Apoc.
2830 2518 2991 2585 xxii),
3025 2528 3078 2570 ut
3123 2518 3373 2588 impleant

1778 2617 1996 2677 peccata
2027 2622 2123 2661 sua
2152 2623 2356 2676 semper
2391 2605 2442 2677 (Ι
2476 2606 2654 2662 Thess.
2684 2607 2775 2677 ιι);
2808 2618 2863 2663 ct
2892 2625 2905 2661 :
2941 2609 3147 2665 Dimisit
3175 2626 3260 2664 eos
3293 2627 3376 2665 sc-

1787 2698 2016 2751 cundum
2051 2698 2313 2752 desideria
2340 2698 2513 2753 cordis
2542 2714 2722 2753 eorum
2745 2741 2757 2765 ,
2790 2700 2936 2754 ibunt
2968 2702 3022 2755 in
3050 2701 3377 2755 adiuvantia-

1780 2790 1940 2847 ;nibus
1992 2792 2102 2845 suis
2149 2789 2326 2861 (Psal.
2374 2793 2574 2861 Lxxx);
2624 2801 2680 2848 et
2724 2811 2743 2847 ς
2782 2793 2983 2847 Νοιιηε,
3011 2794 3121 2848 [nec
3167 2796 3377 2849 condito

1789 2890 1910 2934 sunt
1933 2882 2074 2951 apud
2103 2898 2207 2946 me,
2236 2891 2292 2938 et
2320 2884 2525 2951 ἡλιαία
2557 2882 2609 2937 in
2638 2883 2902 2939 thesauris
2946 2885 3073 2938 meis
3092 2886 3118 2938 ?
3154 2902 3273 2939 mea
3300 2895 3375 2943 est

1790 2969 1943 3037 ultio,
1972 2981 2020 3023 et
2050 2988 2144 3042 ego
2173 2974 2455 3027 retribuam
2485 2973 2559 3027 eis
2590 2973 2641 3026 in
2672 2983 2919 3043 tempore,
2954 2983 3006 3027 ut
3050 2974 3261 3029 labatur
3287 2991 3376 3045 pes

1790 3077 1969 3115 eorum
2002 3077 2022 3115 :
2035 3062 2197 3131 juxta
2223 3073 2297 3117 est
2327 3063 2437 3117 dies
2480 3063 2809 3132 perditionis,
2837 3074 2887 3117 et
2912 3064 3094 3118 adesse
3124 3065 3377 3133 festinant

1793 3162 2026 3222 tempora
2055 3153 2237 3223 (Deut.
2266 3156 2467 3224 um).
2500 3143 2569 3209 Et
2607 3170 2730 3209 eum
2761 3165 3029 3209 tantarum
3074 3164 3380 3226 transgres-

124 3243 430 3307 steculares,
478 3241 870 3313 llclmigarium
927 3245 1136 3299 scilicet
1192 3244 1415 3299 merenti
1468 3240 1768 3314 palatinic
1797 3245 2008 3301 sionnm
2035 3246 2326 3302 inveniaris
2349 3246 2647 3314 obnoxius,
2693 3264 2799 3303 non
2841 3264 3025 3305 cessas
3070 3265 3156 3304 me
3184 3265 3381 3321 provo-

126 3330 513 3397 Telonearium,
565 3343 621 3388 et
654 3334 986 3389 Flothariutn
1036 3350 1101 3389 ac
1130 3333 1420 3389 Ursiouem
1441 3334 1691 3388 villarum

127 3427 380 3497 regiarum
434 3426 669 3495 majores
734 3416 1144 3491 rcl'ricat'entur,
1192 3436 1380 3482 contra
1432 3442 1689 3495 canones,

130 3520 208 3587 qui
234 3520 301 3575 ab
345 3519 734 3575 ecclesiasticis
777 3521 844 3573 ad
882 3519 1103 3588 majoris
1137 3521 1481 3575 auctoritatis
1518 3519 1694 3576 eccle-

128 3612 359 3667 siasticos
395 3612 630 3682 judiccs,
664 3621 719 3667 et
768 3628 873 3667 non
926 3629 955 3667 a
999 3613 1292 3683 majoribus
1320 3615 1386 3668 ad
1433 3613 1692 3680 minores,

128 3717 213 3756 nec
240 3705 312 3757 ab
331 3704 714 3759 ecclesiasticis
736 3706 801 3758 ad
827 3703 1138 3770 smculares,
1166 3719 1340 3775 neque
1363 3720 1394 3758 a
1424 3720 1693 3760 consensu

128 3796 349 3864 partium
392 3796 575 3852 electis
604 3798 888 3867 provocari
934 3798 1271 3867 permittunt.
1317 3800 1362 3851 Α
1392 3797 1697 3868 quibusju-

130 3887 322 3944 dicibus
346 3890 696 3945 saecularibus
724 3907 754 3943 a
785 3900 837 3945 te
866 3892 1049 3961 petitis
1076 3892 1320 3960 quaedam
1361 3907 1426 3945 ex
1455 3889 1696 3946 dil'liuitis

129 3979 425 4038 rcl‘ricataet
439 3985 742 4049 immutata,
757 3984 999 4054 quaedam
1017 3999 1146 4038 vero
1159 4000 1223 4039 ex
1240 3982 1561 4040 dilliniendis
1574 3990 1700 4040 sunt

131 4070 353 4137 dillinita,
381 4076 731 4132 adiuventitia
774 4077 1129 4146 reputatione,
1167 4078 1308 4131 sicut
1336 4078 1405 4132 ab
1430 4078 1576 4147 ipsis,
1604 4078 1696 4148 qui

133 4162 179 4218 in
198 4166 378 4221 eodem
400 4168 600 4237 placito
624 4167 867 4232 fuerunt,
890 4169 1111 4233 dicitur,
1143 4170 1210 4223 de
1235 4185 1341 4223 non
1366 4170 1695 4224 necessariis

133 4265 177 4308 et
202 4258 542 4316 inconveuicu
552 4262 698 4317 tibus
713 4260 1040 4329 juramentis
1066 4271 1303 4331 reperta,
1321 4271 1491 4318 etate
1512 4277 1697 4317 coram

136 4350 384 4416 pnedictis
424 4352 709 4421 judicibus
772 4354 904 4423 ipsis
959 4354 1066 4410 tuis
1100 4356 1533 4421 accusatoribus,
1562 4370 1700 4425 quos

141 4449 310 4495 contra
349 4442 546 4499 electos
588 4443 808 4515 jndices
863 4443 1004 4499 sicut
1031 4445 1358 4515 expctieras,
1389 4445 1698 4514 suscepisti,

139 4536 690 4608 proposita,quatenus
719 4545 777 4593 et
806 4536 851 4591 is
864 4537 929 4592 de
955 4553 1061 4607 quo
1080 4538 1326 4603 legaliter
1348 4553 1413 4594 ac
1432 4538 1695 4608 regulari-

142 4633 208 4678 ter
250 4627 520 4684 dillinitum
555 4628 755 4693 fuerat,
789 4636 850 4682 ut
884 4628 1205 4684 beneﬁcium
1253 4644 1412 4684 suum
1446 4629 1691 4693 haberet,

140 4717 258 4782 quod
277 4730 455 4776 contra
474 4722 742 4776 rationem
759 4730 816 4774 et
829 4720 1141 4789 aequitatem
1158 4720 1485 4789 perdiderat,
1502 4722 1691 4776 eadem

143 4807 487 4868 adimeutione
514 4813 911 4877 dimitteret,et
935 4812 1007 4865 illi
1032 4812 1230 4882 quibus
1250 4810 1550 4878 iudicatum
1575 4808 1693 4864 fue-

140 4907 311 4961 rat,ut
351 4904 607 4974 quoniam
638 4914 692 4958 tu
733 4912 863 4974 post
905 4904 1201 4971 expetitum
1236 4900 1530 4961 electorum
1556 4900 1695 4971 judi-

142 4990 277 5060 cium,
300 4996 431 5051 idem
452 4996 716 5066 judicium
748 4994 1116 5066 subterfugisti
1137 5036 1153 5061 ,
1176 4994 1435 5067 beneﬁcia
1476 5011 1572 5052 sua
1604 5011 1699 5050 us-

144 5096 231 5149 que
249 5088 307 5141 ad
334 5088 553 5159 legalem
581 5087 960 5144 diﬂinitionem
993 5097 1255 5149 tenerent,
1291 5089 1551 5147 benelieia
1585 5088 1695 5159 ipsa

146 5172 436 5245 desererent,
461 5190 516 5237 et
554 5192 607 5237 tu
638 5180 791 5252 quod
842 5180 1102 5253 inctnpisti
1150 5180 1525 5250 evindicares;
1574 5195 1695 5236 cuin

148 5262 252 5298 εςΛΙΙΙ
425 5288 523 5298 ιιι-κ
559 5273 680 5298 12--.
732 5270 800 5298 λλ
850 5284 1056 5298 ann-oon..-

1067 5274 1077 5285 ι
1286 5271 1297 5282 θ
1461 5277 1472 5289 ι
1540 5275 1551 5286 ο
1630 5271 1663 5298 1·

1067 5290 1183 5298 ...ι-..ι
1253 5287 1365 5298 nec...
1401 5288 1623 5298 --.-,._....4\
1651 5287 1694 5298 ιιι

1795 3352 1943 3402 care,
1972 3346 2031 3391 ut
2069 3337 2136 3392 de
2162 3338 2427 3408 promisso
2450 3339 2652 3408 pitacio
2694 3348 2800 3394 tuze
2826 3339 3179 3410 professionis
3217 3349 3382 3410 atque

1795 3429 2230 3499 subscriptionis,
2252 3429 2322 3483 de
2356 3445 2465 3499 quo
2512 3430 2630 3496 tibi,
2658 3439 2718 3484 ut
2758 3431 2982 3500 przedixi
3004 3472 3020 3497 ,
3054 3434 3381 3501 respondere

1792 3521 2059 3596 hactenus
2088 3521 2297 3587 distuli,
2320 3522 2417 3578 sed
2462 3532 2511 3577 et
2545 3522 2769 3591 deqaliis
2811 3523 2919 3577 tuis
2952 3522 3381 3593 professionibus

1798 3622 1958 3682 atque
1978 3612 2466 3683 subscriptiouibus
2488 3612 2570 3668 vel
2594 3612 2879 3685 lacessitus
2906 3614 3220 3679 rescribam,
3249 3629 3381 3684 qua-

1798 3715 1954 3760 tenus
1982 3705 2377 3775 professionum
2405 3714 2461 3760 et
2485 3706 2942 3774 subscriptionum
2970 3715 3185 3760 tuarum
3215 3707 3383 3760 histo-

1798 3799 1906 3853 rias
1952 3798 2134 3866 plures
2180 3797 2439 3867 legentes,
2488 3798 2532 3852 si
2578 3798 2718 3852 forte
2762 3807 2888 3852 sunt
2933 3799 3024 3868 qui
3067 3800 3244 3853 adhuc
3288 3816 3381 3855 eas

1800 3891 2086 3961 ignorent,
2135 3903 2323 3945 earum
2375 3890 2706 3960 diligentiam
2747 3889 3015 3945 cautelam
3065 3876 3280 3960 quoque
3326 3898 3383 3945 et

1794 3979 2087 4034 utilitatem
2122 3987 2476 4049 Cognoscant.
2522 3979 2590 4033 Et
2631 3979 2863 4049 primum
2892 3981 3110 4051 quidem
3155 3995 3382 4050 respon-

1799 4071 1938 4125 debo
1966 4070 2061 4124 tibi
2089 4070 2156 4125 de
2199 4071 2425 4140 praefato
2451 4087 2481 4124 a
2514 4072 2901 4141 tesubscripto
2946 4073 3162 4142 pitacio,
3190 4073 3242 4127 in
3274 4089 3385 4144 quo

1799 4162 1996 4218 scribis
2039 4163 2092 4219 in
2121 4163 2450 4218 adminiculo
2479 4172 2571 4218 tuo
2615 4173 2667 4218 te
2692 4181 2722 4217 a
2756 4179 2842 4218 me
2885 4166 3294 4235 reprehensum,
3329 4176 3386 4221 et

1786 4270 1922 4311 esse
1962 4269 2049 4310 me
2089 4256 2332 4311 ostendis
2360 4256 2864 4325 reprehensibilem.
2908 4257 3015 4311 Sed
3056 4272 3156 4328 ego
3200 4269 3386 4329 Spreta

1786 4347 2222 4418 reprehensione
2251 4357 2365 4413 tua,
2392 4363 2500 4418 qua
2536 4363 2622 4403 me
2650 4349 2803 4419 quasi
2837 4350 2937 4405 sub
2963 4352 3196 4421 quodam
3226 4366 3388 4406 excu-

1790 4442 2025 4498 sationis
2047 4442 2338 4508 velamine,
2364 4442 2432 4501 de
2475 4443 2757 4513 scriptoris
2799 4443 2929 4497 vitio
2956 4458 3107 4498 more
3138 4453 3228 4499 tuo
3272 4446 3392 4499 evi-

1792 4533 1992 4588 denter
2041 4534 2436 4603 reprehendere
2479 4534 2705 4602 satagis,
2753 4534 2843 4603 qui
2882 4543 2977 4588 aut
3025 4534 3385 4590 dill‘erentiam

1802 4623 1949 4678 verbi
1976 4623 2269 4677 detrectem
2297 4622 2442 4694 [rest.
2491 4640 2587 4693 pro
2628 4622 2976 4696 detraetem],
2998 4626 3143 4693 quod
3173 4626 3388 4679 iuaneis

1794 4712 2019 4783 scriptis
2066 4713 2161 4767 tibi
2213 4713 2355 4766 datis
2402 4714 2592 4783 posui,
2641 4713 2917 4778 nesciam,
2967 4724 3061 4769 aut
3106 4715 3388 4783 scriptoris

1800 4805 1991 4858 vitium
2026 4802 2080 4856 in
2105 4803 2183 4858 eis
2206 4803 2479 4872 corrigere
2508 4820 2615 4859 non
2650 4804 2945 4874 sapuerim,
2967 4806 3052 4861 vel
3094 4805 3391 4862 emendare

1794 4894 2154 4965 ,ncglexerim,
2183 4902 2239 4948 et
2257 4908 2324 4948 ex
2346 4907 2466 4947 mea
2495 4896 2913 4965 reprehensione
2941 4906 3084 4951 tuam
3115 4904 3394 4953 ostentare

1790 4985 2117 5047 scientiam,
2150 4985 2319 5040 Citam
2363 4983 2476 5041 Noe
2522 4989 2665 5044 [ilius
2705 4986 2858 5058 (Gen.
2895 4990 2973 5057 ix)
3005 4989 3256 5053 voluisti,
3286 5002 3393 5044 non

1806 5077 1978 5134 solum
2008 5077 2062 5131 in
2093 5078 2242 5133 verbi
2281 5078 2422 5133 illius
2443 5080 2767 5145 dill‘crentia,
2798 5078 2894 5135 sed
2919 5092 2969 5136 et
2997 5083 3050 5137 in
3074 5079 3178 5134 alio
3205 5077 3393 5139 verbo.

1806 5167 1951 5239 quod
1994 5171 2063 5222 ad
2107 5169 2649 5230 ostentationemtni
2696 5174 2749 5228 in
2785 5172 2893 5226 tuis
2922 5166 3397 5229 adiuventionibus

1808 5260 2059 5298 iloroluna
2107 5260 2313 5296 ἷιινηιιίο
2359 5270 2409 5296 nl
2462 5281 2587 5296 ειη...
2644 5265 2770 5296 ιιὲηη
2808 5278 2986 5296 πιοηηὶ
3041 5254 3394 5294 :nnininnlinm

2359 5270 2409 5296 ηΙ
2462 5281 2587 5296 ,ιιι-η
2644 5265 2770 5296 “nn
2808 5278 2986 5296 mann\
