3904 5396
460 310 566 370 219

467 519 708 575 scientiae
751 524 1042 587 penetrans
1082 514 1341 579 introisti,
1389 513 1479 570 hic
1525 526 1688 568 causa
1736 511 2048 580 compendii

467 609 909 680 prmtermittens,
936 622 1058 662 cum
1090 606 1220 661 mihi
1264 604 1556 668 vacaverit,
1591 601 1872 657 ostendam
1917 601 2046 671 quid

467 702 773 772 regularum
803 699 1176 771 grammatica:
1200 697 1334 752 artis
1360 703 1630 758 auctores,
1652 693 1780 764 quid
1806 700 2049 763 ortogra-

466 795 606 866 pbia:
635 793 916 858 doctores,
967 791 1093 861 quid
1144 798 1341 846 sancta:
1385 787 1681 858 Scriptura:
1729 792 2050 842 traetatores

468 889 594 945 inde
621 887 856 942 sentiant
891 894 1054 956 atque
1081 884 1282 938 dicant.
1321 901 1340 934 ι

544 979 686 1033 idem
735 985 854 1049 post
900 974 1157 1031 nonnulla
1189 991 1204 1028 :
1238 992 1257 1026 ε
1294 972 1403 1028 Sed
1432 980 1488 1028 et
1514 971 1616 1026 alia
1662 978 1786 1026 sunt
1829 970 1956 1025 hinc
1983 983 2053 1024 ex

470 1071 643 1126 sacris
690 1069 989 1124 t-anonibus
1023 1076 1076 1122 et
1105 1065 1422 1137 apostolica:
1449 1065 1593 1120 sedis
1636 1062 1890 1128 decretis,
1935 1076 2055 1132 quae

473 1164 608 1220 mihi
637 1164 724 1218 hic
749 1179 951 1234 ponere
978 1162 1193 1232 longum
1231 1160 1352 1226 fuit,
1381 1161 1433 1215 in
1463 1158 1720 1230 opusculo
1745 1157 1814 1213 55
1844 1157 2054 1228 capitu-

472 1253 678 1320 lorum,
710 1254 853 1323 qund
901 1254 968 1307 ad
1019 1262 1162 1306 tuam
1213 1249 1720 1316 commonitionem,
1770 1257 1826 1303 et
1867 1262 2053 1302 corre-

473 1343 706 1398 ctionem
749 1352 912 1412 atque
953 1341 1363 1396 inszructionem
1395 1338 1490 1394 tibi
1534 1338 1689 1405 dedi,
1735 1344 1888 1409 potes
1916 1335 2053 1390 rele-

475 1450 622 1505 gere,
671 1442 868 1502 pra-ter
911 1430 1164 1503 epistolas
1209 1429 1518 1500 praemissas
1560 1443 1696 1498 quas
1747 1427 1842 1481 tibi
1884 1423 2056 1480 direxi

478 1528 544 1581 ad
589 1525 1012 1595 redarguendam
1059 1533 1206 1578 tuam
1253 1522 1612 1577 temeritatem
1661 1528 1848 1575 contra
1895 1532 2060 1572 evan-

477 1619 702 1688 gelicam
747 1618 1072 1683 veritatem,
1125 1624 1181 1671 et
1223 1614 1573 1686 apostolicam
1625 1620 1792 1681 atque
1837 1608 2059 1665 canoni-

477 1725 597 1764 cam
667 1709 1084 1774 auctoritatem,
1165 1716 1462 1775 contraque
1536 1704 1680 1760 sedis
1754 1700 2060 1774 apostolicae

475 1801 714 1863 decreta,
747 1799 800 1854 in
832 1810 978 1854 tuam
1021 1808 1074 1853 ct
1115 1798 1408 1869 perniciem
1458 1796 1745 1851 nmltorum
1790 1809 2050 1865 prmsnm-
2089 1792 2136 1853 Β

476 1899 649 1960 ptam,
679 1889 820 1944 sicut
864 1889 915 1943 in
957 1889 1162 1958 synodo
1197 1887 1548 1957 plurimorum
1577 1886 1947 1956 episcoporum
1985 1891 2068 1938 est

481 1979 913 2048 comprobatum.
946 1977 1050 2032 Sed
1091 1987 1144 2031 et
1181 1986 1377 2047 praeter
1403 1977 1536 2030 alias
1557 1974 1846 2045 epistolas,
1871 1989 1933 2029 ac
1964 1973 2068 2028 alia

480 2073 703 2141 scripta.
735 2088 854 2141 qua:
882 2073 976 2126 tibi
1009 2072 1198 2136 direxi,
1243 2071 1322 2126 vel
1366 2072 1486 2125 dedi
1514 2071 1579 2125 ad
1609 2069 2069 2140 comprimendam

482 2173 630 2219 tuam
660 2163 1024 2228 insolentiam,
1049 2173 1104 2219 et
1127 2163 1572 2218 eommonendam
1605 2178 1669 2217 ac
1701 2161 2071 2216 instruendam

485 2262 634 2309 tuam
684 2255 1022 2310 dilectionem
1073 2269 1132 2312 ut
1173 2271 1363 2328 ageres
1387 2255 1541 2324 juxta
1572 2255 1780 2310 Domini
1827 2255 2069 2310 dictum:

485 2346 625 2413 Quid
654 2347 845 2416 quierit
873 2346 1132 2402 Dominus
1171 2347 1311 2402 Deus
1351 2357 1472 2402 tuus
1497 2364 1527 2403 a
1558 2357 1637 2409 te,
1668 2348 1768 2402 nisi
1799 2355 1860 2402 ut
1885 2347 2074 2400 timeas

483 2438 770 2493 Dominum
819 2439 984 2494 Deum
1034 2447 1217 2503 tuum,
1246 2445 1300 2492 et
1340 2436 1506 2493 facias
1546 2437 1876 2492 voluntatem
1925 2434 2072 2504 ejus,

477 2529 812 2599 ohediasque
838 2529 1006 2598 ipsius
1029 2529 1255 2600 imperio
1284 2529 1462 2598 (Deut.
1493 2529 1587 2599 x)?
1617 2528 1746 2595 Qua:
1777 2527 1946 2582 frater
1971 2525 2078 2582 sol-

484 2619 631 2676 licita
672 2621 853 2676 cordis
881 2621 1179 2675 intentione
1210 2618 1447 2680 revolvo,
1486 2627 1541 2672 et
1587 2617 1825 2687 recogita
1857 2616 1985 2687 quid
2009 2616 2078 2669 sit

484 2711 629 2778 quod
656 2711 837 2764 dixisti
865 2728 878 2764 :
909 2711 1042 2777 Quia
1069 2725 1136 2764 ex
1167 2720 1293 2764 tunc
1321 2711 1535 2779 quando
1566 2709 1696 2763 mihi
1727 2709 1934 2763 litteras
1957 2707 2078 2763 illas

488 2801 705 2867 misisti,
755 2813 811 2855 nt
857 2802 1260 2873 archiepiscopo
1310 2801 1659 2871 coepiscopus
1703 2803 2078 2870 obtemperare

487 2894 646 2948 debet
675 2893 966 2959 canonice,
1013 2892 1208 2947 scirem
1237 2891 1461 2960 obsequi
1494 2891 1623 2944 mihi
1666 2901 1717 2945 te
1754 2906 1857 2945 non
1889 2903 2075 2960 posse;

488 2995 543 3037 et
585 2998 779 3037 revoca
824 2994 951 3037 ante
990 2981 1175 3036 oculos
1205 2990 1356 3044 tuos,
1402 2981 1542 3049 quod
1589 2995 1768 3034 coram
1814 2979 2079 3048 episcopis

487 3071 672 3126 decem
705 3071 1100 3140 provinciarum
1128 3069 1405 3140 professus
1447 3085 1536 3133 es,
1582 3077 1638 3123 et
1676 3084 1833 3122 manu
1863 3068 2074 3136 propria

1531 305 1572 361 1⁷
1576 302 1922 362 LODOARDI
1958 303 2276 368 CANONICI
2314 312 2658 369 BEMENSIS
2721 367 2725 374 .

464 427 613 486 solus
656 426 856 483 nostris
915 423 1246 494 temporibus
1305 421 1592 477 thesauros
1651 417 1929 490 sapientia:
1988 426 2045 474 et
2074 429 2124 489 Α

3635 317 3730 376 2'20

2225 445 2246 478 ο
2278 426 2374 482 Vir
2399 426 2626 483 diversis
2667 425 2890 498 ﬂagellis
2937 443 2982 484 a.
3015 428 3242 486 diversis
3289 430 3515 487 attritus
3566 432 3728 489 dicit:

2155 517 2262 584 Qui
2288 537 2368 574 me
2397 520 2672 574 comedunt
2703 537 2806 574 non
2835 521 3097 576 dormiunt
3129 522 3251 594 (Job
3282 526 3442 591 xxx),
3494 540 3576 580 ac
3591 525 3635 580 si
3662 527 3732 580 di-

2149 621 2314 675 ceret,
2349 627 2454 666 non
2483 613 2788 682 quiescunt.
2825 613 2891 666 Et
2917 621 2996 677 tu,
3031 612 3231 679 frater,
3276 630 3363 670 me
3406 627 3515 670 tum
3547 615 3732 686 lingua:

2152 699 2376 772 flagellis
2402 711 2668 763 atterere,
2719 709 2771 756 et
2815 703 3096 757 venenosis
3129 704 3344 774 scriptis
3389 705 3501 759 tuis
3543 707 3613 759 ad
3643 706 3735 761 ira-

2153 793 2405 848 cundiam
2435 793 2776 862 provocando
2805 792 3028 848 inficere
3069 809 3176 848 non
3221 793 3477 863 quiescis.
3513 793 3622 849 Sed
3657 796 3734 865 qui

2154 883 2304 939 illum
2335 898 2552 939 servum
2592 898 2750 938 suum
2781 883 3071 938 custodivit
3111 899 3142 937 a
3184 885 3737 949 murmurationibus,

2154 990 2242 1033 me
2267 984 2624 1046 peecatorem,
2656 982 2713 1029 et
2738 972 2983 1045 fragilem
3013 974 3160 1029 inse
3181 975 3550 1032 confidentem
3578 986 3740 1046 potest

2155 1067 2429 1124 custodire
2452 1080 2482 1119 a
2513 1079 2745 1119 rancore
2778 1064 3066 1120 etmalitia
3097 1075 3284 1120 contra
3309 1075 3428 1120 tuas
3456 1065 3629 1121 falsas
3650 1067 3742 1120 cri-

2157 1158 2503 1215 minationes.
2533 1156 2663 1211 Post
2688 1156 2792 1212 alia
2819 1155 2986 1210 multa
3010 1171 3171 1227 super
3192 1156 3432 1212 dolorem
3463 1157 3738 1212 vulnerum

2159 1267 2402 1308 meorum
2425 1250 2626 1305 addens
2653 1249 2824 1322 (Paul.
2855 1251 3063 1319 urnt),
3087 1249 3253 1306 dicis:
3277 1249 3429 1306 Sicut
3453 1250 3508 1304 in
3539 1251 3741 1318 scriptis

2161 1343 2269 1397 tuis
2313 1340 2585 1412 perversis
2631 1339 2875 1403 invenio,
2924 1340 3050 1408 quia
3080 1339 3386 1407 apostolica:
3415 1340 3570 1393 sedis
3609 1348 3744 1408 pote-

2160 1438 2285 1495 stati
2317 1440 2535 1506 derogo.
2567 1433 2714 1489 Unde
2744 1448 2902 1489 nemo
2923 1447 3110 1487 sanum
3137 1433 3354 1502 sapiens
3379 1435 3484 1488 tibi
3521 1448 3740 1502 unquam

2161 1529 2412 1593 credidit,
2442 1526 2767 1591 velcredet,
2795 1526 3047 1596 quoniam
3071 1535 3126 1580 et
3159 1525 3272 1595 ipsa
3302 1527 3509 1595 scripta
3540 1541 3660 1595 qua:
3687 1527 3742 1580 ad

2163 1621 2516 1694 apos:olicam
2557 1619 2740 1674 sedem
2785 1618 3083 1688 smpissime
3122 1618 3277 1680 misi,
3307 1618 3487 1673 etilla
3517 1633 3638 1688 qua:
3663 1616 3741 1671 tibi

2166 1712 2444 1769 resultanti
2489 1726 2628 1780 saepe
2673 1709 2983 1773 transmisi,
3025 1718 3078 1762 te
3123 1709 3435 1773 revincent,
3488 1719 3545 1763 et
3574 1708 3628 1762 in
3657 1708 3743 1762 isto

2167 1804 2384 1866 sacculo,
2414 1811 2469 1858 et
2497 1802 2552 1856 in
2582 1800 2762 1855 futuro
2782 1798 3008 1868 judicio.
3045 1797 3162 1854 Non
3189 1800 3332 1854 enim
3364 1801 3431 1854 de
3457 1816 3548 1854 me
3576 1814 3742 1854 verum

2169 1910 2288 1952 esse
2309 1894 2508 1948 valebis
2528 1907 2785 1962 unquam,
2803 1891 2886 1945 vel
2910 1905 3135 1960 usquam
3161 1891 3394 1958 probare
3415 1889 3566 1958 quod
3588 1889 3742 1943 dicis:

2171 1986 2252 2039 Ab
2283 1985 2389 2048 his,
2415 1983 2660 2052 inquiens
2679 2023 2695 2046 ,
2724 1997 2753 2035 a
2791 1981 2987 2051 quibus
3016 1996 3114 2050 pro
3140 1981 3444 2051 aposmlica:
3477 1979 3624 2035 sedis
3647 1978 3744 2050 pri-

2173 2075 2403 2146 vilegiis,
2432 2089 2552 2143 quae
2577 2071 2775 2127 Christi
2802 2082 2927 2126 sunt
2952 2085 3120 2140 usque
3152 2071 3218 2124 ad
3261 2082 3493 2125 mortem
3527 2069 3612 2124 fas
3645 2076 3745 2123 erat

2174 2166 2463 2230 decertari,
2493 2164 2819 2234 praedicatur
2847 2174 2899 2219 et
2932 2164 3190 2226 docetur,
3230 2163 3280 2216 in
3311 2162 3399 2216 his
3429 2176 3554 2230 quae
3577 2161 3744 2214 eadem

2175 2261 2330 2314 sedes
2358 2258 2568 2321 statuit,
2604 2257 2746 2310 velut
2771 2257 3129 2326 respuendum
3161 2256 3398 2326 probari.
3426 2255 3537 2309 Sed
3569 2264 3620 2307 tu
3640 2267 3745 2323 pro-

2176 2349 2324 2404 baris
2357 2347 2472 2417 ejus
2501 2347 2780 2417 privilegio
2810 2345 3090 2410 resultarc,
3129 2347 3219 2416 qui
3252 2347 3553 2400 secundum
3582 2358 3746 2397 sacros

2178 2449 2493 2495 sanctorum
2533 2437 2885 2492 conciliorum
2928 2451 3160 2491 canones
3204 2451 3364 2506 supra
3409 2437 3648 2505 positos,
3688 2435 3743 2487 ab

2179 2531 2291 2601 ipsa
2325 2531 2498 2600 prima
2540 2529 2666 2582 sede
2711 2536 2874 2595 atque
2914 2527 2980 2581 ab
3021 2527 3166 2580 omni
3211 2526 3450 2581 Ecclesia
3494 2525 3743 2581 catholica

2179 2619 2583 2689 comprobatus,
2611 2625 2668 2669 ut
2706 2631 2893 2670 revera
2937 2613 3143 2684 Spiritu
3173 2614 3264 2669 Dei
3295 2615 3567 2678 conditos,
3593 2623 3645 2668 et
3680 2621 3743 2667 to-

2181 2710 2288 2764 tius
2327 2707 2510 2762 mundi
2553 2707 2851 2761 reverentia
2889 2715 3260 2768 consecratos,
3295 2716 3350 2759 et
3367 2704 3525 2772 juxta
3551 2706 3744 2759 decreta

2183 2798 2348 2868 ipsius
2379 2808 2578 2852 sancta}
2601 2797 2760 2859 sedis,
2793 2812 2859 2850 ex
2894 2795 3098 2850 eisdem
3128 2795 3298 2850 sacris
3319 2794 3620 2849 canonibus
3639 2808 3744 2863 pro-

2182 2893 2440 2963 mulgata,
2471 2889 2880 2961 metropolitano
2906 2887 3184 2959 privilegio
3203 2929 3218 2951 ,
3247 2887 3411 2941 svmel
3441 2896 3500 2942 et
3531 2885 3744 2942 secundo

2185 3001 2246 3040 ac
2282 2985 2440 3038 tertio
2463 2982 2853 3047 commonitus,
2893 2981 3111 3035 obedire
3140 2979 3475 3041 dctrectasti,
3515 2989 3576 3032 ut
3618 2976 3746 3031 colli-

2189 3077 2431 3148 gationes
2461 3075 2751 3144 impietatis
2781 3073 2915 3143 (Isa.
2944 3077 3116 3142 LVIII),
3149 3087 3283 3143 quas
3311 3082 3501 3125 contra
3534 3084 3746 3137 evange-

489 3166 896 3234 sobscripsisti:
938 3165 1143 3220 scilicet
1184 3165 1306 3233 quia
1357 3163 1634 3232 privilegio
1680 3160 2074 3230 metropolitani
2107 3150 2150 3209 C
2187 3170 2342 3223 licam
2391 3167 2695 3230 veritatem,
2739 3174 2794 3218 et
2831 3163 3178 3235 apostolicam
3208 3174 3366 3233 atque
3393 3160 3751 3232 prepheticatn

485 3256 780 3326 provinciae
813 3256 1099 3308 Remorum
1127 3253 1416 3317 Ecclesiae,
1448 3255 1739 3308 secundum
1771 3267 1953 3306 sacros
1981 3265 2073 3305 ca-

495 3365 665 3404 nones
687 3360 746 3404 et
770 3351 984 3405 decreta
1015 3349 1160 3405 sedis
1184 3348 1490 3418 apostolicae
1511 3363 1576 3402 ex
1599 3349 1765 3402 sacris
1787 3347 2081 3402 eanonibns

492 3440 830 3510 promulgata
859 3454 958 3509 pro
981 3439 1119 3494 scire
1148 3447 1202 3493 et
1222 3452 1381 3508 posse
1409 3447 1460 3493 te
1485 3437 1822 3492 obeditnrum
1859 3436 2078 3506 profite—

492 3534 631 3590 reris
655 3543 711 3587 et
739 3533 1124 3603 subscripsisti.
1155 3531 1269 3593 Dic,
1311 3529 1500 3595 frater,
1528 3530 1743 3598 quando
1770 3539 1825 3583 et
1855 3528 1966 3593 ubi,
2002 3530 2080 3583 vel

491 3622 547 3678 in
578 3627 773 3694 quibus
798 3639 828 3677 a
853 3633 908 3677 te
937 3622 1192 3692 requisivi
1218 3621 1299 3674 vel
1326 3629 1650 3689 extorquere
1677 3618 1839 3683 volui,
1867 3627 1924 3670 ut
1951 3614 2082 3672 mihi

493 3725 686 3769 contra
733 3716 848 3769 haec
890 3715 943 3768 in
976 3713 1156 3783 aliquo
1185 3711 1478 3768 obedires?
1522 3712 1614 3779 qui
1658 3725 1929 3780 nunquam
1963 3718 2084 3773 tua,

491 3804 757 3873 sedjnxta
787 3803 1121 3874 Apostolum,
1155 3813 1206 3857 te
1235 3802 1456 3872 qntcsivi
1490 3801 1576 3873 (II
1607 3800 1728 3855 Cor.
1762 3802 1883 3871 xu),
1911 3811 1966 3855 et
1993 3801 2085 3870 qui

494 3913 644 3952 meas
673 3897 703 3950 i.
722 3897 918 3967 jnrias,
949 3896 1155 3950 scilicet
1178 3911 1310 3949 meae
1340 3909 1608 3964 personze,
1631 3892 1809 3958 facile,
1836 3892 1944 3949 Deo
1966 3909 2088 3964 gra-

496 3990 622 4053 tias,
669 4003 888 4058 possum
917 3987 1220 4052 dimittere,
1250 3987 1391 4041 sicut
1415 3995 1469 4038 et
1499 3986 1738 4056 quotidie
1767 4000 1865 4055 pro
1892 3995 1942 4038 te
1966 3999 2086 4038 om-

501 4080 858 4150 nipotentiam
891 4077 1105 4131 Domini
1149 4077 1338 4130 devote
1382 4091 1616 4130 exorans
1657 4073 1829 4137 facio;
1864 4074 2087 4142 injurias

497 4169 854 4224 ordinationis
881 4167 1075 4220 divina:
1095 4207 1109 4229 ,
1149 4181 1270 4234 quae
1299 4182 1326 4218 a
1363 4177 1451 4220 tua
1479 4165 1761 4220 insolentia
1791 4164 2088 4232 exquirun-

501 4273 610 4326 tur,
642 4270 700 4315 ut
725 4259 1138 4329 metropolitano
1164 4258 1444 4328 privilegio
1469 4258 1727 4312 canonice
1759 4273 1864 4311 non
1891 4257 2090 4312 subda-

506 4355 605 4419 ris,
647 4354 698 4408 in
741 4367 864 4407 eum
897 4349 1275 4414 redundantes,
1321 4350 1410 4419 qui
1443 4349 1645 4419 Spiritu
1676 4358 1863 4402 sancto
1893 4362 1990 4401 suo
2010 4386 2024 4408 ,
2057 4360 2088 4400 a

505 4458 613 4512 quo
637 4440 958 4512 promulgati
982 4438 1233 4510 leguntur
1255 4448 1311 4493 et
1339 4439 1636 4494 creduntur
1657 4452 1908 4500 canones,
1935 4435 2086 4490 insti-

504 4534 639 4599 tuit,
683 4533 952 4604 patienter
993 4530 1135 4586 ferre
1175 4547 1280 4585 non
1311 4546 1565 4600 possum,
1597 4545 1695 4583 nec
1729 4529 1928 4593 debeo,
1957 4527 2084 4597 quin

506 4633 714 4681 tantum
752 4624 876 4680 inde
902 4639 1007 4678 non
1038 4631 1278 4691 satagatn
1318 4631 1579 4691 quantum
1608 4629 1817 4690 potero.
1849 4617 1980 4671 Nam
2011 4617 2087 4671 si-

507 4730 599 4776 cut
629 4720 932 4774 sollicitudo
971 4730 1023 4774 et
1052 4721 1317 4789 primatus
1340 4718 1505 4772 totius
1537 4715 1791 4770 Ecclesiae
1813 4713 2091 4769 catholica:

508 4822 710 4866 sancta:
732 4811 875 4864 sedis
903 4809 1158 4864 Romamn
1185 4808 1424 4878 pontiﬁci
1460 4807 1720 4862 divinitus
1756 4815 1840 4859 est
1866 4803 2087 4866 collata,

505 4904 580 4958 ita
608 4912 662 4958 et
690 4903 978 4971 unicuique
1018 4901 1436 4969 metropolitano
1462 4915 1528 4953 ac
1554 4897 1770 4968 primati
1799 4895 2092 4967 provincia:

501 4994 809 5051 sollicitudo
839 4993 940 5047 sibi
973 4992 1232 5060 delegata:
1263 4989 1576 5060 provinciae,
1602 5003 1699 5057 per
1721 5001 1905 5041 sacros
1929 4999 2094 5039 cano-

2122 4498 2168 4557 Β

2185 3261 2584 3324 auctoritatem,
2622 3267 2915 3326 contraque
2945 3267 3254 3310 sanctorum
3285 3269 3579 3317 canonum,
3603 3263 3654 3307 et
3676 3251 3750 3304 de-

2182 3361 2328 3406 creta
2364 3351 2528 3420 ipsius
2555 3350 2874 3404 veneranda:
2905 3346 3049 3400 sedis
3081 3345 3455 3408 exitiabiliter,
3486 3344 3545 3397 in
3583 3353 3755 3400 tuum.

2183 3452 2239 3498 et
2264 3442 2553 3496 multorum
2585 3439 2877 3511 periculum
2910 3439 3191 3509 colligasti,
3232 3437 3579 3492 dissolveres.
3617 3437 3752 3491 Insn-

2186 3548 2281 3603 per
2305 3542 2494 3587 contra
2525 3547 2708 3585 sacras
2749 3529 2962 3595 regulas
3005 3532 3263 3584 adversus
3296 3529 3750 3599 metmpolitmmm

2187 3626 2522 3697 privilegatnn
2571 3623 2750 3677 libello
2786 3622 3088 3693 perniciose
3115 3621 3518 3690 subscripsisti,
3554 3630 3606 3674 et
3637 3619 3748 3674 sub-

2189 3718 2354 3771 scribi
2383 3715 2573 3768 lccisli.
2609 3713 2758 3768 Unde
2787 3714 2838 3766 in
2864 3713 3067 3784 synodo
3097 3721 3393 3766 conventus
3415 3713 3483 3765 ab
3506 3708 3751 3781 cpiscOpis

2188 3811 2372 3863 decem
2403 3807 2802 3878 provinciarum
2846 3807 2980 3876 (syn.
3016 3805 3373 3873 Duziacensis)
3396 3803 3751 3870 libellnmpra

2187 3899 2441 3955 fessionis
2465 3899 2529 3952 de
2555 3897 2729 3951 futura
2763 3906 2849 3951 tua
2880 3897 3184 3951 obedientia
3221 3895 3586 3965 subscriptum
3609 3905 3747 3947 manu

2188 3996 2426 4067 propria,
2459 4009 2618 4063 quem
2650 3993 2854 4056 habeo,
2897 3991 3205 4062 porrexisti.
3243 3989 3443 4046 Contra
3485 4002 3642 4059 quem
3668 3985 3750 4037 ite

2191 4103 2308 4141 rum
2356 4083 2802 4154 resnhscripsisti.
2852 4083 2983 4136 Nam
3028 4097 3125 4152 ego
3174 4079 3473 4136 decretalcs
3521 4073 3748 4147 epistolas

2189 4177 2330 4232 sedis
2354 4176 2659 4247 apostolica:
2688 4175 2912 4229 diversis
2941 4173 3290 4243 temporibus,
3314 4187 3410 4240 pro
3436 4171 3748 4226 diversorum

2189 4265 2407 4319 Patrum
2452 4265 2848 4328 consolatione,
2896 4263 2979 4318 vel
3017 4262 3411 4317 consultatione
3437 4262 3506 4316 ab
3535 4257 3747 4328 ejusdem

2191 4356 2334 4411 sedis
2358 4355 2697 4426 pontificibus
2726 4356 2896 4415 datas,
2939 4363 2994 4407 et
3021 4353 3397 4408 venerabiliter
3423 4352 3684 4422 suscipio,
3707 4355 3750 4400 et

2199 4447 2581 4502 venerabiliter
2609 4445 2976 4514 suscipiendas
3017 4444 3139 4500 dico
3167 4454 3218 4499 et
3261 4444 3472 4506 scribo,
3503 4453 3559 4498 et
3591 4453 3749 4495 sacros

2195 4549 2502 4596 sanctorum
2545 4538 2892 4594 conciliorum
2931 4551 3166 4592 canones
3203 4553 3324 4591 cum
3375 4536 3607 4590 decretis
3643 4545 3749 4598 apo.

2194 4631 2396 4689 stolicre
2441 4630 2616 4694 sedis,
2647 4645 2713 4684 ex
2763 4628 2964 4682 eisdem
2997 4628 3170 4682 sacris
3199 4627 3496 4681 canouibus
3537 4617 3748 4696 promul-

2196 4721 2358 4791 gatis,
2382 4729 2435 4774 et
2460 4719 2814 4789 recipiendos,
2854 4727 2908 4770 et
2933 4717 3335 4781 custodiendos,
3366 4725 3417 4770 et
3446 4713 3745 4771 servandos.

2196 4811 2335 4865 sicut
2364 4825 2524 4879 supra
2549 4809 2784 4871 ostendi,
2813 4806 3087 4877 profiteor.
3133 4805 3202 4859 Et
3236 4807 3378 4874 quod
3416 4805 3574 4868 dicis,
3601 4811 3647 4855 te
3669 4813 3749 4852 au-

2196 4900 2312 4955 dire
2349 4899 2565 4970 obloqui
2602 4899 2669 4954 de
2695 4896 2899 4966 judicio
2927 4897 3108 4951 domui
3153 4911 3304 4965 papa:
3351 4893 3584 4957 Nicolai,
3615 4890 3655 4944 si
3693 4887 3746 4940 de

2195 5007 2281 5046 me
2311 4993 2475 5056 dicis,
2519 4991 2856 5046 mendacium
2887 4988 3040 5042 dicis.
3083 4986 3216 5042 Nam
3247 4987 3388 5054 quod
3435 4985 3623 5039 ilic-de
3660 4980 3750 5034 lio-
