3904 5396
677 419 1030 480 1115⁸1⁸03ιῶ
1067 417 1427 478 εεειεδιίε
1463 417 1709 474 ΒΕΜΕΝ]

1847 419 2024 476 LIBRI
2066 421 2425 490 QUATUOIL
2457 457 2526 468 —
2557 426 2684 484 UB.
2727 426 2815 484 III.

3288 424 3397 481 922

175 535 247 592 Ει
275 535 430 592 circa
457 532 620 608 huius
637 531 1173 605 operishcrnzrbe
1203 578 1208 584 .
1237 531 1621 601 iiismromnte
1645 531 1699 584 in
1741 538 1774 594 ι
1804 533 1946 602 quod
1993 536 2057 587 de
2101 550 2199 589 suo
2247 535 2460 594 diccbat
2508 538 2752 601 Paulus;
2796 540 3094 594 Alexander
3135 537 3399 608 avarius,

106 627 318 697 scripto
375 627 520 697 apud
565 625 894 680 Attiniacmn
945 625 1071 680 dato
1116 624 1246 678 mihi
1293 622 1708 694 impropetando

108 722 457 778 mendaciter
485 721 640 784 dicis,
663 720 756 774 tibi
789 721 1112 788 respondere
1135 736 1239 774 non
1265 735 1416 775 curo.
1443 719 1548 774 Sed
1572 721 1711 774 scias

109 811 238 881 quia
287 825 399 864 non
450 826 570 865 sum
615 809 814 864 oblitus
861 809 1003 880 quod
1041 809 1298 878 Scriptum
1344 817 1426 862 est
1474 808 1526 862 in
1575 807 1708 862 Isaia

111 903 372 972 propheta
408 901 544 971 (lea.
572 899 798 972 xxxvii),
821 901 1076 970 quoniam
1104 899 1159 955 S.
1194 899 1455 955 Ezechias
1476 908 1712 955 arctatus

117 992 388 1061 angustia,
409 991 750 1061 blasphemas
773 989 1032 1061 epistolas
1058 991 1158 1044 sibi
1185 991 1416 1044 directas
1439 991 1489 1042 in
1516 990 1711 1061 templo

113 1097 296 1138 ceram
329 1083 562 1137 Domino
586 1083 864 1152 expandit,
905 1091 959 1135 et
989 1083 1054 1135 ad
1083 1097 1202 1136 cum
1230 1081 1503 1145 clamavit,
1533 1091 1588 1135 et
1617 1098 1712 1135 cx-

115 1176 331 1230 auditus
354 1184 464 1230 est.
497 1175 804 1244 Expandam
834 1184 1014 1229 autem
1044 1190 1232 1228 manus
1260 1190 1407 1228 meas
1433 1175 1498 1228 ad
1533 1173 1712 1228 Domi-

114 1283 242 1321 num
287 1283 414 1320 cum
461 1265 811 1334 hlaSpbemiis
840 1274 895 1317 et
923 1264 1324 1335 superbissimis
1360 1263 1576 1335 scriptis
1606 1263 1712 1318 tuis

119 1357 248 1423 mihi
280 1371 310 1410 a
344 1368 399 1411 te
430 1355 675 1419 directis,
699 1369 864 1410 orans
893 1363 949 1408 ut
968 1395 983 1420 ,
1023 1355 1238 1424 quando
1265 1355 1388 1419 scit,
1416 1363 1470 1407 et
1499 1355 1714 1424 quando

117 1450 247 1512 vult,
278 1458 335 1503 et
363 1449 508 1504 sicut
537 1447 639 1502 scit
669 1456 723 1501 et
758 1447 898 1502 sicut
930 1446 1061 1510 vult,
1088 1455 1138 1499 te
1169 1454 1450 1500 convertat
1477 1445 1545 1500 ad
1576 1460 1714 1498 vera:

116 1543 263 1622 pacis
288 1552 341 1595 et
369 1540 674 1607 dilectionis
702 1549 862 1610 atque
902 1540 1091 1594 debin
1119 1539 1438 1594 obedientite
1468 1539 1712 1594 dilectio-

118 1647 234 1686 nem
257 1631 409 1704 Non,
435 1631 833 1701 directionem],
859 1640 913 1686 et
937 1647 1022 1686 me
1043 1631 1234 1686 liberet
1258 1647 1286 1684 a
1310 1630 1466 1686 labiis
1492 1632 1712 1701 iniquis,

119 1734 170 1779 et
215 1739 244 1777 a
293 1722 477 1794 lingua
515 1724 694 1780 dolosa
733 1722 907 1796 (Psal.
966 1724 1137 1795 cxrx).
1195 1725 1261 1780 Et
1301 1724 1534 1780 domina:
1583 1741 1714 1779 mea:

121 1818 291 1872 beata:
336 1828 391 1871 et
435 1818 683 1889 gloriosa:
719 1819 810 1872 Dei
845 1819 1122 1890 genitricis
1155 1818 1336 1873 Maria:
1379 1819 1620 1881 meritis,
1652 1835 1716 1872 ac

1816 624 1978 677 multa
2013 625 2150 679 inata
2197 627 2322 680 milii
2357 629 2616 697 ostendit,
2662 631 2837 685 reddet
2883 628 2960 684 illi
3003 629 3255 685 Dominus
3299 627 3400 704 (II

1819 714 1952 770 Tim.
1988 719 2096 787 tv).
2138 736 2155 770 ι

2369 830 2597 886 CAPUT
2644 831 2831 888 XXIII.

1817 919 1948 987 Qua:
1977 920 2215 996 Altfrido
2253 921 2663 996 Ttarrtsrlreuemi
2684 927 2939 994 episcopo.
2983 935 3030 978 et
3056 925 3256 980 cwteris
3279 925 3402 996 qui-

2200 994 2418 1046 busdam
2450 995 2700 1064 episcopis
2729 996 3012 1063 scripserit.

1885 1082 2116 1138 Altbido
2156 1083 2585 1141 'l‘ransrbeuensi
2617 1085 2871 1156 epismpo
2898 1085 3119 1154 scripsit
3156 1083 3401 1154 qumdam

1816 1187 1913 1242 pro
1945 1173 2105 1226 rebus
2136 1172 2195 1226 S.
2227 1171 2458 1246 Remigii
2496 1173 2614 1228 sitis
2641 1174 2694 1228 in
2724 1174 3035 1246 Thoringia,
3065 1189 3201 1244 quas
3223 1175 3400 1230 eidem

1817 1263 2191 1328 commiserat,
2242 1272 2299 1318 ιιι
2335 1265 2576 1319 redditus
2606 1267 2842 1336 ipsarum
2891 1266 2990 1336 ipsi
3040 1275 3282 1336 tempore
3309 1280 3406 1336 op-

1818 1363 2048 1424 portuno
2093 1355 2379 1425 dirigeret,
2426 1355 2774 1423 interdicens,
2811 1354 2964 1424 juxta
2993 1357 3403 1426 dispositionem

1817 1445 1879 1498 Β.
1916 1445 2162 1516 Remigii,
2197 1457 2255 1500 ut
2283 1463 2442 1500 neruo
2471 1447 2690 1502 colonos
2721 1449 2958 1518 ipsarum
2994 1449 3045 1503 in
3075 1464 3173 1504 suo
3201 1465 3402 1520 prtcsu-

1820 1549 1991 1592 meret
2033 1539 2336 1609 Opprimcre
2376 1541 2630 1605 servitio;
2685 1541 2836 1604 item,
2881 1541 3025 1610 quod
3067 1541 3284 1596 easdem
3316 1555 3404 1596 res

1820 1631 2030 1684 cuidam
2061 1647 2158 1684 suo
2185 1631 2236 1684 in
2265 1631 2586 1688 beneficium
2620 1632 2823 1688 dederit
2854 1632 3088 1693 hoarini,
3123 1647 3318 1701 rogans
3346 1639 3406 1686 ut

1819 1721 1991 1775 eidem
2022 1720 2226 1775 homini
2275 1721 2526 1775 solatium
2558 1721 2608 1775 in
2647 1721 3055 1791 quibuscunque
3089 1720 3399 1792 indiguerit,

1820 1811 1963 1867 ferre
1992 1812 2233 1878 studeat;
2267 1807 2554 1876 Atlv'ctttio,
2589 1811 2784 1866 Mcttcn
2822 1812 2927 1865 inm
2969 1811 3206 1881 praesuli,
3238 1825 3404 1882 super

119 1913 373 1982 νιυειτίιηις
416 1912 588 1967 sancti
636 1911 887 1983 Remigii,
935 1912 1090 1980 cujus
1136 1912 1416 1983 privilegio
1457 1913 1706 1981 del-0335,
1748 1907 1787 1963 Β
1815 1904 2046 1974 quadam
2094 1903 2220 1958 fidei
2249 1904 2565 1974 qtttestione.
2596 1904 2660 1957 de
2689 1921 2793 1974 qua
2826 1903 2999 1958 fuerat
3038 1905 3404 1974 interrogatus

127 2003 380 2058 exaudiet
412 2018 496 2057 tne
522 2003 738 2072 adjutor
766 2003 820 2058 in
850 2004 1344 2073 opportunitatibus
1385 2005 1436 2058 in
1481 2003 1710 2062 tribula-

123 2095 260 2148 tione
291 2091 464 2155 (Paul.
493 2095 594 2164 ιιι).
627 2094 692 2148 Ει
721 2093 845 2164 quia
871 2095 1060 2149 beatus
1102 2093 1462 2166 Hieronymus
1491 2094 1556 2147 de
1588 2093 1670 2148 Itis
1695 2135 1710 2159 ,

122 2202 344 2255 quorum
374 2186 659 2240 adversum
698 2202 784 2240 me
821 2187 988 2256 gratis
1014 2186 1299 2256 suscepisti
1331 2184 1562 2240 ollicinm
1582 2225 1600 2250 ,
1633 2185 1713 2240 di-

123 2278 223 2332 til:
259 2278 496 2332 Audiant
526 2292 690 2332 canes
714 2278 816 2332 mei
848 2278 1098 2348 (IIIERON.
1132 2277 1345 2346 prrefal.
1377 2277 1431 2332 in
1471 2277 1619 2340 Job),
1654 2285 1710 2331 tu

124 2370 203 2439 qui
237 2369 307 2425 de
335 2369 448 2423 filio
479 2369 533 2423 in
565 2367 812 2434 fratrem,
846 2370 1076 2439 indeque
1106 2370 1323 2424 creviin
1355 2369 1407 2424 in
1435 2370 1711 2440 coepisco-

121 2476 261 2530 pum,
287 2468 345 2516 et
383 2469 503 2530 post
529 2462 664 2514 adeo
687 2459 986 2530 profecisti,
1021 2470 1078 2515 ut
1113 2460 1164 2514 in
1193 2475 1383 2515 canem
1413 2475 1590 2516 meum
1619 2476 1713 2514 cx-

123 2551 374 2615 crcveris,
405 2551 590 2621 accipe
618 2551 756 2606 hanc
778 2550 1019 2620 perversi
1045 2550 1399 2606 contumacia:
1427 2559 1532 2603 tuae
1574 2551 1709 2620 pita-

127 2642 239 2695 t-ioli
272 2642 529 2714 exigente
574 2657 760 2706 causa,
796 2642 1059 2714 prolixam
1107 2643 1535 2713 responsionem.
1575 2642 1709 2697 Cum

127 2741 294 2786 autem
325 2733 459 2787 mihi
493 2734 787 2800 vacaverit,
817 2734 1145 2794 succinctius
1174 2733 1240 2789 de
1270 2733 1390 2792 aliis
1420 2734 1708 2804 pervcrsis,

125 2833 174 2875 et
201 2823 570 2894 incompositis
600 2825 820 2894 scriptis
844 2826 968 2888 tuis,
996 2826 1048 2880 in
1072 2826 1266 2896 quibus
1288 2827 1530 2899 quaedam
1561 2843 1713 2880 men-

127 2914 339 2978 daciter,
355 2916 603 2986 quredam
629 2917 1130 2987 reprehensibiliter
1148 2933 1232 2973 me
1248 2917 1708 2986 reprehendemlo,

126 3008 359 3074 quaedam
395 3008 518 3064 ficte
554 3009 851 3074 humiliter,
885 3020 937 3063 et
969 3025 1095 3064 vere
1133 3011 1362 3079 superbe
1408 3010 1707 3079 scripsisti,

127 3100 433 3164 rescribam,
463 3111 519 3155 et
545 3100 598 3155 in
631 3101 722 3156 illo
747 3102 972 3172 scripto,
995 3103 1120 3172 quia
1152 3102 1269 3172 lego
1297 3103 1497 3156 dixisse
1528 3103 1709 3156 Domi-

99 3203 284 3243 num:
319 3189 440 3244 Jam
491 3205 600 3244 non
650 3191 854 3245 irascar
897 3192 992 3246 tibi
1037 3191 1267 3262 amplius
1312 3191 1526 3263 (Ezeclr.
1561 3197 1703 3262 xvi),

127 3292 376 3350 quantum
411 3283 540 3338 mihi
573 3282 748 3337 adbtte
784 3291 939 3352 paret
966 3283 1032 3338 de
1063 3281 1366 3350 lmjusmodi
1404 3283 1708 3338 altercatio-

128 3371 272 3425 nibus
305 3372 396 3426 tibi
426 3373 696 3427 scribendi
748 3373 907 3427 finem
952 3374 1243 3442 imponam.
1293 3374 1368 3427 De
1416 3373 1518 3428 hoc
1566 3374 1707 3442 quod

128 3461 283 3526 dicis,
313 3463 436 3531 quia
481 3463 670 3517 dicunt
713 3464 780 3518 de
810 3480 896 3518 me
925 3465 1210 3519 homines:
1262 3464 1448 3531 Qualis
1492 3476 1574 3520 est
1624 3465 1709 3520 ille

131 3553 435 3618 avunculus,
464 3555 556 3625 qui
590 3555 716 3608 talia
744 3571 842 3610 suo
877 3557 1058 3626 nepoti
1090 3557 1322 3611 scribit?
1353 3556 1533 3612 dicant
1561 3566 1612 3610 et
1644 3557 1709 3610 de

130 3653 186 3696 te
219 3644 309 3714 ipsi
348 3645 596 3700 homines
624 3665 637 3699 :
677 3645 860 3712 Qualis
891 3655 975 3701 est
1014 3646 1100 3701 ille
1128 3662 1294 3718 nepos
1324 3647 1394 3701 ab
1443 3647 1708 3702 avunculo

132 3751 226 3788 suo
251 3737 364 3791 talis
394 3745 450 3790 ut
483 3745 614 3792 tunc
644 3746 762 3791 erat
793 3745 1124 3806 assumptus,
1154 3746 1210 3791 et
1236 3737 1378 3802 talis,
1407 3737 1542 3791 sicut
1568 3753 1708 3792 nunc

131 3834 210 3888 est
238 3827 284 3880 in
312 3828 537 3897 spiritali
563 3843 627 3882 ac
663 3828 939 3898 temporali
971 3827 1174 3882 honore
1199 3827 1444 3891 effectus,
1465 3828 1553 3896 qui
1581 3827 1650 3880 tal
1677 3843 1707 3882 a

133 3915 226 3974 sibi
257 3919 417 3986 exigit
439 3919 510 3972 ab
541 3919 712 3972 invito
738 3918 1025 3982 avunculo,
1060 3933 1125 3973 ne
1159 3918 1279 3973 talis
1301 3919 1368 3972 ab
1399 3919 1538 3982 aliis,
1567 3918 1708 3972 sicut

133 4022 161 4060 a
191 4021 369 4077 nepote
403 4024 504 4063 suo
535 4009 875 4080 depingitur,
914 4009 1248 4072 aestimatus,
1293 4024 1390 4079 per
1427 4023 1546 4063 eum
1590 4008 1705 4062 bla-

134 4097 425 4164 spbcmetur
474 4114 672 4160 nomen
714 4099 928 4153 Domini
977 4098 1160 4169 (Rom.
1193 4105 1264 4168 ιι)
1291 4108 1345 4152 et
1375 4098 1710 4167 vituperetur

136 4189 473 4245 ministerium
523 4190 640 4266 ejus
679 4189 776 4262 (ΙΙ
810 4189 934 4244 Cor.
967 4189 1083 4261 vr),
1135 4199 1353 4244 secutus
1395 4189 1706 4258 Apostolum

135 4284 438 4341 scribentem
473 4284 543 4337 ad
579 4283 912 4350 Corinthios,
943 4291 1130 4337 contra
1163 4297 1221 4337 se
1249 4281 1706 4351 hlaspltcmantcs,

136 4381 181 4423 ct
205 4369 449 4440 vilipendi
481 4371 548 4424 ab
575 4369 696 4423 aliis
733 4369 1084 4424 laborantes?
1120 4368 1239 4437 Egit
1283 4367 1481 4438 quippe
1521 4369 1710 4422 doctor

138 4460 360 4528 egregius
391 4469 473 4524 ut,
505 4459 630 4512 dum
657 4458 771 4527 ipse
798 4458 973 4528 qualis
999 4468 1144 4512 esset
1167 4459 1498 4528 agnoscitur,
1522 4469 1575 4511 et
1601 4459 1707 4513 vita

143 4559 186 4602 et
210 4549 377 4623 lingua
402 4549 546 4605 male
571 4549 978 4619 prmdicantiutn
1011 4550 1128 4620 ejus
1164 4550 1545 4619 praedicatione
1576 4551 1706 4606 vile-

141 4653 310 4709 sceret,
339 4644 458 4699 illos
495 4642 745 4698 videlicet
790 4643 1213 4704 commendaret,
1246 4643 1289 4697 si
1322 4658 1380 4696 sc
1410 4644 1706 4699 absconde-

141 4741 238 4797 ret;
265 4748 494 4804 cumque
522 4748 580 4788 se
609 4749 715 4786 non
743 4733 1074 4797 ostenderet,
1104 4733 1276 4788 errori
1320 4731 1496 4790 locum
1529 4733 1707 4788 dedis-

143 4832 225 4876 set.
265 4824 451 4880 Dicunt
493 4825 659 4879 etiam
688 4834 744 4879 et
787 4825 884 4899 ipsi
915 4825 1161 4880 homines
1192 4825 1259 4879 de
1287 4833 1338 4878 te
1365 4841 1376 4877 :
1407 4824 1592 4892 Qualis
1627 4834 1708 4879 est

146 4916 215 4972 ille
241 4935 417 4990 nepos,
447 4921 540 4991 qni
571 4920 700 4974 talia
737 4931 926 4974 contra
968 4937 1122 4974 suum
1151 4919 1498 4986 avunculum,
1530 4928 1585 4974 et
1610 4935 1736 4974 nn-.

146 5013 358 5075 tritorem
388 5024 550 5088 atque
575 5013 944 5075 ordinatorem
977 5015 1340 5076 machinatur,
1366 5024 1420 5069 et
1447 5023 1707 5087 quantum

147 5107 292 5165 potest
316 5103 433 5156 mali
466 5105 595 5174 agit,
625 5111 680 5155 ct
709 5101 990 5170 plusquam
1013 5113 1188 5174 potest
1218 5117 1378 5174 agere
1407 5106 1575 5175 cupit,
1602 5105 1704 5160 sic-

149 5196 197 5241 ιιι
225 5198 272 5244 ιιι
307 5193 356 5248 in
402 5196 490 5252 die
513 5195 697 5266 magni
723 5193 909 5264 judicii
957 5197 1243 5251 manifeste
1279 5193 1516 5262 videbis,
1565 5197 1608 5250 si
1655 5205 1705 5248 te

153 5290 282 5337 antea
328 5288 447 5343 inde
494 5305 601 5345 non
656 5290 1054 5357 recognovcris,
1093 5301 1143 5345 et
1173 5288 1348 5360 dignis
1371 5289 1705 5359 paenitentiae

154 5371 298 5396 l‘...-.°|

1737 4611 1783 4669 D

1817 1995 1884 2047 ab
1919 1994 2066 2065 ipso;
2103 1993 2252 2058 item,
2282 1994 2347 2048 de
2372 1993 2566 2048 itinere
2609 1993 2749 2063 quod
2793 1993 2932 2047 idem
2959 1993 3255 2046 Advcntius
3295 1991 3404 2044 Ro-

1816 2100 1958 2138 tnarn
1991 2084 2256 2154 petiturus
2303 2085 2530 2140 debebat
2576 2084 2842 2155 incipere;
2876 2085 3027 2150 ite.u,
3071 2085 3134 2138 de
3163 2083 3398 2137 adventu

1815 2193 1912 2231 suo
1939 2178 2004 2231 ad
2041 2177 2409 2232 denuntiatatu
2453 2193 2484 2231 a
2513 2193 2636 2248 rege
2667 2177 2953 2249 synodum,
2983 2191 3078 2246 pro
3105 2183 3402 2230 memorata

1814 2270 2110 2341 quaestione
2159 2270 2477 2334 tractanda;
2533 2269 2693 2336 item,
2749 2285 2848 2338 pro
2903 2269 3011 2321 filio
3047 2268 3222 2336 neptis
3266 2280 3399 2332 sum,

1816 2378 1973 2431 quem
2004 2362 2176 2416 cidem
2211 2362 2616 2427 conunittcbat;
2659 2361 2810 2424 item,
2842 2375 2939 2430 pro
2978 2359 3060 2412 liis
3090 2374 3208 2428 qum
3258 2357 3399 2410 idem

1815 2453 2112 2508 Advcnlius
2161 2453 2208 2507 ei
2242 2452 2591 2506 mandaverat
2634 2452 2699 2506 de
2730 2450 3019 2504 lliucmaro
3057 2447 3401 2502 Landunensi

1814 2545 2090 2614 episcopo,
2143 2545 2378 2598 breviter
2411 2543 2667 2596 intimans
2717 2555 2836 2610 qua:
2882 2539 3019 2592 bona
3072 2553 3199 2608 erga
3227 2537 3399 2607 ipsum

1814 2636 2061 2705 gesserit,
2092 2644 2147 2690 ct
2167 2652 2284 2705 qua:
2315 2651 2475 2705 prava
2505 2634 2588 2688 ille
2617 2643 2803 2688 contra
2829 2634 3080 2704 gerebat;
3112 2632 3236 2686 item
3259 2673 3274 2697 ,
3301 2647 3399 2702 pe-

1817 2725 1948 2780 tenti
1979 2725 2260 2780 consilium
2312 2726 2438 2795 quid
2495 2740 2655 2795 agerc
2696 2723 2957 2790 deberet,
2999 2723 3196 2779 Karolo
3228 2724 3282 2778 in
3317 2711 3420 2778 re?

1814 2832 1976 2888 guunt
2006 2816 2263 2871 Ludovici
2309 2816 2493 2871 fratris
2541 2817 2624 2870 sui
2665 2815 2899 2870 senioris
2932 2816 3100 2886 ipsius
3129 2815 3400 2880 veniente,

1814 2908 2123 2979 significans
2165 2910 2292 2978 quid
2324 2909 2496 2980 egerit
2545 2909 2678 2979 ipse,
2727 2909 2941 2977 quando
2972 2907 3276 2962 Ludovicus
3316 2923 3402 2961 rc-

1814 3018 1976 3072 gnum
2009 3001 2189 3056 Karoli
2231 3011 2561 3072 pervaserat,
2607 3012 2661 3055 et
2688 3001 2816 3070 quid
2851 3000 3028 3056 cidem
3081 3008 3206 3053 tunc
3231 3015 3400 3070 agen-

1813 3095 1939 3150 dum
1994 3095 2178 3160 foret;
2239 3097 2405 3158 item,
2476 3111 2573 3165 pro
2643 3094 2998 3149 acceleranda
3060 3093 3400 3147 ordinatione

1815 3190 2037 3244 Berardi
2089 3189 2343 3244 Ecclesia:
2373 3188 2728 3245 Vit-dunensis
2763 3189 2953 3254 electi,
2988 3197 3044 3244 et
3073 3188 3244 3243 vocati
3279 3187 3398 3257 cpi-

1737 3270 1778 3328 C
1812 3281 1992 3352 scopi;
2047 3283 2207 3348 item,
2255 3298 2352 3353 pro
2397 3283 2954 3337 cxcornmtmicatioue
3006 3280 3354 3335 Karlomanui
3381 3321 3396 3345 ,

1808 3389 1969 3444 quatn
1999 3373 2250 3429 mittcbat
2277 3374 2326 3428 ei
2348 3415 2364 3439 ,
2392 3373 2704 3444 significans
2742 3373 2971 3444 qualiter
3013 3373 3258 3427 eamdem
3289 3379 3400 3424 tra-

1809 3473 1958 3517 ctare
2003 3462 2260 3528 deberet;
2320 3464 2482 3528 itcm,
2527 3478 2626 3534 pro
2681 3463 2862 3518 missis
2917 3463 3082 3532 ipsius
3110 3461 3395 3526 Adveutii,

1807 3569 1943 3624 quos
1988 3552 2215 3609 Romam
2267 3554 2540 3610 direxerat
2575 3569 2670 3624 pro
2703 3569 2863 3610 causa
2901 3553 3175 3624 Bertnlphi
3211 3552 3395 3608 Trevi-

1808 3647 1981 3702 rensis
2011 3648 2426 3718 archiepiscopi,
2455 3650 2658 3704 mirans
2688 3665 2785 3702 cur
2811 3649 2914 3702 sibi
2957 3665 3062 3703 non
3094 3648 3398 3717 significas-

1808 3748 1913 3803 set,
1940 3739 2033 3808 qui
2064 3739 2114 3793 ci
2160 3740 2651 3805 renuntiavissent;
2684 3740 2830 3803 item,
2860 3756 2958 3808 pro
2998 3740 3194 3794 litteris
3219 3739 3400 3794 Ludo-

1810 3828 1911 3881 vici
1945 3828 2107 3899 regis,
2135 3845 2272 3898 quas
2302 3829 2442 3884 idem
2484 3831 2780 3884 Adventius
2823 3831 2872 3883 ei
2915 3830 3210 3895 direxerat,
3239 3839 3294 3884 et
3337 3839 3396 3884 ιιι

1809 3917 2053 3982 litteras,
2100 3934 2236 3988 quas
2285 3919 2397 3989 ipse
2448 3920 2677 3973 domnus
2738 3919 3063 3973 Ilincmarus
3123 3917 3396 3973 Ludovico

1809 4010 2078 4075 mittebat,
2125 4011 2237 4079 ipse
2268 4009 2520 4080 praefatus
2549 4010 2739 4080 prmsul
2781 4011 2829 4065 ei
2872 4020 2965 4064 aut
2995 4011 3270 4076 mitteret,
3302 4019 3398 4065 aut

1809 4101 2066 4166 donaret;
2097 4099 2247 4166 item,
2280 4116 2378 4170 pro
2418 4099 2614 4155 litteris
2652 4100 2820 4170 ipsius
2863 4100 3144 4162 Adventii,
3174 4115 3308 4170 quas
3343 4100 3395 4155 ei

1810 4194 2076 4257 miserat,
2127 4192 2385 4246 intimans
2433 4190 2500 4246 de
2543 4191 2775 4246 adventu
2825 4191 3120 4262 legatorum
3174 4206 3394 4244 suorum

1809 4283 2028 4354 pallium
2061 4297 2090 4336 a
2135 4283 2264 4337 sede
2311 4282 2604 4352 apostolica
2653 4280 2946 4350 Bertulpho
2989 4279 3395 4350 archiepiscopo

1811 4376 2496 4442 deferentiutu,exhortans
2517 4375 2702 4438 etiam,
2729 4383 2788 4427 ut
2809 4373 2872 4427 de
2899 4387 3082 4443 regum
3107 4371 3392 4426 concordia

1810 4465 2110 4531 laboraret;
2139 4467 2302 4530 unde,
2334 4464 2459 4534 quia
2482 4479 2695 4534 semper
2720 4461 3046 4517 lahoraverit
3071 4469 3124 4515 et
3146 4459 3394 4514 laborare

1809 4557 2072 4619 decertet,
2122 4554 2434 4617 innotescit,
2482 4562 2536 4607 et
2580 4553 2645 4606 de
2691 4551 2854 4615 mulo,
2901 4563 3060 4618 quem
3101 4547 3201 4601 sibi
3255 4547 3392 4600 mitti

1811 4648 2060 4716 petierat,
2092 4646 2215 4714 quia
2247 4644 2346 4698 hoc
2393 4643 2593 4697 animal
2640 4642 2754 4712 ipse
2799 4642 3029 4696 domnus
3070 4638 3394 4693 IIincmarus

1808 4756 1914 4794 non
1947 4738 2192 4803 haberet,
2225 4753 2322 4792 nec
2368 4735 2555 4789 sedere
2602 4733 2832 4797 soleret,
2875 4740 2930 4787 et
2959 4732 3062 4785 alia
3106 4729 3390 4800 quaedam;

1810 4828 1980 4892 item,
2043 4843 2140 4898 pro
2196 4821 2770 4880 cxconnnuuicationis
2829 4819 3196 4885 discretione,
3263 4818 3389 4888 quia

1811 4917 2311 4973 excommunicatos
2341 4914 2740 4984 significaverat
2769 4926 2798 4964 a
2845 4926 2904 4966 se
2931 4909 3190 4981 quosdam
3223 4907 3392 4961 male-

1811 5008 2047 5064 faclores
2078 5008 2355 5062 Metti-usis
2388 5008 2668 5072 Ecclesiae,
2716 5003 2962 5060 homines
3006 5002 3210 5059 scilicet
3243 4999 3395 5055 Wal—

1815 5099 1932 5153 terii
1961 5099 2194 5164 comitis,
2221 5108 2276 5153 et
2302 5098 2622 5166 Lamhertii,
2648 5097 2944 5166 deposcens
2974 5105 3032 5150 ut
3049 5091 3394 5165 apostolicam

1812 5188 2052 5259 regulam
2079 5197 2133 5242 et
2156 5189 2520 5260 episcopalem
2552 5197 2733 5247 servet
2760 5187 2812 5240 in
2846 5183 3147 5258 bujusmodi
3182 5180 3394 5249 negatio

1810 5279 2166 5350 patientiam;
2218 5279 2368 5342 item,
2416 5296 2528 5352 quo
2574 5277 2805 5336 debeant
2850 5278 3036 5331 ordine
3087 5267 3393 5324 consecrari

1817 5376 2432 5396 ..__._-_-I9n_.____‘l_-__
2481 5381 2513 5396 1⁸
2614 5385 2800 5396 ΑΑη-ιιιη
2828 5376 3056 5396 ΑηξηΑΛηί

2239 5392 2254 5396 -
2281 5383 2432 5396 -.----
2481 5381 2513 5396 ι-
2614 5385 2800 5396 --......-
2828 5367 3056 5396 ..-επηΛηῖ
3109 5363 3395 5396 Ιΐιορσιηιιισιη
