3904 5396
482 361 592 421 225

1585 371 1978 430 FLODOARDI
2012 374 2330 433 CANONlCl
2367 377 2713 436 BEMENSIS

3654 378 3761 434 324

489 476 638 532 tione
681 474 846 532 divini
891 476 1210 559 ministerii,
1255 490 1478 552 propter
1522 484 1793 551 quoddam
1847 486 2074 541 bomiei—
2100 491 2150 550 Δ
2177 504 2272 545 cus
2301 491 2439 545 mitti
2477 493 2719 561 petebat,
2743 506 2808 547 ac
2844 492 2913 548 de
2948 490 3207 548 Eeclesiis
3236 490 3559 548 monasterii
3585 489 3764 548 Orbao

488 567 661 631 dium,
701 582 808 623 non
838 568 907 623 ab
938 569 1069 638 ipsis
1096 581 1403 640 patratum,
1434 584 1736 628 removerat
1756 615 1772 637 ,
1813 575 2073 635 intimans

488 658 759 735 Quomodo
806 674 908 714 nec
950 659 1292 726 cbaritatem,
1324 677 1424 716 nec
1450 662 1792 718 discretionis
1822 665 2073 720 modera-

488 750 691 805 tionem
728 749 784 805 in
814 751 917 805 boc
957 751 1099 806 facto
1122 753 1479 819 custodierit;
1526 756 1685 820 item,
1718 772 1815 827 pro
1860 758 2076 813 absolu-

491 841 639 896 tione
685 842 964 911 cujusdam
1016 846 1086 898 ab
1140 844 1256 913 ipso
1293 847 1786 914 excommunicati,
1835 864 1932 919 pro
1968 864 2076 919 quo

484 930 788 987 Gnntarius
815 932 1156 989 Coloniettsis
1199 937 1482 1006 episcopus
1523 938 1697 992 cidem
1748 938 1957 994 litteras
1985 941 2075 995 de-

491 1023 825 1091 precatorias
863 1024 1108 1089 miserat,
1157 1040 1293 1094 quas
1340 1025 1427 1080 ille
1471 1028 1749 1096 suscipere
1801 1027 2076 1092 noluerat,

490 1113 785 1167 ostendens
813 1114 1024 1182 qualem
1057 1129 1118 1169 se
1166 1130 1294 1186 erga
1343 1116 1751 1187 delinquentes,
1781 1130 1836 1173 et
1865 1119 2077 1188 qualem

493 1217 621 1273 erga
650 1213 1099 1273 recognoscentes
1127 1206 1413 1277 episcopus
1438 1209 1697 1265 exhibere
1719 1210 1933 1265 debeat.
1968 1210 2080 1266 llil-

497 1282 721 1347 nterado
771 1294 1159 1359 Ambianensi,
1208 1310 1308 1366 pro
1364 1299 1598 1368 quodam
1646 1302 1935 1366 monacho,
1987 1301 2078 1372 qui

494 1385 872 1456 presbyterum
922 1393 977 1440 et
1030 1389 1355 1444 monachum
1415 1390 1468 1443 in
1520 1393 1849 1447 monasterio
1907 1394 2080 1449 sancti

498 1471 742 1529 Rieharii
796 1477 1025 1543 occidit,
1075 1493 1173 1548 pro
1219 1496 1327 1549 quo
1374 1480 1606 1536 domnus
1650 1498 1786 1554 papa
1833 1482 2084 1539 Nicolaus

495 1564 707 1620 litteras
744 1566 920 1621 eidem
972 1569 1170 1622 domno
1216 1569 1507 1626 llincmaro
1559 1572 1862 1637 direxerat,
1913 1574 2087 1644 poeni-

500 1657 680 1711 tentirc
743 1666 986 1714 tenorem
1059 1662 1433 1729 continentes;
1503 1663 1670 1729 item,
1728 1680 1828 1734 pro
1889 1664 2085 1719 litteris

490 1748 717 1801 'Adriani
752 1765 904 1819 papa:
932 1749 1064 1821 (Η),
1094 1768 1231 1821 quas
1263 1754 1311 1807 ei
1357 1769 1457 1822 pro
1500 1756 1732 1824 quodam
1773 1756 2087 1829 presbytero

2176 582 2373 647 censis,
2431 584 2730 638 admonens
2783 599 2931 649 cum,
2982 600 3050 638 ne
3076 592 3267 639 contra
3312 592 3548 638 matrem
3578 598 3765 649 suam,

2176 670 2470 726 Ecclesiam
2517 673 2727 727 scilicet
2771 673 3114 740 Remensem,
3160 680 3216 726 et
3261 681 3555 742 patronum
3604 687 3764 727 suum

2176 771 2422 817 sanctum
2474 761 2780 832 Remigium
2817 762 3019 833 aliquid
3056 778 3307 834 perverse
3347 776 3514 834 agere
3557 778 3767 832 prrsu-

2176 861 2367 909 meret.
2401 851 2573 907 Odoni
2602 852 2934 916 Belvaeensi.
2968 870 3127 923 quem
3182 852 3347 907 lilium
3376 851 3767 907 charissimam

2177 958 2322 1011 saepe
2373 950 2554 1006 vocat,
2586 942 2752 995 multa
2786 941 3016 996 fidenter
3058 940 3207 1013 [uts.,
3235 939 3493 1012 ﬁdeliter]
3524 941 3766 1006 scripsit.

2176 1030 2283 1086 l‘ro
2306 1030 2529 1101 epistola
2566 1029 2833 1100 siquidem
2854 1030 3073 1084 Adriani
3124 1046 3298 1100 papte,
3326 1044 3492 1099 quam
3533 1028 3646 1083 sibi
3669 1026 3768 1089 mi:

2178 1130 2324 1176 serat
2376 1136 2541 1190 Super
2601 1119 2960 1190 appellatione
3010 1119 3290 1189 cujusdam
3344 1118 3661 1189 presbyteri
3706 1130 3770 1171 ex

2179 1209 2529 1263 Ambiancnsi
2557 1208 2836 1280 paroeltia,
2868 1218 2923 1261 ut
2948 1218 3186 1262 assumat
3213 1208 3353 1260 idem
3380 1206 3498 1262 ΟιΙο
3536 1220 3644 1275 pro
3671 1207 3768 1259 bac

2182 1300 2447 1363 laborem,
2474 1312 2741 1368 quatenus
2778 1297 3116 1352 llilmeradus
3167 1299 3453 1367 cpiscopus
3482 1295 3773 1367 [rapacius-

2183 1390 2258 1446 sis
2286 1390 2523 1453 obcdiat,
2550 1397 2602 1441 ct
2624 1388 2858 1458 qualiter
2876 1389 3099 1459 scripta,
3122 1388 3404 1459 presbyter
3423 1387 3568 1441 idem
3604 1387 3773 1440 Roma

2184 1481 2473 1544 detulerat,
2502 1480 2796 1550 prudenter
2819 1482 3051 1534 tractare
3077 1479 3267 1535 debeat
3293 1496 3308 1544 ;
3350 1480 3503 1540 item,
3534 1493 3641 1547 pro
3663 1476 3777 1547 qui-

2185 1572 2411 1627 busdam
2440 1573 2585 1641 regis
2608 1569 2917 1625 hominibus
2948 1569 3089 1624 inter
3115 1585 3174 1625 se
3224 1569 3694 1632 discordantibus,
3722 1576 3777 1621 ut

2187 1673 2527 1719 commoneat
2572 1676 2665 1716 eos
2694 1661 2760 1714 ad
2796 1676 2984 1730 pacem
3021 1660 3225 1724 venire,
3269 1659 3581 1728 indicetque
3629 1657 3775 1728 ipsis,

2188 1753 2462 1821 quodnisi
2510 1752 2613 1807 boc
2639 1752 2871 1822 egerint,
2916 1752 2983 1805 ab
3013 1750 3203 1806 eodem
3250 1748 3450 1803 domno
3482 1748 3778 1802 Hincman

499 1840 757 1901 miserat,
793 1851 1081 1911 monetque
1119 1852 1177 1896 ut
1222 1844 1534 1913 apostolicis
1573 1844 1789 1900 obediat
1825 1845 2077 1914 iussioni.
2115 1848 2163 1907 B
2190 1844 2695 1902 exeommunicandi
2741 1845 2895 1910 sint;
2959 1845 3110 1908 item,
3165 1858 3265 1913 pro
3324 1842 3557 1913 synodo,
3618 1854 3777 1909 quam

497 1931 638 1991 bus;
688 1933 839 1998 item,
886 1951 984 2004 pro
1031 1937 1261 2005 quodam
1310 1939 1662 2009 presbytero,
1708 1939 1799 2009 qui
1850 1938 1916 1991 ad
1963 1955 2087 1993 eum

500 2020 853 2089 clamaverat,
890 2026 1037 2093 quia,
1083 2042 1181 2095 pro
1215 2042 1281 2081 eo
1326 2029 1472 2097 quod
1520 2044 1669 2083 arma
1699 2030 1763 2083 de
1806 2029 2087 2098 cujusdam

502 2114 641 2169 ebrii
700 2118 971 2183 manibus,
1016 2119 1108 2188 qui
1156 2134 1280 2173 eum
1339 2122 1587 2177 occidere
1632 2122 1866 2187 volebat,
1904 2133 2090 2177 extor—

510 2219 705 2272 quens,
738 2205 968 2274 proiecit
995 2219 1049 2262 et
1074 2207 1230 2279 fugit,
1249 2210 1388 2265 idem
1413 2212 1699 2282 episeOpus
1720 2212 1787 2265 ab
1811 2228 1875 2267 eo
1905 2222 1961 2266 et
1990 2212 2089 2267 Eco

508 2298 730 2353 clesiam
758 2315 911 2354 suam
938 2310 994 2354 et
1019 2300 1300 2357 facultates
1326 2304 1442 2373 ejus
1468 2304 1698 2359 tulisset.
1729 2304 1879 2360 Unde
1902 2305 2093 2359 redar-

509 2388 625 2457 guit
654 2405 799 2454 eum,
848 2406 956 2459 quo
972 2393 989 2443 ,l
1020 2401 1210 2446 contra
1249 2394 1630 2448 auctoritatem
1688 2409 1972 2449 sacrorum
1997 2409 2092 2450 ca-

508 2495 709 2534 nonum
739 2498 865 2551 erga
897 2483 1178 2552 pnefatum
1205 2486 1376 2556 egerit
1398 2488 1797 2558 presbyterum,
1831 2487 2097 2543 mandans

506 2574 638 2642 quid
669 2572 923 2639 ﬂendum,
949 2585 1003 2630 et
1024 2577 1150 2645 quid
1181 2576 1338 2644 juxta
1366 2579 1683 2633 canonicam
1707 2580 1779 2635 sit
1804 2580 2098 2635 auctorita-

498 2660 614 2717 ‘tem
639 2665 705 2719 de
727 2664 827 2719 hoc
851 2666 1266 2722 observandum.
1293 2668 1425 2724 ltent
1456 2672 1787 2743 redarguens
1816 2687 1939 2727 eum
1965 2688 2100 2743 qua-

512 2769 571 2806 re
594 2754 646 2806 in
708 2765 924 2835 torpore
970 2759 1312 2827 negligentia:
1365 2762 1758 2833 requiescens,
1808 2780 2100 2835 pravorum

511 2830 759 2898 consiliis
789 2854 1048 2909 uteretur,
1098 2866 1221 2902 cum
1250 2860 1303 2904 et
1329 2861 1489 2905 aetate
1517 2863 1571 2907 et
1599 2854 1857 2924 corporis
1876 2855 2105 2911 inﬁrmi—

517 2942 625 2986 tate
651 2935 718 2986 ad
750 2933 909 2988 linem
959 2938 1080 2990 vitae
1109 2942 1286 3008 urgeri
1329 2942 1626 3006 videretur,
1655 2945 1948 2998 ostendens
1967 2946 2016 3000 ei
2036 2962 2104 3000 ex

516 3034 828 3079 sanctarum
860 3028 1076 3081 monitis
1132 3029 1556 3099 Scripturarum,
1588 3032 1783 3104 quibus
1806 3044 2106 3106 trausgres~

2193 1953 2284 1992 rex
2310 1950 2646 2007 praeceperat
2671 1934 2972 1989 habendam
3005 1949 3111 2019 non
3151 1933 3204 1987 in
3247 1943 3492 2002 tempore
3515 1945 3777 2001 congruo,

2190 2036 2381 2099 petens
2430 2024 2718 2080 consilium
2771 2024 2902 2094 quid
2957 2021 3081 2078 inde
3124 2037 3283 2094 agere
3331 2022 3553 2086 debeat,
3587 2033 3783 2089 rogans

2191 2119 2354 2174 etiam
2383 2117 2484 2172 sibi
2526 2115 2833 2171 remandari
2870 2114 3001 2184 quid
3044 2129 3138 2167 rex
3199 2112 3543 2183 responderit
3584 2111 3659 2164 de
3685 2108 3787 2166 illis

2193 2207 2503 2265 bominibus
2528 2221 2665 2276 quos
2703 2220 2763 2259 se
2792 2202 3389 2259 excommunicaturum
3438 2198 3783 2270 significave-

2196 2310 2300 2368 rat,
2354 2309 2412 2355 et
2462 2299 2529 2353 de
2574 2297 2694 2352 aliis
2744 2295 3071 2351 necessariis
3104 2294 3302 2348 causis.
3346 2291 3419 2346 De
3458 2288 3782 2360 quibusdam

2195 2410 2409 2465 quoque
2441 2392 2680 2461 scriptis,
2729 2389 3115 2445 etGraecorum
3153 2383 3571 2459 qumstionibus,
3602 2392 3663 2437 et
3691 2383 3780 2435 bo.

2198 2488 2360 2543 miliis
2382 2485 2521 2540 beati
2547 2482 2691 2539 Petri
2723 2482 3044 2551 creterisque
3066 2478 3228 2533 rebus
3253 2493 3269 2544 ;
3301 2477 3430 2530 item
3460 2476 3528 2529 de
3560 2487 3785 2542 respon-

2198 2579 2441 2635 sionibns
2476 2576 2543 2631 ad
2564 2574 2776 2646 objecta
2801 2573 3138 2636 Grtecorum,
3169 2584 3304 2640 quas
3327 2568 3469 2622 idem
3493 2565 3617 2622 Odo
3638 2564 3786 2620 colli—

2199 2686 2329 2743 gens
2357 2668 2735 2737 descripserat,
2764 2673 2819 2719 et
2846 2665 3043 2718 domno
3068 2661 3358 2715 Hincmaro
3386 2658 3640 2711 miserat.
3676 2655 3779 2711 Uu—

2201 2761 2268 2815 de
2306 2761 2413 2814 Deo
2437 2759 2643 2830 gratias
2667 2755 2852 2820 refert,
2886 2754 3012 2824 quia
3060 2767 3119 2806 se
3144 2752 3427 2820 ipsumque
3456 2762 3566 2801 uno
3595 2744 3781 2815 spiritu

2202 2860 2417 2923 putatos
2470 2849 2694 2912 invenit,
2736 2856 2791 2901 et
2833 2845 2961 2915 quid
2987 2843 3053 2898 de
3101 2842 3187 2897 bis
3220 2839 3320 2895 sibi
3348 2839 3602 2893 videatur
3635 2830 3789 2890 simul

2204 2942 2586 2998 conferendum
2613 2956 2734 2995 esse
2763 2939 3050 3007 signilieat,
3083 2936 3177 2990 sed
3194 2945 3249 2989 et
3270 2932 3411 3004 apud
3442 2944 3629 3001 regem
3657 2943 3791 2983 sem-

2194 3044 2302 3104 per
2330 3049 2452 3089 eum
2484 3041 2803 3086 excusatum
2828 3028 2942 3082 fieri
2974 3034 3149 3095 rogat,
3173 3024 3261 3093 qui
3293 3035 3420 3076 tunc
3443 3021 3500 3075 in
3535 3020 3660 3089 ejus
3685 3032 3788 3071 sero

513 3114 758 3169 sioaibus
807 3117 1142 3171 inveniretur
1193 3118 1503 3187 obnoxius;
1561 3110 1836 3193 item,pro
1869 3126 2101 3194 quodam
2205 3126 2415 3191 vitium,
2468 3124 2697 3179 diversis
2751 3119 3155 3175 infirmitatibus
3201 3115 3476 3174 detentus,
3506 3110 3665 3164 abire
3692 3119 3791 3162 non

515 3207 856 3275 presbytero,
887 3209 1151 3263 mandans
1195 3221 1251 3264 et
1279 3212 1611 3268 iuterdicens
1636 3217 1961 3270 auctoritate
1986 3231 2103 3271 me-
2131 3194 2175 3254 (ἶ
2208 3216 2464 3290 poluerit,
2492 3226 2861 3269 rememorans
2880 3208 3045 3263 etiam
3072 3207 3139 3261 de
3159 3198 3619 3262 discordantibus,
3656 3197 3790 3251 unde

518 3298 865 3364 tropolitana,
904 3310 962 3353 ιιι
993 3301 1197 3355 nullum
1229 3303 1598 3372 prejudicium
1625 3307 1674 3360 ei
1692 3306 2014 3372 'faeiat,'sed
2037 3309 2105 3363 ad

517 3388 781 3456 synodum
810 3402 1158 3445 eonvocatam
1195 3394 1280 3447 die
1311 3394 1657 3450 denominata
1690 3398 1790 3453 sibi
1816 3413 2107 3453 occurrere

517 3478 773 3543 studeat;
832 3479 982 3545 item,
1032 3496 1130 3550 pro
1171 3484 1269 3537 liae
1291 3486 1480 3539 eadem
1516 3502 1593 3552 re,
1624 3487 1882 3541 intimans
1910 3490 2035 3557 quia
2060 3490 2105 3543 si

520 3581 628 3618 non
687 3569 990 3622 occurrerit
1045 3571 1110 3624 ad
1159 3572 1419 3642 sydodum
1461 3578 1751 3629 secundum
1781 3566 2106 3647 prreccptunt

522 3671 693 3726 papae,
754 3659 897 3725 quod
944 3663 1181 3732 synodus
1214 3670 1277 3716 de
1306 3679 1372 3717 eo
1398 3663 1724 3731 indicaverit
1761 3669 1813 3720 in
1843 3670 2015 3738 ipsum
2038 3668 2109 3722 sit

521 3751 946 3817 exsequendum.
980 3751 1129 3806 Isaac
1180 3751 1539 3824 Liugoneusi,
1573 3772 1671 3825 pro
1700 3759 1930 3826 quodam
1962 3758 2110 3828 regio

521 3837 692 3894 milite
736 3840 803 3893 ab
860 3841 976 3909 ipso
1030 3847 1527 3910 exconmmticato,
1577 3848 1812 3901 suadens
1838 3857 1890 3901 ιιι
1925 3848 2110 3903 mitius

519 3945 646 4001 erga
672 3946 794 3986 eum
834 3942 1037 4005 ageret,
1066 3945 1285 4005 prepter
1318 3938 1609 3992 iu~tautcm
1660 3940 1725 3993 de
1758 3941 2105 3995 infestatiouc

521 4024 851 4094 paganorum
884 4030 1284 4093 necessitatem,
1317 4030 1710 4100 notilicansque
1740 4032 1972 4100 qualiter
1995 4032 2110 4101 ipse

525 4130 689 4185 agere
734 4116 932 4172 soleret
959 4120 1010 4171 in
1051 4119 1247 4173 talibus
1288 4111 1883 4178 excommunicatorum
1909 4126 2108 4190 causis,

523 4215 578 4260 et
601 4207 725 4274 quia
745 4207 873 4260 illttd
899 4210 1188 4264 anathema
1219 4227 1323 4264 non
1349 4214 1506 4265 duret
1534 4204 1781 4283 amplius.
1814 4216 1916 4269 nisi
1935 4232 2110 4285 quan-

525 4296 619 4350 ditt
652 4296 815 4351 bomo
863 4299 915 4352 in
943 4312 1167 4370 peccato
1202 4314 1551 4372 perseverat;
1589 4306 1739 4368 item,
1772 4323 1870 4377 pro
1901 4308 2111 4376 nepoti-

524 4393 625 4448 bus
674 4393 860 4464 ipsius,
893 4393 982 4462 qui
1016 4396 1155 4464 apud
1189 4396 1439 4451 eumdem
1482 4398 1737 4451 domuum
1763 4399 2111 4457 Hincmarum

524 4484 713 4538 nutriti
743 4483 976 4550 fuerant,
1008 4494 1063 4539 et
1098 4486 1201 4540 alia
1227 4486 1491 4555 quaedam.
1534 4485 1808 4558 Hungario
1834 4490 2105 4561 episcopo,

522 4594 622 4648 pro
652 4579 1210 4634 excontmunicatione
1257 4579 1504 4635 Bal-duini
1542 4583 1631 4651 qui
1675 4582 1859 4637 Juditlt
1892 4585 2104 4638 viduam

524 4668 665 4739 regis
709 4668 873 4723 ﬁliam
908 4670 1010 4724 sibi
1041 4670 1252 4724 furatus
1284 4672 1460 4727 fuerat
1508 4670 1564 4726 in
1613 4688 1865 4737 uxorem,
1891 4676 2029 4728 unde
2054 4683 2109 4729 et

521 4757 592 4810 ab
619 4759 889 4831 episc0pis
910 4761 1069 4831 hujus
1098 4761 1247 4832 regni
1276 4763 1454 4816 fuerat
1481 4764 2000 4818 exeommnnicatus.

595 4846 855 4903 Hortatur
884 4861 1065 4907 autem
1117 4854 1363 4907 eumdem
1417 4851 1776 4925 llungarium,
1833 4865 1894 4909 ut
1926 4855 2113 4909 admo-

532 4946 663 4988 neat
692 4939 945 4994 ltoricum
978 4941 1367 5008 Normanuum,
1402 4962 1572 5008 nuper
1620 4947 1686 5000 ad
1720 4946 1879 5001 [idem
1907 4946 2111 5001 Christi

2200 3312 2315 3382 jam
2360 3307 2730 3369 mandaverat,
2782 3312 2841 3358 ut
2876 3316 2969 3356 eos
3000 3301 3065 3354 ad
3095 3312 3283 3369 pacem
3311 3295 3490 3349 redire
3523 3298 3791 3382 moneret,

2209 3381 2435 3457 laudans
2456 3414 2580 3454 cum
2605 3397 2746 3467 quod
2770 3396 2835 3449 de
2858 3395 2944 3448 bis
2965 3408 3084 3462 qu:c
3105 3394 3156 3444 in
3179 3389 3373 3443 litteris
3399 3384 3516 3440 suis
3538 3384 3591 3437 ei
3626 3381 3793 3452 signi-

2208 3494 2483 3555 ticaverat,
2521 3499 2577 3544 ut
2622 3488 2791 3542 Deum
2826 3495 2881 3541 et
2909 3487 3135 3539 lratrem
3167 3481 3417 3552 diligens,
3460 3476 3705 3532 studiose
3732 3486 3791 3527 ac

2207 3582 2587 3656 episropaliter
2613 3580 2806 3650 egerit,
2834 3585 2890 3632 et
2918 3586 2977 3631 ut
2998 3564 3177 3643 regem
3203 3577 3570 3630 commoneat,
3593 3574 3652 3620 et
3672 3563 3792 3656 inde

2208 3655 2569 3733 ministerium
2596 3686 2753 3725 suum
2778 3669 2955 3722 facere
2978 3674 3157 3737 rogat,
3184 3664 3285 3719 sibi
3303 3676 3523 3733 quoque
3543 3655 3792 3719 rescribi,

2210 3770 2277 3821 de
2308 3763 2655 3836 quibusdam.
2686 3776 2805 3830 qua:
2836 3759 2978 3812 inter
3012 3773 3070 3812 se
3097 3763 3152 3808 et
3184 3768 3363 3824 regem
3408 3748 3787 3803 versabantur.

2211 3858 2465 3926 Qua-dam
2491 3854 2650 3908 etiam
2677 3852 2953 3913 iutimaus,
2980 3863 3099 3918 qua:
3120 3855 3334 3902 secreto
3356 3840 3551 3895 Joanni
3582 3838 3789 3906 episeo-

2212 3967 2281 4020 po
2306 3946 2611 4003 not'licaret
2656 3945 2724 3997 de
2750 3941 2956 4012 synodo
3003 3949 3153 3999 tunc,
3188 3943 3246 3989 ιιι
3285 3948 3377 3987 rex
3397 3931 3664 4020 jusserat,
3686 3940 3791 4020 non

2214 4017 2442 4111 agenda,
2475 4046 2529 4091 ct
2555 4048 2724 4104 quare
2751 4043 2879 4087 tunc
2906 4027 3192 4083 convocari
3211 4017 3793 4109 nomlnberct,ad-.!eus

2214 4135 2279 4187 de
2313 4130 2629 4200 quibusdam
2658 4110 2875 4196 quoque
2897 4122 3116 4192 scriptis
3140 4160 3155 4184 ,
3179 4134 3297 4188 qum
3331 4115 3407 4170 illi
3460 4110 3788 4171 remittebat,

2214 4223 2297 4276 vel
2323 4236 2439 4290 qum
2463 4220 2563 4273 sibi
2593 4218 2733 4273 mitti
2782 4214 3078 4286 poscebat;
3122 4212 3280 4273 item,
3334 4209 3402 4261 de
3453 4201 3791 4258 ordinatione

2214 4310 2537 4374 Willcberti,
2565 4309 2653 4364 cui
2681 4324 2773 4362 rex
2796 4305 3129 4376 episcopium
3154 4298 3599 4356 Catbalaunensc
3629 4293 3785 4347 dede-

2216 4414 2321 4465 rat,
2354 4420 2420 4457 ne
2445 4402 2496 4455 in
2524 4400 2690 4470 ipsius
2718 4396 3060 4452 ordinatione
3091 4393 3160 4446 ab
3182 4389 3373 4445 ordine
3412 4386 3601 4440 debito
3628 4379 3791 4436 decli-

2218 4505 2394 4559 naret,
2434 4494 2689 4547 iutimans
2720 4489 2861 4560 quod
2904 4484 3349 4541 irrationabiliter
3395 4476 3794 4567 Catbalaunenf

2214 4601 2322 4647 ses,
2352 4595 2470 4655 post
2497 4583 2703 4637 obitum
2731 4580 2813 4634 sui
2841 4576 3100 4648 episcopi,
3129 4575 3193 4628 de
3214 4588 3307 4628 sua
3326 4572 3442 4641 ipsa
3474 4567 3792 4623 necessitate

2215 4676 2459 4738 fecerint,
2483 4685 2536 4727 ct
2564 4673 2704 4743 quod
2725 4672 2791 4725 ad
2819 4686 2997 4740 regem
3027 4668 3237 4722 litteras
3257 4678 3385 4718 suas
3414 4677 3515 4732 pro
3537 4659 3795 4716 electione

2217 4764 2423 4837 prtefali
2462 4758 2763 4816 Willeberti
2806 4757 3094 4821 miserint,
3142 4755 3420 4809 decretum
3473 4765 3604 4804 vero
3643 4759 3791 4830 suum

2218 4860 2284 4912 ad
2310 4856 2802 4925 arcltiepisc0pum,
2827 4853 2968 4905 sicut
2991 4849 3209 4902 mittere
3236 4845 3565 4908 debuerant,
3592 4851 3651 4896 ut
3673 4839 3792 4895 inde

2219 4964 2338 5008 qua:
2366 4947 2566 5008 agenda
2614 4953 2800 5001 essent
2820 4946 2821 4949 “
2845 4941 3104 4996 canonice
3132 4948 3351 5008 ageret.
3381 4944 3497 4991 non’
3534 4932 3788 4990 miserint.
