3904 5396
101 303 208 361 295

667 298 1014 355 lliSTORLIE
1051 292 1405 352 ECCLESLE
1448 290 1685 347 REMEN

1792 318 1794 335 μ
1832 287 2013 343 ιωιιι
2049 287 2409 357 QUATUOR.
2442 322 2513 333 —
2547 293 2678 349 LIB.
2721 293 2807 350 111.

3270 295 3379 353 226

103 415 391 493 epistolam
420 406 770 487 papaa'Roma
791 412 1077 478 detulerat,
1106 419 1165 467 ut
1196 426 1376 481 regem
1399 410 1687 465 admoneat
1713 416 1759 475 Α
1789 406 2082 477 quisitione
2106 407 2176 462 ab
2209 406 2331 477 ipsa
2360 405 2549 463 Odone
2570 420 2628 464 et
2668 408 2892 480 praefato
2922 409 3222 468 lledeaulfo
3253 423 3336 470 tra
3363 452 3372 460 -

103 509 425 567 modificans
444 507 564 579 ejus
589 507 851 570 animum,
870 518 937 560 ne
959 512 1147 560 contra
1169 503 1454 559 Dominum
1480 502 1703 573 aliquid.

104 600 264 655 faciat
299 597 357 653 in
388 596 629 653 Ecclesia
659 596 775 659 Dei,
805 594 890 651 vel
912 592 1205 665 episcopali
1234 593 1424 649 ordine
1453 608 1560 648 non
1587 607 1700 663 pro.

105 690 397 747 Hinemaro
424 698 621 760 nepote
644 703 745 743 suo
778 702 839 743 se
870 693 1079 741 tantum
1107 686 1161 741 id
1193 685 1376 741 dicere
1407 700 1685 752 asserens,

105 791 366 853 quantum
400 795 503 850 pro
532 781 648 851 ipso
670 779 884 834 seniore
928 792 1028 833 suo
1061 792 1206 849 rege,
1239 793 1307 832 ne
1338 778 1454 847 ipse
1507 776 1693 831 taliter

105 884 375 947 peccaret,
417 874 562 928 unde
603 870 936 928 mternaliter
982 870 1224 940 periret;
1249 870 1380 924 item
1408 910 1422 935 ,
1475 869 1541 924 de
1569 883 1693 925 cor-

106 966 342 1022 rectione
366 964 611 1034 epistolae
638 978 772 1027 suae,
804 977 967 1033 quam
995 962 1069 1016 illi
1101 963 1314 1032 pridem
1344 962 1591 1024 miserat,
1620 960 1691 1015 ab

104 1061 356 1130 imperito
380 1059 649 1129 scriptore
676 1066 1008 1127 corruptam,
1033 1065 1090 1112 et
1116 1057 1182 1111 de
1208 1057 1293 1112 his
1319 1072 1440 1126 qua!
1465 1056 1690 1127 objicie-

105 1152 294 1209 bantur
320 1150 620 1205 llinemaro
656 1148 1073 1204 scandalizatori
1121 1162 1220 1202 suo
1250 1164 1264 1212 ;
1299 1149 1426 1201 item
1458 1188 1473 1211 ,
1499 1148 1568 1202 de
1602 1147 1689 1203 lit-

110 1242 251 1306 teris,
282 1257 424 1311 quas
468 1256 569 1311 pro
591 1241 779 1296 eodem
821 1239 1114 1295 ﬂiucmaro
1141 1239 1253 1310 regi
1308 1239 1598 1303 mittebat,
1631 1246 1690 1293 ut

111 1334 213 1403 ipse
235 1332 357 1389 Odo
386 1348 482 1388 eas
509 1333 583 1387 illi
623 1333 944 1403 porrigeret,
971 1340 1027 1386 et
1067 1330 1299 1401 qualiter
1327 1345 1421 1386 eas
1470 1345 1689 1400 recepe-

110 1429 194 1491 rit,
221 1425 307 1480 vel
342 1426 434 1481 bis
477 1425 727 1480 annuerit
754 1460 769 1489 ,
800 1426 895 1479 sed
941 1432 998 1479 et
1029 1424 1094 1479 de
1139 1425 1262 1481 aliis
1307 1425 1408 1479 sibi
1448 1424 1699 1479 scientiis

105 1517 231 1586 petit
253 1515 460 1571 litteris
482 1516 586 1571 sibi
618 1515 926 1593 remandari
957 1531 976 1582 ;
1008 1516 1138 1570 item
1170 1517 1236 1570 de
1263 1528 1425 1570 causa
1456 1513 1701 1584 Ετρυίηἰο

107 1609 361 1678 episcopi,
406 1610 498 1678 qui
545 1607 613 1663 ad
658 1608 965 1664 condictam
1015 1607 1282 1679 synodum
1316 1606 1523 1661 venire
1576 1618 1682 1660 non

107 1699 335 1765 valebat,
361 1708 423 1754 ut
446 1715 668 1757 causam
697 1700 863 1770 ipsius
887 1700 1006 1755 Odo
1055 1700 1196 1754 inter
1229 1698 1346 1767 ejus
1386 1712 1678 1769 personam

1793 499 1929 554 etari
1969 499 2160 569 judicii
2209 499 2493 556 Auriniaci
2543 502 2900 569 monasterii,
2958 518 3057 572 pro
3114 506 3376 576 regimine

1794 588 2040 645 Ricoarze
2067 589 2378 657 abbatissae,
2409 594 2532 661 qua:
2557 600 2747 647 contra
2779 592 2927 663 leges
2970 594 3112 651 idem
3155 611 3382 668 usurpa-

1792 689 1948 736 verat
1974 682 2388 748 monasterium,
2430 692 2724 754 monetque
2750 694 2809 739 ut
2835 696 3090 757 suggerat
3127 690 3237 759 regi
3264 729 3278 755 ,
3311 704 3380 745 ne

1792 780 1980 841 ageret
2028 771 2154 827 inde
2189 772 2425 842 qualiter
2452 773 2674 829 alienis
2711 777 2951 844 peccatis
2987 776 3379 848 implicaretur.

1790 861 1936 917 ldem
1965 863 2030 918 de
2062 863 2255 918 itinere
2277 879 2377 921 suo
2399 879 2505 920 non
2532 865 2602 918 ad
2631 880 2812 935 regem
2860 878 3379 942 terrenorumprm—

1796 954 2049 1018 sentiam,
2082 955 2177 1009 sed
2225 956 2292 1009 ad
2332 957 2476 1025 regis
2514 957 2706 1012 aeterni
2750 957 3052 1027 judicium,
3112 962 3181 1016 ad
3230 965 3380 1033 quod

1786 1045 1898 1115 jam
1928 1061 1989 1102 se
2020 1045 2280 1102 festinare
2304 1064 2399 1117 per
2421 1049 2709 1104 continuas
2727 1050 2931 1106 indicat
2949 1055 3332 1122 mgrotatiOnes
3359 1072 3375 1119 ;

1791 1138 1942 1202 item,
1974 1152 2074 1207 pro
2105 1140 2451 1196 ordinatione
2482 1140 2767 1205 lletilouis,
2805 1158 2968 1213 quem
2996 1144 3151 1214 plebs
3171 1144 3373 1203 Novio.

1791 1231 2061 1300 magensis
2091 1233 2402 1301 episcnpum
2434 1233 2535 1289 sibi
2567 1233 2805 1305 elegerat
2828 1237 3213 1303 ordinandum,
3244 1239 3380 1294 alia—

1789 1336 1894 1389 que
1919 1322 2173 1376 nonnulla
2201 1322 2376 1377 eidem
2400 1339 2542 1394 saepe
2565 1325 2827 1380 direxisse
2856 1328 3130 1397 reperitur
3145 1331 3373 1402 scripta.

1790 1410 2100 1483 Hildegario
2166 1411 2426 1469 Meldensi
2496 1414 2795 1485 episc0po,
2856 1432 2957 1487 pro
3029 1420 3383 1488 parochianis

1790 1504 1958 1574 ipsius
1985 1505 2309 1574 quibusdam
2334 1546 2350 1570 ,
2385 1505 2477 1575 qui
2521 1507 2812 1563 homicidia
2849 1510 2903 1564 in
2955 1509 3213 1567 llemensi
3253 1527 3380 1583 per—

1786 1602 2069 1664 petravere
2096 1595 2354 1664 parochia
2375 1596 2588 1659 scribit,
2615 1598 2913 1654 exhortans
2942 1610 3002 1654 ut
3026 1615 3123 1656 eos
3153 1602 3371 1659 salvare

1788 1697 2112 1752 quocunque
2168 1682 2348 1738 valeat
2402 1684 2633 1741 consilio
2695 1697 2753 1742 et
2788 1689 3031 1745 auxilio”
3080 1702 3377 1762 procuret,

108 1802 158 1845 et
181 1799 529 1847 accusatores
555 1792 675 1861 ejus
698 1790 919 1860 exsequi
964 1791 1247 1854 studeret,
1279 1801 1333 1845 et
1360 1790 1406 1845 si
1453 1791 1520 1847 ad
1550 1790 1687 1844 inte.
1718 1770 1762 1830 Β
1789 1771 2101 1841 adimam!“
2158 1787 2223 1831 ³⁸
2284 1776 2598 1846 spondens:
2665 1788 2725 1834 ιιι
2787 1781 2855 1835 οδ
2923 1795 3115 1853 pacem
3190 1786 3385 1843 venire

107 1898 249 1952 grum
282 1884 339 1937 id
374 1898 533 1954 agere
576 1898 680 1937 non
735 1892 957 1951 posset,
996 1881 1245 1937 eumdem
1288 1880 1588 1951 Erpninum
1630 1887 1687 1933 et

109 1986 445 2032 accusatores
471 1976 588 2047 ejus
612 1977 678 2030 ad
708 1978 973 2046 synodum
1003 1976 1143 2046 apud
1191 1974 1371 2030 Pistas
1418 1972 1685 2045 agendam

109 2068 246 2123 abire
271 2076 663 2131 commoneat;
701 2067 850 2131 item,
880 2066 947 2122 de
989 2067 1187 2121 litteris
1237 2066 1340 2121 sibi
1387 2065 1456 2121 ab
1500 2063 1687 2120 Odone

110 2159 294 2221 missis,
333 2161 391 2215 in
422 2156 637 2230 ‘Quibns
691 2167 1031 2229 compererat
1094 2158 1376 2227 insurgere
1422 2144 1687 2227 quosdam

109 2252 398 2307 monachos
432 2262 622 2307 contra
653 2265 863 2306 sacram
900 2250 1300 2312 auctoritatem,
1329 2256 1388 2303 et
1424 2249 1491 2304 de
1520 2248 1691 2319 privi-

110 2341 255 2413 legiis
276 2344 627 2399 Corbeiensis
657 2342 971 2397 monasterii
999 2359 1015 2408 ;
1067 2343 1198 2398 item
1233 2356 1333 2412 pro
1370 2341 1563 2397 itinere
1589 2355 1690 2397 suo

111 2433 171 2488 ad
198 2449 422 2506 regem;
451 2434 578 2490 item
629 2435 833 2505 gratias
863 2433 1101 2489 referens
1152 2433 1284 2501 Deo,
1318 2450 1416 2507 pro
1466 2428 1687 2491 satisfa-

107 2524 294 2580 ctionis
338 2533 396 2581 et
457 2526 814 2582 correctionis
857 2523 1162 2590 dulcedine,
1223 2541 1329 2596 qua
1382 2525 1437 2580 in
1492 2524 1689 2581 litteris

112 2617 266 2686 ipsius
290 2616 499 2675 Odonis
526 2618 750 2673 multam
778 2614 1166 2688 rccognitionis
1187 2615 1304 2684 ejus
1333 2616 1399 2670 de
1429 2616 1515 2671 bis
1541 2616 1688 2691 unde

111 2707 454 2778 redarguerat
499 2722 623 2763 eum
678 2708 880 2779 reperit
937 2707 1368 2779 benignitatem,
1415 2708 1543 2763 item
1590 2724 1688 2779 pro

112 2798 363 2856 electione
388 2800 713 2856 Suessorum
743 2800 977 2871 episcopi
1005 2808 1128 2870 post
1155 2799 1361 2855 obitum
1398 2799 1633 2857 Rothadi
1670 2817 1686 2866 ;

115 2889 252 2956 item,
291 2906 393 2961 pro
413 2900 695 2947 conventu
735 2891 980 2963 synodali
1018 2902 1192 2961 super
1233 2891 1591 2966 responsione
1622 2890 1690 2946 ad

115 2982 385 3051 epistolam
424 2982 647 3037 Adriani
685 2998 872 3054 papm;
907 2977 1034 3036 item
1061 3022 1077 3047 ,
1124 2969 1226 3053 pro
1282 2976 1485 3038 litteris
1525 2982 1689 3054 regis,

115 3071 294 3140 quibus
307 3081 640 3145 pratceperat
660 3072 942 3142 episcopos
964 3070 1115 3142 regni
1138 3087 1166 3125 a
1181 3071 1379 3127 domno
1393 3066 1689 3127 Hi’ncmaro

1786 1873 2011 1936 queant.
2292 1912 2295 1917 ,

1857 1954 2060 2012 Scribit
2083 1972 2299 2029 quoque
2332 1960 2407 2015 .ad
2444 1961 2695 2016 eumdem
2725 1964 3011 2035 quemdam
3060 1966 3152 2031 Dc‘
3176 1968 3387 2041 judicio

1787 2063 1939 2119 aqua:
1968 2049 2176 2121 frigidae
2205 2052 2465 2108 libellum.
2524 2053 2719 2112 Joanni
2762 2056 3149 2117 Cameracensi.
3181 2064 3386 2132 petenti

1788 2143 2264 2199 rnmmcndatitias
2286 2143 2409 2199 dari
2441 2146 2543 2201 sibi
2587 2146 2817 2202 Romam
2850 2149 3215 2217 proficiscenti
3243 2152 3386 2210 litte-

1789 2244 1900 2296 ras,
1927 2245 1994 2285 es
2027 2233 2248 2287 nomine
2280 2232 2466 2292 domui
2490 2234 2771 2306 Hincmari
2796 2237 3038 2295 Adriano
3062 2255 3219 2311 papa:
3242 2240 3375 2298 olfe-

1789 2322 2024 2386 rendas,
2067 2323 2359 2389 rescribit,
2392 2325 2538 2394 quod
2591 2326 2640 2380 si
2691 2327 3004 2384 redditurus
3050 2330 3381 2401 obsequium

1790 2412 2010 2479 Ccsari,
2044 2413 2271 2487 Romam
2315 2416 2445 2471 velit
2473 2416 2549 2473 ita
2595 2433 2843 2490 pergere,
2875 2430 2935 2475 ut
2961 2422 3223 2492 obsequio
3272 2423 3389 2479 Deo

1791 2507 1971 2563 debito
2017 2508 2252 2565 Caesaris
2282 2512 2620 2567 contrarium
2671 2530 2783 2578 non
2836 2525 2983 2571 esset
3031 2518 3379 2588 obsequium,

1792 2605 2086 2660 canonicos
2115 2604 2347 2661 libenter
2368 2607 2418 2661 ei
2462 2607 2677 2664 litteras
2725 2607 3032 2675 tribueret”;
3065 2611 3153 2667 sin
3190 2620 3379 2668 alitem

1791 2713 1890 2767 pro
1919 2712 2081 2753 causa
2111 2697 2358 2753 Lotharii
2405 2700 2549 2770 regis
2575 2740 2591 2766 ,
2624 2713 2745 2769 quae
2778 2700 2922 2755 inter
2961 2716 3085 2757 eum
3123 2710 3179 2757 et
3214 2702 3384 2772 ipsius

1793 2804 2015 2844 uxorem
2044 2790 2137 2844 diu
2166 2791 2424 2847 ventilata
2449 2790 2650 2857 fuerat,
2692 2788 2951 2861 queuiam
2983 2793 3387 2849 commendatio

1792 2880 1900 2937 tias
1933 2882 1984 2935 in
2016 2883 2117 2936 hac
2145 2898 2206 2937 re
2230 2883 2361 2937 dare
2393 2881 2611 2937 litteras
2655 2896 2760 2936 non
2790 2876 3030 2948 valebat,
3079 2884 3383 2952 reprehen-

1793 2971 1983 3029 sibiles
2009 2974 2139 3027 dare
2162 2989 2269 3027 non
2296 2974 2511 3038 audeat,
2544 2975 2671 3043 quia
2702 2990 2801 3029 nec
2829 2975 3045 3041 debeat,
3071 2976 3383 3046 praesertim

1794 3077 1917 3118 cuin
1945 3077 2116 3133 nuper
2139 3064 2371 3119 domnus
2401 3064 2672 3121 Adrianus
2701 3064 2913 3120 litteras
2955 3066 3006 3120 ei
3054 3080 3166 3120 suae
3193 3074 3384 3121 aucto-

112 3130 411 3226 convncari,
465 3130 527 3217 ut
564 3130 915 3235 prohibere-nt
951 3130 1122 3217 filium
1167 3163 1335 3233 ipsius
1373 3163 1519 3237 regis
1551 3163 1687 3218 Kar-
1716 3130 1760 3194 (ἶ
1794 3154 1972 3210 ritatis
1995 3170 2092 3225 per
2121 3155 2416 3210 Actardum
2463 3153 2884 3212 Namnetcnsem
2926 3158 3251 3228 episcopum
3280 3158 3377 3214 mi-

115 3250 412 3309 lomannum
442 3270 471 3307 a
498 3256 917 3324 przcsumptione
950 3268 1184 3319 cessare,
1240 3269 1400 3324 quam
1432 3253 1689 3309 crimina-

116 3345 261 3402 batur
297 3356 489 3403 contra
539 3356 748 3418 patrem
798 3360 1093 3413 exercere;
1127 3347 1287 3412 item,
1330 3361 1429 3417 pro
1469 3347 1692 3402 ordina-

118 3436 249 3493 tione
296 3438 545 3510 Anscgisi
612 3436 897 3494 Remensis
973 3438 1572 3494 dimceseos‘monachi
1634 3428 1701 3494 in

114 3527 410 3598 episcopatu
442 3528 715 3584 Senonico
743 3546 760 3594 ;
809 3529 936 3584 item
962 3571 975 3593 ,
1023 3544 1121 3599 pro
1145 3528 1326 3584 libello
1352 3530 1590 3586 historice
1621 3530 1689 3585 de

116 3626 228 3670 ortu
255 3618 324 3672 ‘S.
353 3617 551 3683 Marizc,
583 3626 637 3673 et
658 3618 877 3672 homilia
906 3618 963 3672 Β.
992 3617 1311 3690 Hieronymi
1362 3620 1429 3673 de
1464 3620 1688 3675 Assum-

116 3706 290 3773 ptione
316 3707 481 3777 ipsius
503 3708 597 3763 Dei
633 3706 945 3775 Genitricis,
986 3722 1107 3778 quae
1142 3708 1359 3777 quidam
1392 3711 1689 3764 monachus

117 3795 444 3853 Corbeiensis
474 3799 790 3854 monasterii
843 3814 946 3853 non
985 3812 1105 3854 esse
1150 3797 1513 3869 recipiendam
1557 3814 1688 3854 con-

121 3887 379 3943 tendebat.
416 3874 421 3879 .
465 3961 471 3968 _
1124 3904 1131 3913 '
1494 3894 1499 3905 ‘

180 3977 264 4030 Ad
283 3993 397 4048 qua:
436 3979 728 4051 respondet
758 3980 900 4035 idem
924 3978 1154 4035 domnus
1182 3976 1527 4042 Hincniarus,
1554 3992 1689 4049 prte-

121 4066 276 4123 fatam
317 4070 594 4126 historiam
634 4086 735 4125 nos
777 4071 978 4126 habere
1006 4070 1071 4125 ad
1101 4070 1426 4136 lectionem,
1469 4084 1575 4126 non
1620 4069 1690 4124 ad

120 4159 481 4228 proferendum
514 4161 894 4216 auctoritatem
920 4176 935 4215 :
964 4161 1241 4217 homiliam
1271 4176 1400 4217 vero
1437 4161 1685 4217 eamdem

125 4264 152 4304 a
176 4261 357 4308 sancto
380 4252 710 4325 Hieronymo
735 4253 931 4308 asserit
956 4252 1224 4308 catholico
1252 4253 1535 4319 dictatam,
1552 4252 1693 4309 sicut

124 4354 173 4399 et
199 4345 380 4418 stylus,
408 4356 464 4402 et
495 4346 707 4402 cautela
755 4360 966 4411 sensus,
1019 4355 1073 4400 et
1119 4345 1425 4402 intellectus
1453 4386 1468 4411 ,
1505 4355 1559 4401 et
1586 4345 1692 4401 alia

127 4434 262 4489 certa
286 4436 472 4492 indicia
498 4443 832 4514 monstrant,
859 4444 916 4490 et
939 4444 1102 4491 certae
1132 4450 1400 4506 personae,
1427 4450 1526 4506 per
1546 4450 1683 4505 quas

1791 3246 1925 3301 serit
1966 3245 2217 3316 (ADRIAN.
2250 3245 2293 3301 ll
2319 3262 2400 3316 ep.
2435 3246 2550 3316 l5),
2593 3247 2648 3301 in
2678 3248 2875 3318 quibus
2911 3246 3299 3319 signiﬁcaverit
3324 3261 3387 3304 se

1791 3337 2125 3400 certamina,
2158 3352 2278 3405 qua:
2318 3339 2477 3392 sedes
2516 3338 2816 3407 apostolica
2866 3352 2963 3407 per
2998 3348 3380 3394 antecessores

1790 3443 1921 3483 suos
1941 3427 2293 3484 Benedictum
2316 3436 2372 3483 et
2393 3427 2675 3485 Nicolaum
2701 3430 2754 3485 in
2796 3430 2898 3485 hac
2936 3445 3099 3485 causa
3131 3438 3387 3486 certave~

1790 3530 1894 3589 rat,
1931 3520 2107 3591 sequi,
2141 3522 2369 3575 mouens
2394 3534 2540 3587 eum,
2571 3530 2631 3574 ut
2656 3521 2800 3591 quod
2831 3535 2997 3591 super
3022 3523 3127 3577 boc
3164 3523 3383 3592 negotio

1791 3619 2001 3682 gestum
2050 3618 2153 3675 est,
2203 3610 2513 3666 nullatenus
2562 3604 2808 3665 enerv'ari
2856 3603 3202 3677 consentiat,
3256 3612 3387 3668 inti-

1791 3716 2051 3771 uitansque
2085 3702 2318 3771 qualiter
2341 3704 2811 3756 exeommuuicata
2860 3700 3025 3755 fuerit
3065 3700 3381 3757 Waldrada.

1789 3791 1953 3845 Addit
1974 3791 2163 3855 etiam,
2193 3792 2335 3860 quod
2362 3791 2480 3845 sine
2508 3789 2736 3844 consilio
2769 3791 3148 3860 coepiscopum
3173 3790 3384 3844 litteras

1789 3880 1839 3934 ei
1873 3880 2235 3946 dimissorias,
2269 3880 2500 3934 maxime
2523 3894 2622 3949 pro
2648 3894 2707 3933 re
2756 3880 2981 3945 incerta,
3008 3880 3140 3933 dare
3188 3879 3385 3949 nequi-

1790 3980 1912 4039 ret;
1943 3973 2093 4039 item,
2138 3973 2205 4028 de
2232 3972 2382 4027 obitu
2435 3971 2679 4027 Lotharii
2738 3972 2921 4043 regis,
2971 3972 3269 4026 exhortans
3323 3979 3387 4026 ut

1790 4066 1907 4120 sine
1932 4064 2190 4122 dilatione
2231 4062 2298 4118 ad
2336 4063 2591 4118 Karolum
2642 4061 2891 4135 (Carolus
2944 4062 3158 4133 Calvus)
3200 4078 3384 4134 regem

1790 4159 2012 4224 veniat;
2047 4157 2177 4212 item
2222 4172 2321 4228 pro
2352 4158 2585 4226 quodam
2624 4158 2938 4228 presbytero
2975 4156 3389 4211 Cameracensis

1791 4248 2082 4321 parochiae,
2114 4248 2205 4317 qui
2238 4248 2475 4319 seipsqu
2499 4256 2856 4313 ea’straverat,
2904 4246 3180 4318 frequenti
3206 4248 3389 4302 moni-

1794 4351 1881 4398 tus
1906 4341 1959 4396 id
1990 4354 2150 4412 agere
2170 4341 2500 4405 visitatione,
2526 4340 2776 4395 nesciens
2804 4340 2935 4410 quid
2980 4339 3104 4394 inde
3127 4340 3267 4395 sacri
3294 4340 3389 4395 de-

1795 4443 2087 4491 cernerent
2106 4446 2367 4498 canones,
2407 4431 2798 4500 consiliumque
2841 4430 2974 4495 dat,
3015 4422 3241 4485 mouens
3266 4470 3281 4495 ,
3329 4439 3391 4484 ut

128 4524 190 4580 de
213 4527 444 4597 partibus
472 4510 833 4582 orientalibus
861 4534 1102 4596 tempore
1125 4496 1278 4581 certa
1302 4496 1477 4583 delata
1506 4496 1577 4582 ad
1606 4543 1690 4583 re—
1722 4496 1767 4555 θ
1793 4525 2079 4597 diligenter
2104 4524 2462 4593 investigetnr
2501 4523 2697 4592 quibus
2743 4521 2816 4576 sit
2840 4520 3016 4577 modis
3062 4522 3385 4587 admissum,

131 4617 298 4688 giones
332 4631 549 4676 nostras
591 4619 879 4689 pervenit,
918 4618 1075 4673 tidem
1118 4617 1349 4674 faciunt.
1404 4618 1692 4693 Subjungit

133 4725 324 4783 quoque
350 4712 415 4768 de
441 4712 625 4767 libello
657 4711 827 4782 ipsius
864 4710 1066 4766 Odonis
1116 4723 1308 4766 contra
1356 4710 1693 4780 obiectiones

134 4799 438 4869 Grzeeorum,
468 4803 719 4874 quaedam
758 4818 818 4856 se
842 4803 894 4856 in
944 4817 1010 4857 eo
1050 4817 1485 4858 commemorans
1526 4803 1695 4859 adno-

136 4899 282 4959 tasse,
311 4890 430 4963 quae
458 4891 807 4948 retractanda
834 4900 887 4946 et
921 4893 1243 4964 corrigenda
1278 4893 1458 4950 forent
1484 4910 1499 4962 ;
1539 4895 1691 4959 item,

136 4993 220 5047 pro
236 4984 567 5040 ordinatione
577 4980 864 5038 Hedenulii
888 4986 1183 5039 secundum
1204 4981 1507 5053 jussionem
1533 4985 1700 5042 Joan-

175 5089 208 5098 ι-
227 5091 364 5098 --μ-..ρ
400 5092 418 5098 ο
440 5088 463 5098 ..
519 5088 831 5098 ΑΔὰ-Δ⁸-“-.

934 5076 1298 5098 Α-ικ.Δ....-..---.
1330 5074 1425 5098 .12--
1480 5087 1709 5098 ...--A-..-t

1796 4628 1851 4674 et
1881 4618 2099 4673 interim
2125 4632 2221 4688 per
2248 4615 2635 4684 indulgentiam
2666 4615 2950 4684 presbyter
2998 4614 3140 4667 idem
3170 4619 3391 4666 maneat

1796 4708 1850 4763 in
1876 4708 2067 4762 ordine
2126 4721 2266 4769 suo,
2315 4706 2486 4759 donec
2532 4705 2587 4757 in
2638 4701 2952 4773 provinciali
3008 4701 3211 4772 synodo
3259 4700 3391 4770 quid

1797 4799 1994 4855 exinde
2028 4799 2322 4854 tenendum
2348 4786 2421 4848 sit
2446 4795 2773 4860 inveniatur,
2797 4794 2956 4864 quod
2974 4808 3076 4849 nec
3106 4792 3394 4864 praeceptis

1799 4888 2123 4959 evangelicis
2149 4886 2507 4953 coiitrarinm,
2541 4903 2639 4944 nec
2677 4884 2911 4941 decretis
2965 4893 3278 4942 sanctorum
3311 4896 3396 4937 reé

1801 4983 2046 5056 periutur
2070 4983 2355 5037 adversum
2382 4997 2397 5045 ;
2428 4982 2576 5047 item,
2605 4980 2904 5056 gratiarum
2956 4979 3210 5037 referens
3229 4975 3409 5028 actio-‘

1848 5088 1900 5098 --
1923 5088 2017 5098 α-..
2048 5072 2326 5098 1.-..ηομξι..
2353 5087 2495 5098 ου..-
2529 5075 2633 5098 -:t.-.
2668 5072 2733 5098 -t.
2764 5086 2826 5098 ..Α
2872 5069 2886 5098 :

3212 5073 3294 5098 nol
3304 5077 3400 5098 an.

1807 5088 1900 5098 ..-Α
1923 5088 2017 5098 ιι-..
2048 5072 2326 5098 L-..-n..:8..
2353 5087 2495 5098 om..-
2529 5075 2633 5098 .t:'.'.
2668 5072 2733 5098 ..1.
2764 5086 2826 5098 ΑΛ
2872 5069 3137 5098 ἷκε-.-.ἀρθῇ
