3904 5396
452 201 559 256 2‘27

1555 203 1945 262 FLODOARDI
1984 204 2303 263 CANO'NICI
2343 208 2686 267 REMENSIS

3626 217 3736 274 228

449 322 648 394 quibus
678 321 730 377 in
758 319 964 392 synodo
1005 318 1078 376 sit
1121 333 1342 375 necesse
1393 321 1650 387 tractari;
1682 323 1823 378 unde
1855 332 1911 377 et
1941 338 2034 377 rex
2063 327 2111 384 Α
2141 323 2326 378 mitem
2355 327 2503 394 pacis
2529 326 2671 382 inter
2699 339 2793 383 eos
2825 338 3232 398 procuratorem
3261 339 3412 389 tanto
3439 333 3735 404 benignius

450 415 880 486 metropolitanis
910 413 1058 484 regni
1087 413 1167 468 sui
1195 413 1404 470 litteras
1435 414 1662 478 miserit,
1689 415 2031 486 prtecipiens,

450 517 512 560 ut
539 504 884 575 coepiscopos
911 518 1038 559 suos
1063 504 1131 557 ad
1174 505 1419 559 eamdem
1461 517 1823 560 convocarent
1867 522 2036 576 syno-

449 598 574 652 dum
599 613 614 662 ;
655 596 806 660 item,
833 609 930 664 pro
955 605 1109 664 parte
1135 595 1377 654 decima},
1400 611 1565 664 quam
1613 595 1717 650 sibi
1763 595 2036 666 signitica-

447 698 562 744 tum
592 689 810 753 fuerat,
859 689 928 744 ab
971 689 1193 757 antiqua
1251 688 1396 757 regia
1439 689 1651 758 capella
1705 689 1932 753 tulisse,
1979 698 2036 744 et

446 782 630 849 altari,
670 797 834 853 quam
881 783 1093 837 noviter
1138 791 1492 846 sacraverat,
1540 783 1851 849 addidisse;
1891 784 2031 852 quod

447 875 575 944 quia
604 883 793 928 contra
824 872 1036 942 regulas
1065 882 1210 926 esset
1236 912 1250 935 ,
1279 872 1592 938 emendare,
1638 875 1682 928 si
1711 875 1784 928 sit
1809 884 1990 929 actum
2017 915 2033 939 ,

447 964 679 1029 suadet;
705 964 855 1027 item,
888 979 985 1032 pro
1007 963 1236 1034 quodam
1265 966 1603 1035 presbytero,
1633 965 1722 1034 qui
1755 965 1820 1018 ad
1849 967 2030 1021 sedem

448 1056 772 1112 Remensem
832 1057 1260 1126 proclamaverat
1292 1098 1306 1122 ,
1367 1055 1739 1127 pnejudicium
1811 1073 1870 1114 se
1923 1060 2033 1128 pati

448 1156 672 1217 questus
705 1148 773 1202 ab
803 1137 1247 1217 eodemprazsule
1284 1163 1403 1212 suo,
1438 1148 1726 1204 interdicto
1760 1149 1861 1204 sibi
1909 1165 2032 1204 cum

448 1239 610 1293 rebus
657 1239 772 1292 suis
805 1237 982 1293 ollicio
1028 1254 1242 1307 quoque
1285 1239 1639 1301 sacerdotali,
1688 1255 1791 1294 nec
1842 1250 2034 1311 sponte

446 1329 720 1393 confesso,
754 1345 853 1384 nec
886 1329 1207 1399 regulariter
1251 1331 1523 1393 convicto,
1569 1346 1666 1400 pro
1713 1331 1944 1386 tumultu
1977 1340 2035 1385 et

447 1417 740 1472 homicidio
781 1428 1113 1488 perpetrato,
1165 1419 1255 1472 ubi
1305 1418 1667 1485 interfuerat,
1698 1428 1754 1474 et
1800 1422 2035 1477 invictus

446 1522 598 1562 arma
679 1507 1020 1563 defendendo
1103 1523 1161 1563 se
1222 1518 1581 1578 sumpserat,
1653 1508 2035 1580 hominemque

445 1600 862 1663 vulneraverat,
891 1616 996 1655 non
1043 1609 1222 1656 tamen
1274 1615 1400 1655 eum
1448 1602 1541 1670 qui
1589 1601 1806 1656 occisus
1836 1601 2029 1658 fuerat.

2137 415 2464 480 admitteret,
2498 427 2699 486 quanto
2727 418 2816 473 Dei
2850 436 2972 476 esse
2999 420 3167 476 filium
3198 439 3295 493 pro
3343 425 3625 497 Evangelii
3649 443 3741 483 ve-

2138 506 2298 561 ritate
2330 518 2776 579 recognosceret;
2807 511 2962 574 item,
2987 528 3084 581 pro
3113 513 3320 568 duobus
3339 515 3490 570 vasis
3515 515 3735 572 salariis

2140 613 2261 666 qua:
2290 613 2385 653 rex
2445 609 2634 655 sancto
2687 600 2962 670 Stephano
2989 604 3259 670 mittebat,
3293 615 3348 659 et
3368 621 3538 662 aurea
3570 623 3737 664 cruce

2137 707 2259 746 cum
2291 702 2603 746 sanctorum
2645 694 2911 763 reliquiis,
2934 709 3095 764 quam
3123 696 3310 766 regina
3337 697 3629 769 delegabat
3649 699 3730 752 al-

2139 779 2244 834 tari
2296 778 2538 848 ejusdem
2587 786 2801 848 sancti;
2857 785 3008 849 item,
3041 801 3140 856 pro
3189 785 3511 856 inquirenda
3545 805 3732 853 causa,

2132 870 2292 939 juxta
2322 873 2462 943 regis
2492 875 2825 940 mandatum,
2865 891 2986 945 quae
3008 879 3330 934 versabatur
3353 880 3497 934 inter
3517 882 3735 950 episco—

2137 979 2233 1033 pos
2279 962 2521 1020 Odonem
2581 972 2637 1018 et
2695 966 3041 1033 ltotbadum;
3105 968 3231 1022 item
3256 985 3356 1039 pro
3385 970 3734 1025 ordinatione

2134 1052 2358 1107 Arnoldi
2411 1052 2680 1108 Tullensis
2730 1055 2990 1124 episcOpi,
3044 1065 3103 1110 ut
3127 1070 3212 1112 eat
3258 1058 3472 1112 obviam
3505 1076 3607 1130 pro
3631 1061 3733 1114 hoc

2136 1142 2876 1199 Adventioethrardoidem
2894 1148 3218 1214 petentibus,
3245 1151 3311 1203 ad
3344 1153 3599 1204 eamdem
3625 1152 3731 1203 sci-

2138 1231 2267 1288 licet
2308 1234 2704 1288 ordinationem
2747 1235 3130 1290 celebrandam
3187 1238 3238 1292 in
3292 1254 3428 1309 pago
3477 1239 3728 1302 Mezeiisi,

2137 1326 2434 1382 secundum
2482 1327 2626 1398 regis
2675 1326 3018 1396 jttssionem;
3077 1331 3227 1392 item,
3277 1347 3400 1387 cum
3428 1332 3644 1399 0.l0ttc,
3675 1343 3732 1385 ut

2136 1415 2425 1486 loquantur
2453 1417 2613 1472 simul
2643 1420 2785 1488 apud
2807 1434 3013 1489 regem,
3048 1435 3146 1489 pro
3175 1422 3379 1492 synodo
3409 1423 3729 1491 provinciali

2137 1511 2531 1577 convocanda;
2593 1512 2743 1578 item,
2798 1512 3101 1567 consulenti
3153 1513 3198 1568 si
3223 1515 3288 1568 de
3313 1516 3606 1581 moiiaclto,
3640 1531 3732 1568 ne-

2139 1605 2411 1671 cessitate,
2431 1614 2675 1676 cogente,
2696 1603 3322 1664 valeatarchidiaconum
3347 1605 3690 1661 constituere
3713 1624 3728 1671 ;

444 1691 500 1746 In
529 1692 723 1761 quibus
785 1692 984 1747 litteris
1045 1692 1281 1748 ostendit
1338 1707 1406 1746 ex
1458 1693 1784 1748 auctoritate
1828 1709 1983 1750 sacra
2010 1737 2025 1762 ,
2059 1683 2105 1742 Β
2135 1692 2284 1758 item,
2326 1709 2424 1765 pro
2449 1695 2684 1762 quodam
2713 1693 2930 1749 homine
2951 1709 3050 1749 suo
3075 1696 3143 1750 ab
3190 1696 3304 1765 ipso
3349 1697 3729 1750 excommuni-

443 1781 571 1852 qnid
621 1783 968 1837 discretionis
1019 1783 1089 1837 sit
1143 1784 1196 1837 in
1246 1781 1555 1852 hujusmodi
1613 1799 1775 1840 causa
1836 1795 2027 1840 tenen-

445 1876 570 1931 dum
600 1917 614 1940 ,
647 1885 703 1931 et
750 1891 872 1946 quae
908 1892 1191 1932 sacrorum
1243 1891 1518 1932 canonum
1553 1877 1665 1932 sint
1713 1879 2025 1935 adhibenda

445 1969 701 2039 capitula.

518 2058 721 2114 Scribit
776 2060 846 2115 ad
901 2062 1148 2117 eumdem
1189 2071 1244 2117 et
1297 2062 1401 2117 alia
1453 2063 1722 2133 quadam.
1771 2063 2028 2136 Rageno-

445 2148 556 2206 lino
616 2149 1027 2222 Noviomagensi
1057 2192 1072 2215 ,
1121 2169 1220 2223 pro
1276 2155 1510 2224 quodam
1569 2157 1888 2227 presbytero
1937 2157 2026 2227 qui

445 2243 494 2297 ei
542 2243 748 2299 litteras
794 2245 862 2298 ab
900 2244 1138 2298 Adriano
1176 2261 1311 2316 papa
1356 2247 1622 2301 detulerat
1658 2247 1790 2318 (15),
1834 2248 2029 2318 prmci-

443 2334 657 2404 pientes
691 2341 749 2387 ut
797 2333 840 2389 si
893 2335 1176 2405 episcOpus
1233 2336 1370 2390 idem
1415 2338 1558 2405 quod
1611 2337 1806 2406 injuste
1853 2338 2032 2391 fuerat

443 2434 624 2479 actmn
669 2425 810 2480 circa
858 2427 1106 2480 eumdem
1155 2428 1531 2498 presbyterum
1587 2428 1861 2498 corrigere
1915 2427 2024 2482 dif-

444 2515 652 2578 ferret,
709 2526 828 2586 post
873 2518 1103 2587 primam
1152 2527 1207 2573 et
1258 2520 1550 2573 secundam
1606 2519 2027 2575 admonitionem

443 2608 673 2663 domnus
749 2608 1070 2664 Hincmarns
1145 2612 1289 2664 hunc
1365 2609 1684 2681 Ragelinttm
1765 2611 2026 2666 canonica

446 2713 618 2767 usque
678 2698 746 2752 ad
806 2699 1230 2754 satisfactionem
1293 2701 1612 2770 percelleret
1680 2702 2024 2756 auctoritate.

447 2784 599 2840 Unde
627 2794 682 2839 et
719 2785 914 2840 litteris
941 2803 1065 2842 eum
1114 2799 1322 2848 monet,
1373 2798 1431 2843 ut
1474 2789 1646 2858 jussis
1690 2792 2030 2860 obtemperet

444 2891 612 2945 papae,
643 2885 696 2931 et
719 2892 889 2947 quare
918 2876 1002 2932 vel
1033 2878 1155 2946 ipsi,
1202 2878 1285 2933 vel
1310 2878 1430 2933 aliis
1472 2879 1791 2948 quibusdam
1821 2881 2026 2951 episco-

442 2967 526 3037 pis
559 2969 683 3022 talia
708 2969 894 3024 venire
919 2970 1155 3024 solerent
1184 2971 1251 3025 ab
1281 2971 1573 3040 apostolica
1596 2972 1723 3025 sede
1752 2974 2022 3036 mandata,

2131 1794 2256 1840 cato
2282 1823 2298 1849 ,
2345 1798 2504 1854 quem
2557 1784 2685 1854 quia
2715 1784 3156 1840 irrationabiliter
3201 1784 3452 1840 audierat
3482 1785 3727 1855 ligatum,

2131 1885 2314 1932 monet
2354 1877 2642 1947 diligenter
2702 1877 2943 1944 absolvi;
2993 1878 3086 1944 ite,
3138 1895 3234 1949 pro
3255 1881 3462 1950 synodo
3503 1878 3732 1934 Joannis

2129 1983 2280 2039 papa:
2307 1966 2492 2038 [Ιοαιι.
2533 1967 2654 2040 viti]
2681 1968 2880 2022 domno
2929 1968 3224 2025 Hincmaro
3273 1971 3342 2025 ab
3397 1973 3730 2042 imperatore

2131 2058 2328 2113 Karolo
2359 2059 2540 2121 missa,
2579 2073 2742 2128 quain
2780 2059 2922 2114 idern
2941 2061 3265 2116 Villebertus
3283 2064 3726 2132 transcripserat.

2130 2149 2398 2219 Jubetque
2429 2159 2487 2203 ut
2514 2150 2582 2204 ad
2606 2150 2817 2206 vicinos
2847 2151 2949 2206 sibi
2999 2152 3288 2224 episcopos
3330 2154 3633 2208 Berardum
3677 2163 3734 2208 et

2129 2241 2429 2296 Arnoldum
2454 2241 2700 2295 eamdem
2735 2241 3087 2307 transmittat,
3130 2253 3238 2296 etc.

2201 2331 2307 2388 Sed
2359 2341 2415 2386 et
2460 2330 2561 2385 alia
2616 2331 2861 2400 quredam
2908 2333 3104 2386 scribt
3139 2331 3356 2394 eidem;
3405 2330 3728 2386 Hildebaldo

2131 2421 2510 2483 Suessonensi,
2539 2436 2638 2490 pro
2671 2421 2904 2490 quadam
2937 2421 3187 2486 ecclesia,
3219 2423 3284 2476 de
3312 2437 3418 2492 qua
3449 2425 3728 2478 contentio

2133 2513 2438 2582 agitabatur
2461 2511 2603 2566 inter
2638 2513 2813 2582 ipsum
2841 2521 2896 2566 et
2921 2510 3161 2568 Odonem
3192 2511 3574 2568 Belvacensem
3607 2514 3730 2584 epi-

2130 2619 2369 2673 sc0putn.
2424 2617 2592 2671 quam
2640 2617 2734 2657 rex
2776 2602 2979 2657 destrui
3011 2603 3398 2672 praecipiebat;
3447 2604 3601 2666 item,
3627 2618 3728 2673 pro

2129 2694 2392 2748 ministris
2443 2691 2768 2749 Orbaceusis
2809 2692 3125 2748 monasterii
3181 2693 3523 2758 ordinandis,
3563 2701 3622 2746 et
3660 2694 3728 2748 de

2129 2786 2448 2856 quibusdam
2475 2784 2760 2850 fratribus,
2792 2787 2882 2856 qui
2912 2787 2979 2839 ab
3003 2787 3192 2840 eodem
3231 2787 3564 2839 monasterio
3597 2785 3728 2838 irra-

2129 2875 2457 2951 tionabilite;
2477 2875 2747 2940 exierant,
2784 2876 3092 2944 reversique
3132 2886 3316 2945 postea
3367 2876 3566 2945 recepti
3601 2876 3719 2929 fuc-

2129 2976 2280 3031 rant;
2316 2966 2467 3029 item,
2501 2981 2596 3034 pro
2625 2966 2949 3034 quibusdant
2981 2966 3311 3035 presbyteris
3343 2980 3411 3017 ex
3440 2973 3724 3018 monaste-

445 3059 686 3114 tleclarat
736 3075 750 3114 :
800 3063 926 3130 quia
957 3061 1164 3116 scilicet
1188 3063 1238 3116 in
1270 3038 1575 3130 iudicandis
1611 3063 1841 3119 subditis
1873 3079 2026 3134 regu-
2056 3038 2098 3099 (ί
2134 3059 2212 3112 rio
2239 3057 2412 3112 sancti
2440 3056 2700 3125 Crispini,
2729 3059 2794 3111 de
2835 3056 3032 3124 quibus
3066 3055 3299 3108 domnus
3323 3054 3562 3109 Joannes
3584 3045 3725 3124 papa

445 3148 616 3203 larem
643 3167 749 3206 non
785 3161 1082 3220 sequantur
1114 3153 1383 3207 tramitem
1420 3154 1782 3219 discretionis,
1807 3163 1861 3208 et
1895 3168 2028 3223 quo—

447 3240 592 3294 niam
620 3243 685 3294 ad
725 3243 1103 3297 auctoritatem
1137 3245 1607 3313 metropolitattam
1644 3245 2028 3316 interrogando

445 3338 608 3397 atque
633 3330 933 3384 obediendo
957 3347 1235 3387 recurrere
1257 3334 1526 3404 negligant
1549 3351 1564 3400 ;
1599 3334 1749 3399 item,
1781 3351 1878 3404 pro
1899 3336 2030 3389 visi-

449 3420 660 3474 tatione
689 3419 1010 3475 Mutinensis
1062 3422 1316 3478 Ecclesia:
1359 3432 1483 3493 post
1540 3424 1747 3479 obitum
1780 3424 2027 3479 llunf'ridi

447 3512 706 3582 episcopi,
737 3511 894 3582 juxta
927 3513 1334 3584 dispositionem
1386 3514 1528 3585 regis
1557 3531 1572 3581 ;
1603 3516 1753 3579 item,
1791 3530 1889 3587 pro
1917 3515 2028 3570 Ro-

447 3606 610 3661 tltado
658 3606 888 3674 quodam
949 3607 1115 3676 ipsius
1152 3607 1390 3677 episc0pi
1419 3609 1618 3674 amico,
1641 3609 1731 3677 qui
1761 3623 1878 3674 sua,
1909 3623 2030 3678 qua:

450 3694 595 3750 illius
642 3697 988 3752 commiserat
1028 3697 1174 3763 fidei,
1203 3713 1261 3753 se
1305 3698 1492 3753 fraude
1519 3699 1817 3768 perdidisse
1839 3712 2032 3769 quere-

443 3787 647 3856 batur;
677 3789 961 3844 consilimn
992 3790 1130 3844 dans
1179 3791 1307 3861 qttid
1339 3791 1462 3846 inde
1489 3790 1713 3855 faceret,
1740 3806 1806 3846 ne
1840 3791 1907 3845 ad
1937 3805 2028 3862 sy.

443 3879 689 3935 nodaletn
717 3883 1039 3937 sententiam
1080 3883 1408 3953 perveniret.
1439 3883 1730 3940 Villeberto
1755 3883 1875 3956 [ιιιε.
1901 3882 2032 3939 Gui-

446 3969 678 4040 loberto]
727 3970 1108 4027 Catalaunensi
1164 3975 1417 4028 rescribit
1462 3975 1532 4030 ad
1579 3975 1750 4045 ipsius
1783 3977 2028 4030 consulta

443 4075 542 4129 pro
571 4059 837 4128 Gangulfo
865 4062 1084 4127 comite,
1123 4071 1181 4116 ut
1228 4064 1295 4120 de
1330 4065 1414 4119 bis
1445 4079 1564 4134 qua:
1603 4074 1791 4120 contra
1821 4081 1942 4120 eum
1970 4079 2031 4121 se

445 4149 639 4203 fecisse
667 4149 748 4203 vel
788 4151 1011 4218 negabat
1041 4152 1311 4220 quaedam,
1335 4153 1418 4208 vel
1441 4153 1800 4208 confitebatur
1825 4154 2029 4223 aliqua,

438 4237 597 4309 juxta
625 4249 951 4308 prteceptum
983 4241 1343 4309 apostolicum
1394 4243 1588 4298 leniter
1614 4254 1818 4315 ageret,
1842 4255 2031 4315 quate-

441 4344 546 4385 nus
572 4328 625 4383 in
657 4328 758 4383 hoc
789 4327 957 4399 legem
990 4329 1213 4395 Christi,
1249 4334 1573 4389 cbaritatem
1603 4336 1828 4404 scilicet,
1858 4336 2031 4391 adim-

2129 3147 2306 3202 eidetu
2359 3147 2558 3200 domno
2607 3144 2900 3198 llincmaro
2934 3144 3266 3214 scripserat,
3310 3152 3366 3198 et
3417 3143 3486 3197 de
3528 3143 3726 3212 quibus

2136 3237 2425 3292 diflinitum
2483 3234 2683 3301 fuerat,
2712 3244 2772 3289 ut
2822 3243 2976 3289 extra
3007 3240 3244 3289 claustra
3274 3235 3589 3287 monasterii
3620 3248 3726 3285 non

2130 3335 2438 3396 pergerent,
2487 3334 2543 3380 et
2582 3327 2769 3381 eadem
2814 3341 3048 3380 censura
3074 3327 3152 3380 eis
3193 3333 3415 3394 palerne
3451 3334 3716 3394 tempere-

2132 3430 2258 3487 tur;
2316 3421 2466 3485 item,
2511 3435 2609 3490 pro
2635 3419 2977 3473 ordinatione
3002 3417 3290 3471 lladeberti
3332 3416 3398 3469 ad
3445 3416 3726 3486 episcopa-

2135 3523 2251 3567 tum
2280 3510 2700 3567 Silvauectensis
2723 3508 2978 3564 Ecclesia:
3003 3524 3017 3575 ;
3045 3508 3192 3573 item,
3220 3523 3318 3578 pro
3343 3507 3540 3562 litteris
3561 3505 3725 3560 Joan-

2132 3602 2229 3668 nis;
2263 3617 2414 3673 papa:
2458 3616 2488 3653 a
2521 3601 2753 3670 quodam
2813 3599 3100 3655 criminato
3145 3597 3466 3669 presbytero
3506 3597 3722 3661 delatis,

2130 3706 2266 3761 quas
2295 3705 2326 3744 a
2358 3688 2528 3746 sacris
2562 3689 2862 3743 canonibus
2909 3698 2964 3742 et
3013 3697 3324 3742 sanctorum
3365 3686 3600 3741 decretis
3630 3686 3724 3739 Pa.

2133 3793 2275 3840 trum
2330 3781 2616 3838 manifeste
2662 3779 2978 3835 discordare
3034 3787 3446 3844 commemorat,
3497 3779 3641 3833 unde
3669 3786 3724 3832 et

2131 3873 2364 3944 qualiter
2392 3871 2658 3943 agendum
2691 3870 2782 3934 sit,
2825 3869 2955 3924 utile
2981 3870 3074 3924 dat
3124 3869 3405 3924 consilium
3440 3885 3456 3933 ;
3484 3870 3638 3932 item,
3669 3877 3724 3922 ut

2130 3983 2314 4022 secum
2343 3965 2502 4022 simul
2527 3966 2594 4020 ad
2627 3966 2971 4036 prazsentiam
3007 3964 3233 4021 Joannis
3255 3982 3406 4036 papa:
3444 3975 3719 4036 pergeret,

2130 4059 2222 4128 qui
2260 4059 2459 4114 Trecas
2491 4075 2589 4129 pro
2617 4060 2941 4130 quibusdam
2995 4061 3176 4115 causis
3212 4058 3538 4114 difIiuiendis
3561 4061 3724 4115 adve-

2130 4157 2326 4214 nerat;
2365 4148 2517 4214 item,
2557 4163 2656 4218 pro
2681 4151 3068 4205 constitutione
3095 4163 3304 4220 regmn,
3345 4149 3584 4203 filiorum
3613 4150 3719 4202 Lu-

2130 4241 2330 4306 dovici,
2383 4243 2524 4296 unde
2573 4243 2966 4296 mandaverant
3013 4243 3061 4296 ei
3093 4243 3358 4313 episcopi,
3390 4244 3642 4306 abliatcs,
3669 4252 3721 4296 et

2130 4331 2384 4398 comites,
2433 4332 2524 4402 qui
2577 4347 2700 4387 cum
2753 4332 2882 4403 ipsis
2904 4342 3078 4398 erant,
3114 4340 3172 4386 ut
3201 4335 3267 4387 ad
3298 4349 3392 4388 eos
3421 4333 3635 4388 litteras
3668 4344 3714 4388 et

441 4418 615 4491 pleret
645 4418 789 4489 (Gal.
815 4420 914 4491 vr),
941 4430 996 4476 et
1021 4423 1089 4477 ad
1116 4422 1540 4480 satisfactionem
1571 4425 2026 4498 dilectionemque
2056 4415 2104 4474 D
2131 4424 2358 4478 missum
2409 4439 2564 4477 suum
2621 4423 2899 4493 dirigeret,
2955 4425 3098 4493 quod
3153 4433 3206 4478 et
3259 4423 3409 4488 fecit,
3454 4427 3719 4480 mandans

439 4512 525 4568 sui
548 4521 819 4582 utcunque
848 4524 1062 4585 posset,
1117 4524 1172 4571 et
1202 4517 1465 4572 industria
1494 4519 1742 4574 eumdem
1772 4521 2024 4576 comitem

438 4617 710 4674 provocan
742 4648 761 4668 ,
804 4604 882 4660 illi
936 4622 1089 4661 suam
1137 4607 1433 4664 clarescere
1475 4609 1859 4680 benignitatem
1898 4627 2023 4682 per-

440 4696 701 4751 mitteret.
731 4695 941 4752 Decens
967 4698 1112 4754 enim
1137 4712 1276 4763 esse,
1309 4707 1366 4752 ut
1394 4699 1688 4768 primordia
1731 4701 1813 4756 sui
1843 4717 2026 4757 sacer-

442 4783 574 4838 d0tii
602 4785 886 4841 devotione
914 4797 1077 4857 atque
1103 4788 1388 4843 dilectione
1425 4790 1849 4846 commendaret.
1889 4792 2021 4848 item

441 4886 542 4942 pro
571 4874 805 4942 quodam
833 4879 1151 4948 presbytero
1175 4887 1595 4947 transgressore,
1625 4889 1686 4934 ut
1722 4884 2019 4938 secundum

439 4964 588 5020 beati
624 4963 868 5035 Gregorii
914 4969 1139 5032 monita,
1168 4971 1234 5024 de
1268 4969 1436 5037 ipsius
1463 4971 1803 5030 absolutione
1835 4975 2016 5042 faciat,

433 5054 584 5125 juxta
633 5055 1002 5127 propheticam
1063 5057 1129 5112 de
1184 5058 1524 5115 confessione
1572 5065 1907 5132 pmnitentis,
1965 5076 2020 5121 et

2133 4513 2258 4568 huic
2286 4514 2560 4583 episcopo,
2597 4523 2655 4568 ut
2689 4513 2756 4567 ad
2809 4529 2906 4569 eos
2942 4513 3317 4583 proficiscens,
3343 4530 3464 4584 qua:
3496 4514 3611 4570 Deo
3642 4518 3718 4569 in-

2130 4606 2370 4676 spirante
2385 4606 2709 4673 invenerint,
2729 4607 2868 4660 votis
2889 4607 3299 4661 etorationibus
3319 4619 3715 4677 prOsequatur;

2130 4696 2278 4762 item,
2331 4712 2454 4750 cum
2486 4696 2748 4760 Waltero,
2782 4694 3093 4751 Gisleberto
3129 4704 3184 4750 et
3220 4697 3483 4769 Angelin
3506 4699 3710 4768 episco~

2127 4785 2232 4853 pis,
2257 4795 2315 4838 ut
2346 4785 2697 4839 convenirent
2719 4799 2904 4838 secmn
2932 4787 2998 4839 ad
3024 4787 3386 4857 peragendam
3409 4786 3715 4854 jussionen:

2127 4873 2332 4943 prxfati
2350 4890 2502 4944 pap:e
2514 4874 2739 4929 Joannis
2759 4876 2898 4930 inter
2913 4876 3268 4932 Hetlenulfntn
3290 4892 3343 4933 et
3360 4863 3714 4937 llincmarum

2118 4965 2504 5020 Laudunenses
2532 4966 2832 5038 episcopos,
2871 4983 2994 5022 cum
3025 4984 3303 5024 sacrorum
3334 4973 3712 5026 observatione

2118 5073 2419 5134 canonum;
2453 5057 2609 5122 item,
2659 5059 3084 5113 exhortatoriam
3128 5061 3193 5114 ad
3239 5065 3488 5116 eumdem
3534 5061 3710 5117 Hilde-
