3904 5396
156 224 248 282 129
702 217 1049 276 HISTORIA}
1091 214 1445 274 ECCLESIE
1484 213 1829 271 REMENSIS
1866 213 2047 270 LIBRI
2092 213 2449 283 QUATUOR.
2480 251 2546 261 —-
2574 220 2701 275 LIB.
2746 221 2830 276 Ill.

3298 225 3405 280 250

156 342 235 395 ille
261 337 672 408 signiﬁcaverat,
698 335 929 391 ostensis
958 334 1313 399 mirabilibus,
1344 349 1402 389 so
1432 333 1719 403 reperisse,
1752 338 1799 397 Α
1828 336 2207 403 transmiserit,
2254 352 2480 394 monens
2529 348 2587 393 ut
2630 348 2776 411 petat
2815 356 2988 412 reges,
3035 351 3090 397 et
3134 342 3408 414 llugonem

154 430 368 502 qualiter
395 428 615 482 easdam
645 427 914 496 disponat,
944 434 1000 481 et
1044 426 1110 478 de
1146 424 1373 479 ecclesia
1404 424 1577 479 sancti
1619 422 1725 478 Pe-

154 524 235 586 tri,
269 535 428 591 quam
472 528 746 574 restruere
792 517 1092 581 tractabat,
1142 516 1376 585 qualiter
1409 524 1621 585 ageret;
1660 528 1727 571 ac

154 617 210 671 de
247 612 579 675 inﬁrmitate,
615 610 696 665 vel
738 609 992 665 evasione
1039 624 1159 673 sua,
1203 616 1258 663 et
1299 617 1525 672 czetera;
1574 608 1722 673 item,

152 706 209 760 de
240 705 374 758 villis
410 704 649 757 Boletico
677 712 731 756 et
777 701 940 771 Fago,
973 716 1091 769 qua:
1134 700 1340 754 debitas
1369 698 1722 769 presbyteris,

152 800 368 866 decimas
392 799 721 852 recusabant
741 798 891 861 dare,
915 796 1042 866 quid
1067 805 1211 850 esset
1238 796 1538 865 agendum;
1568 796 1720 862 item,

148 904 236 960 pro
280 888 551 941 mandatis
597 902 750 957 papa:
794 885 1019 941 Joannis
1066 885 1132 938 de
1180 886 1471 939 llincmaro
1510 885 1725 941 Landu-

150 977 283 1031 nensi
332 976 399 1029 ad
452 975 701 1030 eumdem
746 973 986 1028 Atulfum
1033 974 1102 1028 ab
1140 974 1257 1043 ipso
1301 990 1437 1044 papa
1481 974 1718 1041 directo,

148 1066 258 1136 quid
298 1066 372 1120 illi
407 1075 481 1119 srt
515 1066 935 1120 observandum.
979 1064 1193 1118 Waloni
1238 1066 1557 1120 Metensium
1587 1083 1723 1138 pra:-

147 1158 255 1221 suli,
289 1159 353 1211 ad
399 1157 614 1211 litteras
652 1172 787 1226 quas
843 1156 915 1209 illi
950 1158 1222 1211 direxerat
1250 1172 1347 1228 pro
1386 1158 1723 1215 documentis

146 1248 251 1302 vita:
284 1248 598 1317 pastoralis,
647 1258 702 1303 et
745 1246 1202 1301 confrederatione
1230 1246 1483 1303 fraterna:
1527 1251 1721 1305 unani~

145 1338 359 1400 mitalis,
407 1348 573 1406 atque
614 1336 679 1391 de
720 1337 997 1406 repentina
1035 1338 1203 1406 ipsius
1244 1339 1625 1408 provectione,
1661 1348 1723 1394 ut

144 1426 503 1481 confortabilia
526 1427 626 1482 sibi
653 1428 813 1481 verba
847 1428 1191 1482 remandaret
1219 1430 1533 1499 expetenti;
1567 1431 1717 1496 item,

144 1534 227 1587 pro
275 1519 512 1586 quodam
572 1520 919 1589 presbytero,
970 1519 1055 1572 cui
1118 1520 1346 1573 domnus
1398 1519 1720 1575 lliucmarus

141 1612 381 1680 quasdam
419 1626 509 1665 res
540 1611 820 1665 ltemensis
853 1610 1107 1665 Ecclesiae
1153 1610 1495 1678 conjacentes
1535 1612 1586 1665 in
1618 1611 1720 1667 Vo-

1828 424 2104 490 abbatem,
2133 436 2195 481 ut
2218 429 2543 497 quantocius
2585 429 2685 484 sibi
2725 430 2915 485 litterae
2944 446 2973 485 a
3009 432 3223 502 regibus
3252 450 3413 505 super

1829 514 1930 571 bac
1954 530 2116 571 causa
2162 519 2467 583 mittantur,
2498 522 2624 591 quia
2663 523 2778 591 ipsa
2808 522 3046 578 Ecclesia
3086 526 3201 579 sine
3239 526 3410 580 detri-

1826 616 2010 661 mento
2048 606 2137 661 diu
2186 624 2381 664 vacare
2426 621 2642 681 pastore
2685 628 2788 667 non
2832 623 3070 683 poterat;
3122 616 3273 681 item,
3311 632 3412 685 pro

1824 696 2011 749 eadem
2043 711 2121 759 re,
2153 706 2208 752 et
2233 698 2354 753 aliis
2379 701 2722 769 quibusdam.
2754 703 3077 768 Adalberno,
3106 721 3202 775 pro
3224 707 3411 761 visita-

1826 786 1970 840 tione
1997 786 2232 855 praefata:
2260 789 2619 847 Tornacensis
2655 792 2931 857 Ecclesiae,
2964 804 3020 849 ut
3048 796 3220 852 eidem
3252 812 3404 851 suam

1823 877 2192 933 visitationem
2239 880 2467 936 solerter
2512 883 2807 952 impendat,
2853 896 2907 940 et
2946 884 3259 957 frequenter
3298 888 3409 942 elc-

1822 968 2018 1023 ctionis
2059 967 2288 1024 formam
2319 971 2464 1027 clero
2504 972 2753 1044 plebique
2794 975 3013 1047 relegat,
3050 986 3104 1032 et
3151 978 3406 1043 inculcet,

1823 1075 1890 1114 ne
1921 1075 2021 1129 per
2046 1060 2407 1131 ignorantiam
2451 1063 2519 1117 ab
2564 1065 2752 1119 eadem
2800 1066 2971 1120 forma
3016 1068 3069 1121 in
3111 1067 3291 1138 aliquo
3317 1070 3408 1123 de-

1821 1151 1999 1215 vient;
2032 1151 2182 1214 item,
2224 1167 2323 1221 pro
2363 1153 2628 1209 electione
2663 1157 2894 1225 pastoris
2938 1158 3107 1228 ipsius
3137 1157 3406 1222 Ecclesitc,

1822 1251 1876 1294 et
1897 1240 2021 1308 quia
2046 1239 2198 1294 multi
2228 1240 2560 1303 laborarent.
2585 1254 2642 1298 ut
2665 1260 2769 1299 non
2793 1261 2889 1315 per
2916 1249 3113 1301 ostium
3143 1248 3411 1302 intrarent

1822 1329 2003 1395 (Joan.
2033 1330 2112 1400 x),
2155 1346 2260 1384 non
2292 1332 2576 1398 timentes,
2603 1349 2779 1404 neque
2810 1340 3231 1393 verecundantes
3264 1339 3411 1395 fures

1822 1418 1939 1474 ﬁeri
1965 1429 2021 1475 et
2049 1419 2307 1487 latrones,
2345 1431 2401 1476 et
2428 1424 2554 1493 quia
2596 1424 2932 1480 mandandus
2958 1427 3029 1482 sit
3060 1429 3125 1481 ad
3169 1444 3408 1497 prasen-

1821 1510 1949 1564 tiam
1976 1525 2185 1581 regum,
2212 1527 2318 1579 quo
2339 1527 2461 1566 eum
2501 1514 2799 1583 perrexerit
2829 1514 3079 1582 loquatur
3112 1532 3318 1579 secum,
3348 1526 3410 1573 ut

1819 1602 2055 1671 qualiter
2068 1604 2193 1657 hinc
2206 1603 2271 1657 de
2294 1613 2492 1658 caetero
2506 1605 2605 1658 sibi
2621 1605 2691 1658 sit
2704 1607 2967 1675 agendum
2984 1606 3141 1659 simul
3161 1607 3412 1661 conside-

141 1715 251 1767 sago
277 1699 652 1759 commiserat.
694 1700 783 1769 qui
831 1715 924 1754 eas
952 1698 1092 1753 male
1119 1710 1463 1760 tractaverat,
1495 1711 1549 1753 et
1581 1716 1713 1754 non-
1746 1713 1789 1772 Β
1820 1704 1960 1759 rem.
1983 1704 2038 1747 ει
2067 1704 2300 1762 θείω·θὶ
2332 1696 2481 1759 "em.
2511 1710 2609 1764 PI'O
2636 1696 2971 1763 querimonia
3015 1704 3069 1749 ει
3095 1696 3405 1765 Proclama-

142 1789 267 1841 nulla
299 1797 587 1843 contracta
620 1788 834 1843 fuerant
862 1806 926 1843 ex
964 1790 1165 1843 eisdem
1196 1791 1358 1845 rebus
1401 1790 1452 1843 in
1483 1800 1719 1861 potesta-

138 1886 227 1932 tem
254 1876 517 1932 Metensis
547 1878 820 1941 ecclesiae;
874 1868 1023 1943 item,
1055 1894 1155 1948 pro
1194 1878 1438 1944 consilio,
1477 1881 1618 1947 quod
1649 1881 1717 1935 ab

138 1984 195 2022 eo
223 1969 478 2037 petierat,
505 1968 571 2023 de
593 1970 939 2025 contentione
967 1969 1324 2039 quarumdam
1356 1986 1561 2038 rerum,
1594 1988 1716 2043 quae

136 2059 440 2113 versabatur
484 2060 626 2113 inter
664 2059 960 2115 Metensem
1005 2070 1061 2115 et
1099 2059 1486 2117 Trevcrensem
1526 2063 1718 2117 Eccle-

134 2149 271 2213 siam,
300 2159 356 2203 et
388 2149 457 2203 de
487 2148 653 2218 pallio
686 2165 716 2203 a
754 2151 880 2205 sede
906 2150 1146 2205 Romana
1174 2152 1275 2206 sibi
1302 2154 1542 2217 obtento,
1576 2154 1718 2208 unde

135 2239 567 2308 archiepiscopus
593 2239 763 2309 ipsius
790 2240 1001 2295 litteras
1028 2258 1179 2312 papa:
1210 2243 1483 2313 suscipere
1513 2243 1713 2309 noluit;

134 2330 268 2395 item,
300 2345 406 2401 pro
453 2332 797 2386 ordinatione
845 2330 1201 2387 Virdultensis
1246 2335 1505 2403 episcopi,
1556 2350 1713 2404 quem

134 2433 239 2491 post
271 2422 484 2477 obitum
514 2423 734 2477 Bemrdi
766 2432 956 2478 contra
999 2423 1212 2495 regulas
1244 2427 1468 2494 provehi
1497 2442 1714 2498 compe-

135 2524 281 2579 rerat,
339 2514 486 2568 banc
534 2514 815 2583 epistolam
867 2529 1019 2569 suam
1063 2516 1236 2570 sacris
1292 2517 1717 2575 institutionibus

133 2614 412 2669 instruens,
458 2613 513 2659 et
555 2605 788 2674 qualiter
813 2606 1167 2672 ordinandus,
1206 2608 1291 2663 vel
1325 2623 1431 2662 non
1460 2608 1716 2663 ordinan-

133 2692 217 2745 dus
245 2694 312 2747 sit
359 2696 681 2764 episcopus,
714 2696 909 2750 divinis
944 2696 1359 2753 auctoritatibus
1402 2701 1713 2767 ostendens,

132 2791 175 2835 et
224 2785 322 2837 aba
380 2795 642 2855 praeterea
690 2788 954 2856 quaedam.
1010 2786 1324 2853 lledenulfo,
1382 2806 1542 2860 quem
1593 2802 1715 2862 post

133 2875 471 2931 llincmarum
528 2877 772 2933 Lauduni
825 2881 1175 2936 ordinaverat
1222 2883 1567 2954 episcopum,
1616 2901 1715 2955 pro

130 2971 443 3036 quibusdam
491 2971 756 3035 diaconis,
788 2988 922 3042 quos
967 2974 1012 3027 ei
1056 2974 1321 3041 dirigebat
1359 2977 1423 3029 ad
1461 2979 1713 3031 sacerdo-

1822 1784 1968 1839 tione
2003 1785 2285 1855 cujusdam
2314 1786 2615 1856 presbyteri
2644 1784 2760 1855 ejus
2790 1786 3091 1856 parocbize,
3115 1788 3409 1840 ostendens

1817 1876 2052 1945 qualiter
2091 1876 2329 1946 episcopi
2374 1876 2767 1931 rusticanarum
2813 1878 3189 1946 parochiarum
3221 1877 3408 1932 Eccle-

1818 1966 1927 2021 sias
1952 1966 2241 2035 disponere
2283 1968 2550 2033 debeant,
2579 1974 2633 2021 et
2659 1967 2961 2037 gubernare
2994 1981 3008 2021 :
3041 1983 3299 2033 mouens,
3345 1976 3405 2022 ut

1817 2063 1961 2135 legat
1988 2064 2185 2133 saepius
2221 2063 2495 2119 bomiliam
2539 2064 2681 2117 beati
2712 2061 2955 2133 Gregorii
2985 2079 3046 2116 ex
3082 2061 3360 2132 evangelio
3388 2080 3401 2115 :

1817 2156 2125 2225 Designavit
2149 2155 2327 2221 Jesus,
2364 2164 2419 2211 et
2458 2155 2593 2209 alios
2631 2165 2967 2226 septuaginta
3001 2155 3154 2209 duos.
3207 2155 3405 2224 Regula

1816 2262 2030 2317 quoque
2059 2247 2343 2316 pastoralis
2388 2244 2628 2315 ejusdem
2665 2247 2809 2302 beati
2849 2246 3094 2317 Gregorii
3134 2245 3399 2313 (Gnaeos.

1815 2338 1957 2390 hom.
2014 2339 2079 2392 Π
2124 2339 2181 2390 in
2233 2335 2497 2407 Erang.),
2548 2354 2670 2391 cum
2724 2338 2895 2393 sacris
2951 2338 3249 2391 canouibus
3289 2336 3400 2389 fre-

1817 2428 2072 2498 quentius
2097 2427 2399 2498 relegatur,
2433 2436 2489 2481 et
2526 2443 2646 2498 qum
2676 2427 2735 2500 [i.
2770 2427 3004 2497 regulas,
3025 2435 3155 2489 ctc.,
3175 2426 3397 2497 relegat,

1817 2518 2031 2592 atquae]
2053 2519 2125 2574 ibi
2151 2519 2423 2588 sequenda
2448 2518 2719 2588 leguntur,
2751 2518 2977 2571 viriliter
2999 2530 3400 2585 exsequantur:

1816 2621 1871 2666 et
1894 2626 2016 2681 quat
2047 2612 2285 2665 cavenda
2315 2609 2681 2671 inveniuntur,
2705 2608 2933 2662 sollicite
2956 2616 3267 2660 caveantur.
3302 2606 3405 2661 He-

1816 2703 1966 2759 tiloni
2012 2702 2106 2773 [αι.
2141 2700 2346 2773 liedit.)
2376 2700 2813 2768 Noviomagensi,
2840 2709 2897 2754 ut
2920 2700 2971 2753 in
2991 2699 3318 2766 adiutorium
3352 2709 3407 2754 et

1817 2790 2129 2846 ﬁdelitatem
2196 2806 2403 2861 regum,
2455 2798 2511 2844 et
2565 2790 2917 2851 orationibus,
2974 2798 3027 2842 et
3070 2788 3269 2841 auxilio
3296 2802 3404 2856 quo

1814 2883 2050 2953 potuerit
2079 2890 2308 2952 satagat,
2336 2880 2647 2948 signiﬁcans
2678 2880 2729 2935 in
2761 2894 2951 2949 magna
2980 2894 3037 2933 se
3062 2877 3406 2932 tribulatione

1816 2974 2071 3028 vallatum
2101 2991 2129 3027 a
2160 2974 2407 3027 barbaris
2446 2988 2586 3034 esse.
2613 2979 2667 3025 et
2713 2972 2856 3040 quod
2896 2970 3108 3024 creteris
3153 2970 3404 3022 omnibus

131 3062 246 3114 tium
282 3064 694 3132 provehendos;
746 3064 897 3125 item,
933 3078 1029 3133 pro
1054 3065 1289 3133 quodam
1332 3066 1597 3136 orpbano,
1628 3068 1713 3121 cui
1743 3070 1786 3130 C
1819 3064 2160 3134 deprredatis,
2188 3074 2332 3117 tanta
2360 3064 2701 3131 qumrebatur
2731 3076 2827 3130 pro
2845 3060 3063 3113 civitate
3085 3058 3402 3126 redemptio.

129 3167 263 3205 suam
294 3151 561 3206 afferebat
592 3154 731 3207 idem
763 3154 1049 3223 cpiscopus
1082 3156 1471 3220 Itzereditatem,
1514 3166 1569 3211 et
1604 3158 1711 3213 alia

128 3246 385 3312 quantum.
425 3247 666 3301 Arnoldo
695 3247 966 3317 episcopo,
1003 3264 1102 3318 pro
1127 3249 1469 3318 quibusdam,
1498 3252 1587 3320 qui
1617 3251 1710 3305 ho-

128 3340 393 3394 micidium
446 3352 893 3411 perpetraverant
935 3344 985 3396 in
1036 3342 1286 3399 Rentcnsi
1339 3348 1616 3416 parocltia,
1657 3359 1711 3405 et

126 3449 302 3500 pacem
337 3434 587 3488 obtinere
635 3449 740 3488 non
776 3434 1045 3500 valebant,
1100 3436 1192 3490 sed
1224 3437 1595 3505 paenitentiam
1631 3438 1710 3493 fa-

126 3540 236 3579 cere
256 3526 601 3595 qmerebant,
640 3542 799 3595 quam
834 3526 887 3579 in
918 3526 1019 3581 hac
1048 3527 1301 3597 parochia
1332 3544 1436 3581 non
1463 3538 1712 3596 poterant

125 3635 293 3690 agerc,
337 3620 465 3690 quid
514 3622 580 3675 de
611 3621 742 3689 ipsis
781 3622 1178 3676 observandum
1216 3622 1392 3689 foret;
1434 3624 1583 3689 item,
1611 3640 1711 3696 pro

123 3715 341 3769 consilio
379 3714 522 3786 quod
569 3718 797 3785 petierat
838 3716 939 3771 sibi
987 3716 1104 3772 dari
1150 3733 1312 3787 super
1339 3720 1568 3774 adventu
1599 3720 1707 3774 Lu-

122 3808 286 3863 dovici
317 3809 804 3875 Transrbcnensis,
829 3819 882 3865 et
905 3810 1029 3881 quid
1062 3810 1173 3880 ipse
1198 3812 1426 3865 dommts
1454 3811 1708 3867 llincma-

123 3912 206 3953 rus
242 3900 421 3954 eidem
451 3900 565 3969 regi
606 3916 728 3955 eum
757 3901 821 3954 ad
848 3916 907 3956 se
944 3901 1129 3955 venire
1153 3900 1364 3969 jubenti
1397 3903 1710 3957 remandas—

122 3999 214 4044 set.
247 3990 519 4047 Franconi
556 3991 832 4061 episcopo,
880 4008 977 4063 pro
1023 3992 1219 4047 litteris
1260 3994 1704 4058 commonitoriis,

120 4098 247 4153 quas
274 4085 519 4154 iussione
548 4086 689 4155 regis
718 4086 966 4141 mittebat
994 4085 1204 4154 Hugoui
1236 4087 1576 4157 imperatoris
1597 4087 1705 4141 Lo-

120 4177 277 4230 tbarii
326 4176 535 4245 nepoti,
588 4191 785 4246 rogans
834 4185 892 4229 ut
938 4185 994 4229 et
1040 4176 1179 4230 idem
1224 4173 1436 4230 Franco
1482 4176 1705 4231 missum

116 4279 268 4320 suum
301 4266 462 4320 talem
494 4280 617 4320 cum
651 4265 819 4318 misso
846 4264 1014 4334 ipsius
1040 4264 1301 4329 mitteret,
1331 4264 1423 4334 qui
1453 4282 1575 4319 eum
1603 4265 1706 4320 sal-

119 4370 238 4409 mm
268 4356 469 4410 ducere
496 4363 553 4408 et
587 4355 847 4409 reducere
876 4362 1088 4423 posset;
1134 4354 1283 4418 item,
1312 4371 1410 4424 pro
1441 4355 1701 4420 Eurardo,

1815 3162 2073 3224 quantam
2100 3152 2320 3222 explere
2356 3166 2462 3206 non
2492 3151 2723 3214 valeret;
2753 3150 2915 3214 item,
2944 3148 3069 3218 quia
3101 3147 3403 3202 Ludovicus

1815 3263 1913 3302 rex
1942 3246 2246 3302 Germaniae
2272 3245 2626 3299 mandaverat
2668 3242 2740 3297 illi
2766 3282 2781 3308 ,
2830 3259 2888 3296 ut
2934 3242 3041 3295 iret
3069 3241 3119 3295 ei
3146 3241 3359 3295 obviam
3383 3280 3399 3306 ,

1814 3339 1956 3409 quod
2006 3348 2185 3392 tamen
2238 3352 2345 3391 non
2395 3343 2540 3390 esset
2583 3344 2804 3388 acturus
2849 3334 2901 3387 in
2961 3334 3118 3403 cippo
3176 3332 3402 3387 inﬁrmi-t-

1815 3428 1939 3483 tatis
1965 3429 2212 3484 detentus
2234 3467 2249 3493 ,
2281 3427 2546 3481 mandans
2572 3425 2697 3479 huic
2723 3426 2993 3494 episcopo,
3024 3434 3078 3478 ut
3108 3436 3161 3479 et
3197 3439 3292 3493 per
3321 3439 3399 3489 se,

1812 3530 1865 3576 et
1887 3537 1984 3591 per
2006 3520 2108 3575 sibi
2138 3518 2459 3574 commissos
2490 3517 2740 3586 precibus
2778 3516 3010 3580 insistat,
3046 3531 3141 3585 pro
3170 3530 3301 3585 pace
3344 3524 3401 3569 et

1810 3612 2122 3667 defensione
2171 3609 2445 3673 Ecclesiaz,
2469 3617 2522 3662 et
2565 3608 2609 3661 si
2667 3606 2871 3676 aliquid
2914 3606 3163 3661 utilitatis
3210 3617 3399 3660 contra

1809 3716 2051 3771 paganos
2078 3699 2257 3753 facere
2283 3699 2551 3767 pozuerit,
2585 3705 2710 3766 agat
2739 3710 2859 3750 cum
2887 3696 3213 3764 primoribus
3246 3696 3397 3766 regni

1808 3802 2072 3862 quantum
2098 3788 2349 3843 valuerit.

1878 3883 1955 3937 De
1996 3882 2231 3937 incensis
2260 3894 2473 3949 quoque
2518 3879 2892 3944 monasteriis,
2920 3879 3062 3948 quod
3114 3879 3202 3934 ille
3237 3895 3393 3957 man:

1809 3973 2052 4036 daverat,
2085 3986 2145 4026 se
2187 3970 2391 4034 dolere,
2420 3977 2475 4024 et
2514 3969 2579 4024 de
2606 3969 2691 4024 bis
2717 3985 2836 4038 qua!
2865 3970 3091 4024 necdum
3129 3978 3283 4024 erant
3316 3971 3396 4023 in-

1808 4077 1969 4118 censa
2012 4052 2146 4117 satis
2174 4059 2487 4116 formidare.
2521 4060 2852 4131 Sigemundo
2896 4061 3168 4131 episcopo,
3210 4061 3274 4116 de
3302 4077 3395 4116 re-

1808 4152 2181 4208 conciliatione
2211 4152 2586 4222 pmnitentium
2606 4192 2623 4217 ,
2653 4160 2709 4207 et
2744 4151 2866 4206 aliis
2894 4152 2959 4205 ad
2990 4168 3203 4207 sacrum
3235 4152 3395 4206 mini-

1807 4247 2028 4303 sterium
2102 4245 2528 4317 pertinentibus,
2604 4245 2674 4300 de
2744 4246 2940 4315 quibus
3026 4245 3392 4315 ilildegarium

1806 4338 2127 4410 cpiscOpum'
2145 4355 2205 4394 se
2228 4338 2498 4410 signiﬁcat
2522 4336 2862 4392 instruxisse.
2887 4335 3015 4390 Item
3042 4352 3138 4406 pro
3164 4336 3393 4407 benigne

120 4462 271 4517 quem
302 4460 646 4502 communem
688 4460 843 4499 suum
871 4453 923 4497 et
955 4439 1122 4513 ipsius
1150 4444 1317 4498 ﬁlium
1360 4456 1535 4509 vocat,
1566 4457 1620 4500 et
1645 4457 1705 4501 ut
1730 4420 1784 4480 D
1812 4431 2026 4485 mendis
2062 4445 2127 4485 ³ο
2177 4428 2473 4484 iracundis
2512 4427 2766 4517 subdit",
2798 4440 3232 4517 θοξῖηηεξηὶθηδηδ
3264 4439 3391 4517 βυίη

120 4552 210 4606 pro
240 4551 304 4592 eo
339 4538 480 4606 apud
526 4534 858 4589 Ludovicum
883 4549 1063 4603 regem
1094 4534 1616 4600 Transrhenensem,
1650 4546 1705 4593 et

122 4628 357 4698 reginam
405 4625 728 4691 intercedat,
781 4626 1051 4690 obsecrat,
1101 4634 1155 4679 et
1208 4634 1423 4679 czetera.
1470 4626 1703 4682 Bernoni

121 4718 557 4782 Catltalaunensi,
604 4733 702 4786 pro
743 4714 1182 4786 Noviomagensis
1213 4715 1463 4770 Ecclesia:
1506 4716 1703 4784 missis,

121 4811 204 4878 qui
233 4810 298 4863 ad
347 4824 405 4863 se
434 4818 549 4879 post
596 4807 801 4861 obitum
842 4805 1108 4860 Bainclini
1151 4806 1386 4875 episcopi
1417 4805 1497 4860 sui
1539 4820 1700 4861 vene-

121 4909 255 4958 rant.
283 4907 344 4951 ut
371 4914 467 4952 eos
512 4897 648 4950 idem
682 4896 857 4949 Berno
882 4896 947 4948 ad
978 4896 1321 4965 prmsentiam
1369 4910 1552 4965 regum
1580 4911 1699 4965 per-

120 4988 296 5054 ducat,
333 4997 387 5044 et
427 4989 628 5043 eisdem
658 4987 873 5057 regibus
902 4985 1109 5040 litteras
1139 4984 1297 5055 hujus
1331 4987 1509 5041 domni
1542 4986 1699 5041 Hinc-

123 5082 250 5136 mari
302 5082 526 5151 relegat,
555 5089 607 5135 et
644 5077 946 5147 intelligere
987 5077 1167 5141 faciat,
1191 5086 1247 5131 et
1276 5092 1374 5147 pro
1405 5078 1506 5132 hac
1534 5091 1699 5131 causa

124 5180 225 5225 tam
255 5173 393 5243 apud
442 5187 623 5242 reges,
670 5182 833 5237 quam
880 5171 1019 5236 apud
1071 5168 1357 5238 palatinos,
1407 5166 1698 5222 secundum

122 5262 471 5317 ministerium
520 5274 682 5315 suum
734 5256 1070 5313 intercedere
1108 5265 1347 5325 satagat;
1404 5258 1553 5320 item,
1600 5269 1701 5323 pro

116 5352 373 5382 _L._a._-
390 5352 630 5390 -ιιιιι-ἰι
652 5349 944 5396 nmmissm
966 5348 1426 5396 Nmrinmaaensis.
1451 5346 1535 5396 vel
1564 5345 1702 5396 Τοῖ’·

1808 4522 1875 4577 de
1905 4519 2170 4590 corporali
2221 4519 2428 4573 medico
2456 4516 2754 4585 spiritalem
2792 4530 2822 4568 a
2858 4514 2966 4569 Deo
2994 4514 3230 4578 factum;
3262 4514 3391 4567 item

1808 4611 1875 4665 ad
1905 4609 2381 4680 interrogationem
2408 4607 2542 4676 eius,
2593 4607 2721 4675 quid
2771 4604 2887 4674 ipse
2928 4604 3169 4658 scientia:
3207 4602 3389 4672 requi-

1809 4710 1955 4755 reret
1985 4716 2014 4755 a
2042 4700 2373 4770 presbyteris
2411 4712 2523 4751 sua:
2553 4694 2839 4767 parocbim.
2873 4693 3154 4765 Episcopis
3192 4694 3257 4748 ad
3304 4708 3391 4764 sy-

1809 4792 2006 4846 nodum
2070 4787 2607 4858 Suessionis(16)ex
2651 4784 2893 4854 iussione
2944 4784 3085 4854 regis
3135 4782 3389 4839 Ludovici

1806 4881 2270 4937 Transrlienensis
2294 4876 2737 4934 convenientibus
2764 4874 2997 4946 legatum
3028 4889 3185 4930 suum
3217 4888 3393 4929 sacer—

1806 4973 1989 5029 dotem
2031 4972 2320 5042 quemdam
2374 4971 2632 5040 dirigens,
2679 4979 2736 5022 et
2778 4982 2878 5037 pro
2924 4964 3257 5022 inﬁrmitatis
3298 4964 3397 5018 im-

1808 5065 2164 5136 possibilitate
2204 5070 2372 5116 semet
2418 5076 2708 5123 excusans,
2740 5059 2997 5132 quidquid
3041 5057 3253 5111 favente
3289 5054 3397 5108 Do-

1805 5160 1952 5214 mino
1998 5156 2293 5214 secundum
2344 5155 2659 5211 canonicam
2709 5152 3144 5210 institutionem,
3176 5154 3231 5198 et
3279 5145 3392 5213 epi-

1804 5251 2019 5322 scopale
2049 5248 2407 5306 ministerium
2441 5248 2587 5320 juste
2613 5254 2667 5299 et
2699 5242 3113 5299 rationabiliter,
3140 5233 3393 5303 aequitate

1803 5345 2073 5396 dictante.
2119 5341 2483 5396 decreverint.
2523 5349 2712 5391 eorum
2763 5332 3003 5389 decretis
3046 5339 3103 5378 se
3152 5337 3395 5378 annuere
