3904 5396
491 288 593 344 εει

1542 272 1936 334 FLODOARDI
1973 267 2290 327 CANONlCl
2325 265 2668 325 REMENSIS

3641 268 3757 324 232

494 402 627 459 mite
664 398 893 457 valuerit
936 397 1179 460 deviare,
1210 409 1270 450 se
1317 393 1371 449 in
1416 393 1562 448 nullo
1601 404 1882 453 assensum
1928 402 2068 459 prae-
2097 389 2145 447 Α
2174 398 2272 453 pro
2297 381 2520 451 epistola
2572 380 2713 452 regis
2742 378 2949 448 Kareii,
2976 388 3032 437 et
3071 380 3236 437 misse
3275 394 3375 437 suo
3398 394 3525 435 cum
3553 378 3757 439 litteris

491 493 655 556 bere,
683 505 784 546 nec
814 498 872 544 ut
901 488 1040 543 idem
1082 484 1317 541 vicarius
1354 484 1471 555 ejus
1514 495 1796 537 assensum
1830 479 2070 548 praebeat

494 582 582 638 vel
605 589 844 643 coactus,
886 591 1126 633 annuere
1146 617 1162 642 ,
1200 574 1467 646 episcopis
1493 574 1787 629 dimcesees
1815 568 2072 627 Ecclesia

426 692 429 697 '
495 672 775 730 Senoniae
820 670 1009 726 scribit
1048 685 1145 740 pro
1192 668 1454 724 electione
1494 664 1741 736 Ansegisi
1789 661 2073 719 Bernensis

494 766 790 820 diteceseos
809 760 1057 817 ttionecbi
1087 760 1152 815 ad
1174 760 1538 829 episcopatum
1571 754 1921 820 Senonicum,
1950 768 2077 808 con-

494 871 710 912 sensum
741 869 899 909 suum
931 853 985 907 in
1034 851 1200 922 ipsius
1228 850 1493 906 adhibens
1537 846 1900 904 ordinatione.
1947 841 2073 913 Epi-

497 946 677 1016 scopis
704 958 921 1014 quoque
946 942 1111 996 totius
1133 939 1285 1010 regni
1318 938 1666 1008 primoribus,
1700 947 2069 998 commoneas,

493 1044 550 1095 et
570 1036 867 1091 exhortans
895 1046 989 1087 eos
1014 1031 1391 1085 intemeratum
1422 1027 1580 1082 fidem
1607 1028 1719 1097 regi
1747 1041 1846 1080 suo
1875 1023 2077 1079 Karolo

495 1139 841 1187 conservare,
868 1110 1083 1191 quando
1114 1120 1252 1175 idem
1276 1135 1369 1173 rex
1395 1117 1620 1174 Romam
1645 1116 1913 1186 perrexit;
1944 1114 2073 1168 item

497 1212 785 1284 episcopis,
816 1209 1139 1272 abbatibus,
1160 1207 1470 1271 comitibus,
1502 1215 1557 1261 et
1579 1206 1791 1262 ca-teris
1818 1205 1912 1260 Dei
1938 1205 2073 1259 iide-

496 1307 635 1361 libus
668 1304 733 1360 ad
754 1304 1020 1374 quoddam
1042 1300 1319 1370 collegium
1348 1297 1809 1361 convenientibus,
1833 1310 1941 1365 quo
1963 1295 2081 1365 ipse

496 1397 740 1467 corporis
767 1394 1080 1450 infirmitate
1110 1391 1432 1462 praepeditus
1460 1389 1611 1445 abire
1655 1404 1763 1442 non
1792 1386 2072 1453 valuerat,

498 1491 704 1561 gratias
729 1503 894 1559 agens
919 1486 1029 1541 Dee
1059 1500 1156 1556 pro
1182 1484 1498 1553 quibusdam
1531 1480 1858 1551 primoribus
1889 1479 2072 1550 regni,

499 1581 590 1652 qui
614 1581 681 1635 ab
709 1578 977 1649 episcopis
1005 1574 1396 1647 aliquantulum
1426 1573 1812 1633 dissenserant,
1838 1578 1896 1624 at
1922 1579 2077 1634 tunc,

499 1671 672 1745 gratia
708 1668 800 1724 Dei
852 1668 1152 1736 largiente,
1194 1662 1544 1734 bencplacitte
1586 1659 1696 1715 sint
1732 1658 2074 1713 unanimitati

2175 472 2242 526 ad
2267 471 2646 539 imperatorem
2666 469 2975 526 Letharium
3000 471 3376 542 perdueendis.
3396 470 3456 525 In
3475 470 3669 539 quibus
3685 488 3755 528 se

2175 560 2421 631 quaedam
2439 560 2506 615 de
2532 560 2704 615 salute
2729 560 2897 630 ipsius
2920 561 3263 632 imperatoris
3296 576 3590 632 suggerere
3635 578 3759 616 ma-

2174 653 2418 718 nifestat,
2446 660 2503 707 ut
2536 654 2807 719 emendet,
2844 668 2962 723 quae
2988 655 3085 723 ipsi
3118 654 3361 709 notificat
3391 655 3754 716 emendanda,

2175 755 2230 807 et
2259 746 2326 802 de
2352 760 2517 802 censu
2552 742 2810 800 solvendo
2834 761 2901 800 ex
2927 746 3048 800 villa
3072 748 3392 801 Dudeciaco.
3423 746 3559 803 Item
3595 746 3757 799 simul

2176 852 2297 893 cum
2349 836 2555 908 synodo
2605 837 2977 907 episcoporum
3040 838 3180 908 apud
3228 838 3566 906 Carisiacutu
3605 838 3764 892 habi—

2177 936 2232 985 ta
2262 928 2397 999 (l7),
2426 926 2617 983 scribit
2642 926 2891 982 llilduino
2911 928 3092 983 Karoli
3126 930 3269 998 regis
3296 927 3758 996 at'clticapellano,

2174 1026 2232 1074 et
2272 1032 2374 1088 pro
2398 1016 2637 1072 Ecclesia
2677 1016 2969 1087 Lingenica
2989 1057 3004 1083 ,
3034 1033 3196 1088 quam
3224 1017 3472 1073 Wlfadus
3502 1017 3759 1073 Ecclesia:

2176 1108 2430 1164 Rcmensi
2466 1108 2715 1164 alumnus
2759 1120 2946 1163 contra
2977 1110 3237 1164 canonica
3269 1118 3638 1178 occuparent
3665 1108 3762 1162 de-

2177 1209 2344 1261 creta.
2378 1199 2532 1256 Unde
2560 1210 2903 1271 suggesserat
2928 1202 3114 1255 eadem
3154 1202 3391 1270 synodus
3423 1201 3561 1268 regi,
3592 1209 3650 1261 ut
3682 1200 3759 1253 al-

2178 1300 2351 1349 terum
2373 1290 2440 1344 ad
2460 1292 2747 1359 regendam
2764 1292 3042 1360 praefatam
3059 1291 3415 1345 constitueret
3436 1289 3757 1352 Ecclesium,

2177 1390 2235 1439 et
2288 1397 2382 1437 rex
2432 1378 2666 1448 iusserat
2694 1391 2753 1435 ut
2804 1382 3037 1451 episcopi
3084 1390 3388 1449 quaererent
3433 1380 3632 1444 talum,
3672 1381 3761 1448 qui

2176 1481 2360 1544 posset
2386 1473 2443 1528 in
2479 1471 2770 1544 episcopali
2809 1472 3107 1526 ministerio
3131 1472 3305 1526 eidem
3346 1470 3612 1526 Ecclesia:
3643 1486 3765 1540 pro—

2180 1564 2364 1632 ﬁcere,
2391 1581 2687 1634 eorumque
2717 1574 2837 1620 vota
2863 1567 2917 1620 in
2949 1564 3099 1619 lsaac
3142 1565 3310 1633 ipsius
3336 1563 3579 1618 Hilduini
3606 1563 3767 1617 disci-

2177 1656 2360 1727 pulum
2407 1666 2788 1722 convenerant,
2840 1658 3188 1713 obsecrantes
3235 1655 3397 1724 hujus
3437 1657 3491 1710 in
3525 1657 3630 1709 hoc
3661 1654 3768 1708 llilo

497 1736 787 1835 conjuncti.
827 1760 1149 1830 Signiticans
1191 1772 1286 1827 per
1317 1757 1417 1811 has
1461 1754 1708 1817 litteras,
1757 1760 1813 1806 et
1848 1751 2072 1805 missum
2105 1736 2150 1796 Β
2177 1750 2328 1805 duini
2377 1765 2720 1814 consensum,
2769 1758 2825 1805 et
2867 1750 3300 1822 deprecationem
3358 1750 3532 1820 ipsius
3578 1764 3679 1819 pro
3705 1764 3769 1804 (ε)

497 1857 741 1913 ecclesia:
765 1869 875 1910 sum
903 1848 1356 1913 comministrum,
1384 1859 1443 1900 se
1472 1846 1539 1899 de
1570 1843 1726 1899 benis
1752 1858 1938 1898 eorum
1965 1850 2082 1897 stu-

499 1950 605 2004 diis
646 1962 711 2002 ac
753 1942 1193 2015 dispositionibus
1240 1937 1598 2007 congaudere,
1643 1935 1983 2005 suadensque
2020 1942 2081 1988 ut

501 2035 793 2092 secundum
835 2030 1152 2102 sapientiam
1181 2027 1263 2082 eis
1285 2043 1317 2081 a
1349 2026 1459 2081 Deo
1484 2024 1695 2088 datam,
1727 2023 1924 2078 divinis
1947 2021 2081 2077 ebe-

503 2129 713 2183 dientcs
749 2125 1065 2195 praeceptis,
1099 2120 1320 2176 remotis
1359 2118 1586 2189 privatis
1633 2117 1856 2181 studiis,
1902 2124 1958 2172 et
1999 2116 2083 2170 in-

504 2220 703 2276 debitis
731 2216 1148 2288 cupiditatibus,
1173 2228 1239 2267 ac
1262 2211 1441 2267 noxiis
1469 2208 1902 2270 contentionibus
1921 2247 1937 2273 ,
1967 2207 2082 2277 pri-

506 2328 653 2367 mum
679 2326 798 2381 qute
824 2309 895 2364 ad
923 2305 1296 2378 generalitatis
1324 2303 1577 2368 salutem,
1599 2316 1784 2372 pacem
1801 2342 1817 2366 ,
1854 2310 1909 2357 et
1932 2300 2081 2371 utili-

507 2414 671 2460 tatem
712 2403 1040 2475 pertineant,
1087 2399 1384 2468 inquirant,
1410 2404 1464 2451 et
1490 2394 1711 2465 exsequi
1745 2398 2079 2462 procurent:

506 2497 800 2552 adnectens
821 2508 1005 2549 sacras
1032 2490 1384 2547 auctoritates
1410 2489 1476 2544 de
1503 2497 1652 2542 veste
1691 2485 1894 2541 Christi
1918 2524 1934 2550 ,
1966 2499 2086 2554 quae

504 2602 588 2649 est
615 2591 851 2647 Ecclesia
893 2589 1009 2652 Dei,
1051 2589 1385 2654 ltertansque
1409 2590 1470 2638 ut
1504 2582 1710 2652 seipsos
1736 2588 1844 2634 tota
1884 2578 2088 2634 virtute

506 2691 781 2739 armantes
802 2679 1025 2749 justitize
1052 2677 1168 2732 zelo
1192 2675 1423 2746 erigant,
1452 2682 1508 2727 et
1528 2671 1714 2742 iugum
1743 2669 1926 2725 oneris
1968 2682 2091 2736 mag

508 2774 610 2829 tris
654 2788 842 2828 eorum
911 2768 1210 2833 Ecclesiae,
1279 2781 1345 2821 ac
1395 2764 1601 2834 virgam
1651 2762 1920 2817 exactoris
1970 2759 2089 2831 ejus

511 2867 667 2939 (Isai.
697 2867 775 2937 ix)
816 2863 1181 2935 confringant,
1218 2844 1280 2917 et
1308 2842 1520 2916 vincula
1553 2858 1676 2914 colli
1711 2852 1941 2912 filiorum
1973 2854 2089 2924 ejus

510 2955 999 3028 disselvantUsai.
1028 2955 1157 3024 LII);
1189 2952 1236 3008 si
1280 2951 1371 3022 qui
1421 2950 1530 3006 sint
1580 2948 1820 3019 oppressi
1869 2960 2088 3001 martum

509 3047 851 3105 allev'ationis
901 3045 1210 3117 porrigant;
1244 3042 1288 3097 si
1334 3040 1426 3112 qui
1476 3038 1616 3095 ferte
1666 3036 1944 3109 depravati
1995 3048 2090 3090 cu-

2180 1840 2321 1908 apud
2363 1854 2576 1911 regem;
2614 1840 2931 1895 Brunuardo
2973 1840 3186 1905 abbati,
3234 1855 3332 1910 pro
3382 1844 3548 1895 rebus
3598 1841 3766 1894 sancti

2181 1929 2410 2000 Remigii
2438 1930 2521 1985 vel
2553 1931 2758 1985 colonis
2781 1930 3062 1986 Bernensis
3093 1930 3348 1986 Ecclesiae
3381 1931 3435 1985 in
3472 1930 3769 1999 'fboringia

2182 2020 2522 2085 constitutis;
2557 2019 2826 2075 Adalarde
2847 2019 3049 2083 abbati,
3072 2020 3139 2074 de
3167 2019 3403 2075 amicitia
3429 2020 3574 2075 inter
3607 2020 3765 2088 ipsas,

2182 2119 2238 2164 et
2272 2108 2502 2178 qualiter
2534 2108 2691 2164 debet
2733 2124 2852 2164 esse
2896 2123 3057 2164 verus
3086 2108 3325 2174 amicus;
3367 2107 3651 2163 Grunoldo
3678 2109 3771 2161 ab-

2180 2200 2321 2263 bati,
2351 2214 2447 2268 pro
2475 2199 2755 2267 Sigeberte
2778 2198 2917 2254 fideli
2947 2215 3066 2263 suo,
3095 2209 3153 2253 ut
3181 2214 3270 2254 res
3288 2199 3405 2268 ejus
3431 2215 3555 2269 quae
3586 2200 3772 2269 eenja-

2183 2291 2380 2349 ccbant
2427 2289 2479 2344 in
2530 2305 2695 2361 regno
2747 2290 3026 2354 Ludovici,
3059 2290 3113 2344 in
3152 2306 3251 2345 sua
3298 2291 3669 2346 dominatione
3718 2303 3775 2345 et

2186 2379 2352 2434 tutela
2402 2381 2806 2436 commendatus
2842 2381 3159 2451 susciperet,
3184 2389 3240 2436 et
3263 2389 3323 2435 ut
3344 2382 3458 2451 regi
3498 2380 3771 2436 Ludovico

2185 2470 2430 2535 suadeat,
2460 2486 2529 2524 ne
2568 2485 2943 2540 perverserum
2976 2471 3203 2526 credens
3240 2471 3513 2536 consiliis,
3565 2473 3621 2525 in
3651 2471 3769 2525 talia

2187 2577 2248 2619 se
2287 2562 2516 2618 ulterius
2564 2562 2838 2628 immittat,
2868 2561 3046 2631 qualia
3094 2571 3281 2617 contra
3335 2562 3564 2616 fratrem
3619 2550 3770 2616 suum

2188 2654 2445 2710 Karolum
2471 2664 2594 2709 tunc
2620 2663 2837 2723 egerat;
2870 2653 3014 2708 unde
3046 2652 3148 2708 tale
3175 2652 3541 2721 dedecusipsi
3566 2652 3773 2706 accide-

2189 2751 2303 2810 rat,
2333 2743 2492 2812 quale
2521 2758 2626 2801 non
2679 2743 2983 2808 accidisset,
3026 2743 3070 2801 si
3118 2744 3592 2798 exhortationibus
3624 2740 3776 2810 hujus

2191 2836 2375 2893 domui
2404 2835 2677 2897 Hincmari
2706 2836 3018 2906 aquiescere
3042 2834 3318 2890 voluisset.

2263 2924 2515 2982 Trasulfo
2564 2925 2625 2999 [i,
2658 2924 2969 2998 'fransulfo]
2997 2927 3305 2982 Corbeiensi
3348 2943 3470 2981 cum
3520 2926 3777 2980 fiatribus

2192 3015 2293 3072 sibi
2319 3014 2602 3084 subjectis,
2631 3032 2728 3086 pro
2750 3016 2985 3087 quodam
3037 3015 3236 3083 fratre,
3266 3018 3355 3087 qui
3399 3018 3777 3088 praesumptive

511 3140 737 3211 piditate
796 3137 880 3193 vel
903 3095 1139 3207 Igratia,
1190 3134 1256 3188 ad
1298 3130 1706 3187 unanimitatem
1768 3127 1946 3199 gregis
1988 3126 2090 3180 De-

2196 3107 2534 3163 abscesserat
2560 3123 2590 3160 a
2616 3110 2975 3183 monasterio,
2999 3124 3158 3177 quem
3184 3124 3215 3162 a
3254 3124 3380 3180 rege
3417 3121 3694 3180 receptum
3727 3112 3779 3164 in

510 3230 695 3287 minici
737 3228 997 3283 reducere
1042 3225 1322 3289 studeant;
1376 3220 1773 3292 amplectantur
1807 3215 2092 3272 consilium

510 3320 654 3375 beati
683 3317 957 3389 Gregorii,
1009 3325 1434 3384 carterorumque
1481 3319 1790 3367 sanctorum
1828 3308 2089 3373 Patrum;

513 3420 570 3465 et
634 3411 746 3479 ipse
801 3418 1030 3478 quoque
1080 3406 1222 3476 quod
1275 3405 1348 3459 illi
1404 3404 1473 3459 ad
1527 3416 1713 3472 pacem
1764 3400 1946 3471 pepuli
2000 3398 2095 3453 Dei

515 3513 573 3559 et
638 3502 907 3572 justitiam
979 3500 1372 3571 procurandam
1420 3496 1790 3561 decreverint,
1847 3494 1988 3548 votis
2042 3499 2101 3546 et

514 3595 1084 3664 obsequiis,quantum
1113 3591 1373 3646 Dominus
1394 3587 1690 3651 donaverit,
1721 3590 2099 3656 prosequetur.

518 3680 805 3755 Snbjnngit
839 3697 1054 3754 quoque
1106 3690 1291 3737 sacras
1340 3679 1689 3734 auctoritates
1725 3677 1794 3732 de
1840 3672 2100 3731 canonice

515 3778 900 3848 promovendo,
940 3777 1025 3832 vel
1049 3775 1294 3845 eligendo
1324 3772 1598 3842 episcopo.

1079 3864 1306 3921 CAPUT
1345 3860 1535 3918 XXIV.

660 3955 795 4021 Quae
827 3950 1098 4007 abbatibus
1124 3946 1656 4020 quibusdamscripla
1683 3942 1954 3999 direxerit.

589 4045 727 4099 Aliis
792 4055 1007 4112 quoque
1069 4037 1299 4094 diversis
1359 4036 1605 4107 personis
1633 4075 1648 4098 ,
1720 4043 1828 4087 tam
1889 4027 2104 4084 clericis

521 4142 682 4207 quam
713 4135 883 4199 laicis,
913 4131 1152 4188 honestis
1181 4129 1343 4184 etiam
1370 4127 1603 4188 feminis,
1628 4126 1840 4179 diversa
1877 4136 1974 4191 pro
2000 4118 2105 4174 uti-

525 4227 679 4281 litate
708 4225 969 4295 cujusque
1005 4221 1276 4291 reperitur
1323 4218 1523 4286 scripta
1572 4213 1857 4274 direxisse,
1902 4207 2106 4264 nentini

525 4315 796 4372 adulando
823 4327 1072 4385 parcens,
1100 4312 1194 4367 sed
1231 4308 1515 4365 cotttmeda
1541 4305 1739 4373 cuique
1772 4317 1872 4372 pro
1899 4300 1976 4355 rei
2006 4315 2105 4369 ep-

525 4407 861 4478 pertunitate
934 4416 1223 4474 suggerere
1282 4407 1553 4468 satagens.
1601 4391 1877 4450 Ludovico
1928 4390 2106 4445 abbati

2197 3198 2373 3270 gratia
2422 3207 2754 3268 praeceperat
2806 3199 2947 3253 idem
2986 3198 3227 3268 pontifex
3273 3201 3339 3254 ad
3392 3201 3777 3256 monasterium

2199 3289 2393 3344 festiue
2420 3289 2637 3355 reverti,
2675 3305 2772 3358 pro
2797 3306 2905 3359 quo
2935 3306 3027 3345 rex
3058 3299 3360 3361 rogaverat,
3389 3300 3449 3344 ut
3480 3293 3780 3355 mandaret,

2199 3393 2466 3451 quatenus
2497 3380 2548 3433 in
2579 3382 2909 3447 monasterio
2935 3381 3159 3450 paciﬂce
3197 3383 3586 3452 susciperetur,
3618 3385 3782 3435 donec

2199 3470 2624 3526 conversationis
2672 3470 2788 3538 ejus
2836 3473 3026 3528 modus
3053 3486 3262 3543 a_rege,
3289 3481 3343 3526 et
3366 3476 3557 3527 eodem
3606 3472 3781 3526 arcbi-

2200 3567 2454 3636 episcopo
2484 3573 2727 3635 temporc
2750 3576 3052 3637 opportuno
3084 3567 3489 3636 disponeretur;
3528 3567 3690 3626 item,
3723 3564 3783 3617 ad

2200 3658 2417 3713 eosdem
2474 3658 2768 3728 gratiarum
2816 3657 3059 3714 referens
3104 3659 3346 3713 actiones
3393 3673 3496 3727 pro
3548 3658 3783 3726 impensa

2203 3749 2305 3805 sibi
2346 3750 2414 3804 ab
2460 3750 2538 3803 eis
2580 3749 2906 3819 benignitate
2929 3789 2944 3813 ,
2993 3750 3300 3804 memorans
3328 3763 3387 3804 se
3415 3747 3706 3817 plurimum
3734 3747 3787 3800 in

2204 3854 2392 3893 eorum
2441 3838 2778 3893 orationibus
2828 3838 3132 3903 confidere,
3161 3848 3217 3893 et
3255 3839 3335 3894 eis
3374 3839 3636 3893 devotum
3676 3837 3787 3892 exi-

2206 3941 2381 3996 stere,
2414 3930 2934 4000 commeniteriaque
2976 3930 3166 3986 salutis
3201 3931 3282 3986 eis
3320 3931 3562 4002 dirigens
3606 3930 3786 3985 horta-

2208 4030 2420 4087 menta,
2472 4030 2531 4076 ut
2572 4021 2771 4091 quique
2834 4021 2886 4075 in
2941 4021 3073 4092 ipsis
3119 4036 3310 4077 navem
3355 4022 3659 4091 Dominicze
3698 4036 3788 4090 gu-

2207 4110 2538 4168 bernationis
2604 4119 2951 4177 susceperant
2999 4110 3328 4181 regendam,
3379 4117 3572 4185 contra
3626 4110 3790 4163 insur-

2209 4202 2445 4272 gentium
2495 4208 2874 4270 tempestatum
2908 4201 3137 4272 impetus
3171 4200 3397 4271 impigra
3434 4198 3792 4253 sollicitudine

2212 4292 2447 4362 dirigere
2472 4291 2759 4369 studeant,
2795 4301 2851 4346 et
2877 4302 2939 4346 ut
2966 4293 3337 4362 persecutione
3368 4289 3675 4345 imminenti
3707 4303 3790 4356 pa-

2213 4397 2496 4453 ganorum,
2521 4396 2843 4450 quacunque
2871 4380 3227 4436 recedendum
3251 4382 3341 4444 sit,
3372 4394 3406 4432 a
3438 4378 3582 4433 bono
3604 4392 3790 4448 prope-

886 4457 1170 4562 ηιξεῆυριη
1194 4457 1487 4559 repetende
1512 4498 1736 4555 corpore
1761 4481 1932 4537 εειηοιί
1974 4479 2113 4534 Deo-
2140 4463 2188 4521 D
2215 4470 2323 4540 site
2354 4484 2460 4524 non
2491 4467 2767 4536 recedant,
2816 4478 2952 4536 etc.;
2981 4457 3133 4535 item,
3184 4469 3463 4534 llilduiuo,
3493 4479 3555 4522 ut
3593 4479 3790 4522 certare

525 4587 851 4656 dati,‘quod
896 4584 1118 4655 quidam
1171 4581 1337 4645 Giso,
1380 4577 1671 4647 cupiditate
1720 4591 1898 4630 rerum
1943 4572 2111 4642 ipsius

530 4679 708 4736 sancti
752 4678 968 4741 ductus,
1014 4689 1080 4729 ex
1127 4670 1348 4727 dicet-esi
1393 4668 1646 4723 Remensi
1700 4665 1882 4719 furtim
1935 4674 2112 4718 trans,

533 4770 668 4826 ferri
711 4767 916 4821 fecerat
953 4765 1037 4818 in.
1069 4761 1492 4816 Parisiacensem
1546 4756 1889 4827 parochiam,
1927 4754 2112 4808 incon-

531 4859 677 4916 sulte
715 4858 971 4927 episcopo
1015 4855 1069 4909 in
1118 4851 1273 4920 cuius
1320 4850 1536 4922 iacebat
1580 4848 1874 4919 episcopio.
1905 4845 2114 4900 Asserit

532 4960 717 5006 autem
753 4950 807 5003 in
842 4947 931 5002 his
959 4946 1153 5000 litteris
1183 4956 1241 4999 se
1269 4943 1493 5008 nemini,
1525 4956 1698 5012 neque
1738 4938 1838 4995 sibi
1867 4937 1949 4994 vel
1982 4952 2112 5007 pro—

532 5040 657 5114 prio
683 5055 782 5094 suo
808 5037 1087 5107 sanguini,
1117 5044 1305 5092 contra
1350 5034 1530 5090 divina
1574 5046 1798 5102 parcere
1837 5029 1980 5099 jura.
2009 5027 2116 5083 Sed

536 5140 592 5189 et
621 5128 987 5200 indignantem
1018 5140 1118 5197 pro
1151 5126 1238 5182 bis
1268 5126 1514 5180 abbatem
1546 5123 1740 5177 iterum
1771 5120 1969 5175 litteris
1999 5133 2115 5173 mo-

536 5236 669 5278 nere
700 5235 807 5274 non
837 5217 1070 5281 destitit,
1105 5217 1330 5272 hortans
1353 5224 1406 5271 et
1434 5216 1751 5276 admonens,
1782 5219 1841 5265 ut
1868 5208 2120 5265 ecclesia-

1028 5306 1145 5330 n!..'-
1162 5322 1274 5330 οι...-
1302 5313 1612 5330 -_----_---l
1634 5322 1646 5330 ι
1683 5306 1809 5330 ιιι-..ς
1864 5316 1963 5330 ηηιι
1990 5316 2094 5330 ...ιη

2213 4568 2466 4631 procuret
2500 4559 2642 4629 apud
2689 4575 2869 4630 regem
2905 4576 3002 4630 pro
3029 4560 3289 4616 electione
3328 4561 3590 4615 canonica
3621 4558 3791 4614 Eccle-

2213 4652 2308 4706 sia:
2350 4649 2672 4706 Morinensis
2702 4653 3069 4718 concedenda,
3117 4652 3241 4722 quia
3281 4662 3337 4708 et
3367 4654 3482 4723 ipse
3512 4654 3620 4709 hoc
3645 4667 3791 4724 agerc

2213 4753 2486 4816 satageret
2512 4752 2772 4814 quantum
2800 4755 2999 4815 posset.

2281 4833 2571 4905 Adalgarie
2585 4834 2789 4898 abbati,
2808 4837 3009 4906 gratias
3030 4837 3269 4893 referens
3291 4840 3355 4893 de
3378 4838 3716 4893 orationibus
3734 4837 3791 4890 ab

2222 4924 2342 4995 ipso
2378 4934 2433 4978 et
2461 4924 2718 4979 fratribus
2747 4925 2848 4980 sibi
2874 4929 3180 4985 commissis
3221 4929 3329 4983 Deo
3355 4944 3451 4997 pro
3485 4944 3544 4984 se
3576 4928 3790 4997 oblatis,

2222 5023 2278 5070 et
2312 5014 2378 5070 de
2412 5014 2785 5070 benedictione
2829 5016 3091 5072 denorum
3148 5018 3317 5088 ipsius
3362 5018 3616 5082 abbatis,
3662 5031 3790 5071 com-

2222 5119 2531 5161 memorans
2580 5105 2742 5161 ctiam
2803 5106 2870 5161 de
2926 5106 3089 5161 rebus
3127 5107 3382 5164 Ecclesiae
3432 5107 3711 5162 Bernensis
3748 5108 3790 5160 in

2226 5193 2517 5266 Tltoringia
2554 5197 2693 5261 sitis,
2720 5210 2856 5265 quas
2887 5198 3101 5252 cuidam
3132 5198 3408 5255 Amalrico
3434 5198 3791 5258 commiserat,

2227 5286 2319 5330 ιιιιῖ
2353 5288 2466 5330 inea
2495 5288 2632 5330 male
2661 5288 2861 5330 alumna.
2912 5291 2992 5330 nisi
3021 5290 3260 5330 divinum
3296 5292 3526 5330 nrnincla
3554 5291 3788 5330 indit-ium
