3904 5396
106 340 188 398 233

645 327 974 393 ἶιδτοῐιιίε
1016 321 1368 388 ΕΟΟΕΕΞΙᾸΞ
1414 321 1760 382 ιιειιεΝειδ
1802 321 1980 384 ιιιιιιι
2018 325 2374 396 ρυλτυυιι.
2425 358 2482 366 -
2522 326 2648 380 LiB.
2693 325 2774 380 lli.

3236 321 3341 381 9.3!

105 454 286 515 easdem
325 450 390 506 ad
421 450 834 506 custodiendum
877 449 1093 504 interim
1137 445 1416 515 suscipiat,
1456 452 1513 499 et
1558 442 1648 500 de-
1681 460 1724 518 Α
1755 442 2019 497 rimorum
2063 441 2515 496 monasteriorum
2563 455 2662 509 per
2706 440 3112 493 ctntccssiouem
3161 457 3346 512 t'egttm

105 547 412 616 scriptionem
469 544 784 599 earumdem
840 544 944 598 sibi
1013 543 1230 598 mittere
1295 539 1546 604 studeat,
1599 546 1656 592 et

105 651 260 712 postea
305 636 448 707 quod
499 650 624 691 cum
666 635 1162 691 ecclesiasticorum
1216 631 1446 688 consilio
1498 630 1656 686 mini-

106 741 307 785 strorum
343 725 718 780 rationabilius
747 723 1193 787 consideraverit,
1221 722 1272 776 ei
1312 721 1657 776 remandatu-

107 832 180 873 rus
197 817 275 873 sit.
303 814 434 870 ltem
475 829 571 882 pro
598 812 787 868 eadem
822 827 880 866 re
909 821 1030 880 post
1071 811 1291 866 missam
1321 809 1423 865 sibi
1450 809 1658 864 descri-

106 908 327 976 ptionem,
363 903 678 973 significans
723 902 948 970 insuper
986 900 1260 956 Ludovico
1302 900 1413 970 regi
1464 914 1523 953 se
1560 913 1658 968 pro

107 999 272 1053 iisdem
312 995 470 1052 rebus
511 994 721 1048 litteras
750 993 998 1058 misisse,
1037 994 1104 1050 ad
1131 993 1446 1062 petitionem
1492 991 1659 1060 ipsius

107 1088 301 1152 abbatis,
331 1085 662 1140 notitieaudo
701 1085 842 1154 ipsas
870 1100 957 1140 res
997 1085 1173 1139 eidem
1216 1083 1397 1138 abbati
1428 1097 1487 1138 se
1513 1097 1659 1136 com-

109 1179 316 1242 misisse,
361 1177 604 1246 peteudo
660 1191 906 1245 quoque,
962 1184 1021 1234 ut
1067 1177 1118 1231 ei
1170 1176 1420 1230 solatium
1473 1175 1658 1240 ferret,

109 1278 344 1336 quatenus.
363 1266 510 1335 ipsas
536 1265 792 1320 ordinare
832 1267 1015 1334 quiete
1047 1265 1270 1322 valeret.
1301 1265 1406 1320 Sed
1434 1275 1487 1320 et
1518 1265 1659 1334 Pop-

111 1356 212 1426 ροιιί
236 1356 462 1420 cuidam,
492 1355 891 1423 compescendo
917 1370 1044 1409 eum
1073 1354 1144 1408 ab
1169 1355 1364 1410 barum
1393 1355 1671 1436 inquietae

111 1447 228 1499 tione
255 1460 465 1510 rerum;
498 1446 719 1498 familiae
767 1459 982 1514 quoque
1011 1446 1063 1499 in
1094 1446 1300 1501 eisdem
1346 1447 1508 1500 rebus
1529 1462 1660 1500 con-

111 1534 290 1590 sistenti
333 1534 533 1589 litteris
581 1535 862 1597 mandans,
909 1551 1018 1602 quo
1066 1535 1240 1590 eidem
1298 1536 1478 1590 abbati
1527 1538 1659 1590 obe-

113 1625 289 1680 dientes
327 1626 380 1679 in
421 1627 635 1680 cunctis
677 1627 994 1681 existerent.
1041 1627 1331 1682 Anastasio
1372 1625 1664 1683 venerabili

110 1719 258 1774 abbati
292 1735 351 1774 ac
379 1718 796 1776 bibliothecario
839 1729 1043 1774 sancta:
1091 1719 1349 1775 Romanae
1390 1721 1665 1786 Ecclesiar,

1757 535 2010 590 abbatem
2041 534 2408 589 constituerit.
2439 534 2637 588 Contra
2687 548 2806 601 qua)
2851 532 2939 587 ille
2970 535 3204 602 pOtcutia
3239 537 3350 589 cli--

1757 637 1936 692 vatus,
1978 627 2297 682 seditionem
2343 641 2462 694 qua:
2496 626 2547 677 iu
2579 625 2678 677 hac
2727 625 2986 690 Ecclesia,
3021 627 3103 680 vel
3156 627 3207 680 in
3260 628 3350 681 illo

1760 733 1928 788 regno
1972 719 2111 773 male
2153 719 2502 788 grassabatur
2545 719 2885 782 excitaverit,
2934 721 3236 790 quibusque
3279 725 3353 775 si-

1758 810 1904 863 milia
1933 811 2180 877 gesserit,
2210 819 2266 865 et
2304 813 2525 880 quantis
2556 811 2710 865 malis
2751 813 3017 867 obnoxius
3047 815 3131 877 sit,
3166 803 3358 884 prose-

1758 905 1974 972 queudo
2004 904 2348 968 manifestat;
2379 904 2673 957 obsecrans
2707 915 2763 958 ut
2804 906 2996 960 hormn
3036 923 3129 961 rea
3155 909 3356 962 inisc'a-

1761 1007 1866 1060 tttr,
1897 1006 1952 1050 et
1976 1012 2159 1051 recent
2199 997 2407 1051 homini
2454 1013 2512 1051 se
2565 1000 2869 1053 revocantis
2898 999 3105 1064 audiat,
3133 1001 3354 1054 animae-

1759 1101 1865 1156 que
1885 1102 1994 1142 suae
2023 1089 2343 1141 misereatur
2366 1087 2558 1159 (Ecclt'.
2591 1090 2741 1156 xxx),
2761 1099 2812 1143 ut
2845 1091 3070 1145 salutem
3095 1095 3356 1163 consequi

1762 1188 2066 1241 mereatur;
2111 1179 2263 1240 item,
2307 1193 2404 1246 pro
2434 1180 2771 1234 correctione
2802 1180 2968 1250 ipsius
3003 1182 3110 1236 Deo
3145 1185 3352 1252 gratias

1762 1282 1956 1337 agens,
1975 1279 2029 1321 et
2063 1283 2225 1322 orans
2250 1279 2308 1322 ut
2335 1270 2620 1325 continuet
2647 1272 2790 1325 Deus
2821 1273 2962 1340 quod
2986 1286 3246 1341 operatus
3270 1283 3356 1328 est

1764 1356 1818 1410 in
1845 1371 1912 1411 eo
1951 1355 2123 1427 (Paul.
2154 1358 2344 1425 urit),
2389 1367 2443 1413 et
2485 1361 2575 1413 det
2607 1361 2678 1414 illi
2721 1371 2776 1415 et
2823 1363 2955 1418 velle
2995 1375 3054 1418 ct
3096 1366 3363 1436 perlicere

1762 1445 1968 1516 (Plit/ip
2021 1450 2082 1518 ιι)
2110 1462 2229 1517 qua:
2257 1450 2358 1502 sibi
2391 1459 2515 1503 sunt
2546 1450 2736 1519 placita
2769 1469 2864 1522 pro
2887 1455 3025 1508 bona
3053 1456 3358 1523 voluntate,

1765 1545 1819 1590 et
1837 1546 2031 1590 cretera
2049 1538 2314 1606 qumdam.
2329 1538 2639 1595 Grunhario
2657 1540 2773 1612 [ms
2795 1543 3128 1617 Grimhario]
3153 1547 3360 1612 abbati,

1766 1643 1866 1698 pro
1908 1630 2068 1683 rebus
2108 1639 2310 1684 saneta:
2339 1630 2518 1685 Maria:
2545 1640 2598 1686 et
2627 1633 2797 1687 sancti
2843 1633 3068 1703 Remigii
3115 1637 3166 1690 in
3200 1637 3367 1693 Aver-

1770 1720 1894 1772 uico
1927 1735 2063 1789 pago
2111 1721 2248 1784 sitis,
2280 1735 2416 1790 quas
2453 1723 2807 1780 interdixerat
2847 1724 3122 1780 Bernardo
3151 1729 3362 1795 comiti,

109 1809 364 1879 gratiarum
393 1809 639 1865 referens
665 1812 905 1866 actiones
930 1812 1515 1880 probenedictiuuibus
1541 1828 1667 1867 san-
1700 1823 1741 1880 η
1771 1811 2034 1866 mandans
2081 1813 2204 1866 huic
2240 1812 2420 1867 abbati
2465 1821 2523 1866 ut
2567 1829 2659 1869 eas
2698 1816 3046 1878 desc;iberct.
3083 1827 3138 1873 et
3175 1835 3364 1875 earum

111 1901 327 1956 ctissimis
355 1902 424 1956 ab
452 1916 521 1956 eo
558 1903 662 1958 sibi
708 1918 806 1973 per
835 1902 1129 1958 Actardum
1167 1905 1476 1974 episcopum
1526 1905 1669 1959 dire-

109 1990 216 2055 ctis;
243 2006 360 2046 suas
402 1992 586 2045 eidem
627 2006 843 2061 quoque
894 1993 1075 2048 abbati
1117 1994 1338 2048 mittens
1384 2009 1669 2048 munerum

112 2082 489 2140 benedictiones.
536 2083 792 2150 Quaedam
841 2086 1006 2141 etiam
1046 2087 1303 2156 opuscula
1349 2102 1448 2141 suo
1486 2088 1672 2143 labore

111 2176 315 2232 confecta
358 2177 460 2247 ipsi
503 2177 790 2249 delegans;
826 2179 980 2245 item,
1025 2195 1122 2248 pro
1149 2179 1428 2235 beneficiis
1458 2180 1559 2234 sibi
1603 2182 1672 2235 ab

109 2268 384 2334 eoeollatis,
404 2281 459 2324 et
481 2277 545 2322 ut
566 2270 963 2340 suggestionem
993 2287 1148 2326 suam
1180 2273 1375 2327 donum
1404 2289 1554 2343 papae
1583 2289 1672 2329 ac-

111 2359 386 2426 ceptabilem
432 2360 647 2426 faciat,
697 2371 753 2416 et
799 2363 867 2418 de
927 2364 1188 2419 memoria
1252 2363 1668 2430 benedictionis,

115 2461 246 2514 quam
273 2449 541 2522 dirigebat
569 2453 618 2506 ei
646 2453 734 2522 (de
761 2454 858 2507 hoc
883 2471 1044 2524 supra
1063 2497 1077 2518 ,
1110 2473 1228 2525 cap.
1265 2457 1379 2527 21).
1409 2456 1673 2527 Gregorio

113 2534 310 2602 ejusdem
337 2539 603 2596 Romana:
642 2543 894 2599 Ecclesia:
929 2546 1346 2610 nomenclatori,
1377 2555 1434 2602 et
1464 2549 1676 2618 apocri-

115 2626 265 2692 siario,
288 2645 541 2688 asserens
575 2635 718 2702 quod
751 2635 1011 2704 praafatus
1038 2638 1356 2692 Anastasius
1383 2638 1545 2692 multa
1574 2638 1675 2693 bo-

113 2717 262 2774 nitatis
287 2720 519 2793 insignia
558 2725 658 2779 sibi
691 2728 758 2778 de
800 2725 915 2794 ipso
945 2729 1060 2784 suis
1101 2729 1295 2784 litteris
1326 2729 1673 2796 intimaverit,

115 2813 301 2880 etquod
348 2830 610 2886 magnam
652 2817 902 2873 fiduciam
952 2821 1006 2873 in
1050 2821 1218 2891 ipsius
1265 2821 1465 2876 habere
1495 2830 1680 2890 posset

115 2900 312 2955 amicitia
358 2904 651 2959 sinceriter
708 2909 1076 2970 mandaverit;
1135 2910 1278 2966 unde
1321 2921 1387 2966 'et
1432 2913 1567 2980 petit
1618 2921 1678 2966 ut

115 2992 252 3048 isdem
276 2994 574 3068 Gregorius
603 3015 660 3055 se
689 3001 832 3056 inter
861 3003 1048 3058 fideles
1092 3005 1298 3059 amicos
1330 3021 1456 3060 suos
1491 3014 1678 3062 tenere

115 3082 341 3153 dignetur.
372 3089 643 3145 Guntario
693 3093 907 3156 abbati,
957 3109 1056 3164 pro
1100 3096 1336 3165 quodam
1377 3096 1679 3167 irreligioso

1773 1899 2186 1969 descriptionem
2201 1901 2300 1956 sibi
2318 1901 2570 1957 deferret.
2589 1904 2786 1976 Adalga
2796 1906 2874 1960 rio
2891 1914 3078 1961 vocato
3091 1908 3364 1980 episcopo,

1735 2006 1872 2062 ,ιιι-ο
1907 1991 2068 2046 rebus
2107 1993 2387 2050 Bernensis
2415 1997 2658 2052 ecclesia:
2703 1997 2755 2051 in
2796 1999 3081 2068 Aquitanis
3121 2003 3369 2072 partibus

1773 2082 2214 2153 conjacentibus,
2269 2101 2404 2154 quas
2467 2085 2777 2144 Bernartius
2836 2089 3134 2146 'folosauus
3181 2107 3368 2148 comes

1773 2183 2156 2243 occupaverat,
2182 2182 2235 2228 et
2264 2177 2387 2244 quia
2423 2174 2602 2247 pretio
2643 2194 2737 2233 cas
2757 2181 3004 2237 obtinere
3031 2199 3136 2237 non
3171 2185 3369 2254 potuit,

1774 2259 2174 2331 deprmdatione
2224 2268 2615 2333 pessumdedit,
2671 2269 2843 2325 donec
2881 2271 3024 2327 Deus
3058 2273 3181 2328 inde
3210 2291 3369 2330 suum

1769 2351 2032 2422 judicium
2064 2356 2306 2409 exercuit
2337 2370 2352 2408 :
2387 2371 2631 2426 quasque
2668 2359 2808 2413 idem
2841 2360 3070 2416 donmus
3114 2361 3371 2419 lliucma-

1776 2460 1869 2499 rus
1892 2444 2162 2515 Agilmaro
2189 2447 2444 2517 episcopo
2470 2449 2842 2516 commiserat,
2875 2453 3090 2521 quando
3111 2454 3273 2507 etiam
3300 2455 3369 2511 do

1775 2537 2017 2602 incestis,
2063 2547 2117 2593 et
2183 2542 2594 2609 usurpatoribus
2647 2557 2826 2597 rerum
2871 2545 3367 2603 ecclesiasticarum

1777 2629 2037 2695 libellum,
2064 2630 2288 2700 jubenle
2312 2635 2576 2704 rege,ipsi
2599 2635 2853 2706 episcopo
2875 2637 3117 2692 dederat.
3150 2638 3370 2695 Manda-

1782 2731 1832 2778 ta
1854 2737 2069 2792 quoque
2094 2738 2192 2792 pro
2218 2724 2422 2778 eisdem
2471 2725 2632 2780 rebus
2665 2726 2732 2779 ad
2758 2728 3006 2781 eumdem
3053 2731 3365 2800 episcopum

1778 2814 1904 2868 data
1935 2814 2082 2869 huic
2132 2814 2351 2886 dirigit:
2383 2823 2438 2869 et
2475 2826 2535 2870 ut
2582 2833 2704 2871 cuttt
2749 2818 2938 2873 eodem
2989 2821 3090 2874 iste
3129 2836 3369 2890 quoque.

1779 2903 2100 2974 participato
2125 2905 2369 2970 consilio,
2396 2921 2494 2974 pro
2544 2907 2673 2976 ipsis
2704 2907 2865 2963 rebus
2912 2919 3143 2981 satagat,
3182 2914 3372 2967 horta-

1782 3003 1891 3054 tur,
1923 2994 2185 3062 quosdam
2221 2995 2511 3066 designans
2535 3011 2723 3066 pagos,
2753 2997 2805 3050 in
2839 2999 3034 3067 quibus
3055 3001 3254 3054 caedem
3281 3007 3372 3058 res

1785 3081 2151 3150 conjacercnt,
2213 3086 2535 3140 Avernieum
2577 3087 2850 3150 videlicet,
2899 3089 3374 3160 Nigrummonten-

118 3179 362 3245 monacho,
394 3197 562 3252 quem
611 3185 678 3240 de
705 3188 1034 3242 monasterio
1070 3189 1430 3245 irreverenter
1456 3190 1674 3260 proprio
1705 3186 1747 3244 C
1781 3173 2302 3240 θείηνῙιοιηονίευιηθ
2328 3185 2382 3230 ει
2403 3175 2702 3231 Ρίείθνυηῖο
2736 3178 2792 3233 In
2817 3179 3166 3252 ειιῖίείιιιοιιιιο
3197 3187 3373 3255 Ρ²¹3Ῑδι

123 3266 246 3324 libitu
276 3276 532 3330 recedere
555 3277 776 3331 siverat.
801 3279 954 3334 Unde
992 3281 1144 3336 valde
1162 3283 1504 3351 reprehendit
1527 3301 1672 3350 eum,

113 3360 363 3423 ostendens
390 3385 460 3426 ex
506 3373 833 3427 auctoritate
876 3375 1076 3445 rcguhe
1123 3376 1266 3445 quod
1315 3376 1387 3430 ita
1437 3393 1542 3431 non
1587 3379 1680 3432 de-

119 3453 288 3510 buisset
331 3474 451 3514 eum
515 3461 819 3528 dimittcre;
873 3475 1166 3536 monetque
1225 3476 1283 3520 ut
1344 3483 1465 3521 cum
1513 3469 1679 3524 misso

119 3544 228 3612 regis
250 3551 615 3618 perquiratur,
647 3562 699 3606 et
730 3555 1238 3622 comprehendatur,
1273 3566 1435 3626 atque
1482 3558 1533 3611 iu
1565 3574 1679 3612 mo-

119 3638 370 3691 nasterium
421 3639 737 3705 reducatur,
781 3654 835 3697 et
873 3646 924 3697 in
973 3646 1278 3699 arctissima
1317 3649 1565 3702 eustodia
1595 3665 1679 3703 rc-

117 3730 349 3797 trudatur,
399 3734 630 3806 ejusque
674 3738 844 3807 eulpze
897 3740 1291 3803 describantur,
1332 3741 1542 3811 sibique
1589 3744 1681 3796 dc-

117 3818 301 3884 scriptio
329 3825 440 3893 ipsa
474 3843 600 3880 eum
645 3830 846 3898 proprii
893 3831 1126 3900 episcopi
1160 3830 1358 3886 litteris
1394 3832 1676 3902 dirigatur,

118 3915 164 3958 ut
183 3916 456 3969 secundum
504 3932 692 3973 sacras
721 3919 935 3989 regulas
979 3936 1098 3974 cum
1133 3921 1360 3974 consilio
1401 3923 1677 3990 coepisco-

117 4013 274 4064 [mrum
298 4007 362 4060 de
401 4008 522 4077 ipso
553 4011 828 4065 decernat.
860 4011 1107 4075 Gozliuo,
1141 4028 1239 4082 pro
1279 4012 1550 4067 Bet'nardu
1581 4027 1680 4067 tte-

115 4103 216 4155 pote
243 4096 421 4165 ipsius,
454 4101 548 4169 qui
594 4103 914 4158 seditionem
946 4114 1139 4158 contra
1185 4118 1363 4172 regem
1398 4105 1571 4158 moliri
1606 4102 1680 4158 fe-

121 4187 322 4253 rebatur,
368 4193 599 4247 hortans
629 4203 685 4247 ut
731 4197 799 4249 ab
828 4197 931 4250 bac
959 4196 1263 4252 intentione
1305 4197 1518 4250 studeat
1557 4211 1679 4250 cum

123 4289 374 4345 revocare,
429 4291 486 4336 et
539 4292 600 4337 ut
647 4284 760 4353 ipse
808 4282 1070 4339 Gozlinus
1129 4302 1226 4356 pro
1278 4285 1422 4339 nullo
1475 4287 1678 4341 carnali

119 4365 278 4422 aiiectu
316 4388 344 4425 a
393 4385 540 4428 recta
585 4375 669 4430 via
714 4376 974 4443 declinet;
1010 4376 1232 4432 fratrem
1265 4393 1478 4448 quoque
1522 4395 1677 4432 suum

119 4455 394 4518 Guzfridum
426 4479 791 4533 commoueat,
823 4480 880 4524 ut
913 4471 1071 4525 ambo
1100 4487 1366 4525 memores
1397 4484 1678 4542 parentum

1782 3282 2015 3335 quorum
2040 3283 2145 3321 non
2183 3270 2450 3334 meminit,
2475 3271 2570 3325 sed
2604 3270 2672 3324 ab
2701 3272 2803 3328 hoc
2853 3277 3053 3344 requiri
3086 3287 3248 3347 atque
3277 3280 3371 3333 dc~

1784 3357 1969 3422 scribi,
1997 3358 2209 3428 sibique
2233 3359 2402 3428 ipsam
2431 3359 2852 3430 descriptionem
2881 3365 3017 3420 mitti
3035 3369 3186 3434 petit.
3213 3368 3373 3424 Lam-

1785 3453 1942 3506 horto
1985 3468 2221 3524 quoque,
2271 3471 2430 3522 quem
2464 3457 2621 3510 unice
2648 3457 2905 3512 dilectum
2954 3475 3017 3513 ac
3055 3461 3373 3518 visceraleut

1788 3544 1955 3598 tilium
1987 3561 2142 3599 suum
2177 3557 2462 3611 memorat,
2506 3547 2804 3604 admonens
2837 3559 2893 3604 et
2922 3550 3216 3608 exhortans
3243 3569 3378 3622 qua-

1785 3633 1908 3688 liter
1938 3649 2100 3702 agere
2138 3635 2333 3690 debeat
2355 3653 2482 3707 erga
2511 3637 2652 3702 illos,
2679 3639 2820 3693 inter
2849 3657 2983 3710 quos
3007 3646 3375 3699 conversaba-

1789 3736 1895 3793 tur,
1919 3736 1975 3782 et
2003 3729 2094 3798 qui
2144 3743 2266 3782 eum
2299 3730 2521 3783 eiecturi
2568 3745 2687 3785 esse
2728 3733 3048 3788 videbantur
3074 3737 3139 3789 ad
3167 3738 3378 3803 episce-

1787 3828 1973 3888 patum
2011 3818 2328 3872 Metteuscm
2358 3839 2369 3872 ε
2413 3821 2681 3888 praecipue
2715 3836 2938 3877 mouens
2964 3837 3166 3892 pestem
3198 3828 3378 3881 Sintu-

1785 3910 1952 3963 aiacm
2027 3909 2295 3963 haereseos
2372 3910 2424 3964 in
2513 3911 2765 3966 omnibus
2837 3928 3162 3984 prtecavere.
3239 3916 3378 3984 Quia

1783 3999 2066 4070 proficere,
2099 3999 2290 4069 inquit,
2325 4000 2377 4053 in
2411 4001 2780 4057 ecclesiastico
2812 4005 2981 4071 gradu
3022 4022 3123 4061 non
3151 4012 3376 4076 poterit,

1782 4091 1872 4160 qui
1907 4091 1973 4143 ad
2005 4091 2108 4144 hoc
2157 4101 2213 4144 ut
2252 4091 2538 4146 haereticus
2590 4091 2701 4158 fiat,
2755 4104 3122 4164 promovetur.
3171 4096 3381 4156 Suades

1783 4180 1947 4234 etiam
1976 4190 2033 4232 ut
2072 4181 2308 4251 regulam
2355 4182 2681 4251 pastoralem
2724 4186 2898 4239 sancti
2941 4185 3188 4258 Gregorii
3224 4189 3377 4244 fsti-

1784 4285 1980 4330 nauter
2010 4276 2150 4348 legat
2187 4293 2251 4332 ac
2275 4286 2453 4332 mente
2479 4280 2766 4345 recondat,
2807 4292 2862 4334 et
2891 4284 3184 4336 secundum
3217 4299 3370 4339 eam-

1784 4371 1903 4423 dem
1951 4369 2187 4441 rcgulam
2221 4386 2280 4425 se
2331 4372 2558 4426 interius
2589 4383 2642 4425 et
2694 4375 2934 4429 exterius
2984 4375 3036 4428 iu
3075 4375 3239 4440 viam,
3272 4394 3376 4447 qua

1787 4463 1852 4516 ad
1875 4464 2247 4533 episc.0patum
2295 4466 2629 4534 pervenitur,
2653 4467 2868 4537 dirigat.
2918 4478 2971 4522 et
2996 4485 3092 4538 per
3118 4486 3279 4540 quam
3321 4473 3377 4525 in

119 4562 305 4607 suorum
357 4573 385 4610 a
428 4560 550 4612 fidei
601 4547 919 4615 sinceritate
967 4575 1072 4615 non
1123 4563 1479 4631 degeneri-nt;
1529 4565 1678 4627 itetu,
1718 4546 1758 4603 Ι)
1788 4556 2100 4624 episcopatu
2134 4558 2199 4610 ad
2227 4558 2389 4610 vitam
2418 4566 2674 4611 retentam
2709 4561 2964 4624 tenditur,
3015 4563 3271 4630 Cut't'igﬂ’.
3302 4565 3380 4617 SE-

119 4646 376 4705 quterendo
403 4663 506 4702 cur
531 4651 598 4703 ad
628 4664 686 4704 se
725 4651 948 4705 missum
982 4649 1062 4705 vel
1094 4650 1304 4705 litteras
1345 4667 1448 4706 non
1485 4654 1681 4723 dirige-

119 4744 199 4798 nit,
233 4748 284 4790 ut
330 4739 508 4797 facere
553 4745 743 4800 solitus
789 4744 984 4811 fuerat,
1029 4746 1328 4801 exhortans
1374 4757 1423 4800 ut
1469 4748 1521 4802 id
1576 4748 1681 4803 frc-

119 4843 312 4894 qin-nter
367 4851 466 4905 pro
516 4847 703 4890 mutua
761 4837 1047 4892 dilectione
1103 4848 1264 4908 atque
1313 4841 1682 4897 consolatione

121 4918 267 4977 facere
294 4927 536 4991 studeat;
567 4927 717 4994 item,
749 4928 1065 4998 significans
1091 4931 1364 4998 quomodo
1395 4933 1460 4987 de
1485 4933 1680 4988 dilecto

121 5007 207 5064 tilio
229 5015 272 5068 ei
318 5015 577 5072 Gozlinus
606 5019 742 5072 idem
790 5019 964 5074 factus
996 5020 1070 5074 sit
1096 5020 1347 5076 inimicus
1368 5063 1381 5086 ,
1423 5032 1475 5076 et
1507 5025 1681 5079 adhuc

118 5104 308 5160 charum
334 5109 500 5163 tilium
544 5113 792 5166 eumdem
833 5113 1097 5179 nominat,
1125 5122 1176 5168 et
1211 5113 1434 5182 injurias
1479 5117 1580 5170 sibi
1614 5118 1682 5172 ab

117 5205 168 5243 eo
205 5195 373 5253 illatas
419 5216 524 5254 non
570 5202 739 5258 solum
788 5205 1078 5284 patienter.
1115 5205 1209 5261 sed
1257 5213 1313 5259 et
1359 5204 1592 5263 libenter
1626 5225 1684 5263 se

119 5278 235 5339 ferre
269 5288 561 5359 depromit,
595 5308 655 5349 ac
684 5297 819 5366 petit
854 5306 914 5350 ut
961 5278 1360 5362 reminiscatur,
1403 5299 1527 5367 quia
1575 5300 1682 5353 lte-

1790 4645 2051 4714 gniticans
2081 4660 2139 4699 se
2169 4645 2358 4699 amicis
2383 4646 2514 4710 suis,
2544 4655 2650 4700 tam
2684 4647 2951 4718 episcopis
2977 4664 3137 4718 qraut
3166 4653 3382 4704 comiti-

1788 4739 1888 4791 bus
1919 4737 2065 4806 regni
2115 4734 2354 4791 Lotharii
2429 4753 2525 4808 pro
2570 4754 2633 4794 eo
2676 4740 2885 4796 litteras
2923 4742 3177 4811 dirigere,
3221 4743 3380 4798 fidem

1791 4831 1994 4895 facere,
2027 4831 2152 4901 quia
2184 4832 2249 4886 de
2277 4833 2522 4886 consiliis
2553 4842 2606 4888 et
2651 4833 2959 4891 salubribus
2991 4835 3160 4906 ipsius
3187 4837 3384 4891 exituro

1793 4921 2084 4976 tatiouibus
2108 4937 2213 4978 non
2229 4921 2486 4988 deviabit,
2514 4926 2757 4996 petitque
2787 4941 2855 4981 ne
2881 4925 3191 4982 mendacem
3222 4943 3386 4998 super

1787 5015 1876 5069 his
1921 5013 2059 5083 apud
2110 5016 2316 5071 amicos
2352 5031 2474 5071 eum
2522 5015 2707 5075 faciat.
2756 5017 2969 5093 Hugoni
3029 5019 3231 5082 abbati.
3284 5025 3385 5086 p‘tn

1789 5104 2057 5160 electione
2087 5104 2466 5162 Noviomensis
2492 5111 2732 5182 episcopi
2755 5120 2876 5178 post
2899 5111 3174 5174 decessum
3207 5109 3383 5174 Bage-

1789 5197 1974 5261 nelini,
2008 5206 2200 5267 petens
2237 5215 2297 5255 ut
2327 5201 2582 5257 hortetur
2603 5219 2762 5276 reges
2807 5201 3134 5258 Ludovicqu
3164 5209 3217 5253 et
3243 5197 3386 5249 [tare

1788 5288 2097 5344 lomannum
2133 5290 2268 5363 (l8),
2299 5299 2569 5363 quatenus
2591 5298 2928 5351 voluntatem
2973 5292 3082 5348 Dei,
3130 5299 3176 5340 et
3230 5293 3387 5341 aute-
