3904 5396
565 285 672 341 935

1623 281 2006 340 FLODOARDI
2047 282 2364 340 CANONICI
2406 284 2751 339 llEMENSiS

577 419 782 476 Domini
828 417 1252 473 misericordiam
1282 418 1562 488 deprecari
1605 430 1814 490 satagat
1843 422 1964 492 [ms.
2000 411 2148 476 sata-
2179 439 2222 495 Α
2252 421 2440 474 eodem
2490 431 2757 489 coempta,
2801 437 2961 488 qusm
3007 421 3224 490 quidam
3272 437 3458 475 eorum
3508 421 3613 475 sibi
3659 425 3820 476 subri-

579 508 754 582 gant].
783 508 940 573 Item,
985 518 1043 563 ut
1078 508 1325 579 praefatis
1349 509 1564 578 regibus
1582 512 1926 566 necessarios
1946 512 2148 566 consti-

575 610 688 656 tuat
715 600 984 665 nutritios,
1009 600 1134 669 quia
1181 600 1342 654 nimis
1379 599 1632 668 juvenem
1679 601 1950 657 trahebant
1974 603 2152 658 consi-

573 689 810 752 liarium,
839 699 894 743 et
921 690 986 744 de
1012 689 1096 743 his
1125 704 1244 758 qua:
1273 689 1376 743 sibi
1414 689 1572 744 iidem
1604 703 1758 760 reges
1784 705 1884 759 pro
1909 692 2147 746 custodia

567 779 925 836 Tornaceusis
950 779 1216 850 parochias
1243 778 1313 851 υ,
1345 795 1442 850 pro
1469 779 1818 835 custodienda
1847 779 2149 836 Tornacen-

569 871 614 924 si
659 867 937 939 parochia]
989 867 1396 934 mandaverant,
1441 877 1500 923 et
1553 869 1682 938 quid
1727 871 1838 940 ipse
1870 885 2034 940 super
2066 873 2151 926 his

567 967 774 1029 egerat,
807 958 1002 1028 quidve
1049 958 1124 1012 illi
1155 967 1341 1028 postea
1394 961 1852 1026 remandaverint,
1908 961 1992 1016 vel
2023 962 2148 1031 quid

573 1058 689 1126 ipse
733 1053 1074 1124 rescripserit
1120 1055 1201 1110 eis
1251 1054 1561 1110 nolentibus
1589 1070 1868 1110 assensum
1904 1057 2151 1126 przebere

574 1163 734 1217 super
746 1146 1009 1202 electione
1030 1147 1292 1202 canonica
1321 1145 1558 1217 praefata:
1578 1145 1949 1202 Noviomensis
1964 1147 2149 1202 Eccle-

570 1238 694 1302 siae;
729 1247 783 1292 et
811 1236 934 1306 quia
965 1236 1076 1306 ipse
1103 1235 1233 1290 nihil
1283 1235 1407 1290 inde
1432 1235 1576 1290 aliud
1625 1244 1830 1306 egerat,
1873 1235 1973 1289 nisi
2005 1235 2145 1305 quod

568 1345 665 1400 per
691 1330 908 1397 triginta
955 1337 1008 1382 ct
1031 1327 1270 1398 quinque
1309 1340 1480 1381 annos
1508 1327 1559 1381 in
1602 1326 1902 1395 huiusmodi
1935 1326 2149 1396 negotio

571 1419 759 1475 solitus
787 1427 924 1474 erat.
951 1418 1016 1471 Et
1039 1418 1166 1487 quid
1194 1417 1297 1472 sibi
1329 1416 1640 1472 mandatum
1674 1424 1855 1484 postea
1900 1430 1960 1470 es
2000 1423 2150 1484 parte

570 1525 776 1580 regum,
807 1507 885 1563 vel
911 1507 1076 1578 ipsius
1123 1506 1361 1578 Hugonis
1404 1507 1455 1560 in
1512 1507 1613 1562 hac
1644 1521 1802 1560 causa
1848 1519 1945 1574 per
1972 1504 2148 1559 Wari-

570 1615 696 1652 num
725 1597 978 1652 clericum
1014 1595 1196 1661 fuerit,
1229 1611 1470 1665 quasque
1494 1595 1698 1650 litteras
1719 1595 1910 1649 deinde
1939 1592 2145 1664 prazfati

565 1703 720 1760 reges
745 1686 917 1741 eidem
946 1686 1208 1740 miserint.
1233 1685 1542 1753 Adjnngens
1573 1699 1848 1740 sacrorum
1879 1697 2146 1737 canonum

2248 510 2429 579 piens,
2465 520 2840 578 usurpaverat.
2874 509 3025 565 Unde
3052 509 3302 576 miratur,
3327 511 3372 564 si
3401 511 3502 564 hoc
3532 510 3728 567 fratres
3750 514 3820 568 ita

2255 601 2370 654 lteri
2393 601 2731 656 cohibuerint
2758 602 2824 656 de
2849 617 2936 667 eo,
2961 603 3048 671 qni
3079 603 3133 655 in
3161 601 3330 668 nullo,
3353 612 3613 672 quantum
3645 605 3822 657 memi—

2252 690 2354 756 nit,
2383 690 2587 744 inutilis
2619 691 2699 746 eis
2736 689 2858 756 fuit,
2887 693 2980 746 sed
3022 692 3162 746 sicut
3194 692 3298 747 illis
3329 701 3457 748 tune
3499 693 3675 748 visum
3711 693 3815 749 fue-

2254 792 2356 847 rat,
2383 782 2438 835 in
2471 782 2657 837 multis
2684 783 2829 837 utilis
2850 792 2910 838 et
2942 785 3284 839 necessarius
3311 785 3450 854 apud
3480 800 3577 840 eos
3607 788 3821 852 mansit,

2249 881 2439 926 etnon
2472 873 2680 927 modica
2721 874 2801 928 eis
2839 873 3074 928 obtinuit
3100 883 3156 928 et
3197 874 3511 928 reobtinuit.
3558 875 3675 930 Non
3715 876 3818 930 bas:

2255 963 2375 1017 ideo
2403 963 2607 1027 dicens,
2639 972 2697 1017 ut
2723 963 2828 1018 sibi
2854 965 3090 1034 pretiosa
3119 965 3190 1021 sit
3217 965 3306 1020 illa
3332 966 3527 1021 domus
3545 949 3617 1021 ad
3646 975 3825 1022 leuen-

2252 1053 2405 1118 dum,
2434 1052 2516 1107 vel
2549 1054 2834 1119 cortieula,
2863 1055 2980 1111 sine
3006 1055 3289 1123 charitate,
3322 1057 3518 1126 inquit,
3546 1069 3742 1121 vestra,
3765 1069 3822 1113 et

2245 1154 2471 1210 cetera;
2507 1145 2659 1210 item,
2691 1145 2936 1214 Wiliglso
2965 1163 3086 1202 cum
3118 1149 3333 1204 caeteris
3365 1147 3610 1216 ejusdem
3648 1166 3823 1204 mona-

2246 1234 2402 1289 sterii
2435 1236 2737 1300 monachis,
2753 1236 2825 1292 ‘de
2854 1250 2919 1292 eo
2952 1237 3100 1308 quod
3129 1238 3378 1293 audierat
3405 1252 3502 1295 eos
3525 1253 3558 1293 a
3597 1240 3820 1308 quodam

2251 1325 2564 1395 presbytero
2585 1326 2814 1395 pretium
2840 1341 3084 1397 quaerere
3105 1342 3202 1398 pro
3223 1328 3466 1393 decima;
3499 1329 3642 1382 unde
3665 1328 3822 1382 mari.

2253 1429 2396 1468 mam
2427 1429 2485 1470 se
2516 1417 2892 1470 verecundiam
2923 1417 3052 1472 dicit
3081 1418 3280 1473 habere
3312 1429 3535 1489 propter
3563 1418 3696 1473 alios
3729 1417 3818 1472 lio-

2254 1506 2450 1570 mines,
2481 1505 2575 1576 qui
2617 1507 2718 1561 hoc
2740 1506 2979 1585 audituri
3010 1517 3184 1563 erant.
3217 1507 3368 1574 Quod
3396 1518 3658 1579 quantum
3687 1509 3820 1578 peri-

2250 1595 2429 1650 culum
2473 1597 2562 1662 sit,
2590 1597 2671 1652 eis
2693 1612 2756 1651 es
2789 1596 2970 1651 divina
2999 1598 3236 1652 ostendit
3277 1598 3626 1662 auctoritate,
3650 1607 3703 1651 et
3733 1612 3819 1650 ca-

2249 1702 2448 1742 nonum
2489 1687 2941 1759 promulgatione,
2977 1703 3040 1743 ac
3083 1688 3276 1743 deinde
3306 1705 3321 1740 :
3355 1707 3372 1739 ι
3407 1687 3590 1753 Absit,
3634 1688 3814 1757 inquit,

565 1780 928 1852 promulgatas
954 1795 1114 1850 super
1165 1779 1427 1835 electione
1463 1779 1724 1834 canonica
1773 1779 2144 1844 auctoritates,
2178 1777 2218 1834 Β
2249 1777 2462 1844 fratres,
2494 1787 2553 1834 ut
2580 1778 2669 1833 alii
2713 1779 3062 1834 ecclesiastici
3093 1789 3148 1834 et
3178 1779 3414 1849 religiosi
3458 1779 3558 1833 viri
3589 1778 3689 1833 hoc
3726 1794 3820 1830 au-

563 1883 620 1925 et
644 1872 954 1936 ostendens,
998 1871 1139 1940 quod
1182 1885 1295 1924 non
1322 1871 1560 1941 episcopi
1597 1872 1663 1925 de
1715 1872 1911 1941 palatio
1963 1871 2151 1941 praeei-

564 1965 780 2032 piantur
814 1963 958 2034 eligi,
1011 1963 1101 2018 sed
1145 1963 1210 2018 de
1246 1966 1471 2034 propria
1529 1965 1769 2033 qualibet
1799 1964 2062 2031 Ecclesia,
2097 1976 2152 2019 et

565 2056 706 2126 quod
739 2057 804 2108 de
833 2055 1134 2108 ordinando
1159 2055 1432 2124 episcopo,
1467 2071 1572 2109 neu
1617 2056 1757 2125 regis
1787 2055 1870 2110 vel
1891 2055 2150 2125 palatino-

572 2161 689 2198 rum
717 2144 872 2198 debet
905 2159 1022 2199 esse
1055 2145 1471 2209 commendatio,
1496 2145 1586 2200 sed
1611 2145 1741 2199 cieri
1763 2153 1817 2198 et
1839 2145 2011 2215 plebis
2037 2144 2147 2198 cle-

565 2236 694 2300 ctio,
726 2245 783 2291 et
809 2235 1210 2305 metropolitani
1240 2237 1574 2292 inelectionc
1592 2236 1928 2308 dijudicatio,
1959 2236 2151 2291 deinde

567 2329 764 2383 terreni
800 2329 1059 2399 principis
1084 2331 1383 2392 consensio,
1409 2342 1470 2385 et
1510 2333 1589 2386 sic
1631 2333 1744 2386 ﬁeri
1765 2333 2148 2401 episcoporum

565 2437 760 2476 manus
782 2421 1074 2490 impositio,
1124 2437 1380 2477 asserens
1431 2438 1528 2492 pro
1576 2433 1730 2478 certo
1775 2423 1920 2493 quod
1953 2424 2066 2493 ipse
2090 2423 2147 2476 in

566 2513 838 2567 neminem
874 2513 1180 2583 specialiter
1209 2513 1534 2580 intenderet,
1561 2515 1662 2569 nisi
1698 2515 2012 2584 utquisque
2053 2515 2146 2578 sit,

566 2603 858 2658 secundum
902 2619 1114 2658 sacram
1157 2608 1536 2660 auctoritatem
1595 2606 1660 2660 ad
1721 2606 1823 2661 hoc
1870 2607 2151 2660 accederet

565 2693 820 2758 nli‘tcium,
863 2703 918 2748 et
970 2694 1112 2762 quod
1181 2695 1424 2762 spiritale
1491 2697 1849 2750 ministerium
1892 2695 2147 2766 postulat,

566 2785 732 2840 sciret
789 2799 852 2838 ac
902 2782 1123 2849 faceret,
1174 2795 1280 2840 etc.
1329 2785 1461 2840 ltem
1509 2788 1730 2842 mittens
1771 2788 1822 2841 ei
1876 2788 2152 2857 exemplar

563 2877 823 2946 t‘piSlOiJ‘,
853 2892 1014 2946 quam
1043 2876 1151 2947 regi
1178 2876 1396 2942 Karolo,
1428 2876 1686 2933 Ludovici
1729 2878 2142 2932 Transrhenen-

567 2972 642 3025 sis
669 2970 778 3024 tilio
805 2971 1102 3035 direxerat,
1141 2985 1238 3039 pro
1280 2970 1496 3038 regibus
1534 2971 1714 3024 adhuc
1761 2971 1942 3040 pueris
1969 2969 2147 3023 Ludo-

567 3063 688 3114 vico
717 3071 769 3113 et
799 3060 1178 3122 liarlomanuo,
1208 3061 1536 3130 hortatusque
1573 3071 1632 3114 nt
1681 3063 1722 3115 si
1753 3062 1985 3131 potuerit
2010 3061 2149 3115 obti-

2252 1870 2421 1934 diaut,
2453 1869 2580 1939 quia
2622 1869 2870 1924 monachi
2901 1870 2966 1924 de
2997 1869 3328 1924 monasterio
3367 1870 3540 1924 sancti
3588 1868 3819 1938 Dionysii

2252 1959 2512 2014 decimam
2541 1959 2777 2014 vendere
2805 1967 3071 2027 qurerunt,
3099 1967 3158 2012 ut
3185 1960 3252 2013 de
3291 1958 3406 2027 ipso
3443 1957 3623 2028 pretio
3663 1955 3824 2011 infer-

2252 2047 2461 2103 fernum
2487 2059 2821 2118 comparent.
2850 2047 3015 2102 Multo
3037 2048 3212 2116 magis
3234 2058 3415 2103 autem
3444 2028 3611 2112 absit,
3637 2054 3693 2100 ut
3718 2047 3821 2100 hoc

2256 2141 2379 2195 laici
2428 2140 2669 2204 audiant,
2708 2140 2849 2209 quod
2900 2153 3058 2194 neruo
3103 2139 3267 2192 etiam
3313 2140 3553 2209 peccatis
3598 2137 3819 2208 publicis

2256 2231 2566 2300 implicatus
2604 2231 2656 2284 in
2705 2245 2820 2284 mea
2867 2229 3120 2298 parochia
3163 2228 3342 2284 facere
3382 2231 3564 2284 audet.
3598 2229 3653 2283 Si
3679 2230 3820 2284 enim

2251 2323 2448 2392 aliquis
2511 2322 2578 2376 de
2628 2321 2736 2376 alio
2793 2320 3120 2376 monasterio
3166 2336 3329 2390 quam
3371 2321 3438 2375 de
3483 2331 3666 2375 nostro
3718 2320 3818 2373 ιιυοε

2254 2423 2487 2477 tentare,
2517 2422 2721 2483 quanto
2762 2412 2932 2482 magis
2978 2411 3161 2467 facere
3182 2422 3555 2482 prmsumeret,
3586 2413 3652 2468 ab
3678 2414 3820 2466 omni

2251 2503 2626 2559 communione
2657 2503 2808 2556 illum
2844 2501 2912 2556 de
2946 2503 3202 2571 parochia
3237 2517 3359 2557 mea
3392 2503 3818 2557 excommunica-

2252 2611 2386 2659 rem,
2437 2614 2454 2646 ι
2485 2604 2591 2648 etc.
2632 2593 2785 2658 Item,
2815 2593 3018 2647 eisdem
3055 2593 3354 2660 monachis,
3384 2608 3481 2663 pro
3521 2593 3820 2647 visitatio-is

2250 2685 2447 2742 divinae
2478 2683 2860 2750 miserati-onis,
2890 2699 2997 2754 qua
3027 2683 3333 2741 admonitus
3364 2685 3478 2740 dies
3523 2698 3651 2738 suos
3688 2684 3816 2738 sicut

2252 2776 2496 2830 umbram
2544 2774 2842 2829 declinasse
2875 2774 3029 2841 dicit,
3056 2784 3110 2829 et
3134 2790 3192 2829 se
3217 2774 3355 2829 sicut
3398 2774 3582 2829 fenum
3627 2777 3816 2828 armis.

2251 2881 2308 2920 se
2337 2865 2526 2931 (Psul.
2569 2866 2658 2932 ct)
2690 2882 2706 2917 με
2737 2865 2957 2920 mittens
3003 2877 3192 2920 eorum
3240 2865 3520 2934 obsequiis
3569 2863 3814 2918 tantulam

2251 2957 2706 3022 benedictionem,
2752 2957 3015 3014 ducentos
3051 2957 3261 3012 scilicet
3306 2956 3512 3012 solidos
3554 2958 3620 3011 de
3664 2959 3814 3010 tueris

2250 3048 2513 3112 denariis;
2545 3055 2840 3118 petensque
2889 3056 2946 3102 ut
2987 3047 3126 3118 apud
3165 3061 3508 3102 communem
3540 3055 3811 3130 patronum

567 3161 710 3214 ιιι-ιιι,
739 3152 1152 3220 qnatcnusidem
1181 3122 1872 3221 Karolnsiquia(ilimu'non
1894 3151 2144 3219 habebat)
2175 3122 2220 3185 (ἶ
2252 3140 2623 3196 beatissimum
2677 3139 2988 3210 Dionysium
3039 3140 3098 3194 in
3149 3139 3323 3194 sacris
3372 3138 3706 3194 orationibus
3734 3122 3814 3190 sui

569 3259 732 3296 unum
769 3258 831 3296 ex
865 3243 948 3297 his
993 3243 1192 3311 regulis
1244 3244 1346 3298 sibi
1396 3245 1613 3312 atloptet
1653 3245 1703 3296 in
1738 3244 1925 3306 tilium,
1970 3253 2023 3298 et
2049 3245 2147 3298 sub

570 3350 728 3389 manu
758 3334 878 3388 boni
938 3349 1001 3388 ac
1030 3335 1235 3388 strenui
1301 3333 1467 3402 baiuli
1504 3334 1570 3387 ad
1633 3334 1736 3388 hoc
1786 3350 1908 3388 eum
1953 3335 2146 3389 nutriri

571 3425 751 3488 (aiat,
786 3433 844 3478 ut
873 3424 974 3478 sibi
1014 3425 1280 3479 hatredem
1312 3435 1404 3478 aut
1436 3425 1489 3478 in
1521 3434 1712 3491 totum,
1735 3433 1826 3477 aut
1850 3426 1903 3479 in
1938 3435 2146 3493 partem

569 3525 769 3571 statuat
796 3533 810 3581 ;
839 3525 891 3571 et
917 3525 974 3570 ut
1003 3525 1213 3571 secrete
1240 3515 1390 3586 llugo
1423 3517 1563 3585 apud
1610 3516 1863 3571 Karolum
1884 3517 2147 3582 obtineat,

567 3623 674 3676 quo
698 3617 749 3660 et
778 3607 965 3662 horum
998 3621 1308 3677 puerorum,
1337 3617 1388 3661 et
1418 3607 1566 3678 regni
1611 3607 1768 3675 hujus
1797 3622 2014 3661 causam
2053 3623 2145 3662 su-

565 3713 672 3767 per
703 3712 758 3751 se
790 3707 952 3769 totam
987 3697 1262 3766 suscipiat,
1285 3706 1338 3751 et
1369 3710 1596 3767 qumque
1636 3697 1968 3765 disponenda
2001 3697 2147 3766 regio

569 3799 696 3843 sunt
724 3789 776 3842 in
805 3789 1130 3853 ministerio,
1158 3789 1272 3859 ipse
1300 3789 1567 3857 disponat.
1595 3787 1935 3844 Prannittcns
1959 3789 2148 3852 etiam,

570 3891 626 3934 ut
700 3882 899 3951 scripta
982 3896 1118 3944 sua,
1187 3895 1306 3951 qum
1389 3880 1586 3936 Karolo
1665 3881 1957 3944 mittebat,
2036 3878 2149 3949 ipse

569 3973 742 4042 llago,
788 3975 835 4027 si
889 3973 1216 4028 haberentur
1292 3973 1465 4037 utilia,
1532 3983 1588 4026 et
1637 3971 1997 4035 rationabilia,
2051 3987 2150 4022 suo

571 4062 799 4133 sapienti
864 4063 1090 4117 consilio
1159 4072 1210 4115 el
1292 4063 1538 4130 prudenti
1614 4071 1970 4130 prosequatur
2032 4070 2147 4114 stu-

573 4154 697 4217 dio;
777 4153 860 4206 sin
947 4167 1102 4209 secus
1153 4167 1318 4220 quam
1400 4152 1528 4207 inibi
1583 4153 1804 4206 deberet
1879 4151 2146 4204 invenire-

575 4253 703 4306 tur,
762 4243 1032 4312 sapienter
1067 4241 1210 4297 .illud
1292 4249 1622 4295 connnntare
1657 4280 1672 4304 ,
1743 4239 1827 4293 vel
1911 4236 1957 4292 si
2012 4237 2152 4293 foret

579 4348 800 4390 necesse
837 4332 967 4403 quid
1007 4333 1224 4394 addere,
1262 4330 1342 4384 vel
1383 4331 1627 4385 obtinere
1671 4339 1958 4399 satageret.
1997 4329 2146 4394 Item,

569 4440 680 4494 pro
726 4421 990 4477 mandatis
1018 4421 1272 4476 Ludovici
1312 4420 1614 4474 Germania:
1659 4421 1822 4490 regis,
1848 4435 1910 4474 ac
1939 4420 2148 4474 suasio-

581 4515 771 4577 nibus;
806 4512 981 4580 primo
1009 4509 1215 4565 scilicet
1254 4519 1311 4563 ut
1337 4509 1615 4579 episcopos
1647 4507 1928 4564 Bernensis
1955 4507 2152 4562 dimce~

579 4619 701 4658 seos
729 4603 902 4657 eidem
934 4601 1044 4672 regi
1085 4602 1224 4670 apud
1255 4601 1586 4656 Attiniacum
1619 4599 1807 4654 obvios
1850 4599 1929 4658 ire
1968 4598 2155 4670 praeui-

567 4695 720 4764 ‘piat;
755 4691 988 4748 secundo
1037 4702 1092 4745 ut
1136 4692 1184 4746 ei
1233 4691 1517 4746 consilium
1569 4691 1878 4753 remandet,
1922 4688 2153 4761 qualiter

579 4783 727 4838 istud
756 4797 974 4852 regnum
1005 4783 1274 4852 disponat,
1303 4781 1429 4850 quid
1458 4779 1703 4834 videlicet
1733 4781 1797 4833 ad
1829 4779 1944 4838 haec
1973 4779 2152 4832 missis

577 4875 812 4944 ejusdem
843 4875 983 4945 regis
1013 4873 1349 4944 respondeat.
1380 4882 1432 4926 ct
1457 4871 1499 4925 si
1523 4870 1830 4928 Ludovicus
1852 4870 1966 4941 ipse
1992 4871 2151 4925 adve-

579 4965 743 5029 nerit,
767 4974 822 5020 et
851 4966 1118 5036 rogaverit
1157 4975 1212 5016 ut
1239 4980 1360 5018 eum
1404 4963 1456 5016 in
1492 4976 1668 5030 regem
1699 4970 1997 5025 consecret,
2026 4962 2152 5033 quid

565 5069 634 5111 .et
668 5056 898 5126 qualiter
938 5057 1060 5109 inzle
1110 5055 1178 5108 sit
1218 5055 1293 5108 illi
1339 5055 1624 5122 agendum,
1656 5063 1761 5108 etc.
1797 5053 2065 5110 Praeterea
2101 5063 2156 5110 et

579 5150 683 5202 alia
716 5151 961 5217 quaedam
991 5147 1170 5199 abbati
1204 5146 1392 5206 scribit
1422 5146 1616 5197 eidem.

1152 5255 1378 5315 CAPUT
1422 5255 1560 5312 XXV

655 5350 784 5396 Dim:
830 5346 1214 5396 sacerdotibus.
1260 5346 1337 5396 rel
1397 5348 1722 5396 monasteriis
1769 5349 2082 5396 auibusdnm

2251 3229 2570 3284 memoriam
2619 3227 2824 3299 jugiter
2876 3229 3166 3294 haberent;
3221 3243 3450 3297 poscens
3505 3228 3665 3282 etiam
3726 3242 3813 3295 pro

2252 3322 2512 3377 ilaimone
2555 3322 2697 3376 ﬁdeli
2735 3337 2831 3376 suo
2871 3336 3007 3392 pene
3055 3324 3108 3375 in
3155 3320 3415 3376 extremis
3442 3320 3636 3390 posito,
3664 3335 3811 3390 quem

2251 3415 2502 3470 dilectum
2542 3413 2706 3467 lilium
2745 3429 2899 3467 suum
2941 3411 3549 3467 uontiuat.l"ulcramno
3579 3409 3668 3486 [i.,
3694 3411 3808 3466 Ful-

2251 3503 2482 3577 cranno}
2528 3505 2850 3576 przeposito,
2917 3514 2974 3559 et
3023 3503 3285 3560 fratribus
3334 3505 3652 3559 monasterii
3697 3503 3812 3558 Con

2249 3598 2501 3658 beiensis,
2534 3596 2774 3651 scribens
2815 3610 2913 3665 pro
2955 3595 3218 3651 electione
3264 3595 3476 3650 abbazis
3518 3596 3600 3649 eis
3634 3611 3662 3648 a
3699 3608 3808 3663 rego

2250 3702 2521 3751 concessa,
2558 3701 2760 3756 proque
2803 3686 2998 3741 litteris
3045 3685 3211 3756 regiis
3247 3701 3410 3754 super
3439 3687 3628 3740 eadem
3660 3701 3734 3748 re,
3761 3693 3809 3738 et

2251 3780 2478 3833 adventu
2511 3777 2679 3848 ipsius
2717 3776 2896 3831 domui
2939 3776 3214 3830 llinemari
3245 3776 3315 3830 ad
3342 3790 3460 3830 eos.
3494 3774 3577 3830 Un
3599 3779 3645 3830 le
3672 3774 3808 3828 illum

2251 3869 2661 3933 consuluerant,
2698 3869 2918 3924 instruit
2965 3869 3132 3938 ipsos,
3173 3868 3406 3938 qualiter
3457 3869 3511 3922 in
3565 3869 3662 3923 hac
3713 3867 3806 3921 cleo

2251 3959 2429 4012 ctione
2467 3957 2546 4012 eis
2577 3958 2646 4012 sit
2681 3958 2947 4026 agendum
2988 3957 3285 4012 secundum
3329 3957 3635 4011 doctrinam
3679 3952 3807 4010 beati

2254 4050 2430 4103 Patris
2457 4048 2760 4114 Benedicti,
2784 4057 2841 4102 ut
2879 4049 2932 4102 in
2967 4048 3219 4104 omnibus
3244 4048 3559 4118 magistram
3590 4063 3804 4118 sequan-

2254 4149 2340 4193 tur
2385 4138 2648 4208 regulam,
2677 4152 2776 4192 nec
2815 4147 3014 4194 temere
3056 4137 3125 4192 ab
3165 4152 3230 4192 ea
3267 4138 3570 4192 declinetur
3617 4152 3650 4190 a
3689 4150 3801 4206 quo-

2253 4245 2435 4298 quam,
2469 4237 2651 4297 utpote
2700 4228 2965 4282 ratiouem
3006 4228 3270 4282 reddituri
3301 4242 3400 4297 pro
3428 4227 3686 4282 omnibus
3702 4236 3806 4280 ante

2255 4319 2484 4373 tribunal
2544 4319 2748 4374 Domini
2812 4320 2980 4374 nostri
3029 4317 3160 4374 Jesu
3215 4318 3442 4375 Christi.
3508 4319 3802 4391 Magenarlo

2255 4413 2540 4481 praeposito
2571 4414 2656 4482 (de
2695 4413 2790 4464 hoc
2829 4429 3020 4480 supra,
3051 4428 3166 4481 cap.
3203 4411 3322 4484 23),
3359 4422 3416 4468 et
3465 4411 3718 4467 fratribus
3761 4411 3801 4461 in

2261 4504 2585 4558 monasterio
2611 4501 2666 4557 S.
2695 4503 2933 4558 llicharii
2965 4505 3304 4576 degentibus,
3332 4520 3430 4575 pro
3454 4504 3674 4570 litteris,
3694 4519 3802 4572 quas

2261 4596 2582 4665 apostolicus
2610 4610 2744 4666 papa
2793 4595 2904 4665 regi
2935 4595 3154 4662 Karolo,
3197 4596 3410 4665 sibique
3449 4598 3688 4660 miserat,
3722 4610 3798 4664 ριν

2260 4692 2519 4760 quodam,
2545 4691 2636 4759 qui
2667 4691 3010 4755 monachum,
3041 4699 3204 4759 atque
3245 4691 3624 4761 presbyterum
3664 4691 3799 4744 inter-

2264 4781 2500 4849 iecerat;
2535 4781 2588 4834 in
2621 4779 2818 4850 quibus
2855 4779 3052 4835 litteris
3089 4791 3332 4837 tenorem
3373 4782 3631 4852 injuncta‘
3663 4776 3797 4850 ιιιῑιιὶο

2266 4875 2444 4926 tentia:
2481 4881 2820 4942 exposuerat,
2852 4873 3149 4928 admonens
3194 4882 3253 4925 ut
3295 4873 3498 4928 divinis
3532 4873 3740 4928 monitis
3761 4869 3800 4920 iu

2257 4966 2342 5022 bis
2369 4981 2486 5033 ιιτιιε
2520 4964 2644 5032 ipsa:
2683 4962 2872 5016 litterre
2899 4963 3214 5032 principium
3255 4962 3477 5018 obedire
3518 4967 3796 5034 procurent.

2257 5053 2535 5111 Monachis
2583 5052 2814 5105 emnobii
2864 5053 3037 5107 sancti
3088 5051 3323 5108 Medardi
3379 5069 3481 5123 pro
3533 5051 3799 5108 llainoardo

2261 5144 2544 5206 momiclm,
2577 5143 2666 5217 qui
2707 5141 2916 5195 veniam
2964 5158 3060 5212 pro
3103 5143 3417 5198 excessibus
3443 5144 3563 5198 suis
3585 5143 3710 5214 aan
3735 5151 3796 5192 τε·
3853 5183 3855 5197 ,

2261 5250 2376 5304 gem
2423 5233 2814 5301 postulaverat;
2851 5234 2914 5285 de
2961 5248 3069 5301 quo
3114 5249 3180 5288 es
3220 5233 3383 5288 verbo
3411 5235 3558 5306 regis
3594 5233 3793 5290 mamlat,

2265 5336 2320 5378 ut
2359 5341 2480 5378 eum
2515 5324 2595 5376 vel
2635 5324 2701 5375 ad
2742 5323 3094 5378 habitandum
3143 5324 3461 5394 regulariter
3505 5326 3645 5380 inter
3685 5324 3794 5391 ipsos

3729 288 3828 344 £56
