3904 5396
85 197 174 254 ὶῗἹ
644 189 985 247 ιιιετοιιω
1029 186 1380 245 ερειεδιιε
1423 187 1649 245 ΒΕΜΒΞ

1755 188 1766 242 ι
1802 185 1980 242 LIBRI
2023 181 2376 251 QUA'IUOR.
2410 216 2472 222 —-
2505 184 2625 240 LIB.
2671 182 2752 240 Ill.

3223 190 3334 244 253’

88 313 157 367 δίε
185 304 454 369 ελεῖεδῂε,
488 320 649 375 super
697 302 1121 373 interrogatione
1172 317 1276 370 qua
1322 301 1646 371 requisierat
1673 307 1722 365 Α
1750 299 1911 353 habet
1955 299 2024 353 ad
2074 298 2179 352 ima
2227 299 2413 354 relabi.
2451 301 2677 356 Studeat
2723 314 2900 358 autem
2947 309 3236 377 pracipne,
3269 323 3330 366 ut

92 403 148 452 ab
165 413 245 461 eo,
272 395 502 465 qualiter
534 401 810 463 oporteret
845 407 966 446 eum
996 406 1160 460 agere
1200 391 1266 446 de
1300 391 1648 461 inquisitione

90 490 177 545 sibi
204 486 488 542 connuissa
529 485 582 538 in
618 484 870 539 Oriniaco
898 484 1283 537 monacharum
1322 483 1649 536 monasterio

91 595 235 651 super
257 577 528 632 abbatissa
551 585 604 630 et
625 575 914 646 praeposito
947 574 1116 644 ipsius
1143 575 1476 634 monasterii,
1508 575 1649 629 unde

94 671 422 741 interroganti
454 671 821 740 responderat,
851 669 976 737 quia
1007 683 1111 721 non
1139 667 1314 720 verbis
1338 667 1402 720 de
1431 666 1647 730 talibus,

92 767 170 821 sed
196 764 412 834 scriptis
439 761 766 831 respondere
786 761 1024 815 deberet.
1056 760 1321 827 Quorirca
1349 759 1652 814 rescribens

92 871 282 926 quoque
307 855 546 909 ostendit
570 869 689 922 qua:
725 854 777 906 in
818 853 1044 922 legibus,
1074 867 1210 921 quas
1232 851 1496 905 catholica
1528 867 1650 920 pro.

96 948 168 1001 bat
195 943 451 1007 Ecclesia,
475 943 607 998 et-iu
636 943 834 1013 regulis
857 943 1236 998 ecclesiasticis
1258 944 1322 997 de
1347 943 1429 996 bis
1449 945 1649 1012 scripta

96 1037 220 1090 sint:
249 1034 565 1104 praecipiens
611 1033 806 1096 etiam,
842 1041 899 1086 ut
944 1033 1280 1102 privilegium
1337 1035 1501 1102 ipsius
1537 1048 1651 1086 mo-

98 1125 290 1180 nasterii
324 1124 426 1178 sibi
461 1122 740 1186 aﬂ‘eratur,
770 1131 826 1175 et
861 1123 1210 1176 notiﬁeentur
1249 1123 1296 1175 ei
1341 1138 1438 1192 per
1472 1132 1650 1176 certas

95 1232 328 1286 personas
362 1215 431 1269 de
468 1215 635 1269 certis
674 1214 834 1268 rebus
875 1213 1248 1266 accusationes
1291 1214 1459 1282 ipsius
1489 1212 1651 1265 abba-

96 1309 218 1361 tissae
257 1316 418 1374 atque
448 1304 741 1374 prmpositi,
776 1312 832 1356 ut
871 1305 1167 1357 secundum
1213 1318 1400 1356 sacras
1442 1304 1653 1373 tegulas

96 1416 196 1453 cuiu
239 1398 469 1452 consilio
515 1397 956 1466 coepiscoporum
1005 1406 1060 1447 et
1107 1396 1399 1448 visitatoris
1438 1395 1651 1448 Laudo-

99 1491 252 1544 neusis
283 1489 570 1560 episcopii,
598 1489 722 1556 quia
754 1497 879 1541 tunc
920 1487 1204 1556 cpiscopus
1243 1487 1311 1541 ibi
1354 1503 1455 1540 non
1491 1488 1651 1542 babe-

97 1582 252 1643 batur,
286 1581 408 1634 inde
455 1579 683 1633 Domino
719 1578 1021 1648 inspirante
1067 1578 1324 1632 decernat
1364 1577 1425 1648 li,
1462 1579 1650 1632 det-cr-

1727 1482 2081 1535 .auctoritate
2144 1485 2458 1554 corrigenda
2483 1529 2495 1551 ,

1752 389 1864 444 Deo
1905 406 2068 459 super
2105 393 2286 445 omnia
2332 392 2572 462 placeat;
2608 397 2801 451 deinde
2843 408 2900 451 ut
2945 399 3196 455 Ecclesiae
3235 420 3331 471 pa.

1752 492 1868 532 cem
1901 480 2208 548 provideat;
2242 490 2352 534 tum
2390 492 2448 535 ut
2475 485 2806 555 principibus
2838 489 2975 543 bona
3015 507 3120 545 non
3153 495 3329 549 solum

1753 580 2025 638 suggerat,
2061 573 2153 626 sed
2201 577 2363 627 etiam
2399 575 2625 646 ingerat.
2674 576 2814 632 Viris
2858 581 3246 638 ecclesiasticis
3277 596 3334 640 et

1753 662 1884 717 locis
1935 665 2138 718 sanctis
2189 665 2367 719 debita
2423 667 2697 738 privilegia
2745 671 3027 739 acquirere
3081 674 3332 739 insistat,

1753 753 1948 822 populo
1993 754 2304 810 Christiano
2345 773 2530 826 pacem
2589 769 2642 814 ct
2685 762 3330 846 unauimitatem_procu-

1755 852 1863 905 ret,
1915 849 2052 898 bene
2105 846 2385 916 agentibus
2435 850 2804 917 congaudeat,
2859 853 3000 908 male
3047 857 3333 927 agentibus

1755 935 2009 998 rtSiblill,
2057 937 2328 1006 seipsum,
2382 941 2582 1006 sobrie,
2648 941 2792 1010 juste
2850 953 2907 998 et
2960 947 3048 1015 pie
3109 949 3335 1005 vivendo

1755 1027 1880 1095 ('l'it.
1935 1033 2044 1097 tt),
2102 1030 2327 1084 solerter
2373 1035 2672 1099 custodiat,
2723 1045 2777 1091 et
2828 1048 3020 1093 czetera
3075 1043 3337 1097 exhorta-

1757 1118 1960 1170 tionmn
2009 1119 2162 1172 valde
2204 1125 2531 1175 necessaria.
2566 1125 2694 1179 Post
2733 1142 2852 1196 qua:
2899 1132 3138 1201 suggerit
3173 1133 3337 1188 etiam

1754 1210 1819 1260 dc
1862 1209 2181 1278 quibusdam
2225 1216 2662 1282 necessitatibus,
2705 1228 2812 1274 tam
2852 1236 2919 1276 ex
2967 1226 3336 1290 monasteriis,

1753 1316 1917 1368 quam
1967 1311 2021 1355 et
2070 1302 2208 1367 aliis,
2248 1320 2344 1374 pro
2385 1309 2614 1375 quibus,
2661 1320 2714 1363 et
2765 1313 3076 1382 imperatori
3130 1317 3340 1372 litteras

1754 1391 2061 1452 direxerat,
2121 1410 2240 1462 qua:
2291 1396 2342 1448 in
2401 1400 2652 1465 parorhia
2711 1418 2804 1454 sua
2857 1403 2926 1456 ab
2985 1403 3126 1459 illius
3179 1418 3338 1460 erant

2569 1499 2620 1542 et
2690 1491 2894 1559 reliqua
2961 1494 3027 1546 de
3108 1496 3342 1551 utilitate

1755 1573 1983 1636 anitnrc,
2058 1584 2113 1629 et
2178 1581 2409 1634 consilio
2483 1584 2710 1650 spiritali
2773 1588 3164 1640 conservando.
3218 1588 3341 1642 Ful-

97 1670 270 1742 natur].
309 1670 643 1737 Quibusdam
696 1670 914 1723 decauis
962 1669 1233 1738 parceliia:
1287 1668 1644 1734 Suessonicre,
1685 1679 1724 1736 Β
1757 1663 1904 1716 crico
1965 1666 2176 1720 cuidam
2246 1671 2342 1734 (de
2402 1672 2578 1724 eodem
2645 1690 2837 1742 supra,
2891 1692 2939 1730 c.
2993 1677 3130 1745 20),
3205 1696 3340 1748 [πω-

98 1778 178 1830 pro
224 1763 455 1833 quodam
507 1763 853 1831 presbytero,
905 1762 995 1829 qui
1044 1762 1409 1831 praejudicium
1463 1777 1652 1829 passus

95 1855 319 1922 justitiam
349 1865 404 1910 et
429 1853 695 1923 judicium
728 1855 868 1922 apml
909 1854 1220 1923 episcoptnn
1256 1870 1410 1907 suum
1448 1853 1648 1907 ﬂotlia-

99 1947 200 1998 datn
247 1960 347 1999 non
400 1945 622 1999 valebat
667 1943 936 2008 obtinere,
968 1945 1110 1997 unde
1163 1953 1216 1997 et
1264 1944 1376 2013 ipse
1425 1945 1652 1998 domnus

101 2036 384 2090 llincmarus
442 2037 694 2090 eumdem
758 2035 1041 2105 praesulem
1106 2046 1420 2098 monuerat,
1489 2045 1548 2089 ut
1606 2036 1650 2090 si

99 2139 282 2197 propter
314 2128 688 2182 inﬁrmitatem
729 2143 834 2182 non
869 2127 1070 2180 valeret
1114 2128 1228 2194 ipse
1275 2128 1340 2178 ad
1389 2127 1652 2196 synodum

102 2221 282 2285 venire,
332 2220 419 2275 vel
481 2221 678 2274 missos
738 2236 897 2281 suos,
949 2222 1352 2275 comministros
1405 2220 1655 2274 videlicet

103 2313 318 2369 Ecclesia:
364 2315 474 2368 sibi
526 2315 848 2377 commissm,
883 2314 1141 2377 mitteret,
1174 2323 1234 2367 ut
1276 2328 1362 2366 res
1392 2314 1653 2366 canonice

103 2401 282 2456 diﬁciri
319 2403 568 2468 valeret;
610 2403 971 2472 admonetque
1008 2418 1106 2472 per
1155 2404 1251 2457 bas
1287 2402 1496 2456 litteras
1533 2417 1654 2456 cos-

104 2493 197 2546 rlezu
222 2494 473 2559 decanos,
503 2503 561 2549 et
591 2495 1003 2564 metropolitana
1035 2494 1277 2564 praecipit
1309 2494 1647 2555 auctozitate,

106 2593 148 2634 ut
180 2585 512 2656 presbyteros
553 2585 790 2639 decanize
825 2601 938 2640 sua:
975 2585 1040 2638 ad
1072 2585 1448 2639 demmtiatmn
1482 2584 1651 2653 placi-

104 2683 190 2726 tum
224 2677 395 2732 venire
440 2688 840 2739 comtnoneant,
877 2686 931 2731 et
974 2692 1097 2730 cum
1141 2677 1222 2733 eis
1266 2677 1362 2746 ipsi
1413 2676 1649 2730 veniant.

104 2764 224 2828 Quod
266 2768 306 2820 si
351 2784 462 2821 non
511 2767 758 2828 fecerint,
799 2768 1109 2839 synodalem
1149 2767 1474 2822 sententiam
1511 2769 1650 2836 apud

106 2860 308 2924 proxime
345 2859 587 2914 futuram
630 2860 892 2930 synodum
931 2873 992 2914 se
1033 2859 1278 2914 noverint
1313 2868 1652 2927 accepturos.

105 2950 343 3020 Sigeberto
379 2952 599 3008 cuidam
636 2953 925 3017 sacerdoti,
951 2969 1048 3022 pro
1076 2951 1356 3005 Heidilone
1399 2951 1651 3020 episcopo

1758 1753 1906 1807 missi
1981 1755 2320 1822 imperatoris
2397 1765 2668 1831 magnati,
2739 1767 2829 1833 qui
2909 1782 3133 1822 uxorem
3205 1769 3339 1838 legi-

1759 1844 1946 1899 timam
2020 1849 2296 1919 illegitime
2375 1853 2686 1917 dimiserat,
2771 1857 3107 1928 alteramque
3193 1861 3344 1914 insu-

1756 1951 1853 2005 per
1905 1939 2163 2003 duxcrat,
2227 1957 2428 1997 vocans
2479 1945 2546 1998 ad
2607 1949 2901 2015 synodum,
2970 1953 3344 2006 excommuni-

1755 2029 1985 2084 Cationis
2002 2029 2114 2098 jam
2165 2033 2216 2085 in
2246 2048 2369 2088 eum
2401 2035 2558 2098 datae,
2614 2047 2776 2108 atque
2808 2041 2859 2093 in
2901 2045 3344 2111 comprovinciali

1755 2122 1958 2189 synodo
1997 2123 2383 2178 conﬁrmanda:
2405 2129 2594 2196 pamlit
2631 2132 2864 2184 modum.
2894 2132 3024 2186 item
3057 2145 3345 2204 postquam

1756 2212 2131 2277 paenitentiam
2159 2229 2256 2281 pro
2283 2217 2383 2269 boc
2415 2219 2651 2274 admisso
2709 2222 2856 2275 visus
2889 2232 2972 2277 est
3015 2228 3342 2294 suscepisse,

1759 2299 1977 2354 iteranti
2006 2303 2121 2357 vias
2141 2320 2286 2368 suas,
2312 2317 2368 2360 ct
2397 2322 2616 2363 reverso
2640 2311 2706 2363 ad
2732 2314 2991 2366 vomitum
3013 2331 3194 2385 suum,
3219 2332 3339 2370 rna-

1755 2390 2004 2446 nil‘estam
2051 2396 2142 2448 dat
2201 2401 2779 2456 cxconnnunicationis
2817 2407 3162 2472 sententiam,
3210 2425 3346 2464 cun-

1755 2483 1963 2551 ctisque
1987 2485 2038 2538 id
2074 2489 2358 2544 notiﬁcare
2404 2493 2602 2562 satagit
2644 2495 2879 2550 ﬁdelium
2919 2497 3118 2552 Christi
3159 2515 3346 2569 perso-

1756 2572 1858 2631 nis.
1913 2577 2323 2649 quibuscunquc
2371 2583 2558 2635 au:.'ire
2599 2585 2930 2655 contigisset,
2997 2591 3346 2660 maximeque

1755 2667 2043 2738 episcopis,
2071 2672 2122 2724 in
2149 2687 2380 2741 quorum
2406 2674 2684 2732 videbatur
2724 2680 2978 2748 parocbis
3003 2686 3343 2751 conversari,

1757 2757 1841 2810 vel
1869 2757 2239 2827 frequentare.

1831 2847 2090 2906 Wtrtsco
2115 2855 2327 2910 cuidam
2367 2859 2704 2915 niinistcriali
2731 2860 2969 2929 ejusdem
3005 2863 3346 2934 imperatoris

1756 2939 2019 3007 Lotbarii,
2049 2961 2482 3004 commemorans
2511 2950 2956 3019 l'atniliaritatem,
2983 2972 3144 3026 quam
3172 2976 3347 3028 quon-

106 3042 254 3106 ipsius,
285 3045 345 3096 de
382 3059 495 3112 quo
546 3043 671 3096 talia
722 3059 780 3098 se
825 3045 1044 3097 audisse
1091 3043 1325 3106 dolebat,
1363 3042 1541 3112 qualia
1585 3043 1650 3095 de
1680 3035 1725 3097 C
1757 3033 1878 3086 dum
1930 3035 2000 3089 ab
2037 3052 2102 3091 θο
2171 3054 2519 3109 poposcerat.
2573 3054 2628 3098 et
2683 3046 3024 3104 dilectionem
3075 3068 3234 3122 quam
3296 3055 3348 3108 ei

107 3133 216 3187 bono
242 3134 369 3190 laico
400 3137 508 3190 dici
554 3151 658 3190 non
689 3137 1022 3201 conveniret,
1059 3145 1112 3190 et
1165 3135 1289 3204 quia
1333 3136 1651 3204 culpabatur

105 3230 218 3293 quod
254 3229 406 3284 talem
453 3231 765 3298 episcopum
807 3229 1158 3293 ordinaverit,
1196 3245 1444 3282 asserens
1487 3243 1546 3282 se
1586 3230 1651 3283 de

109 3316 195 3379 illo,
222 3335 368 3388 quem
409 3329 539 3373 ante
575 3337 678 3374 non
708 3330 1051 3389 cognoverat,
1088 3319 1234 3383 ﬁdei,
1264 3329 1317 3374 et
1345 3320 1650 3373 testimonio

109 3405 240 3472 ipsius
283 3410 548 3480 Sigeberti
602 3409 914 3474 credidisse,
953 3410 1315 3480 praecepitque
1358 3410 1454 3477 ipsi
1497 3409 1650 3476 Sige-

111 3496 228 3552 berto
254 3501 313 3555 ad
355 3518 415 3555 se
457 3501 666 3561 venire,
701 3510 757 3554 ut
785 3514 879 3554 ore
911 3501 1128 3570 proprio
1157 3499 1204 3554 ei
1238 3499 1418 3553 dicere
1457 3503 1645 3568 possit,

109 3601 201 3651 ttuze
235 3590 294 3644 de
332 3593 590 3661 episcopo
633 3592 855 3655 audivit,
889 3601 945 3646 et
991 3593 1033 3644 si
1085 3606 1208 3644 vera
1249 3591 1450 3652 forent,
1489 3590 1647 3642 simul

110 3679 492 3746 considerarent,
524 3681 757 3750 qualiter
801 3683 888 3736 illa
931 3681 1256 3752 corrigeret;
1295 3682 1338 3735 si
1373 3697 1496 3734 vera
1542 3696 1646 3732 non

107 3782 272 3838 essent,
299 3776 529 3844 qualiter
559 3776 836 3830 mendacia
865 3791 987 3830 esse
1016 3777 1356 3831 docerentur.

632 3863 857 3920 CAPUT
901 3864 1088 3919 XXVI.

374 3954 507 4021 Quae
537 3957 661 4010 viris
690 3957 999 4025 quibusdam
1030 3955 1341 4009 illustribus.

167 4039 273 4097 \‘iro
305 4045 666 4101 illustrissimo
697 4046 990 4111 Ebcrardo,
1019 4061 1084 4100 ex
1118 4047 1451 4117 principibus
1482 4061 1647 4116 nupe-

115 4136 270 4189 ratoris
303 4135 573 4201 Lotbarii,
620 4138 830 4193 litteras
873 4139 1110 4209 dirigens
1157 4154 1253 4208 pro
1301 4140 1644 4209 adipiscenda

116 4222 448 4284 buniliaritatis
478 4231 616 4300 apud
649 4246 768 4284 eum
800 4233 972 4299 gratia
1001 4233 1270 4300 quondam
1300 4232 1400 4285 srbi
1431 4233 1497 4285 ab
1533 4233 1648 4300 ipso

115 4317 246 4381 gratis
268 4321 456 4382 oblata,
490 4323 790 4391 congaudet
825 4322 980 4376 bouis
1009 4337 1128 4392 quae
1156 4324 1221 4377 de
1253 4323 1367 4391 ipso
1396 4326 1490 4392 per
1529 4339 1643 4376 cer-

1753 3125 2139 3193 sp0ponderat,
2165 3144 2362 3198 rogans
2399 3142 2456 3186 ut
2487 3134 2794 3191 innotescat
2827 3139 3136 3208 imperatori
3183 3159 3348 3212 super

1755 3215 1986 3284 cpistola
2026 3233 2188 3287 quam
2221 3219 2390 3277 frater
2415 3224 2580 3294 ipsius
2603 3227 2830 3284 Karolus
2860 3230 3104 3304 (Carolus
3127 3236 3346 3307 Calvus)

1755 3323 1847 3363 rex
1892 3309 2065 3365 eidem
2109 3313 2394 3384 dirigebat,
2435 3329 2700 3388 quatenus
2749 3339 2868 3377 eam
2916 3329 3238 3398 suscipiens,
3266 3331 3346 3382 fa-

1754 3400 2038 3456 nnliariter
2059 3405 2374 3475 distinguat,
2402 3419 2455 3463 et
2498 3421 2711 3466 secreto
2740 3413 2898 3483 legat.
2951 3419 3180 3473 Ceiisum
3213 3437 3348 3488 quo-

1753 3506 1857 3558 que
1891 3494 1956 3547 de
1996 3493 2117 3548 villa
2168 3495 2470 3554 Dudeciaco
2523 3503 2648 3557 anui
2696 3509 2956 3572 praeteriti
3005 3526 3125 3564 cum
3175 3529 3347 3570 renisu

1753 3588 2037 3655 prtescntis
2061 3591 2185 3643 anni
2219 3591 2320 3645 sibi
2375 3598 2663 3650 transmitti
2691 3598 2878 3667 jubeat
2905 3618 2917 3654 :
2953 3603 3092 3657 unde
3121 3604 3172 3657 in
3201 3604 3345 3659 illius

1751 3680 2012 3732 memoria
2038 3680 2238 3749 aliquid
2268 3687 2572 3739 ornamenti
2598 3689 2649 3740 in
2675 3690 2923 3758 sepulcro
2950 3695 3118 3748 sancti
3143 3695 3338 3751 Remi-

1751 3771 1820 3839 gii
1853 3769 2028 3825 facere
2059 3784 2258 3841 posset,
2285 3775 2426 3842 quod
2457 3792 2672 3841 ornare,
2700 3790 2750 3833 et
2780 3797 2976 3852 corpus
3005 3785 3176 3855 ipsius
3216 3803 3344 3842 san-

1753 3863 1825 3914 cti
1860 3863 1910 3916 in
1934 3874 2119 3936 crypta
2138 3865 2455 3934 disponebat
2484 3886 2512 3922 a
2542 3886 2678 3926 novo
2697 3884 2996 3942 pra‘parata
3023 3880 3342 3936 trzmsl'errc.

1753 3953 1883 4006 ltem
1909 3969 2008 4022 pro
2045 3957 2364 4024 repetitione
2391 3961 2651 4028 praemissi
2695 3978 2888 4019 census
2920 3967 2986 4022 de
3017 3968 3137 4022 villa
3171 3969 3348 4024 Dude-

1753 4045 1905 4098 ciaeo
1929 4060 2022 4100 sex
2046 4046 2324 4114 librarttm,
2369 4065 2435 4105 ne
2467 4051 2605 4109 forte
2637 4068 2956 4126 suggeratur
3002 4061 3346 4133 imperatori.

1752 4139 1893 4207 quod
1917 4141 2212 4210 cupiditate
2241 4133 2448 4199 illectus
2476 4147 2618 4203 hunc
2662 4164 2883 4205 censum
2927 4166 3153 4224 repetat,
3179 4173 3343 4228 quem

1753 4233 1803 4286 iu
1828 4248 1958 4288 suos
1986 4250 2114 4290 usus
2159 4253 2431 4309 nunquam
2471 4243 2748 4312 redegerat
2777 4263 2790 4307 ;
2843 4250 2934 4303 sed
2967 4250 3188 4318 cupiens
3216 4269 3346 4306 eva-

1751 4325 1879 4380 dere
1906 4329 2226 4396 periculum,
2253 4349 2319 4387 ne
2340 4333 2555 4388 silentio
2582 4352 2678 4391 suo
2703 4339 2754 4391 in
2787 4340 2976 4397 diebus
3003 4344 3115 4398 suis
3144 4361 3347 4401 census

118 4416 178 4459 tas
224 4411 464 4467 audiebat
506 4412 812 4483 (personas,
881 4416 1226 4485 maximeque
1287 4414 1348 4485 ['i,
1413 4415 1647 4468 maxime
1678 4409 1726 4466 Ι)
1755 4419 1868 4487 ipse
1917 4422 2188 4490 depereat,
2229 4434 2282 4478 et
2335 4427 2449 4494 ipsa
2483 4428 2606 4481 villa
2660 4431 2711 4484 in
2739 4431 2946 4487 aludcm
2995 4447 3262 4502 vertatur,
3289 4453 3346 4497 et

116 4497 228 4569 qua]
265 4516 351 4566 per
374 4502 622 4556 Amolnm
663 4505 966 4572 pra-sulem,
1000 4519 1158 4573 quem
1198 4505 1646 4567 sincerissimum,

117 4595 158 4637 ct
195 4591 550 4646 cbarissimum
604 4602 757 4646 vocat
813 4603 1018 4662 patrem
1074 4609 1260 4658 suum,
1315 4595 1534 4649 mittens
1583 4595 1650 4648 ad

121 4677 254 4742 ipsum
299 4699 418 4737 cum
480 4686 674 4740 litteris
725 4689 888 4742 etiam
940 4687 1308 4743 ﬁdelissimum
1361 4689 1650 4757 quemdam

121 4767 300 4826 missum
329 4789 504 4830 suum.
537 4775 664 4830 ltem
701 4778 930 4830 laudans
976 4778 1307 4834 sinceritatis
1346 4779 1515 4847 ipsius
1560 4780 1652 4832 de-

121 4859 342 4917 votionem
372 4881 498 4936 erga
535 4867 719 4932 Deum,
753 4878 808 4922 et
837 4883 1006 4924 sacra:
1033 4870 1376 4925 auctoritatis
1419 4872 1644 4937 cultum,

122 4950 481 5024 prim-ipumque
524 4961 966 5024 unanimitatem,
1014 4970 1069 5015 et
1105 4961 1453 5018 ecclesiastize
1503 4965 1651 5034 paris

117 5044 334 5110 studium,
364 5052 703 5124 debitumque
733 5053 1028 5120 religionis,
1058 5070 1280 5110 monens
1307 5071 1521 5126 quoque
1553 5074 1649 5127 pro

122 5133 359 5195 Charitalis
393 5140 587 5207 ofﬁcio,
634 5157 690 5200 ut
737 5147 880 5200 sicut
921 5147 1083 5215 cmpit
1127 5150 1320 5202 melius
1353 5163 1415 5200 ac
1454 5149 1646 5202 melius

124 5224 348 5294 proﬁciat,
375 5233 498 5299 quia
545 5247 730 5291 natura
780 5237 1032 5295 humana.
1069 5248 1304 5293 testante
1344 5235 1467 5302 Job,
1505 5257 1643 5293 mm-

123 5320 326 5390 quatnlin
356 5325 536 5380 eodem
561 5339 697 5382 statu
731 5341 1013 5396 permanet
1041 5329 1161 5396 (Job
1193 5331 1328 5396 λιν),
1356 5341 1410 5384 et
1435 5335 1558 5396 quia
1593 5335 1645 5385 in

1755 4513 2120 4569 ecclesiastica
2149 4519 2412 4587 mancipia
2446 4519 2496 4573 in
2547 4537 2732 4577 servos
2761 4534 2813 4579 et
2855 4529 3082 4584 ancillas
3135 4532 3344 4601 disper-

1755 4603 1977 4666 tiantur,
2004 4606 2138 4659 sicut
2166 4616 2218 4661 et
2242 4608 2306 4663 de
2328 4609 2530 4675 multis,
2562 4623 2671 4667 tam
2715 4617 2896 4680 rebus,
2947 4637 3109 4691 quam
3145 4626 3346 4679 immci-

1756 4695 1858 4762 piis
1906 4695 2061 4763 hujus
2093 4699 2357 4765 ecclesiae,
2406 4703 2580 4758 sedet
2625 4705 2691 4760 de
2730 4707 2838 4775 ipsa
2863 4708 2973 4779 jam
3001 4714 3125 4768 villa
3161 4715 3344 4773 ﬁebat.

1759 4788 1977 4844 Euitens
2003 4790 2191 4855 etiam,
2240 4803 2298 4848 ut
2347 4798 2528 4852 senior
2575 4817 2705 4856 suus
2740 4801 2864 4859 inde
2909 4808 3345 4876 periculumnun

1749 4880 2078 4943 incurreret,
2106 4883 2187 4938 vel
2215 4886 2326 4955 ipse
2351 4904 2471 4942 cum
2516 4891 2686 4960 ipsius
2732 4897 2975 4962 periculo
2998 4911 3207 4971 partem
3242 4917 3346 4954 non

1755 4973 1997 5027 haberet.
2030 4976 2292 5032 Asscrens
2317 4981 2456 5048 quod
2501 4984 2544 5037 si
2574 4985 2841 5056 cupiditas
2874 4989 2926 5044 in
2967 4993 3068 5046 hoc
3108 5005 3228 5043 eum
3255 5005 3346 5041 ve-
3429 4995 3434 5008 ‘

1755 5073 1929 5128 xarel,
1964 5067 2243 5122 duodecim
2276 5069 2442 5125 libras
2467 5085 2754 5142 repeteret,
2785 5096 2919 5149 quas
2950 5099 3084 5136 avus
3111 5087 3164 5132 et
3194 5086 3350 5148 pater

1753 5153 1914 5222 hujus
1944 5155 2082 5224 regis
2108 5159 2231 5213 inde
2258 5159 2553 5230 solverunt,
2578 5176 2684 5220 etc.
2714 5166 2992 5226 Suliiufert
3018 5169 3178 5225 etiam
3203 5177 3347 5232 qum-

1755 5245 1877 5297 dam
1902 5246 1969 5299 de
2003 5248 2229 5314 pra'i‘ato
2279 5250 2547 5318 Fulcrico,
2601 5259 2692 5325 qui
2740 5258 2910 5313 Roma
2938 5256 3346 5323 veniensjautao

1753 5335 1845 5389 bal
1866 5337 2123 5396 t’Distolas
2156 5357 2305 5396 Dan
2336 5358 2432 5396 oro
2483 5346 2819 5396 absolutionc
2847 5365 2941 5396 sua
2991 5363 3098 5396 tam
3136 5349 3348 5396 ι’(ειλίιιιιί
