3904 5396
499 278 620 341 ξπ

1557 271 1949 338 ἠοοολιιοι
1991 279 2075 336 CA
2086 277 2310 335 NONICI
2351 280 2698 340 REMENSIS

515 401 693 462 faciat,
734 406 790 454 ut
813 394 1029 451 veniant
1051 392 1178 465 ipsae
1203 393 1442 465 epistola:
1477 409 1662 451 coram
1691 397 1784 452 illo
1812 405 1865 450 et
1892 397 2096 468 cpisco-
2125 403 2173 462 Α
2203 397 2341 454 villa:
2367 399 2420 453 in
2451 398 2538 454 his
2565 413 2685 468 quae
2707 396 3012 454 necessaria
3033 397 3288 465 fuissent,
3315 398 3576 454 auxilium
3604 398 3789 463 ferret.

512 493 616 562 pis,
641 499 694 544 et
721 487 980 559 quidquid
1003 485 1197 541 melius
1225 486 1505 542 inventum
1535 487 1700 544 fuerit
1728 489 1852 544 inde
1867 505 2099 560 sequan—

505 594 617 647 tur,
645 591 700 639 et
734 579 1106 651 quitalintcrint
1138 579 1280 650 quod
1325 579 1726 637 rationabiliter
1751 590 1808 637 et
1839 582 2098 638 canonico

512 673 714 727 factum
745 668 868 736 fuit,
894 685 999 724 non
1045 669 1238 724 debeat
1267 671 1580 735 contemni;
1635 669 1896 727 Nantario
1921 672 2098 726 amico

510 778 609 823 suo
639 760 801 826 ﬁdeli,
849 774 945 829 pro
976 761 1137 816 rebus
1185 762 1355 816 sancti
1386 761 1616 832 Remigii
1659 761 2007 832 disponendis
2042 763 2098 816 in

509 851 886 906 Wormacensi
938 864 1098 920 pago,
1143 849 1384 906 intercus
1419 853 1561 922 quod
1605 853 1824 922 quidam
1852 853 2100 909 homines

508 958 632 1000 eum
686 941 980 1012 petierint,
1035 951 1095 996 ut
1157 953 1446 1013 praestaret
1490 943 1598 999 illis
1639 944 1859 1000 colonos
1909 958 2097 999 earum

509 1048 691 1090 rerum
719 1032 784 1087 ad
836 1031 1082 1088 diversas
1125 1047 1336 1104 operas,
1371 1043 1426 1089 et
1467 1035 1686 1104 quidam
1725 1044 1784 1090 ut
1814 1045 2099 1092 venatores

509 1126 722 1180 illorum
767 1125 817 1178 in
854 1123 983 1194 ipsis
1029 1125 1189 1180 rebus
1233 1141 1331 1195 per
1372 1126 1590 1196 aliquod
1639 1136 1854 1197 tempus
1877 1142 2099 1184 manere

511 1214 878 1276 concederet;
909 1214 1050 1283 quod
1085 1226 1338 1270 neutrum
1377 1231 1436 1271 se
1465 1219 1819 1284 concessisse,
1853 1221 1934 1274 vel
1971 1235 2100 1275 con-

509 1319 788 1359 cessurum
841 1319 962 1360 esse
1009 1307 1230 1372 fatetur,
1285 1307 1539 1376 quoniam
1589 1310 1672 1364 sui
1725 1319 2100 1366 antecessores

510 1398 610 1464 hoc
655 1397 844 1452 facere
874 1413 992 1452 non
1051 1408 1176 1452 sunt
1199 1399 1342 1463 ausi,
1383 1399 1512 1470 quia
1553 1409 1774 1456 sanctus
1823 1400 2101 1472 Remigius

509 1509 526 1541 ι
545 1507 632 1542 nm
654 1490 844 1559 grandi
875 1489 1248 1545 tualedietione
1275 1491 1354 1546 vel
1382 1491 1824 1548 interminatione
1856 1494 1958 1548 hoc
1982 1493 2097 1548 ﬁeri

511 1577 850 1649 rett.ieritt(S.
880 1578 1074 1635 Reme.
1107 1581 1161 1633 in
1189 1597 1286 1636 suo
1328 1581 1680 1652 testamento),
1708 1591 1837 1648 etc.;
1872 1583 2097 1639 Immoui

509 1672 716 1737 comiti,
764 1686 860 1740 pro
890 1672 1051 1726 rebus
1095 1671 1255 1742 hujus
1290 1673 1534 1727 ecclesia:
1563 1673 1615 1726 in
1659 1687 1826 1744 regno
1865 1673 2095 1744 Aquita-

2203 488 2304 546 sub
2340 487 2653 544 defensioue
2703 496 2881 543 tamen
2921 497 2978 542 et
3014 487 3176 544 tutela
3211 486 3420 557 ιιι-πίειιὶ
3447 488 3684 544 Gerardi
3709 505 3792 543 co-

2201 578 2368 642 mitis,
2389 577 2592 634 addens
2622 579 2686 632 de
2714 577 2926 634 czeteris
2945 577 3257 632 earumdem
3289 592 3474 632 rerum
3501 589 3789 648 usurpato-

2201 669 2353 726 ribus
2394 669 2524 738 quid
2554 670 2818 738 agendum
2858 669 2960 724 sibi
2991 669 3284 727 videretur.
3313 667 3466 738 Ipsas
3493 680 3684 724 autem
3709 687 3790 725 res

2201 759 2330 816 nulli
2365 759 2569 815 homini
2611 775 2710 814 suo
2745 759 2824 814 vel
2855 759 3082 817 alterius
3112 759 3165 814 in
3193 759 3520 816 beneﬁcium
3544 760 3678 816 dare
3703 776 3793 814 an-

2201 851 2374 914 deret,
2401 852 2526 920 quia
2566 861 2785 906 sanctns
2822 851 3102 920 Remigius
3133 852 3314 909 hocin
3337 867 3436 906 suo
3465 859 3792 907 testamento

2204 941 2518 997 terribiliter
2565 941 2914 998 contradixit.
2964 942 3087 1011 Ipse
3133 957 3267 998 vero
3319 957 3527 1008 comes,
3559 944 3654 1012 qui
3702 959 3790 1014 pro

2204 1048 2391 1088 amore
2424 1041 2628 1088 sancta:
2671 1034 2762 1088 Dei
2799 1033 3090 1090 Geuitticis
3132 1043 3188 1089 et
3215 1034 3390 1089 sancti
3420 1034 3686 1104 Remigii,
3716 1051 3793 1089 τω

2201 1121 2349 1192 ipsas
2384 1123 2436 1176 in
2480 1138 2580 1177 sua
2609 1123 2836 1179 tuitione
2863 1131 3198 1194 susceperat,
3251 1123 3392 1179 sicut
3434 1123 3580 1179 bene
3609 1126 3788 1194 erepit,

2209 1212 2282 1265 ita
2327 1212 2558 1267 viriliter
2603 1215 2668 1267 de
2700 1222 2899 1268 cetero
2943 1228 3102 1285 agere
3131 1221 3419 1285 procuret,
3458 1215 3720 1283 quoniam
3745 1216 3791 1266 in

2199 1301 2455 1358 Remensi
2507 1304 2737 1360 ecclesia
2789 1321 2886 1375 per
2910 1306 3096 1362 decem
3119 1306 3450 1362 monasteria
3483 1314 3600 1360 tam
3643 1321 3791 1361 cauo-

2198 1394 2473 1461 -nicorum,
2489 1412 2650 1466 quam
2673 1398 3080 1462 monachorum,
3105 1406 3266 1467 atque
3277 1397 3789 1459 sanctimonialium,

2203 1483 2437 1553 amplius
2472 1501 2634 1554 quam
2663 1487 2940 1558 quingenti
2983 1503 3085 1558 pro
3109 1487 3282 1558 ipsius
3311 1489 3580 1558 praesenti
3598 1497 3655 1543 et
3680 1504 3793 1558 per-

2207 1587 2370 1647 petua
2397 1577 2590 1643 salute,
2637 1580 2690 1634 in
2722 1580 2966 1648 psalmis,
2992 1588 3050 1636 et
3085 1581 3314 1637 canticis
3339 1579 3683 1653 spiritaiibus
3713 1590 3791 1634 at-

2202 1682 2308 1737 que
2324 1669 2496 1724 sacris
2515 1669 2882 1726 oblationibus
2895 1671 3136 1725 continui
3149 1680 3396 1728 oratores
3413 1673 3786 1737 existant,etc.

508 1767 630 1820 uico
659 1765 1086 1836 coujacentibus,
1131 1774 1190 1820 ut
1218 1766 1475 1820 auxilium
1503 1764 1669 1822 ferret
1706 1782 1892 1822 earum
1920 1767 2100 1838 provi-
2134 1755 2173 1813 Β
2203 1758 2336 1814 Item
2366 1777 2465 1831 pro
2489 1761 2689 1816 eisdem
2725 1763 2887 1818 rebus
2912 1779 3050 1834 pene
3069 1765 3292 1820 similia.
3316 1765 3448 1821 Item
3481 1767 3790 1821 mittensad

509 1858 750 1924 sori,cui
775 1857 1274 1912 committebantur.
1324 1855 1571 1912 Gerardo
1616 1859 1802 1914 comiti
1829 1859 2101 1914 nobilissi-

508 1964 619 2013 mo,
647 1964 748 2018 pro
777 1948 926 2003 Isaac
967 1947 1274 2018 Lingonicus
1325 1947 1470 2004 sedis
1517 1949 1712 2018 electo,
1761 1959 1820 2004 ut
1865 1966 1961 2020 per
1982 1951 2101 2020 ejus

511 2044 792 2097 hortamen
818 2041 1165 2097 ordinaretur
1193 2041 1517 2111 episcopus,
1551 2042 1676 2112 quia
1709 2042 1978 2109 W’Il‘adus,
2009 2043 2101 2112 qui

511 2133 683 2202 ipsam
713 2141 1081 2201 occupaverat
1121 2131 1434 2197 ecclesiam,
1476 2134 1739 2189 canonice
1793 2150 1898 2189 non
1928 2136 2103 2206 potuit

509 2222 750 2276 ordinari
775 2237 794 2281 ;
830 2221 980 2284 item,
1001 2236 1098 2290 pro
1125 2221 1208 2276 his
1229 2237 1350 2291 quae
1379 2221 1484 2276 sibi
1515 2221 1712 2276 litteris
1737 2222 1876 2278 idem
1899 2223 2102 2278 Gerar-

509 2314 612 2368 dus
658 2312 1094 2382 signiﬁcaverat;
1142 2312 1349 2368 scilicet
1381 2313 1526 2384 quod
1583 2313 1812 2370 Karolus
1855 2315 2103 2370 Francia:

511 2419 604 2460 rex
637 2405 871 2461 senioris
922 2405 1092 2478 ipsius
1146 2405 1331 2462 Karoli
1377 2407 1662 2478 Cisalpina:
1716 2407 1903 2464 Galliae
1960 2409 2104 2480 regis

511 2516 738 2570 regnum
796 2500 898 2556 sibi
953 2499 1116 2556 vellet
1175 2501 1478 2570 subripere,
1532 2503 1675 2572 quod
1727 2503 1842 2574 ipse
1871 2504 2104 2558 domnus

515 2591 840 2646 Iliucmarus
866 2605 1208 2660 nequaquam
1238 2592 1352 2646 ﬁeri
1379 2593 1579 2647 asserit
1608 2608 1625 2658 ;
1678 2593 1745 2648 de
1785 2595 1952 2649 rebus
1971 2609 2105 2663 quo-

511 2697 622 2748 que
651 2681 708 2735 S.
739 2680 964 2751 Remigii
996 2681 1048 2735 in
1075 2680 1361 2738 Provincia
1390 2683 1531 2748 sitis,
1559 2698 1658 2754 pro
1703 2685 1898 2754 quibus
1920 2686 2105 2741 audie-

515 2783 600 2829 rat
647 2775 904 2829 donmum
959 2773 1308 2829 Iliucmarum
1367 2775 1433 2828 ad
1477 2790 1661 2846 regem
1716 2775 2103 2846 proclamasse,

513 2865 655 2935 quod
697 2879 757 2920 se
805 2864 1019 2934 penitus
1068 2875 1227 2934 negat
1286 2865 1484 2934 egisse,
1533 2881 1634 2921 nec
1674 2867 2106 2938 quotiescunque

511 2972 736 3016 necesse
774 2955 896 3019 fuit,
931 2969 1030 3026 pro
1071 2955 1238 3026 ipsius
1272 2953 1332 3028 [i.
1391 2955 1546 3029 ipsis]
1604 2957 1768 3012 rebus
1816 2958 1884 3012 ad
1913 2959 2100 3025 alium,

513 3063 678 3117 quam
705 3049 772 3102 ad
818 3047 990 3118 ipsum
1041 3043 1370 3110 Gerardum,
1399 3054 1455 3099 et
1484 3046 1551 3100 ad
1595 3061 1725 3101 suos
1763 3044 1952 3102 ﬁdeles
1977 3047 2105 3101 inde

513 3106 937 3209 suggestionem,
979 3137 1275 3203 direxisse;
1307 3106 1374 3194 de
1423 3137 1527 3192 hoc
1577 3139 1740 3193 etiam
1780 3138 1923 3208 quod
1965 3139 2094 3194 scri-
2129 3106 2172 3168 Ο

512 3241 700 3302 pserat
726 3232 817 3286 hic
844 3245 1030 3286 comes
1077 3244 1138 3286 se
1160 3231 1395 3294 audisse,
1428 3229 1569 3299 quod
1610 3245 1704 3285 rex
1739 3231 1840 3286 iste
1871 3230 2105 3287 Karolus

519 3321 848 3377 monasteria
897 3321 1057 3376 vellet
1103 3336 1386 3391 usurpare,
1427 3336 1549 3391 quae
1601 3321 1760 3377 beato
1787 3321 1946 3378 Petro
1973 3339 2102 3393 apo-

517 3414 659 3468 stolo
681 3413 820 3472 idem
835 3411 1107 3468 Gcrardus
1131 3399 1536 3468 tradideratiet
1569 3413 1693 3482 quia
1719 3415 1762 3468 si
1797 3430 1882 3470 res
1911 3415 2099 3484 ipsius,

517 3521 638 3576 qua:
662 3507 713 3560 in
744 3505 847 3560 hoc
875 3518 1040 3574 regno
1084 3503 1450 3574 coujaeerent,
1491 3504 1560 3558 ab
1584 3519 1650 3559 eo
1689 3503 1866 3560 forent
1890 3505 2099 3573 ablat:e,

520 3595 631 3664 ipse
655 3595 779 3650 licet
802 3593 1000 3648 invitus
1027 3608 1113 3649 res
1128 3592 1286 3663 hujus
1304 3593 1477 3664 regni,
1505 3593 1690 3664 quaein
1715 3593 1804 3650 illo
1829 3594 2104 3651 habeban-
2153 3623 2163 3627 -

520 3697 608 3738 tur
622 3700 787 3757 regno
802 3692 1149 3756 pnesnmeret
1165 3700 1180 3751 ;
1197 3687 1488 3755 respondet
1500 3685 1731 3740 domnus
1743 3686 1962 3756 praesul,
1978 3688 2104 3757 quia

518 3794 616 3832 sua
645 3776 916 3832 voluntate
955 3791 1116 3831 nemo
1153 3791 1242 3832 res
1267 3775 1515 3831 ecclesia:
1541 3777 1593 3830 in
1623 3792 1782 3832 suum
1802 3777 2103 3847 periculum

519 3877 838 3938 usurparet;
871 3867 1064 3922 timere
1088 3882 1168 3933 se,
1200 3883 1454 3923 asserens
1485 3882 1552 3922 ne
1573 3883 1756 3923 coram
1783 3870 1892 3924 Deo
1910 3869 2106 3940 dignus

519 3960 805 4024 habentur,
837 3967 896 4011 ut
922 3957 1024 4012 hoc
1055 3956 1107 4010 in
1131 3966 1373 4026 tempore
1398 3959 1684 4014 sacerdotii
1708 3959 1790 4012 sui
1813 3960 2104 4014 commissa

518 4051 620 4107 sibi
668 4049 907 4120 patiatur
954 4046 1203 4101 ecclesia.
1254 4045 1637 4104 Verumtamen
1697 4049 1739 4104 si
1790 4051 1912 4118 quis
1971 4066 2108 4120 prac-

521 4138 832 4206 sumpserit,
861 4136 980 4207 plus
1009 4137 1082 4190 illi
1103 4135 1285 4190 dolere
1305 4151 1465 4206 quam
1493 4137 1618 4202 sibi,
1645 4138 1942 4207 periculum
1971 4155 2107 4208 prae-

521 4229 814 4298 sumptoris
830 4243 892 4288 ex
917 4228 1114 4282 divinis
1127 4227 1368 4298 pandens
1387 4228 1817 4285 auctoritatibus.
1833 4229 2114 4299 Adjicicus

514 4339 737 4396 quoque
774 4325 840 4379 de
865 4339 930 4384 eo
957 4325 1100 4400 quod
1127 4338 1186 4377 se
1215 4334 1527 4390 monuerat,
1565 4335 1625 4380 ut
1653 4327 1792 4381 sacri
1824 4343 1985 4382 causa
2009 4328 2105 4382 mi-

522 4415 731 4480 nisterii
781 4430 960 4486 regem
1002 4430 1032 4468 a
1074 4414 1271 4469 talibus
1299 4424 1580 4470 revocaret
1611 4416 1953 4482 excessibus,
1981 4419 2104 4488 quia

516 4511 674 4585 prius
723 4510 774 4564 in
824 4509 966 4564 illius
992 4507 1342 4581 dispositione
1374 4507 1500 4562 talia
1527 4522 1630 4562 non
1671 4519 2025 4577 perceperat,
2051 4521 2104 4564 ct

521 4605 588 4659 tle
612 4602 765 4656 Vanis
793 4599 1195 4670 suspicionibus
1227 4613 1382 4657 suum
1415 4614 1522 4652 non
1551 4608 1670 4653 erat
1691 4599 1958 4655 seniorem
1987 4615 2106 4654 cor-

519 4694 724 4762 ripere,
759 4689 884 4750 ideo
911 4703 1009 4748 nec
1045 4688 1167 4743 inde
1197 4697 1499 4748 monuerat.
1521 4686 1673 4742 Nunc
1692 4697 1870 4743 autem
1901 4697 2104 4744 certam

522 4793 577 4835 et
603 4797 821 4837 causam
862 4781 1086 4846 habens,
1127 4789 1183 4843 et
1204 4795 1512 4851 personam,
1539 4780 1717 4835 debita
1741 4780 2024 4837 devotione
2043 4795 2106 4836 ac

525 4876 784 4940 ﬁdelitate
807 4872 1046 4930 studebit
1071 4873 1491 4926 dominationem
1527 4871 1694 4940 ipsius
1722 4887 1960 4928 monere.

591 4965 730 5018 item
765 4976 871 5033 pro
905 4960 1148 5039 praefatis
1187 4960 1347 5016 rebus
1399 4961 1571 5020 sancti
1616 4960 1864 5032 Remigii,
1898 4963 1965 5016 de
1993 4963 2115 5031 qui-

527 5057 625 5110 bus
656 5054 796 5108 idctn
831 5050 1105 5114 Gerardus
1138 5051 1270 5110 huic
1295 5051 1699 5120 archiepiscopo
1729 5050 1924 5107 litteris
1946 5051 2112 5121 signi-

529 5147 792 5204 ticavcrat
827 5157 887 5198 se
929 5139 1238 5206 (εοιιάυιυνρ,
1268 5141 1392 5210 quia
1421 5139 1845 5203 devastabantur
1868 5156 1897 5198 ει
1929 5140 2112 5198 multis

520 5247 576 5296 et
619 5235 802 5306 plures
853 5234 1162 5289 earumdem
1212 5242 1513 5297 vaSIatOres
1555 5231 1798 5291 dicerent
1842 5232 1983 5302 quod
2015 5247 2112 5301 per

525 5328 932 5388 concessionem
959 5328 1099 5396 regis
1121 5325 1300 5381 Karoli
1323 5368 1337 5389 ,
1362 5336 1418 5382 et
1443 5324 1602 5392 huius
1627 5323 1806 5377 domui
1833 5323 2055 5386 IIincma
2067 5325 2106 5379 ri

2201 1855 2416 1910 easdem
2449 1869 2534 1910 res
2570 1856 2900 1911 ordinandas
2920 1871 3024 1926 per
3063 1857 3231 1927 ipsius
3268 1857 3492 1914 comitis
3533 1858 3791 1912 auxilium

2202 1944 2293 2018 [ἣν
2311 1948 2643 2022 consilium},
2672 1960 2836 2020 atque
2861 1951 3243 2021 disponenda,
3277 1953 3610 2007 Inomcbum
3639 1962 3791 2022 atque

2209 2037 2586 2108 presbyterum
2629 2038 2698 2095 de
2737 2041 3066 2096 monasterio
3097 2043 3268 2097 sancti
3305 2041 3538 2112 Ποπιιίεῆ
3580 2044 3791 2096 nomine

2205 2125 2537 2184 Rotfridum.
2573 2127 2859 2199 Rodulpho
2889 2130 3083 2186 illustri
3111 2133 3319 2196 comiti,
3350 2148 3449 2201 pro
3476 2132 3793 2187 infirmitate

2203 2215 2450 2286 conjugis
2473 2217 2662 2288 ipsius,
2683 2228 2739 2273 et
2768 2235 2865 2290 pro
2893 2234 2960 2276 eo
2975 2222 3116 2290 quod
3148 2220 3420 2278 ferebatur
3440 2222 3587 2278 idem
3615 2240 3791 2279 comes

2204 2306 2346 2362 inter
2390 2323 2578 2380 regem
2633 2321 2688 2366 et
2730 2313 2994 2381 quosdam
3028 2312 3298 2384 subjectos
3342 2315 3517 2384 ipsius
3550 2317 3788 2385 qua-dam

2203 2406 2475 2460 contraria
2518 2406 2827 2471 seminare,
2865 2421 3120 2473 asserens
3153 2409 3260 2464 sibi
3300 2421 3524 2479 quoque
3564 2411 3792 2464 domnus

2205 2483 2551 2560 Hinemarus,
2576 2495 2699 2565 quia
2723 2497 2792 2552 ab
2817 2495 3121 2565 huiusmodi
3147 2515 3208 2554 re
3227 2503 3468 2554 valdc‘se
3497 2501 3792 2555 itnmuuem

2203 2585 2455 2654 putabat,
2481 2585 2584 2641 hoc
2606 2586 2781 2657 ipsum
2799 2589 3079 2657 reputari;
3091 2598 3147 2644 et
3169 2591 3296 2660 quia
3321 2591 3391 2646 de
3411 2590 3498 2645 his
3523 2591 3618 2661 qui
3641 2601 3790 2646 erant

2205 2689 2327 2729 eum
2357 2691 2484 2744 rege
2505 2676 2631 2731 talia
2661 2679 2915 2734 mandata
2932 2680 3202 2747 venirent,
3225 2695 3346 2750 qua:
3375 2696 3480 2736 non
3509 2684 3788 2737 convenis-

2203 2771 2343 2820 sent.
2382 2764 2535 2822 Unde
2563 2767 2697 2822 nihil
2720 2769 2894 2825 eidem
2920 2771 3104 2826 comiti
3127 2772 3369 2828 scribere
3396 2782 3605 2842 posset,
3623 2786 3788 2843 neque

2205 2868 2302 2924 per
2338 2854 2506 2910 alium
2563 2859 2846 2925 mandare,
2869 2859 3040 2917 donec
3066 2861 3228 2916 sitnol
3254 2862 3635 2932 loquerentur,
3653 2873 3709 2917 et
3730 2863 3790 2917 de

2207 2944 2404 2999 talibus
2435 2959 2555 3014 quae
2583 2946 2848 3004 vidissent
2887 2951 3080 3006 melius
3111 2953 3179 3007 ad
3208 2953 3498 3009 utilitatem
3539 2965 3596 3010 et
3625 2955 3790 3009 hone-

2203 3042 2400 3090 statem
2449 3036 2680 3094 senioris
2723 3040 2806 3094 sui
2858 3041 3162 3110 pertinere,
3213 3054 3403 3099 mutuo
3458 3044 3786 3106 conferrent,

2205 3127 2527 3196 quantocius
2578 3137 2762 3184 autem
2792 3132 3054 3200 potuisset
3094 3135 3174 3189 ad
3203 3149 3387 3206 regem
3420 3146 3700 3206 pergeret,
3740 3148 3789 3190 et

2206 3231 2329 3270 eum
2355 3217 2449 3271 illo
2475 3218 2700 3290 degens,
2748 3232 3228 3293 quantumcunque
3268 3225 3497 3290 valeret,
3538 3236 3792 3286 certaret.

2205 3318 2265 3364 ut
2292 3324 2356 3366 se
2397 3325 2583 3366 coram
2623 3312 2736 3367 Deo
2777 3317 2942 3370 corde
2967 3324 3023 3370 et
3060 3331 3226 3386 opere
3255 3318 3588 3385 custodiret,
3608 3321 3792 3389 orique

2205 3422 2308 3463 suo
2333 3407 2402 3462 ab
2441 3407 2573 3478 ipsis
2602 3409 2767 3464 etiam
2793 3410 2883 3478 qui
2922 3413 3250 3481 putabantur
3279 3414 3463 3479 amici,
3495 3416 3790 3470 custodiam

2209 3497 2517 3566 imponeret
2559 3499 2660 3566 (ps.
2699 3499 2849 3566 exs),
2903 3510 2958 3554 et
3003 3502 3068 3556 de
3121 3505 3511 3560 convocatione
3562 3505 3790 3560 ﬁdelium

2209 3589 2379 3658 regis,
2411 3599 2468 3642 et
2502 3589 2804 3644 directione
2848 3591 3016 3660 ipsius
3059 3593 3252 3659 animi,
3282 3605 3447 3665 atque
3478 3597 3793 3653 discissione

2210 3677 2372 3747 hujus
2427 3680 2609 3750 regni;
2661 3681 2755 3736 sed
2788 3691 2844 3736 et
2879 3683 3253 3741 interiectione
3289 3687 3574 3742 Britonum
3614 3689 3791 3743 [leris-

2208 3769 2374 3839 pogii,
2408 3767 2735 3836 Salomonis,
2761 3783 2817 3826 et
2845 3773 3122 3830 Ahuarchi
3143 3817 3159 3840 ,
3200 3785 3364 3845 atque
3393 3778 3460 3832 de
3490 3779 3685 3834 itinere
3716 3794 3792 3832 rc-

2208 3856 2346 3926 gime
2371 3857 2436 3911 ad
2469 3871 2670 3928 regem,
2702 3871 2863 3929 prout
2892 3862 3006 3931 ipse
3035 3864 3406 3931 mandaverat,
3437 3877 3497 3922 et
3517 3869 3644 3939 quia
3665 3870 3792 3923 mul-

2211 3957 2325 4003 tum
2352 3949 2418 4003 de
2465 3965 2589 4021 rege
2618 3951 2861 4008 timebat.
2893 3954 3024 4010 Item
3052 3957 3120 4010 de
3146 3973 3211 4012 eo
3237 3961 3380 4028 quod
3411 3960 3465 4014 in
3496 3962 3690 4018 litteris
3720 3966 3791 4033 ip-

2211 4042 2325 4096 sius
2354 4043 2570 4098 com'itis
2617 4046 2760 4100 inter
2804 4047 2977 4116 ipsum
3005 4051 3258 4106 comitem
3280 4061 3335 4106 et
3355 4068 3538 4124 regem
3564 4071 3787 4111 commo-

2214 4133 2412 4189 tionem
2437 4147 2762 4205 cognoverat
2787 4153 2908 4192 esse
2953 4139 3270 4204 iudebitam,
3298 4145 3442 4198 unde
3467 4146 3604 4201 satis
3631 4148 3791 4201 tristis

2212 4226 2437 4280 eﬂ'ecttts
2479 4236 2618 4280 erat.
2650 4227 2717 4285 Et
2765 4229 2888 4298 quia
2915 4230 2983 4284 de
3009 4231 3092 4286 his
3122 4246 3242 4300 qua:
3271 4233 3374 4289 sibi
3405 4234 3610 4292 litteris
3635 4239 3790 4305 signi-

2213 4316 2490 4382 ﬁcaverat,
2522 4321 2662 4387 apud
2687 4335 2865 4391 regem
2891 4361 2908 4386 ,
2935 4333 3092 4391 prout
3124 4325 3408 4393 potuisset,
3432 4338 3719 4400 satageret,
3741 4339 3790 4383 et

2215 4413 2472 4481 quidquid
2493 4413 2838 4479 iuveniret,si
2863 4417 2930 4470 ad
2956 4433 3079 4472 eum
3106 4422 3426 4488 remitteret,
3461 4425 3562 4494 ipsi
3592 4441 3788 4480 reman-

2210 4498 2339 4552 dare
2363 4511 2598 4556 curaret.
2647 4503 2925 4573 Adjiciens
2951 4508 3079 4575 quid
3109 4509 3211 4562 sibi
3241 4511 3308 4565 de
3343 4511 3657 4569 hominibus
3687 4515 3791 4568 suis

2214 4589 2502 4653 acciderit,
2540 4605 2677 4659 quos
2723 4607 2907 4646 secum
2957 4609 3120 4664 super
3164 4597 3400 4668 Ligerim
3443 4601 3654 4667 habuit,
3687 4619 3790 4656 ltto~

2213 4695 2346 4736 nens
2365 4691 2421 4736 et
2444 4682 2760 4738 confortans
2787 4685 2838 4738 in
2864 4685 3111 4753 Domino,
3136 4706 3202 4746 ne
3230 4706 3642 4750 commoneatur
3665 4695 3790 4750 leviw

2214 4784 2298 4830 tcr
2315 4790 2414 4845 pro
2439 4776 2657 4842 talibus,
2678 4778 2875 4848 quibus
2899 4779 2970 4834 illi
2995 4783 3086 4850 qui
3119 4783 3288 4838 Deum
3313 4785 3507 4842 timere
3531 4789 3786 4846 nesciunt.

2212 4878 2620 4922 commoventur
2668 4886 2682 4922 :
2727 4870 2821 4924 sed
2892 4887 3048 4926 suum
3095 4873 3294 4928 bonum
3354 4892 3579 4944 nomen,
3664 4879 3788 4932 sit-tt

2217 4957 2353 5025 bene
2401 4959 2584 5028 cmpit,
2619 4975 2785 5028 usque
2827 4962 2893 5015 ad
2942 4963 3102 5018 ﬁnem
3144 4966 3438 5035 perducere
3473 4971 3702 5025 studeat.
3733 4968 3788 5022 Et

2213 5048 2337 5117 quia
2383 5049 2524 5117 regis
2571 5051 2808 5105 animout
2844 5051 3128 5119 jamheue
3153 5067 3530 5126 cognosceret,
3560 5062 3653 5130 qui
3681 5061 3787 5113 liett

2213 5139 2392 5208 aliqua
2427 5140 2498 5193 sit
2542 5142 2947 5210 perturbatione
2977 5155 3309 5210 commotus,
3358 5149 3546 5202 statim
3597 5160 3787 5204 utcutn

2211 5248 2277 5288 eo
2304 5232 2516 5288 locutus
2555 5233 2718 5289 fuerit
2755 5244 2810 5288 et
2838 5236 2885 5290 ei
2911 5252 3062 5291 suam
3105 5238 3450 5294 devotioni-ns
3491 5241 3787 5296 manifesta-

2213 5324 2373 5388 verit,
2411 5324 2555 5379 sicut
2581 5326 2755 5388 decet,
2787 5337 2839 5380 et
2877 5327 3014 5381 sicut
3042 5336 3248 5382 rectum
3273 5341 3377 5392 est,
3405 5345 3533 5384 eum
3563 5332 3785 5386 habebit.
