3904 5396
55 293 148 350 Sil

633 291 976 352 HISTORIA
1015 289 1372 349 ECCLESliE
1406 287 1752 346 REMENSlS
1791 286 1972 347 LIBRI
2013 283 2372 360 QUATUOB.
2403 321 2470 334 —
2500 287 2631 348 LIB.
2674 289 2758 346 ιιι.

3218 289 3338 348 ιη

61 409 243 466 senior
284 410 456 482 ipsius
515 421 690 476 esset,
742 411 860 482 plus
926 410 1185 464 humilem
1237 408 1464 464 haberet
1531 407 1644 461 ani-
1673 416 1714 475 Α
1747 410 1811 463 de
1838 409 1956 478 ipso
1980 409 2234 466 audiebat
2257 409 2322 462 ad
2346 409 2538 464 anima:
2565 407 2708 462 illius
2729 399 3028 477 periculum
3056 404 3330 475 pert-inea.

63 518 208 558 mum
243 503 385 558 circa
440 501 636 573 ipsum,
665 512 772 558 etc.
809 500 1000 556 Uvelfo
1044 500 1260 554 cuidam
1304 498 1470 553 nobili
1509 499 1646 561 viro,

64 594 258 649 multas
295 593 593 663 gratiarum
640 591 882 648 referens
931 589 1214 654 actiones,
1277 588 1424 658 quod
1488 586 1654 642 talem

60 702 189 756 erga
229 701 286 740 se
323 691 710 740 conservasset
732 682 1027 738 amicitiam
1050 719 1066 744 ,
1095 688 1158 734 ut
1183 678 1452 734 hominem
1485 678 1651 749 ipsius

68 773 182 831 sine
220 789 494 831 consensu
528 774 769 844 ejusdem
816 771 1062 842 recipere
1103 769 1384 834 noluisset,
1421 777 1477 823 et
1507 769 1651 838 quod

67 867 202 921 idem
236 866 394 920 homo
426 880 487 920 se
527 864 644 919 sine
686 876 854 919 causa
892 860 1181 925 dimiserit,
1211 867 1268 915 et
1291 859 1410 914 sine
1433 855 1649 914 licentia

68 975 156 1013 sua
171 958 537 1013 irreverenter
562 952 1040 1022 abcesserit,_quod
1065 964 1222 1006 nemo
1240 965 1459 1006 suorum
1475 951 1650 1005 adhuc

65 1047 429 1112 aliusfecerat,
445 1047 702 1101 intimans
714 1040 944 1114 qualiter
957 1054 1081 1096 eum
1096 1041 1409 1110 susceperit,
1423 1047 1476 1094 et
1489 1051 1650 1108 quam

72 1140 291 1210 benigne
311 1137 584 1202 nutrierit,
599 1135 872 1206 multaque
895 1131 968 1188 illi
991 1132 1131 1188 bona
1159 1130 1369 1196 fecerit,
1394 1129 1652 1199 qualiter-

66 1246 167 1300 με
194 1232 296 1286 iste
335 1231 480 1285 inter
506 1229 780 1284 seniorem
826 1241 984 1282 suum
1027 1233 1083 1281 et
1121 1238 1303 1297 regem
1348 1224 1545 1278 missus
1585 1220 1650 1275 ad

77 1324 268 1390 ipsum,
299 1320 742 1376 inconvenienter
767 1319 959 1389 egerit.
985 1317 1129 1373 Petit
1152 1326 1359 1380 autem,
1392 1323 1450 1369 ut
1480 1313 1650 1368 nulla-

71 1419 223 1465 tenus
248 1426 366 1466 eum
401 1410 667 1481 recipiat,
703 1416 998 1479 antequam
1045 1421 1232 1462 secum
1273 1405 1548 1475 loquatur,
1595 1413 1652 1458 et

69 1501 201 1556 sciat
238 1502 280 1556 si
313 1511 516 1556 rectam
543 1508 740 1556 contra
781 1514 841 1555 se
884 1498 1026 1554 idem
1059 1499 1220 1554 homo
1242 1499 1506 1552 rationem
1555 1496 1650 1551 ha-

75 1594 208 1658 beat,
250 1591 506 1660 adjiciens
535 1606 642 1646 non
680 1591 734 1646 id
776 1605 836 1646 se
878 1590 944 1645 de
991 1590 1086 1644 illo
1129 1590 1250 1644 ideo
1279 1587 1562 1658 replicare,
1591 1595 1652 1640 ut

72 1684 276 1754 aliquod
307 1684 490 1739 odium
521 1684 664 1739 illius
690 1691 890 1748 teneat,
926 1680 1021 1738 sed
1059 1697 1127 1738 ne
1152 1681 1240 1737 ille
1264 1689 1453 1737 contra
1488 1679 1649 1751 iustis

74 1779 194 1831 tiam
225 1777 484 1847 recipiens
530 1776 692 1842 hunc,
726 1776 779 1830 in
812 1774 980 1830 Deum
1013 1782 1215 1844 peccet,
1256 1781 1311 1828 et
1340 1771 1391 1826 in
1419 1785 1478 1828 se
1505 1771 1643 1825 ami-
1677 1765 1722 1826 Β

74 1881 185 1920 cum
214 1866 378 1938 ipsius
403 1863 661 1931 omndat,
710 1864 1012 1936 praesertim
1050 1879 1178 1919 cum
1208 1863 1356 1919 salva
1384 1861 1647 1927 amicitia,

75 1976 162 2029 p"r
184 1961 296 2030 ejus
315 1959 586 2016 licentiam
613 1959 764 2015 illum
806 1960 1006 2015 habere
1041 1959 1267 2032 poterit;
1300 1958 1516 2014 Folcani
1553 1973 1647 2014 co-

78 2052 182 2104 uaiti
216 2052 391 2122 palatii
423 2053 588 2124 regis,
634 2067 732 2122 pro
772 2053 1005 2123 quodam
1034 2053 1352 2124 presbytero
1377 2061 1648 2120 parocnnc

81 2139 416 2208 Suessoaicte,
439 2144 532 2214 qui
577 2142 764 2199 relicto
808 2143 1178 2199 ecclesiastico
1209 2143 1276 2197 ad
1308 2142 1468 2197 civile
1498 2139 1644 2210 judi-

77 2234 208 2288 cium
246 2235 676 2306 proclamaverat
702 2250 865 2305 super
891 2244 1210 2292 accusatore
1247 2250 1365 2301 suo,
1397 2235 1488 2305 qui
1519 2249 1648 2305 pros

79 2321 310 2379 baturum
335 2340 393 2380 se
423 2327 752 2397 promiserat
776 2341 898 2382 esse
935 2328 1078 2398 Quod
1107 2327 1368 2382 adversus
1397 2326 1648 2384 eumdem

80 2413 436 2485 presbyterum
478 2414 803 2486 proferebat.
840 2415 1058 2471 Maudat
1083 2424 1262 2472 autem
1285 2416 1410 2472 huic
1439 2415 1648 2481 comiti,

87 2519 142 2559 ue
170 2506 222 2560 in
242 2507 338 2562 hac
369 2523 429 2562 se
456 2523 619 2563 causa
641 2509 1016 2574 commisceat,
1043 2518 1330 2579 antequam
1355 2509 1424 2564 ab
1448 2524 1513 2564 eo
1538 2515 1649 2562 tra-

87 2605 242 2652 ctetur
282 2614 348 2654 an
401 2599 450 2654 id
511 2599 907 2656 rationabiliter
961 2600 1078 2656 ﬁeri
1127 2599 1353 2664 debeat,
1407 2599 1532 2671 quia
1583 2599 1649 2654 de

87 2689 359 2762 presbyteri
381 2703 436 2746 et
461 2691 714 2749 Ecclesia:
739 2688 899 2748 causa
927 2693 992 2748 ad
1014 2692 1296 2764 episcopos
1316 2691 1463 2755 etad
1483 2705 1646 2762 syno-

89 2781 197 2835 dum
233 2781 476 2838 dillinitio
520 2785 806 2854 pertineat,
850 2799 956 2840 non
1002 2785 1069 2841 ad
1114 2785 1258 2840 malli
1284 2785 1369 2840 vel
1409 2784 1648 2841 civilium

85 2869 298 2938 iudicum
327 2875 755 2945 dispositionem,
803 2885 907 2932 etc.
955 2875 1152 2933 Maioni
1201 2877 1396 2933 illustri
1442 2876 1646 2943 comiti,

90 2965 359 3030 gratiarum
387 2965 630 3022 referens
669 2969 910 3024 actiones
931 2984 1030 3039 pro
1055 2968 1387 3041 benignitate
1419 2977 1474 3025 et
1501 2967 1648 3024 solli-

91 3055 331 3120 citmline,
391 3073 554 3127 quam
623 3059 820 3115 domno
881 3060 1217 3116 Theoderico
1265 3059 1646 3116 Camaracensi

91 3147 299 3213 praesnli,
327 3147 444 3202 viro
467 3159 658 3204 sancto
675 3189 690 3215 ,
719 3160 774 3205 et
799 3149 1042 3206 ecclesiae
1072 3151 1240 3222 ipsius
1265 3151 1525 3206 exhibere
1548 3166 1648 3205 cu-

92 3238 242 3302 rabat,
271 3241 516 3311 petitque
549 3249 607 3295 ut
632 3242 675 3296 si
714 3240 768 3296 in
791 3257 978 3297 eorum
1001 3242 1188 3297 diebus
1229 3242 1370 3297 idem
1403 3241 1499 3297 Dei
1534 3257 1651 3297 scr-

94 3339 168 3380 vus
190 3329 253 3382 ad
273 3344 618 3384 communem
648 3329 932 3386 Dominum
956 3331 1210 3393 transiret
1231 3370 1246 3396 ,
1267 3345 1367 3401 pro
1387 3329 1651 3386 electione

95 3419 402 3474 concedenda
432 3419 580 3475 clero
609 3428 663 3476 ct
691 3420 830 3490 plebi
862 3420 1107 3483 ecclesia:
1152 3421 1321 3492 ipsius
1367 3422 1507 3492 apud
1545 3420 1652 3477 Lo-

95 3511 298 3566 tbarium
323 3513 703 3583 imperatorem
727 3522 1020 3585 satageret.

147 3601 213 3657 De
241 3618 370 3671 pace
397 3618 618 3674 quoque
640 3605 975 3672 procuranda
1001 3605 1142 3659 inter
1170 3619 1342 3678 reges,
1375 3604 1517 3662 unde
1548 3605 1650 3662 sibi

96 3693 375 3762 scripserat,
405 3696 679 3760 rescribit,
703 3697 826 3766 quia
855 3711 1068 3766 semper
1091 3711 1210 3752 eam
1240 3697 1648 3762 desideraverit,

95 3795 132 3834 rt
155 3798 210 3842 nt
231 3789 488 3844 inviolata
516 3790 663 3845 inter
685 3806 778 3847 eos
803 3801 1075 3861 maneret,
1095 3801 1254 3864 prout
1283 3793 1478 3863 potuit,
1496 3809 1660 3860 com-.

97 3893 287 3935 monere
316 3882 613 3948 curaverit,
663 3891 717 3938 et
760 3892 1019 3953 quantum
1056 3886 1162 3940 Deo
1205 3895 1529 3956 coeperaute
1559 3902 1652 3940 va.

95 3968 245 4032 luerit,
284 3973 406 4028 inde
451 3971 702 4029 laborare
731 3975 962 4029 curabit.
1004 3975 1203 4031 Rorieo
1245 3975 1557 4032 Normanno
1585 3978 1652 4032 ad

98 4059 229 4115 ﬁdem
255 4062 462 4119 Christi
485 4080 771 4130 converso,
802 4074 863 4120 ut
885 4066 936 4121 in
970 4067 1064 4121 Dei
1096 4068 1390 4133 voluntate,
1419 4076 1474 4122 et
1503 4083 1656 4125 man-9

99 4151 317 4209 datorum
358 4155 506 4211 illius
547 4156 925 4212 observatione
966 4159 1234 4236 proﬁciat,
1269 4160 1411 4215 sicut
1446 4171 1494 4216 et
1529 4177 1652 4216 eum

99 4240 211 4298 velle
251 4260 312 4298 ac
359 4243 540 4299 facere
568 4259 667 4314 per
698 4247 897 4301 multos
926 4247 1202 4313 audiebat,
1223 4257 1280 4302 et
1317 4257 1378 4302 ut
1416 4264 1574 4304 nemo
1603 4251 1652 4304 ci

101 4335 392 4398 persuadere
439 4341 648 4404 valeat,
688 4352 796 4407 quo
840 4348 1029 4398 contra
1064 4338 1401 4396 Christianos
1431 4343 1655 4413 paganis

103 4433 173 4476 aut
191 4427 486 4491 consilium,
533 4437 628 4482 aut
656 4427 980 4496 adiutorium
1015 4441 1258 4500 praestet,
1289 4434 1412 4501 quia
1441 4433 1576 4487 nihil
1605 4434 1653 4487 ei

102 4515 306 4580 proderit
334 4520 663 4589 baptismum
687 4519 1114 4576 Christianitatis
1139 4525 1432 4593 accepisse,
1462 4525 1508 4579 si
1531 4541 1653 4578 coa-

105 4611 169 4657 ιη
193 4605 542 4676 Christianos,
573 4609 772 4681 veLper
793 4625 872 4675 se,
905 4621 997 4664 aut
1025 4627 1120 4682 per
1147 4612 1280 4667 alios
1305 4631 1653 4684 quoscunque

106 4709 339 4766 perversa,
381 4701 490 4762 vel,
510 4700 738 4758 adversa
771 4704 933 4758 fuerit
964 4707 1325 4771 machinatus,
1355 4717 1409 4760 et
1431 4716 1648 4771 caetera,

108 4799 199 4854 qua:
240 4794 606 4866 prosequitur,
649 4796 1028 4866 episc0paliter
1075 4797 1353 4866 intimans,
1393 4807 1653 4868 quantum

108 4877 145 4930 iu
181 4883 260 4937 tali
307 4885 377 4940 sit
423 4887 828 4943 machinatione
867 4890 1182 4959 periculum.
1216 4891 1438 4950 Mouens
1465 4894 1652 4961 etiam,
1687 4957 1689 4959 1

109 4972 463 5032 utBalduinum
493 4995 524 5033 a
553 4979 642 5033 Dei
675 4979 904 5050 Spiritu,
934 4996 1042 5050 quo
1071 4997 1312 5038 canones
1333 4984 1503 5041 sancti
1528 4995 1652 5039 sunt

93 5069 294 5138 conditi,
323 5087 418 5141 per
444 5072 809 5143 episc0palem
833 5074 1208 5128 auctoritatem
1232 5083 1457 5144 propter
1486 5074 1648 5135 tiliam

112 5159 241 5228 regis,
273 5179 431 5240 quam
460 5166 514 5218 in
551 5179 776 5219 uxorem
807 5163 1014 5220 furatus
1061 5166 1256 5229 fuerat,
1303 5167 1655 5223 anathemati-

113 5258 278 5317 tatum,
322 5256 466 5310 nullo
499 5257 655 5310 modo
705 5256 992 5325 reciperet,
1042 5274 1212 5330 neque
1249 5256 1522 5324 solatium,
1571 5264 1654 5317 vel

113 5341 336 5396 refugium
363 5347 575 5396 alimmtl
608 5348 749 5396 amid
781 5361 839 5396 se
865 5347 1060 5396 habere
1087 5349 1455 5396 nermilteret-
1491 5367 1555 5396 tm
1587 5353 1653 5396 ii-

1750 500 1844 564 tia,
1874 501 2145 570 praecipue
2187 500 2252 554 de
2291 500 2525 570 quodam
2569 498 2920 570 presbytero,
2954 509 3116 566 quem
3139 503 3329 551 contra

1749 587 1894 660 leges
1913 589 1980 643 de
2001 588 2230 644 ecclesia
2261 588 2518 659 eiecerat,
2540 595 2594 642 et
2610 587 2839 641 alterum
2863 585 2936 641 ibi
2951 585 3328 644 constituerat.

1749 678 2040 734 efﬁcaciter
2081 687 2135 734 et
2182 679 2558 750 episcopaliter
2603 685 2999 743 monens,.ut.-a
3031 676 3226 732 talibus
3273 691 3332 730 se

1749 770 2256 840 prtesumptionibus
2279 777 2608 838 compescat,
2631 769 2759 840 quia
2779 768 2824 822 si
2845 782 2950 822 non
2978 765 3189 832 fecerit,
3218 767 3333 838 ipse

1750 862 1894 931 quod
1923 876 2097 916 sacra:
2124 861 2270 932 leges
2301 860 2621 931 pmcipiunt
2641 860 2886 914 facturus
2912 858 2982 914 sit
3012 858 3065 912 in
3095 872 3217 913 eum
3238 898 3252 922 ,
3279 867 3333 910 et

1750 971 1848 1026 per
1874 956 2055 1012 omnia
2093 970 2258 1026 regna
2304 954 2569 1024 episcopis
2591 968 2761 1023 usque
2798 951 2865 1006 ad
2898 966 3091 1022 papam
3127 950 3328 1005 Roma-

1751 1065 1900 1113 num,
1925 1063 2047 1104 eum
2073 1062 2192 1102 esse
2223 1045 2498 1100 mandabit
2525 1044 3072 1101 escommunicatum.
3097 1039 3330 1110 Presby-

1749 1152 1926 1198 terum
1958 1154 2087 1196 vero
2111 1139 2394 1204 advenam,
2421 1153 2582 1209 quem
2615 1137 2836 1191 miserat
2863 1134 2916 1190 in
2943 1134 3130 1190 eadem
3163 1131 3336 1187 ecclco

1751 1235 1852 1299 sia,
1890 1233 1958 1287 ab
1998 1231 2148 1287 omni
2193 1229 2448 1285 Remensi
2497 1229 2754 1300 parocbia
2804 1224 3332 1281 excommunicatum

1750 1339 1869 1380 esse
1900 1323 2164 1393 designat.
2211 1321 2340 1376 Item
2371 1334 2571 1374 vocans
2605 1307 2730 1374 cum
2769 1319 3020 1372 dilectum
3052 1315 3254 1378 lilium,
3282 1321 3338 1366 et

1753 1419 1872 1473 ideo
1911 1417 1989 1472 sic
2031 1433 2155 1473 eum
2203 1431 2399 1472 vocare
2420 1429 2478 1470 se
2508 1415 2714 1480 dicens,
2749 1423 2809 1472 ut
2852 1413 3011 1470 talem
3043 1427 3102 1468 se
3149 1411 3333 1470 faciat.

1749 1519 2022 1580 quatenus
2047 1507 2098 1562 in
2126 1506 2243 1574 ejus
2272 1507 2559 1566 dilectione
2585 1497 2733 1564 recte
2764 1518 2981 1559 manere
3003 1504 3202 1574 possit,
3230 1502 3336 1555 vel-

1750 1610 1812 1654 ut
1859 1600 1986 1654 item
2014 1598 2212 1669 pracsul
2234 1606 2471 1667 exoptat.
2501 1595 2607 1652 Sed
2637 1596 2862 1651 audiens
2884 1611 3005 1650 eum
3034 1611 3138 1648 non
3171 1593 3331 1648 talem

1751 1707 1809 1746 se
1837 1689 2114 1753 exhibere,
2141 1688 2350 1758 qualem
2369 1688 2588 1746 deberet
2606 1686 2673 1760 [i,
2696 1685 2937 1759 deceret]
2953 1700 3077 1756 erga
3106 1684 3336 1740 Remen-

1752 1798 1864 1838 scm
1899 1780 2208 1845 ecclesiam,
2230 1779 2418 1849 dequa
2447 1778 2611 1841 multa
2644 1777 2781 1832 bona
2804 1776 3142 1841 habebat,_ut
3165 1773 3336 1828 famu-

1752 1875 1832 1929 los
1859 1873 2028 1944 ipsius
2053 1871 2301 1930 ecclesia:
2344 1871 2652 1942 inquiet-aus
2683 1885 2806 1928 cum
2838 1884 2973 1939 pace
3000 1885 3103 1924 non
3131 1868 3347 1928 sineret

1752 1968 1969 2038 degere,
2000 1964 2327 2021 mandat-illi
2358 1981 2422 2020 ex
2450 1965 2772 2025 auctoritate
2802 1963 2897 2018 Dei
2918 1970 2971 2016 et
2998 1961 3340 2021 sanctum-aa

1752 2058 1870 2122 rue,
1898 2066 1953 2114 et
1981 2057 2154 2115 sancti
2179 2056 2430 2126 Remigii,
2456 2066 2510 2112 et
2539 2072 2634 2112 sua
2663 2055 2950 2126 episcopali
2972 2095 2987 2117 ,
3019 2069 3224 2114 necnon
3266 2069 3336 2110 ex

1752 2149 1930 2208 hanno
1959 2150 2123 2220 regis,
2178 2148 2570 2218 cujus-missus
2627 2148 2739 2222 ipse
2784 2145 3048 2224 pontifex.
3092 2153 3233 2210 erat,
3280 2155 3341 2198 ut

1753 2239 1953 2295 nullum
1986 2239 2455 2310 impedimentum,
2484 2239 2719 2308 veleipse,
2751 2238 2832 2293 vel
2863 2237 3109 2293 homines
3134 2237 3214 2292 sui
3241 2238 3338 2291 ho—

1753 2333 1988 2388 minibus
2026 2332 2306 2387 llemensis
2339 2331 2580 2388 ecclesiae
2619 2330 2837 2393 faciant,
2869 2343 2967 2384 nec
2997 2344 3095 2399 per
3119 2328 3334 2398 aliquod

1754 2423 2029 2492 ingenium
2058 2423 2140 2478 vel
2178 2436 2274 2492 per
2301 2437 2624 2477 consensum
2661 2436 2816 2476 suum
2849 2435 2864 2474 :
2897 2420 2990 2475 sed
3023 2419 3068 2474 si
3098 2418 3224 2488 quid
3251 2435 3334 2471 ra-

1755 2513 2009 2568 tionabile
2030 2527 2272 2582 qumrere
2298 2512 2412 2568 vult
2453 2519 2640 2566 contra
2684 2519 3006 2580 potestatem
3059 2508 3339 2564 liemensis

1752 2605 1998 2667 ecclesia
2041 2620 2137 2677 per
2171 2605 2342 2676 legem
2387 2613 2614 2675 qureret.
2662 2601 2798 2670 Quia
2847 2603 2891 2658 si
2942 2601 3100 2657 aliter
3129 2601 3336 2664 fecerit,

1757 2710 1864 2754 tam
1891 2712 1988 2768 per
2011 2695 2369 2769 episcopalem
2401 2696 2800 2760 auctoritatem,
2832 2710 2992 2765 quam
3025 2709 3123 2764 per
3157 2693 3342 2753 missao

1754 2791 1922 2846 ticum
1950 2790 2090 2861 regis
2111 2831 2126 2856 ,
2153 2789 2294 2860 quod
2325 2788 2448 2844 inde
2473 2797 2678 2843 rectum
2703 2787 2864 2842 luerit
2896 2785 3204 2846 sustinebit.
3237 2785 3341 2840 Ex-

1754 2881 2120 2938 communicat
2152 2881 2314 2935 etiam
2353 2879 2639 2950 quemdam
2682 2880 2967 2934 diaconum
3011 2877 3200 2947 ipsius,
3247 2878 3340 2944 qui

1755 2975 2144 3030 adversabatur
2167 2971 2381 3027 famulis
2411 2973 2583 3031 sancti
2617 2971 2867 3041 Remigii,
2891 2979 3009 3034 etc.
3030 2968 3330 3025 Theodulfo

1753 3063 1818 3136 ti,
1851 3061 2174 3136 Theudulfo]
2195 3062 2404 3126 comiti,
2431 3059 3338 3132 proprmsumptioneecclesiastici

1757 3154 2069 3220 ministerii,
2088 3169 2193 3225 qua
2225 3154 2482 3210 defuncto
2511 3153 2740 3224 quodam
2767 3151 3084 3224 presbytero
3111 3149 3316 3205 abstule

1754 3253 1838 3300 rat
1879 3261 2000 3316 qua:
2040 3246 2182 3301 idem
2222 3245 2507 3316 presbyter
2549 3244 2599 3305 iu
2641 3243 2982 3314 eleetnosyna
3001 3257 3107 3312 pro
3136 3256 3194 3295 se
3223 3241 3341 3294 tia-'t

1754 3347 2108 3410 praeceperat,
2151 3338 2476 3408 etinsupcr
2508 3345 3007 3408 usurpaveratquzn
3056 3335 3121 3389 ad
3168 3335 3337 3404 ipsam

1751 3430 2035 3492 ecclesiam
2052 3429 2160 3486 rite
2178 3429 2361 3486 relicta
2387 3429 2618 3484 fuerant.

1825 3519 2074 3575 Ostendit
2112 3531 2255 3590 ergo.
2275 3518 2561 3574 manifeste
2603 3533 2763 3588 quam
2793 3518 3089 3573 maximum
3130 3517 3335 3571 crimen

1755 3611 2021 3681 sacrilegii
2048 3610 2395 3666 commissum
2427 3611 2497 3666 sit
2517 3609 2587 3664 ab
2609 3625 2692 3675 eo,
2723 3610 2816 3665 sed
2839 3620 2893 3665 et
2913 3607 3183 3680 quomodo
3211 3624 3334 3662 cou-

1757 3710 1838 3755 tra
1869 3701 2133 3756 humanas
2163 3701 2335 3771 egerit
2379 3699 2524 3772 leges
2544 3741 2558 3766 ,
2590 3707 2644 3754 et
2671 3699 2801 3769 quid
2831 3700 2953 3754 inde
2984 3699 3097 3752 fieri
3124 3699 3335 3758 debeat,

1755 3802 1809 3847 et
1843 3792 2076 3862 qualiter
2110 3791 2352 3846 ecclesia:
2384 3791 2436 3845 in
2467 3800 2734 3860 potesmte
2767 3799 2822 3846 et
2848 3789 3186 3845 ordinatione
3216 3795 3344 3842 sunt

1757 3883 1992 3954 episc0pi
2020 3883 2311 3938 secundum
2346 3897 2529 3938 sacros
2552 3897 2808 3947 canones,
2840 3891 2896 3939 et
2927 3882 3220 3953 imperialia
3245 3898 3337 3936 ca-

1757 3975 1944 4045 pitula.
1980 3973 2128 4029 Unde
2157 3975 2374 4028 mandat
2401 3973 2474 4038 ei,
2511 3973 2731 4042 utjuxta
2761 3989 2943 4029 sacras
2967 3976 3355 4040 auctoritates,

1756 4075 1812 4121 et
1859 4081 2042 4136 regum
2074 4074 2362 4136 prmcepta,
2393 4066 2652 4136 quidquid
2696 4065 2763 4121 de
2801 4064 3147 4128 facultatibus
3175 4066 3356 4134 ipsius.-

1756 4155 2001 4211 ccclesiae
2036 4163 2323 4224 acceperat
2349 4154 2764 4225 praesentialiter
2785 4154 3026 4214 ecclesia:
3055 4155 3262 4220 reddat,
3287 4163 3344 4208 ct

1759 4246 2109 4317 presbyteris,
2146 4247 2341 4315 quibus
2373 4262 2462 4302 res
2486 4247 2877 4312 commendat-:13
2899 4245 3148 4310 fuerant,
3191 4247 3346 4302 resti-

1759 4345 1896 4401 tuat,
1927 4335 2117 4391 deinde
2145 4336 2210 4390 ad
2251 4351 2309 4391 se
2362 4337 2577 4403 veniat,
2599 4346 2657 4391 ut
2686 4336 2808 4391 inde
2851 4337 3176 4392 medicinam
3205 4339 3347 4392 acci-

1760 4429 1891 4498 piat,
1928 4438 2194 4497 quatenus
2233 4444 2396 4484 sanus
2423 4430 2534 4496 ﬁat,
2587 4431 2722 4484 dans
2754 4429 2828 4483 illi
2865 4431 3095 4500 spatium
3135 4441 3341 4499 septem

1757 4523 1965 4576 dierum
2001 4523 2519 4592 postquamlitteras
2553 4522 2698 4592 ipsas
2724 4523 3019 4592 acceperit,
3063 4531 3118 4575 ut
3154 4531 3341 4575 octava

1759 4612 1846 4667 die
1872 4611 1940 4666 ad
1967 4627 2024 4667 se
2048 4613 2254 4679 veniat,
2291 4627 2397 4681 quo
2425 4613 2506 4666 vel
2530 4613 2574 4666 si
2610 4628 2712 4667 non
2743 4622 2826 4666 cst
2857 4614 2948 4678 ita,
2990 4613 3224 4668 debitam
3259 4627 3364 4664 ιιι-κ..

1759 4702 1973 4767 tionem
1993 4701 2198 4768 reddat,
2239 4702 2322 4756 vel
2371 4703 2415 4756 si
2458 4711 2542 4758 est
2571 4703 2666 4767 ita,
2699 4718 2990 4774 congruam
3023 4701 3347 4756 satisfactio-

1758 4810 1882 4855 nem
1931 4803 2053 4866 agat
2085 4811 2104 4856 :
2140 4794 2282 4864 quod
2321 4794 2367 4849 si
2409 4809 2514 4849 non
2549 4795 2770 4859 fecerit,
2801 4796 3075 4866 exetuplar
3121 4796 3346 4850 istarum

1760 4884 2061 4941 litterarum
2094 4885 2208 4954 ipse
2239 4885 2350 4957 regi
2383 4888 2742 4950 transmittet,
2782 4893 2839 4938 ut
2889 4887 2978 4942 ille
3022 4902 3177 4949 suum
3227 4887 3350 4940 iufze

1760 4975 2118 5031 ministerium
2147 4975 2343 5043 faciat,
2371 4986 2428 5037 et
2461 4989 2649 5048 postea
2676 4978 2816 5032 idem
2845 4980 3039 5049 pracsul
3071 4995 3226 5033 suum
3253 4994 3348 5032 cx-

1757 5067 1884 5124 inde
1905 5066 2166 5138 perﬁciet.
2190 5068 2256 5124 Et
2279 5070 2535 5140 quoniam
2561 5071 2808 5134 audierat-
2825 5059 2968 5140 quod
2986 5074 3152 5142 ipsam
3175 5069 3351 5134 eccle-

1757 5159 1896 5212 siam
1927 5158 2069 5212 idem
2105 5174 2290 5221 comes
2329 5160 2678 5218 deuominato
2708 5161 2887 5229 pretio
2925 5162 3170 5218 vendere.
3193 5174 3351 5228 pars:
3373 5203 3386 5210 -

1761 5258 1866 5317 ret,
1895 5249 2092 5319 adjecit
2137 5265 2225 5317 εηι
2277 5254 2569 5322 Propterea
2603 5254 2801 5313 sciens,
2848 5253 3118 5323 inquiens,
3151 5248 3273 5316 quia
3301 5245 3371 5306 si.

1764 5345 1848 5396 Vel
1879 5361 2040 5396 unum
2072 5346 2354 5396 denarium
2398 5347 2492 5396 lilii
2524 5349 2716 5396 alinuis
2743 5345 2976 5396 clericus
3004 5359 3098 5396 nro
3126 5343 3237 5396 ipsa
3269 5356 3352 5396 cc-
