3904 5396
590 330 701 385 263

1634 326 2020 403 rtooomot
2058 346 2371 409 CANONICI
2411 353 2755 413 ususxsrs

3734 345 3827 416 sn

592 448 835 516 uisterio,
885 457 939 506 et
988 466 1087 523 ego
1134 455 1283 510 illum
1334 455 1624 527 inquiram,
1672 471 1725 514 et
1769 458 1844 515 ilii
1878 457 2159 519 ecclesiam
2189 467 2462 531 Asitione
2511 470 2699 528 harum
2754 485 2973 541 rerum”
3010 446 3061 531 si
3107 489 3197 530 rex
3245 459 3473 543 juberet,
3531 486 3638 542 per
3666 471 3827 540 ipsum

590 542 752 607 dabo,
776 552 831 597 et
862 553 986 598 tunc
1014 546 1158 601 illum
1189 548 1471 615 ordinat-0,
1519 553 1564 607 si
1612 555 1738 608 mihi
1778 556 1894 611 talis
1935 556 2163 613 clericus

593 631 1018 701 satisfactionem
1049 639 1253 703 fecerit,
1280 641 1420 710 quod
1452 642 1654 697 nullum
1679 645 1906 713 pretium
1930 645 2052 700 inde
2075 647 2164 701 do-

589 722 823 776 naverit.
866 724 934 779 Et
960 725 1007 779 si
1050 735 1101 780 tu
1144 728 1213 781 ita
1242 727 1418 798 facere
1448 747 1554 786 non
1584 731 1832 798 volueris,
1875 747 1976 804 ego
2016 735 2164 790 ordi-

590 812 751 895 nabo,
772 812 1005 881 qualiter
1026 818 1251 886 populus
1267 820 1336 873 ibi
1358 820 1589 875 olIicium
1607 822 1817 888 habeat,
1845 839 2015 894 usque
2036 825 2159 880 dum

587 904 661 960 ibi
690 907 934 963 ordinem
977 912 1361 982 presbyterum.
1402 915 1499 971 Cui
1522 917 1565 972 si
1582 918 2163 989 aliquodimpedimen—

590 1006 702 1050 tum
732 1007 921 1052 contra
952 1000 1160 1055 divitias
1199 1011 1253 1056 et
1283 1003 1543 1061 lmmanas
1569 1007 1712 1077 leges
1737 1007 1952 1074 feceris,
1980 1020 2034 1065 et
2056 1026 2163 1065 ma-

588 1087 853 1153 nifestum
885 1091 1066 1156 fuerit,
1111 1096 1391 1166 presbyter
1419 1098 1489 1152 ibi
1518 1102 1874 1168 permanebit,
1917 1111 1985 1167 et,
2010 1111 2063 1155 tu
2108 1111 2164 1155 et

589 1195 778 1235 omnes
808 1182 898 1250 qui
936 1183 1029 1237 tibi
1056 1187 1428 1241 consenserint
1448 1228 1463 1252 ,
1492 1189 1561 1243 ab
1588 1192 1730 1244 omni
1761 1191 2162 1246 Christianitate

588 1288 763 1342 usque
803 1275 867 1329 ad
897 1276 1321 1335 satisfactionem
1352 1280 1506 1335 eritis
1530 1283 1785 1351 separati.
1830 1282 1976 1346 llzec,
1999 1283 2163 1337 citare

588 1362 689 1429 fili,
722 1363 841 1419 ideo
879 1366 1076 1421 mando
1100 1367 1192 1422 tibi
1236 1376 1290 1421 et
1336 1369 1511 1425 taliter
1533 1385 1868 1437 commoneo,
1897 1371 2020 1441 quia
2051 1371 2161 1426 sal-

587 1468 715 1507 vum
737 1462 792 1507 et
816 1455 1133 1509 honoratmu
1166 1467 1216 1509 te
1236 1458 1414 1527 cupio,
1441 1469 1495 1514 et
1518 1460 1657 1515 inter
1684 1459 1823 1516 filios
1844 1461 2087 1516 ecclesia:
2113 1471 2163 1516 te

587 1542 643 1597 in
675 1543 793 1601 loco
819 1545 911 1602 ﬁlii
941 1547 1139 1603 habere
1168 1549 1321 1625 volo.
1350 1551 1416 1604 Et
1457 1553 1501 1606 si
1547 1568 1633 1608 me
1655 1555 1913 1625 cecgeris.
1949 1554 2163 1609 utsicut

587 1637 999 1709 Dominusvdicit
1018 1642 1081 1707 in
1106 1643 1415 1716 Evangelia,
1445 1645 1519 1715 sis
1541 1647 1687 1701 ve'ut
1715 1648 1962 1701 ethnicus
1986 1657 2036 1702 et
2068 1662 2161 1716 pn-

584 1727 831 1784 blicanus
860 1730 1073 1802 (Manli.
1105 1734 1285 1806 xvm),
1315 1750 1419 1790 non
1460 1736 1607 1799 mihi,
1642 1737 1733 1791 sed
1766 1737 1861 1791 tibi
1911 1745 2160 1806 reputare

586 1822 826 1878 debebis.
858 1823 1148 1896 Postquam
1180 1828 1314 1883 istas
1350 1828 1556 1883 litteras
1582 1829 1801 1896 dictavi,
1850 1831 2052 1884 dictum
2080 1839 2162 1885 est
2193 1838 2235 1897 Β
2268 1833 2519 1897 retinere,

588 1914 717 1967 mihi
748 1917 891 1984 quod
922 1918 1318 1974 matricularios
1358 1935 1389 1974 a
1432 1921 1679 1976 ministro
1701 1938 1820 1976 meo
1844 1922 2163 1977 constitutos

585 2006 652 2060 de
688 2006 775 2060 illa
800 2009 1081 2064 matricnla
1113 2012 1345 2082 ejecisti,
1371 2022 1426 2066 et
1449 2012 1519 2066 ibi
1543 2012 1826 2067 Bovarium
1869 2013 1953 2087 [i.,
1991 2014 2166 2068 Bona-

585 2097 750 2169 rium]
782 2099 999 2163 misisti,
1046 2110 1100 2156 ct
1152 2116 1249 2170 pro
1279 2102 1371 2157 illa
1404 2102 1684 2159 matricula
1716 2104 1767 2159 in
1798 2103 1972 2173 pretio
2000 2120 2161 2158 unum

585 2188 801 2243 asinum
826 2191 1103 2260 accepisti.
1137 2184 1289 2260 Quod
1316 2194 1362 2248 si
1400 2194 1472 2248 ita
1515 2204 1620 2259 est,
1654 2210 1758 2249 non
1780 2196 1951 2271 solum
1977 2195 2160 2249 crimi-

586 2281 781 2337 nalitcr
805 2282 1004 2349 fecisti,
1035 2286 1160 2354 quia
1206 2294 1393 2341 contra
1441 2301 1629 2342 omnes
1661 2286 1806 2352 leges
1835 2286 2163 2342 ecclesiastio

585 2390 708 2428 rnm
735 2375 1091 2431 ministerium
1115 2378 1277 2433 homo
1295 2378 1464 2434 laicus
1484 2378 1774 2448 usurpasti,
1790 2388 1846 2433 et
1866 2378 2162 2449 eleemosy-

583 2481 731 2528 nam,
775 2467 828 2521 id
861 2476 944 2523 est
975 2468 1400 2525 misericordiam
1441 2486 1755 2541 paupermn,
1803 2484 1866 2525 ac
1910 2485 2007 2538 per
2058 2469 2161 2524 hoc

584 2556 787 2623 Deum,
821 2559 911 2628 qui
939 2561 1307 2618 misericordia
1331 2563 1650 2619 miserorum
1685 2572 1764 2617 est
1785 2603 1800 2626 ,
1831 2563 1968 2617 sicut
1996 2560 2161 2617 Iudas

587 2651 847 2720 proditor,
875 2654 1183 2708 vendidisti.
1219 2653 1325 2709 Sed
1348 2657 1510 2710 etiam
1538 2656 1765 2724 turpiter
1793 2656 1844 2709 in
1879 2656 1979 2709 hoc
2002 2655 2162 2710 nimis

580 2743 780 2807 fecisti,
813 2754 871 2798 ιιι
891 2745 956 2800 de
988 2747 1352 2808 mendicitate.
1380 2748 1446 2802 de
1473 2763 1577 2815 qua
1609 2747 1836 2802 mendici
1870 2749 2049 2802 vivere
2071 2748 2158 2801 de.

589 2835 739 2900 bent,
768 2850 951 2890 comes
977 2846 1031 2890 et
1056 2836 1355 2891 honoratus
1373 2837 1512 2908 regis
1537 2837 1880 2893 consiliarius
1911 2837 1963 2890 in
1988 2836 2162 2905 pretio

587 2926 798 2981 asinum
828 2927 1104 2997 accepisti,
1136 2936 1190 2981 et
1217 2942 1406 2982 omnes
1427 2928 1516 2997 qui
1548 2929 1661 2983 lucc
1684 2929 1914 2983 audiunt
1933 2940 2162 2998 pensare

583 3025 810 3088 possunt
837 3018 1072 3089 qualiter
1108 3018 1173 3073 de
1212 3018 1332 3073 aliis
1353 3020 1534 3074 causis
1558 3034 1656 3089 pro
1689 3036 1873 3075 amore
1891 3030 1945 3075 et
1970 3022 2162 3075 timore

587 3110 706 3175 Dei,
744 3119 800 3165 et
826 3111 1129 3165 reverentia
1158 3112 1234 3165 ιιιί
1259 3111 1543 3168 ministerii
1563 3112 1709 3181 juste
1745 3122 1799 3167 et
1837 3122 1980 3169 recte
2005 3113 2159 3180 facis,

587 3202 678 3270 qui
707 3202 777 3257 de
799 3202 891 3257 tali
920 3203 1136 3258 miseria
1164 3203 1280 3258 sine
1305 3204 1407 3258 ulla
1432 3207 1751 3261 verecundia
1781 3214 1935 3276 turpe
1959 3205 2164 3263 lucrum
2196 3193 2238 3252 (ἶ

591 3294 843 3361 requiris.
889 3314 911 3346 ι
1524 3348 1529 3351 .
2139 3361 2143 3366 ,

658 3385 911 3442 Anselmo
968 3386 1161 3465 illustri
1215 3390 1353 3455 viro,
1398 3406 1495 3460 pro
1543 3392 1774 3461 qundam
1826 3393 2162 3464 presbytero,

587 3494 747 3545 quem
778 3482 918 3549 apud
971 3496 1031 3534 se
1076 3492 1443 3551 accusaverat,
1503 3487 1595 3540 sed
1644 3486 1710 3541 ad
1762 3487 2161 3547 denominatum

588 3569 842 3639 placitum
888 3586 994 3626 non
1025 3585 1267 3640 venerat,
1311 3574 1622 3644 significans
1666 3576 1979 3646 purificasse
2026 3579 2166 3634 hunc

587 3660 963 3730 presbyterum
986 3662 1245 3718 canonice
1273 3664 1507 3735 seipsum
1535 3682 1565 3721 a
1588 3667 1814 3722 crimine
1834 3683 2016 3723 coram
2040 3669 2167 3723 mis-

586 3750 665 3803 sis
702 3750 870 3821 ipsius
911 3751 1176 3818 Anselmi,
1229 3754 1281 3808 in
1325 3766 1615 3826 conspectu
1659 3756 2010 3827 plurimorum
2058 3769 2165 3814 tam

585 3843 905 3900 clericorum
938 3861 1099 3916 quam
1131 3846 1428 3926 laieorum,
1444 3865 1551 3904 non
1578 3858 1756 3905 tamen
1781 3850 2017 3915 misisse,
2041 3852 2165 3921 quia

587 3954 686 3993 nec
712 3939 982 4006 debuerit,
1022 3940 1076 3995 in
1109 3952 1507 3999 sacramentum
1536 3943 1718 4013 plures
1742 3945 2052 4001 sacerdotes
2083 3944 2164 4014 ip-

586 4031 701 4086 sius
752 4039 937 4087 testes.
990 4031 1250 4087 llortatur
1288 4043 1469 4088 autem
1511 4043 1566 4089 et
1611 4044 1815 4100 monet,
1858 4043 1917 4091 ut
1949 4050 2165 4093 omnem

588 4136 896 4186 rancorem,
929 4136 1104 4191 .qnem
1145 4133 1331 4178 contra
1364 4123 1644 4193 prrefatnm
1673 4126 2044 4196 presbyterum
2073 4127 2170 4182 ha-

585 4213 750 4266 bebat
766 4253 781 4275 ,
796 4228 827 4266 a
842 4214 1007 4269 corde
1031 4229 1129 4269 suo
1141 4214 1454 4284 expelleret,
1469 4217 1765 4272 ostendens
1776 4226 2037 4286 quantum
2058 4234 2170 4273 ma-

588 4303 699 4357 lum
724 4304 798 4358 sit
829 4303 1010 4358 odium
1040 4305 1274 4359 retinere
1304 4305 1358 4360 in
1384 4308 1565 4361 corde.
1586 4305 1862 4361 lnlerdicit
1887 4307 2051 4360 etiam
2075 4324 2170 4361 an-

588 4394 841 4451 rtoritate
864 4393 957 4449 Dei
983 4404 1036 4449 et
1066 4405 1375 4465 sanctorum
1400 4396 1534 4463 ejus,
1576 4406 1641 4451 ut
1659 4396 1831 4451 cidem
1856 4397 2170 4467 presbytero

590 4487 792 4543 nullum
808 4484 1175 4559 praeiudicium
1189 4488 1272 4544 vel
1291 4482 1736 4544 machinatibnem
1752 4488 1968 4555 inferat,
1982 4490 2165 4559 qniasi

590 4578 804 4640 fecerit.
836 4578 951 4649 ipse
981 4578 1106 4634 inde
1136 4594 1292 4633 smnn
1318 4578 1677 4634 ministerium
1695 4576 1875 4634 faciet.
1909 4578 2171 4634 Precatur

587 4673 755 4727 etiam
786 4672 1127 4743 utjustitiam
1162 4672 1290 4736 Deo,
1315 4672 1527 4744 sibique
1563 4670 1729 4727 faciat
1763 4672 1831 4727 de
1864 4672 2189 4741 hominibus,

590 4766 728 4828 suis,
742 4764 832 4835 qui
847 4763 1177 4836 presbyteris
1189 4763 1754 4834 quibusdamteStibus
1780 4761 2041 4833 ιιι-ωειιίεεί
2058 4776 2173 4830 pre-

590 4857 793 4927 sbyteri
811 4856 928 4911 ausi
951 4862 1076 4912 sunt
1099 4854 1324 4924 injurias
1344 4854 1611 4919 intulisse,
1627 4853 1753 4923 quia
1770 4854 1811 4915 si
1831 4868 1936 4907 non
1959 4851 2170 4914 fecerit,

556 4956 651 5000 et
672 4946 737 5000 de
762 4945 892 5016 ipsis
918 4960 1131 5015 quoque
1182 4960 1340 4999 suum
1391 4943 1632 4999 facturus
1675 4944 1745 4998 sit
1789 4942 2168 4998 ministerium.

591 5039 871 5076 πρωτην-,ιη
898 5037 1079 5076 οηιιηίιί
1108 5036 1378 5076 'l‘nlnasmn
1407 5035 1707 5076 nraninmm
1734 5049 1845 5076 cum.
1884 5049 1984 5076 nm
2011 5033 2173 5076 mlum

2263 562 2488 630 agenda.
2512 562 2639 618 Item
2667 564 2887 635 prtefato
2909 566 3183 623 Bernardo
3209 565 3473 621 Tolosano
3501 578 3612 636 pro
3636 563 3827 618 eisdem

2264 657 2445 718 rebus,
2474 655 2683 724 adjurat
2714 656 2860 712 illum
2892 672 2987 729 per
3014 658 3180 714 Deum
3204 657 3635 726 omnipotentem
3663 650 3830 707 Domi‘

2262 755 2388 794 num
2411 740 2594 797 Jesum
2624 746 2927 815 Christum,
2968 756 3023 801 et
3055 763 3152 817 per
3178 746 3295 815 ejus
3320 745 3683 808 Genitricem,
3714 759 3827 797 san-

2262 839 2515 900 ctumque
2562 834 2883 907 Remigium,
2933 850 2992 892 ut
3043 838 3174 893 nihil
3224 838 3347 893 inde
3389 842 3712 906 praesumat.
3742 847 3830 887 nec

2262 924 2428 980 ullum
2462 927 2900 998 impedimentum
2926 932 3207 1002 mancipiis
3237 932 3290 985 in
3321 932 3509 985 iisdem
3539 929 3829 985 consisten-

2263 1015 2405 1072 tibus
2433 1018 2594 1074 faciat
2636 1039 2650 1074 :
2683 1037 2857 1092 neque
2886 1023 3159 1078 Bernardo
3188 1023 3368 1097 comiti
3399 1019 3728 1081 Arvernieo,
3753 1021 3828 1072 rei

2263 1108 2479 1161 easdem
2495 1112 2844 1181 commiserat
2862 1113 2928 1169 ad
2950 1114 3368 1176 defendendmn,
3390 1113 3518 1168 inde
3535 1111 3828 1166 molestiam

2264 1196 2489 1267 ingerat,
2527 1202 2651 1271 quia
2683 1204 2728 1258 si
2781 1202 2992 1270 fecerit,
3050 1221 3173 1261 enm
3218 1220 3249 1259 a
3297 1204 3580 1259 liminibus
3646 1210 3829 1258 sancte

2262 1288 2527 1356 ecclesiae,
2567 1300 2621 1347 et
2644 1308 2673 1347 a
2694 1295 3071 1351 communione
3094 1294 3326 1351 fidelium
3353 1311 3479 1351 cum
3507 1293 3831 1364 plenitudine

2264 1381 2658 1451 episcoporum,
2687 1394 2794 1441 tam
2828 1386 3152 1456 Aquitaniae.
3187 1401 3346 1457 quam
3385 1387 3626 1442 aliorum
3661 1402 3829 1456 regno-

2264 1484 2383 1524 rum
2408 1473 2730 1543 scgregabit;
2758 1476 2907 1541 item,
2934 1476 3229 1532 admonens
3262 1490 3383 1529 eum
3413 1491 3517 1545 pro
3549 1475 3739 1529 eadem
3764 1489 3830 1535 re,

2265 1569 2322 1614 ut
2358 1562 2608 1617 conciliet
2643 1564 2743 1619 sibi
2791 1565 3083 1621 amicitiam
3124 1575 3325 1621 sancta:
3360 1564 3550 1620 Maria:
3583 1576 3641 1620 et
3680 1565 3830 1618 sancti

2265 1647 2492 1720 Remigii
2519 1651 2587 1707 de
2629 1653 2865 1723 prmfatis
2911 1657 3092 1721 rebus,
3130 1656 3419 1711 ostendens
3448 1672 3520 1711 ex
3551 1655 3727 1711 sacris
3754 1670 3835 1706 au-

2264 1744 2630 1811 ctoritatibus,
2654 1755 2913 1815 quantum
2936 1748 3227 1817 periculum
3243 1750 3312 1803 sit
3330 1764 3418 1805 res
3441 1764 3640 1804 sacras
3657 1747 3832 1813 injuste

2596 1844 2890 1906 caveatqne
2962 1851 3030 1891 ne
3098 1838 3530 1894 ecclesiasticum
3588 1836 3829 1907 judicium

2266 1924 2493 1994 proinde
2534 1936 2807 1982 mereatur
2837 1927 2888 1981 in
2927 1928 3029 1984 hoc
3056 1928 3272 1994 saeculo,
3296 1940 3351 1984 et
3382 1938 3653 1983 aeternam
3676 1928 3829 1997 perdi-

2268 2016 2464 2072 tionem
2510 2016 2564 2071 in
2599 2017 2818 2084 futuro;
2860 2018 3011 2085 item,
3052 2021 3177 2089 quia
3212 2019 3615 2090 prtejndicium,
3653 2029 3706 2073 et
3740 2033 3829 2071 non

2266 2106 2534 2162 modicum
2565 2107 2819 2162 danmnm
2846 2108 3095 2166 Remensi
3124 2109 3355 2165 faciebat
3375 2110 3653 2173 ecclesiae,
3672 2117 3829 2161 osten-

2263 2199 2344 2253 dit
2369 2214 2491 2253 eum
2519 2201 2942 2270 prtedamnatum
2965 2217 2994 2255 a
3018 2203 3186 2258 sacris
3213 2203 3509 2258 canonibus
3541 2210 3827 2257 sanctorum

2256 2288 2483 2359 judicio,
2525 2299 2581 2346 et
2626 2306 2657 2346 a
2709 2306 2770 2348 se
2798 2294 3114 2363 exterisque
3138 2293 3477 2362 prtesulibus,
3499 2308 3737 2364 quorum
3761 2307 3832 2344 res

2263 2381 2663 2438 ecclesiasticas
2698 2386 3032 2455 usurpabat;
3077 2384 3397 2455 legationem
3449 2399 3556 2454 pro
3591 2385 3693 2438 hoc
3719 2400 3829 2452 pra:-

2261 2467 2463 2537 iudicio
2490 2472 2767 2536 directam,
2794 2482 2848 2528 et
2875 2483 3001 2529 tunc
3030 2474 3224 2545 iterum
3259 2488 3381 2529 eum
3411 2475 3742 2543 imperatore
3773 2474 3829 2524 ad

2263 2578 2457 2636 papam
2498 2565 2797 2621 Remanent
2828 2566 3182 2638 dirigendam,
3219 2556 3483 2638 quatenus
3517 2565 3645 2635 ejus
3667 2576 3827 2620 aucto-

2266 2655 2426 2711 ritate
2455 2666 2778 2727 congregata
2809 2658 3067 2728 synodus,
3113 2673 3261 2723 eum,
3294 2667 3638 2728 emtcrosque
3668 2672 3823 2711 rerum

2264 2748 2757 2804 ecclesiasticarum
2811 2750 3533 2820 pervasorcsdamnationis
3584 2750 3825 2805 sententia

2265 2838 2540 2909 percellat.
2567 2837 2692 2893 Ideo
2733 2841 3027 2897 secundum
3053 2840 3419 2911 evangelieam
3462 2842 3821 2896 auctoritatem

2268 2928 2419 2997 prius
2449 2943 2572 2983 eum
2597 2928 2890 2999 episcopali
2932 2930 3253 3001 auctoritate
3282 2939 3595 2985 commonet
3632 2928 3822 3001 (Matth.

2268 3019 2444 3082 ινιιι),
2475 3027 2635 3088 atque
2657 3033 2753 3088 per
2779 3034 2996 3074 crucem
3027 3017 3226 3075 Christi
3258 3028 3313 3072 et
3338 3019 3656 3090 sanguinem
3683 3018 3824 3086 ipsius

2267 3107 2557 3173 interdicit,
2600 3123 2667 3163 ne
2696 3107 2761 3164 de
2794 3108 2955 3163 rebus
2982 3106 3225 3163 ecclesire
3257 3107 3546 3163 Remensis
3580 3108 3678 3162 sibi
3712 3121 3825 3174 pra!-

2271 3207 2467 3263 snmal,
2513 3213 2687 3268 neque
2724 3214 2754 3252 a
2781 3213 3120 3268 quocunque,
3162 3197 3263 3252 nisi
3299 3198 3366 3251 ad
3394 3198 3640 3267 ipsarum
3669 3212 3823 3250 rerum

2269 3299 2456 3345 contra
2489 3305 2808 3361 pervaseres
2833 3290 3222 3352 defensionem,
3247 3289 3498 3358 prmsumi
3523 3289 3822 3344 consentiat.

2338 3380 2716 3452 Ergelramno,
2747 3379 2989 3445 Goslino,
3017 3389 3072 3435 et
3097 3378 3375 3433 Adalelmo
3394 3380 3684 3434 comitibus
3711 3379 3825 3432 seri.-

2269 3472 2346 3530 bit
2385 3472 2658 3543 (animus.
2690 3471 2801 3540 l8),
2833 3471 3053 3525 mittens
3089 3471 3168 3523 eis
3194 3484 3314 3524 cum
3342 3468 3542 3522 litteris
3567 3469 3680 3523 suis
3707 3467 3826 3521 litte-

2269 3580 2450 3620 rarum
2483 3556 2624 3633 regis
2657 3562 2954 3631 exemplar,
3004 3562 3058 3616 in
3102 3562 3300 3631 quibus
3338 3561 3733 3622 continebatur,
3777 3567 3825 3611 nt

2268 3654 2546 3727 episcopos
2573 3660 2897 3708 convocaret
2923 3659 2978 3706 et
3015 3650 3181 3704 laicos
3214 3649 3395 3705 fideles
3437 3650 3600 3718 regis,
3631 3647 3695 3702 ad
3720 3663 3824 3717 pro-

2270 3745 2560 3801 hibendum
2578 3744 2661 3800 vel
2690 3742 3048 3803 resistendum
3071 3741 3434 3797 Karlomanno
3461 3742 3688 3796 diacono
3705 3737 3824 3806 regis

2270 3835 2400 3900 lilio,
2434 3835 2523 3905 qui
2553 3835 2919 3889 insurrexerat
2952 3840 3139 3888 contra
3182 3840 3390 3900 patrem
3435 3846 3614 3893 suum,
3647 3829 3695 3882 in
3724 3826 3825 3896 qui-

2270 3928 2371 3982 bus
2410 3926 2626 3990 litteris,
2667 3939 2916 3996 qnzerens
2962 3922 3089 3994 quid
3140 3922 3220 3977 eis
3269 3936 3429 3991 super
3475 3921 3577 3974 hoc
3611 3917 3746 3987 regis
3767 3915 3823 3968 sit

2270 4016 2476 4088 agendo
2525 4024 2815 4088 praecepto,
2866 4015 3110 4086 designat
3140 4028 3244 4069 non
3276 4027 3397 4067 esse
3425 4010 3821 4065 Karlomanntnn

2272 4126 2384 4166 sua:
2413 4109 2729 4179 provinciaz,
2760 4118 2945 4178 utpote
2967 4107 3059 4178 qui
3086 4107 3157 4163 sit
3190 4108 3470 4161 ordinatus
3499 4105 3569 4159 ab
3598 4102 3824 4169 llildega-

2272 4200 2354 4254 rio
2407 4198 2659 4253 Meldcnsi
2702 4199 2975 4268 episc0po,
3019 4207 3072 4252 et
3130 4196 3422 4252 secundum
3469 4207 3701 4248 canones
3734 4205 3820 4244 non

2270 4290 2444 4359 possit
2470 4288 2672 4359 aliquid
2719 4289 3001 4357 disponere
3030 4287 3098 4340 de
3134 4285 3242 4340 illo.
3274 4284 3598 4357 Espiscopns
3634 4293 3822 4352 quoque

2273 4383 2342 4437 de
2370 4382 2475 4439 alia
2495 4381 2771 4452 provincia
2796 4379 3123 4436 convocandi
3148 4387 3467 4449 potestatem
3493 4392 3598 4437 non
3628 4375 3820 4433 habeat,

2272 4474 2366 4529 sed
2410 4487 2583 4544 neque
2620 4470 2985 4542 sull‘raganeos
3021 4486 3132 4525 sua:
3179 4468 3321 4524 sedis
3358 4477 3486 4523 tunc
3516 4477 3719 4536 tempus
3745 4462 3821 4516 hac

2201 4544 2246 4601 θ
2273 4563 2467 4619 beatnr
2495 4561 2847 4625 convocandi,
2879 4575 2998 4615 cum
3024 4559 3138 4612 dies
3167 4559 3330 4613 instet
3358 4555 3558 4611 natalis
3598 4549 3820 4609 Domini;

2272 4664 2327 4708 et
2358 4656 2485 4713 licet
2530 4652 2765 4727 episcopi
2812 4652 3158 4715 conveniant,
3213 4659 3267 4704 et
3317 4647 3678 4702 Karlomanno
3717 4654 3825 4696 suas

2271 4746 2559 4816 parochias
2613 4743 2961 4807 iuterdicant,
2998 4756 3105 4797 non
3137 4741 3236 4795 sibi
3287 4739 3501 4801 videtur
3554 4745 3612 4790 nt
3654 4747 3744 4805 pro
3768 4744 3833 4782 eo.

2273 4843 2416 4911 quod
2442 4841 2606 4910 coepit
2629 4838 2887 4902 dimittat,
2925 4836 2970 4892 si
2995 4835 3097 4890 alia
3130 4842 3370 4906 potestas
3399 4831 3472 4885 illi
3495 4846 3597 4884 non
3627 4834 3816 4882 contra-

2272 4909 2436 4988 dicat.
2451 4909 2910 4987 Considerandum
2934 4941 3063 4981 vero
3093 4933 3272 4979 monet
3294 4920 3698 4980 rationabiliter,
3713 4909 3819 4985 qltiJ

2276 5024 2422 5076 iuxta
2454 5018 2765 5076 mandatum
2794 5016 2935 5076 regis
2960 5029 3121 5076 super
3154 5014 3253 5070 hac
3292 5027 3349 5066 re
3373 5004 3819 5076 sit'agcndummc
