3904 5396
89 363 177 423 ψ

645 354 989 415 1118Ῐοωᾶ
1029 356 1382 415 εεςιεειίε
1430 356 1770 416 ΒΕἋΕΝΞΙΒ
1810 360 1986 417 LIBRI
2028 358 2380 431 QUATUOR.
2420 362 2632 417 ——le.
2678 363 2753 417 Ili.

3211 368 3318 423 ili

91 472 253 528 melius
292 466 582 538 potuerint,
631 468 705 521 illi
746 467 1096 537 placabilem;
1143 470 1223 523 sin
1274 479 1453 524 autem
1485 468 1643 525 aliter
1672 478 1714 534 Α
1748 492 1842 542 per
1898 476 2135 530 ecclesia
2180 479 2497 530 advocatum
2546 493 2632 531 res
2691 478 2789 530 rite
2841 476 3155 543 ditiinintur,
3212 490 3317 535 etc.

84 580 112 619 ε
140 560 396 623 uidetur,
432 558 532 613 sibi
579 559 917 621 reinandent,
949 569 1001 611 et
1026 569 1244 612 cmtera.
1281 559 1411 612 item
1440 559 1641 611 elsttcm

83 670 167 715 pro
210 651 304 705 bac
376 650 500 717 ipsa
566 664 666 713 re,
720 651 1005 719 designans
1053 650 1249 704 bonum
1296 650 1397 703 sibi
1473 648 1637 701 videri

84 736 228 797 tuisse
271 742 587 805 consilium,
628 742 752 811 quia
798 756 903 794 non
950 742 1339 795 commoverim
1389 740 1639 810 populum

81 846 340 905 antequam
417 835 578 890 simul
656 836 1052 904 loquerentur,
1131 834 1534 888 considerantes
1597 832 1641 886 si

84 928 196 984 tluid
258 926 378 980 boni
457 935 678 995 possent
744 925 982 979 invenire
1050 939 1170 977 cum
1244 922 1638 987 Karlomanuo,

84 1018 283 1073 «redeas
333 1016 459 1086 quia
517 1032 671 1070 suum
736 1026 791 1069 et
846 1016 1088 1085 ipsorum
1140 1015 1333 1068 debeat
1385 1012 1644 1067 obaudire

79 1110 359 1175 consilium,
380 1118 488 1163 etc.
518 1108 648 1162 Item
675 1107 1061 1172 Karlomanun,
1094 1107 1334 1171 Goslino,
1358 1115 1412 1162 et
1441 1106 1646 1161 Conrao

84 1206 164 1265 de,
208 1215 300 1270 pro
350 1199 599 1269 jussione
635 1198 776 1269 regis
835 1214 941 1267 qua
991 1198 1365 1262 mandaverat,
1413 1204 1474 1250 ut
1530 1197 1644 1265 ipse

89 1291 254 1346 l'rtesul
287 1306 404 1345 cum
448 1291 667 1345 ueteris
715 1289 963 1343 ﬁdelibus
1013 1290 1154 1359 regis
1211 1288 1528 1344 conveniret
1577 1288 1643 1340 ad

89 1381 365 1436 mandatum
395 1395 551 1450 reges
579 1380 926 1444 audiendum,
957 1387 1010 1434 et
1037 1379 1402 1434 Karlomanno
1434 1378 1641 1432 denun-

89 1471 338 1535 tiandum,
386 1470 679 1540 designans
710 1470 801 1524 ubi
840 1478 894 1523 et
922 1486 1027 1539 qua
1060 1470 1144 1524 die
1170 1469 1253 1523 vel
1301 1470 1433 1523 hora
1486 1467 1647 1523 simul

94 1560 349 1615 cuttveuire
374 1559 632 1623 debeant,
658 1568 714 1614 et
739 1569 796 1613 ut
825 1559 1216 1614 Karlumannus
1264 1558 1542 1613 Goslinum
1591 1566 1645 1612 et

102 1649 359 1703 Conradum
389 1649 459 1704 ad
496 1649 643 1719 ipsos
673 1650 874 1713 mittat,
928 1649 1010 1703 vel
1064 1650 1178 1718 ipse
1226 1649 1644 1712 Karlomannus,

106 1742 135 1793 si
173 1740 412 1809 placuerit
470 1740 562 1806 ei,
610 1740 675 1793 ad
704 1739 920 1794 eosdem
948 1741 1151 1806 veniat,
1196 1749 1254 1795 ut
1307 1740 1642 1795 missaticum

1748 570 1877 623 item
1935 586 2032 637 pro
2088 572 2273 624 eadem
2332 585 2422 633 re,
2483 571 2775 624 exhortans
2823 580 2877 625 et
2910 581 3115 640 petens,
3171 576 3323 627 utdo

1748 662 1877 730 ipsis
1910 662 2066 716 rebus
2105 663 2365 731 majorem
2399 679 2579 716 claram
2630 665 2910 724 adhibeat,
2952 676 3056 719 etc.
3099 666 3321 719 Erluino

1746 756 1920 807 amico
1945 757 2106 809 etiam
2150 771 2266 819 suo,
2308 770 2405 825 pro
2450 755 2687 825 prmfatis
2728 758 2885 811 rebus
2929 768 2983 812 et
3012 758 3319 811 mansionili

1747 865 1855 916 quo
1912 864 2093 917 supra.
2164 849 2293 903 item
2333 849 2623 918 gratiarum
2658 847 2902 903 referens
2944 849 3183 903 actiones
3221 864 3319 917 pro

1746 940 1948 995 auxiiio
1985 943 2128 1011 quod
2174 940 2517 1010 impendebat
2558 942 2849 1009 pratiuissis
2892 940 3050 995 rebus
3081 949 3135 995 et
3166 956 3319 995 man-

1746 1033 1919 1103 cipiis,
1962 1048 2191 1102 prccans
2218 1042 2278 1086 ut
2305 1032 2446 1101 quod
2478 1033 2612 1085 bene
2664 1032 2824 1100 cmpit
2858 1031 3122 1100 perﬁciat,
3174 1040 3228 1085 et
3262 1041 3322 1084 ut

1747 1126 2072 1180 monasteria
2125 1138 2406 1179 servorqu
2460 1123 2554 1177 Dei
2588 1123 2759 1191 pice.n
2802 1124 2865 1177 de
2895 1122 3134 1191 przefatis
3163 1122 3323 1175 rebus

1749 1214 1947 1267 habere
1986 1212 2211 1282 possint,
2243 1212 2565 1282 adjutorium
2598 1212 2856 1280 priobeat,
2884 1221 2939 1265 et
2980 1219 3037 1263 ut
3070 1210 3317 1279 quaedam

1750 1319 1957 1365 mansa,
1997 1317 2115 1369 qum
2143 1301 2210 1356 ab
2244 1300 2359 1369 ipsa
2400 1309 2665 1369 potestate
2695 1300 2889 1367 injuste
2914 1298 3328 1360 auferebantur,

1744 1394 1886 1461 juste
1923 1401 2324 1455 revocarentur,
2363 1390 2613 1444 solatium
2645 1389 2895 1443 adhibeat
2934 1403 2951 1441 :
3004 1388 3225 1442 mittens
3276 1388 3327 1441 ei

1749 1483 1885 1535 dona
1915 1482 1965 1535 in
2001 1496 2133 1534 auro
2178 1488 2232 1534 ct
2263 1490 2509 1550 argento,
2542 1488 2596 1534 et
2620 1479 2946 1547 obsequium
2967 1478 3186 1549 dignum
3214 1484 3325 1529 tam

1749 1572 1980 1641 speciale
2014 1587 2176 1640 quam
2210 1570 2503 1640 temporale
2560 1570 2881 1639 promittens
2943 1567 3073 1623 Item
3123 1568 3334 1638 signiﬁ-

1750 1676 1877 1714 cans
1925 1661 2065 1730 quod
2113 1661 2417 1725 audierat,
2455 1674 2553 1728 pro
2599 1658 2801 1713 eisdem
2841 1656 3001 1712 rebus
3029 1665 3220 1726 petens
3274 1667 3334 1711 ut

1752 1751 1862 1821 regi
1904 1750 2183 1806 Ludovico
2226 1760 2496 1819 suggerat,
2541 1758 2807 1819 quatenus
2838 1763 2933 1816 pro
2955 1748 3329 1817 redemptione

103 1830 215 1900 regis
238 1828 385 1882 simul
415 1844 540 1883 eum
569 1828 698 1899 ipsis
720 1828 919 1893 audiat,
961 1838 1014 1883 et
1040 1829 1111 1883 ibi
1137 1830 1342 1899 pariter
1392 1828 1638 1884 conside-

1765 1842 1937 1895 iuima:
1979 1858 2089 1895 sum
2143 1858 2227 1895 res
2256 1857 2375 1911 qua:
2423 1842 2709 1895 abstracta:
2739 1849 2883 1906 sunt,
2919 1838 3162 1894 ecclesia
3219 1838 3323 1894 lte-

107 1930 270 1985 rarent,
294 1920 523 1989 qualiter
552 1920 599 1973 ei
630 1921 695 1973 ad
719 1919 1068 1974 salvationem
1112 1929 1166 1975 et
1202 1920 1460 1974 honorem
1487 1934 1640 1973 suum

105 2014 154 2067 de
175 2022 348 2067 caetero
365 2012 441 2067 sit
460 2014 753 2082 agendum.
801 2011 1081 2066 Harduiuo
1105 2013 1311 2076 comiti,
1344 2026 1441 2081 pro
1466 2012 1645 2065 causis

107 2105 387 2174 supradictis
445 2104 515 2158 de
566 2102 954 2170 Karlomanno,
1005 2105 1273 2174 quomodo
1321 2113 1449 2159 tunc
1479 2119 1646 2161 resse

108 2197 328 2260 haberet;
368 2205 419 2250 et
444 2196 574 2265 quia
600 2196 817 2251 obsides
844 2197 988 2251 inter
1023 2212 1081 2252 se
1111 2196 1389 2261 dederant,
1444 2205 1498 2251 et
1524 2212 1645 2252 eum

108 2288 419 2345 Earlomauuo
443 2288 612 2344 locuti
657 2286 901 2356 fuerant,
922 2290 1079 2358 eique
1102 2298 1406 2354 suaserant,
1438 2296 1501 2347 ut
1554 2306 1651 2359 pa-

1746 1934 1911 1987 mensi
1952 1935 2158 1989 restitui
2184 1932 2363 1997 faciat,
2394 1943 2446 1987 et
2472 1948 2564 1987 eas
2590 1933 2687 2000 ipsi
2718 1931 2937 1986 Ιίνιιιὶηο
2969 1932 3330 1989 commendet,

1748 2025 2026 2095 ipsumque
2085 2025 2303 2079 missum
2360 2024 2522 2079 faciat
2559 2023 2625 2077 ad
2675 2023 3048 2093 inquirendam
3106 2032 3160 2077 ct
3214 2036 3331 2090 per-

1747 2114 2009 2183 agendam
2054 2114 2121 2167 de
2180 2115 2340 2168 rebus
2382 2114 2509 2183 ipsis
2540 2113 2830 2185 justitiam,
2890 2114 3111 2168 mittens
3158 2110 3335 2166 eidem

1748 2207 1970 2260 Erluiuo
1999 2222 2211 2276 quoque
2239 2222 2489 2261 vasorum
2521 2217 2896 2276 argenteorum
2938 2220 3180 2259 munera.
3203 2203 3334 2258 Item

1750 2296 2059 2367 signiﬁcans
2112 2296 2256 2366 quod
2302 2298 2547 2351 audierat
2588 2298 2875 2367 quemdam
2915 2295 3249 2350 Lantfridum
3279 2310 3336 2347 se

107 2382 227 2434 είίίεε
249 2380 295 2434 in
325 2380 423 2436 hoc
454 2396 631 2450 regno
656 2381 894 2452 deseret.
947 2396 1009 2436 ac
1035 2380 1287 2440 veniente
1344 2388 1495 2450 patre
1522 2397 1648 2436 cum
1744 2386 2061 2457 jactantem,
2097 2387 2219 2455 quia
2251 2388 2638 2456 impetraverat
2666 2406 2752 2444 res
2776 2389 3027 2459 praefatas
3057 2388 3194 2456 apud
3231 2388 3333 2440 im-

111 2470 211 2539 ipsis
255 2472 298 2525 ei
343 2471 561 2526 obviam
615 2481 884 2543 pergeret.
936 2472 1040 2530 Sed
1080 2473 1205 2541 quia
1259 2487 1442 2545 regem
1488 2473 1650 2528 citius

111 2579 236 2634 quam
281 2566 599 2633 sperabatur
647 2566 894 2620 audierat
940 2565 1196 2621 advenire
1228 2608 1251 2634 ι
1319 2565 1446 2636 quid
1510 2565 1650 2621 idem

114 2654 463 2714 Karlotnanuus
510 2669 636 2719 tunc
667 2657 909 2715 facturus
936 2669 1080 2715 esset
1108 2673 1167 2715 se
1190 2659 1400 2715 nescire
1430 2658 1649 2713 fatetur.

116 2744 255 2800 llonet
284 2758 454 2803 tamen
517 2759 573 2803 ut
618 2758 951 2819 prreparatus
976 2749 1046 2803 sit
1071 2750 1161 2805 hic
1189 2764 1374 2806 eomes
1405 2750 1473 2805 ad
1502 2765 1652 2805 man-

118 2838 213 2897 data
238 2843 385 2912 regis,
407 2844 450 2898 si
484 2859 594 2911 qua
619 2843 867 2912 jusserit,
892 2842 1253 2911 exsequenda.

171 2931 277 2985 ltcau
320 2949 415 3002 pro
470 2934 801 3004 quibusdam
849 2934 1291 2991 malefactoribus
1344 2935 1657 2991 hominibus

119 3020 350 3089 cujusdam
376 3024 626 3096 Wiperti,
656 3024 745 3095 qui
782 3025 1016 3095 rapinas,
1047 3026 1318 3094 incendia,
1353 3036 1409 3083 et
1436 3029 1660 3086 homici-

122 3114 205 3177 dia.
244 3125 293 3169 et
339 3117 437 3170 alia
482 3118 623 3171 mala
663 3117 952 3183 faciebant,
998 3134 1351 3177 commoneas
1410 3123 1657 3180 eumdem

124 3203 429 3273 liarduinum,
462 3218 521 3263 ut
550 3225 675 3263 cum
704 3207 877 3265 fratre
903 3225 1000 3266 suo
1045 3211 1355 3268 Iladeboldo
1400 3212 1656 3279 decertet,
1689 3189 1734 3251 (ἶ
1767 3228 1928 3268 causa
1994 3227 2213 3268 suorum
2282 3212 2571 3278 hominum.

121 3309 344 3366 quatenus
365 3302 478 3358 haec
523 3302 664 3357 mala
693 3302 904 3376 legibus
937 3307 1313 3372 emendentur,
1348 3316 1400 3361 et
1427 3318 1659 3373 cessent,

128 3406 176 3444 ne
198 3391 298 3459 ipsi,
326 3394 412 3463 qui
436 3394 587 3449 missi
621 3395 760 3466 regis
786 3404 944 3449 erant
972 3397 1023 3450 in
1051 3397 1152 3451 hoc
1182 3412 1370 3468 regno.
1416 3413 1515 3468 pro
1539 3398 1661 3460 tali-

128 3480 203 3535 bus
245 3482 487 3539 otfensant
543 3485 685 3540 illius
737 3485 1059 3550 incurrant;
1110 3488 1253 3556 quod
1285 3489 1396 3557 ipse
1446 3504 1667 3560 quoque

126 3583 317 3627 certaret
332 3591 506 3646 agere,
539 3575 642 3630 nisi
667 3576 933 3645 corporali
962 3576 1299 3643 detineretur
1327 3579 1661 3637 inﬁrmitate.

130 3661 309 3733 Insuper
336 3676 528 3723 etcum
560 3667 754 3723 Gaulfo
785 3668 845 3741 [ἰ.
881 3668 1170 3744 Grimuifo]
1202 3674 1340 3744 regis
1389 3672 1527 3733 ﬁdeli
1588 3671 1667 3725 lo—

132 3767 307 3821 quatur,
330 3760 414 3826 qui
442 3760 546 3813 bos
579 3759 971 3819 malefactores,
996 3764 1238 3837 recipere
1264 3761 1563 3827 ferebatur,
1614 3769 1669 3816 et

133 3846 394 3901 ostenderet
448 3848 525 3903 illi
576 3858 840 3918 quantum
892 3853 1189 3922 periculum
1243 3867 1398 3907 suum
1454 3853 1507 3906 in
1577 3866 1671 3913 eos

133 3934 392 4003 recipiendo
432 3937 658 4003 faceret,
687 3940 985 4006 admonens
1021 3953 1079 4001 ut
1109 3959 1138 3997 a
1190 3942 1388 3997 talibus
1417 3942 1671 4012 deinceps

131 4040 179 4077 se
201 4029 489 4087 custodiret.
534 4029 667 4087 item
705 4033 771 4097 de
803 4033 1115 4103 bisquibus
1161 4032 1565 4104 signiﬁcaverat
1614 4047 1673 4087 se

137 4132 399 4177 accusatum
423 4125 565 4195 apud
598 4138 801 4193 regem,
854 4132 909 4177 et
943 4125 1067 4194 quia
1103 4138 1207 4177 non
1240 4122 1301 4195 [i,
1337 4123 1485 4176 omit.
1516 4121 1672 4194 non.]

138 4224 347 4278 expresse
368 4215 568 4271 litteris
586 4216 834 4282 eamdem
867 4215 1218 4268 intimaverat
1248 4212 1672 4279 accusationem,

142 4303 318 4358 mandat
360 4314 414 4361 ut
462 4308 541 4371 ad
575 4322 634 4365 se
690 4307 912 4360 missum
975 4304 1317 4375 fidelemﬂet,
1354 4304 1671 4367 rationalem

140 4384 312 4457 dirigat,
358 4410 450 4463 per
476 4412 640 4465 quem
699 4396 775 4450 rei
821 4396 1103 4448 veritatem
1159 4394 1475 4465 diligentius
1507 4410 1673 4465 agno-

141 4494 260 4536 scere
284 4487 461 4554 possit,
505 4472 562 4542 et
608 4488 655 4541 ei
688 4502 871 4541 verum
914 4486 1198 4540 consilium
1232 4486 1385 4549 dare,
1416 4494 1470 4539 et
1501 4486 1672 4556 ipsum

143 4567 236 4625 inde
256 4574 301 4628 in
323 4577 476 4632 rebus
515 4594 613 4648 pro
636 4578 839 4631 \‘it'ibtts
867 4578 1122 4646 adjuvare
1158 4575 1672 4647 MaiitgaiidoliJla-

146 4662 606 4741 Itigaudojcuidam
629 4670 803 4724 amico
824 4686 953 4735 suo,
983 4685 1079 4739 pro
1107 4670 1268 4727 rebus
1288 4670 1461 4729 sancti
1494 4668 1674 4730 Betui-

147 4754 201 4819 εῖὶ
236 4756 505 4833 in.\’osago
532 4762 960 4831 conjacentibus,
991 4762 1055 4815 de
1084 4762 1277 4831 quibus
1303 4761 1522 4832 quidam
1574 4762 1670 4817 bo-

148 4845 283 4903 mines
317 4855 576 4920 quoddam
614 4852 937 4907 mansionile
965 4853 1303 4907 conabantur
1329 4851 1564 4918 auferre.

202 4935 328 4996 Unde
360 4942 467 5013 jam
500 4945 647 4999 missi
680 4944 821 5014 regis
869 4942 1563 5012 Ludoviciurequisierant,
1623 4952 1676 4997 et

153 5023 417 5099 inteaerant
439 5035 580 5104 quod
616 5034 900 5093 Remensis
928 5034 1154 5095 ecclesia
1191 5036 1341 5106 juste
1374 5035 1499 5101 illud
1531 5043 1677 5091 tene-

156 5124 223 5158 l'ﬂl,
258 5130 300 5158 nt
353 5125 589 5158 munit-el
601 5144 628 5158 ιι

638 5143 686 5158 111
733 5141 856 5158 ιιι-ρο
922 5127 1043 5158 ηηῖη
1100 5126 1236 5158 :uurnn
1278 5127 1408 5158 Pinna
1463 5128 1671 5158 :llul‘lll\l

1752 2492 2054 2550 peratorcm
2075 2480 2345 2545 Karolum,
2390 2490 2446 2534 ut
2479 2482 2703 2535 haberet
2739 2483 2900 2551 ipsas,
2928 2480 3123 2534 eodem
3139 2480 3337 2532 domno

1756 2572 2045 2627 llincmaro
2067 2572 2442 2627 consentiente
2473 2572 2524 2625 in
2553 2571 2903 2636 beneficium;
2933 2570 3193 2640 quod-per
3220 2584 3349 2622 oui-..

1757 2665 1845 2716 nia
1878 2662 2007 2716 dicit
2036 2678 2158 2718 esse
2210 2663 2570 2727 mendacium,
2608 2677 2705 2717 nec
2740 2663 2986 2716 obtinere
3017 2676 3173 2730 posse
3198 2661 3337 2729 apud

1756 2768 1814 2808 se
1832 2767 2020 2808 omnes
2036 2768 2187 2822 reges
2206 2753 2296 2822 qui
2314 2754 2412 2807 sub
2436 2752 2584 2814 caelo,
2599 2760 2744 2815 sunt,
2763 2750 2966 2805 ut.illas
2990 2766 3076 2804 res
3101 2764 3335 2817 unquam

1759 2847 1826 2901 ab
1882 2846 2060 2916 aliquo
2094 2845 2260 2899 teneri
2321 2843 2656 2907 consentiat,
2697 2851 2916 2911 propter
2967 2840 3336 2910 allegatioues,

1761 2956 1895 3013 quas
1947 2949 2164 2996 sanctus
2219 2937 2498 3010 Remigius
2548 2937 2624 2998 in,
2657 2945 2982 2997 testamento
3017 2950 3114 2991 suo
3158 2935 3334 3004 diSpo.

1763 3032 1889 3088 suit.

1837 3122 2091 3179 OJalrieo
2154 3121 2345 3177 illustri
2418 3120 2600 3175 comiti
2666 3128 2721 3176 et
2781 3119 2957 3173 amico
3032 3134 3126 3173 suo
3163 3158 3175 3181 ,
3244 3132 3346 3185 pro

2679 3226 2907 3281 quorum
2974 3225 3059 3264 res
3119 3208 3351 3262 Ludovi-

1764 3320 1991 3367 cus-rex
2015 3304 2721 3360 Transrhenensisdomnus
2749 3301 2907 3371 bujns
2934 3300 3168 3356 Odalrici
3201 3298 3340 3352 nialo

1768 3397 2054 3461 tractabat,
2106 3393 2298 3463 injuste
2362 3410 2527 3465 agens
2564 3405 2748 3451 contra
2812 3394 3006 3464 ipsos:
3062 3397 3350 3458 monetque

1767 3500 1827 3546 ut
1868 3492 1991 3552 inde
2030 3489 2288 3559 judicium
2328 3489 2419 3543 Dei
2454 3503 2638 3559 regum
2673 3486 2815 3559 regis
2848 3488 3058 3549 timeat,
3102 3492 3156 3539 et
3206 3484 3379 3552 quod

1772 3583 1967 3650 injuste
2014 3583 2122 3651 egit
2154 3582 2442 3637 emendare
2483 3588 2754 3650 procuret.
2814 3576 2878 3631 Et
2918 3576 3061 3646 quod
3109 3574 3356 3628 audierat

1774 3674 2039 3737 idemrex
2062 3671 2318 3731 suasisse
2343 3669 2600 3727 domuum
2628 3668 2977 3722 Hincmarum
3002 3665 3112 3735 regi
3146 3680 3261 3728 suo,
3297 3674 3354 3715 ut

1771 3765 2130 3835 proprietates
2157 3760 2416 3824 auferret,
2439 3774 2575 3828 quas
2601 3757 2784 3831 ﬁdeles
2806 3755 3062 3810 Ludovici
3102 3755 3154 3808 in
3187 3769 3356 3822 regno

1774 3854 1944 3924 ipsius
1971 3852 2335 3923 possidebant,
2371 3861 2425 3905 et
2453 3851 2573 3905 ideo
2607 3849 2895 3904 abstulisse
2925 3849 2992 3903 ab
3032 3846 3193 3915 hujus
3225 3846 3356 3901 ﬁde.

1774 3944 1913 3999 libus
1940 3939 2567 4010 proprietatesipsorum,
2592 3937 2728 3997 dicit.
2760 3952 2865 3994 non
2903 3935 3150 3993 decuisse
3176 3950 3355 4003 regem

1775 4034 1841 4088 de
1895 4029 2162 4095 catholico
2206 4036 2261 4083 et
2311 4027 2461 4093 ﬁdeli,
2503 4042 2601 4081 suo
2633 4025 2885 4095 episcopo
2930 4023 3057 4085 talia
3111 4024 3353 4084 credere,

1776 4134 2068 4194 antequam
2100 4121 2382 4186 veritatem
2426 4118 2549 4180 inde
2580 4127 2953 4189 cognosceret,
2992 4124 3047 4169 et
3068 4114 3191 4184 quia
3233 4130 3331 4169 con

1778 4216 2081 4281 tradixerit
2115 4213 2277 4276 etiam
2334 4209 2656 4275 consiliariis
2716 4208 2879 4280 regis,
2948 4207 3039 4276 qui
3089 4206 3356 4268 seniorem

1778 4321 1933 4363 suum
1985 4304 2037 4359 id
2086 4304 2286 4361 hortati
2344 4311 2471 4356 sunt
2500 4314 2679 4371 agere.
2723 4298 3079 4367 Ostenditque
3126 4296 3361 4367 qualiter

1779 4398 2171 4454 Karlomannus
2202 4410 2295 4450 rex
2329 4393 2495 4448 frater
2533 4391 2715 4448 Karoli
2753 4390 3168 4463 magni,villam
3200 4388 3363 4442 Novi-

1783 4492 1976 4545 liaeum
2010 4497 2198 4544 sancto
2222 4487 2462 4557 Remigio
2504 4484 2821 4547 tradiderat,
2863 4492 2915 4541 et
2943 4481 3172 4549 qualiter
3209 4480 3364 4533 dein-

1781 4596 1909 4652 ecps
1936 4595 2104 4649 usque
2130 4577 2196 4632 ad
2228 4578 2278 4631 id
2326 4576 2583 4646 temporis
2607 4576 2808 4636 eadem
2832 4574 2957 4641 villa
2983 4581 3211 4626 tractata
3246 4568 3356 4622 fuec

1783 4674 1850 4726 rit
1877 4690 1892 4737 ;
1923 4680 1977 4725 et
1997 4671 2123 4740 quia
2150 4669 2216 4723 de
2255 4667 2474 4731 honoris
2495 4674 2552 4727 et
2566 4666 2773 4728 animo:
2798 4663 3035 4734 periculo
3059 4661 3106 4717 ei
3130 4676 3215 4716 res
3238 4675 3364 4728 age-

1784 4764 1959 4825 batur,
2013 4761 2058 4814 si
2100 4758 2343 4824 fraudem
2402 4771 2584 4818 rerum
2642 4754 2883 4809 ecclesiae
2907 4754 3006 4807 sibi
3059 4750 3363 4805 commissa:

1784 4850 2135 4916 eunseiitiret,
2158 4857 2220 4917 et
2245 4844 2542 4917 periculum
2571 4844 2801 4899 senioris
2823 4843 2903 4898 sui
2946 4841 3085 4912 regis
3117 4840 3189 4895 illi
3215 4836 3358 4893 cela-

1787 4950 1889 5005 ret,
1915 4938 2003 5008 qui
2029 4953 2127 5001 nec
2146 4936 2321 4994 .etiam
2355 4950 2451 5005 pro
2487 4942 2601 4989 toto
2632 4933 2831 4987 mundo
2873 4948 3027 4987 sumu
3058 4931 3283 5003 gradum
3308 4939 3366 4989 ct

1782 5044 1932 5087 suam
1955 5030 2190 5082 animam
2213 5028 2440 5097 perdere
2468 5026 2647 5091 vellet,
2676 5032 2730 5078 et
2766 5033 2978 5079 cretera.

1853 5123 1981 5158 llr-nl
2013 5122 2211 5158 nihili-sc
2235 5136 2395 5158 «anne
2424 5120 2489 5158 (in
2532 5123 2615 5158 hic
2641 5135 2761 5158 (III'D
2785 5135 2881 5158 nrn
2915 5118 3169 5158 nnlilinnn
3200 5113 3369 5158 ἰιιςίιις
