3904 5396
491 317 616 400 ψ.

1553 331 1944 392 Η.ΟΙ)οᾹῐζΒι
1981 327 2298 388 CANONZCI
2342 333 2681 394 R‘EMENSIS

3697 311 3800 395 ea

495 448 810 518 requiescit,
840 460 1066 502 monens
1096 455 1150 502 ut
1173 447 1496 517 quantocius
1525 449 1792 504 ministris
1827 449 2084 504 ecclesia-
2117 453 2158 508 Α
2191 450 2342 516 tiam,
2365 457 2418 505 et
2457 467 2520 506 ea
2547 465 2667 522 qua:
2710 449 3102 506 rationabiliter
3135 445 3482 522 postulaverit
3513 447 3798 516 obtinere,

496 541 649 608 stieis
671 537 924 592 clericum
951 553 1026 592 sa;
1049 553 1108 592 ro
1135 537 1437 592 ministerio
1463 549 1644 607 aptum
1675 539 1949 604 ostendat,
1989 538 2080 609 qni

496 628 675 702 valeat
699 627 771 680 ibi
801 627 1066 690 ordinari,
1097 628 1280 682 sciens
1303 643 1400 696 pro
1429 638 1598 690 certo,
1637 629 1763 700 quia
1788 638 1910 698 post
1931 631 2082 684 ordi-

497 719 798 784 nationem,
835 733 956 787 quze
985 719 1103 774 fieri
1143 721 1445 775 debebatin
1484 723 1754 790 proximo,
1801 724 1973 794 ipsqu
2007 724 2084 778 lo-

502 826 626 876 cum
655 809 772 864 sine
816 810 1140 880 presbytero
1169 826 1273 864 nou
1311 811 1634 876 dimitteret,
1663 812 1790 882 quia
1835 829 1936 868 nec
1962 829 2084 868 cum

499 901 860 966 merccnario,
892 917 990 956 nec
1021 902 1139 956 sine
1170 911 1383 972 pastore
1421 905 1644 974 proprio
1671 905 1818 973 ipsos
1845 905 2090 958 homines

485 1035 494 1044 .
524 993 734 1068 udebat
755 993 1060 1056 dimittere;
1089 1002 1142 1048 et
1173 994 1215 1048 si
1237 995 1347 1063 ipse
1372 1009 1476 1048 non
1503 995 1916 1065 praesentaverit
1943 1010 2090 1060 eum,

489 1086 583 1158 igni
650 1087 847 1158 dignus
890 1086 1064 1157 possit
1106 1087 1334 1142 inveniri
1362 1128 1376 1152 ,
1435 1087 1525 1144 ille
1553 1088 1906 1144 ordinaturus
1949 1097 2094 1144 esset

489 1174 716 1244 qualem
747 1176 1024 1232 meliorem
1053 1177 1314 1247 potuisset
1341 1177 1619 1244 invenire;
1661 1179 1816 1244 item,
1838 1193 1938 1248 pro
1963 1178 2092 1232 Hai—

495 1281 658 1342 mone
695 1268 836 1324 fideli
859 1284 980 1334 suo,
1005 1285 1164 1339 quem
1193 1271 1330 1326 idem
1356 1285 1538 1326 comes
1557 1270 1621 1324 ad
1651 1271 1908 1340 placitura
1937 1287 2094 1326 suum

499 1377 596 1424 per
637 1363 874 1426 banuum
921 1364 1104 1418 vocari
1149 1362 1408 1430 iusserat,
1459 1365 1550 1433 qui
1593 1379 1718 1434 rege
1760 1364 1984 1434 iubente
2043 1367 2096 1418 in

509 1455 680 1522 ipsius
727 1454 1007 1510 servitium
1049 1453 1326 1524 profectus
1365 1463 1502 1508 erat.
1547 1455 1740 1509 liosoui
1775 1455 1966 1509 illustri
2008 1471 2100 1511 eoo

509 1535 650 1610 miti,
693 1546 760 1599 de
807 1545 1010 1616 agenda
1063 1545 1328 1602 electione
1371 1545 1450 1600 Sil
1487 1545 1793 1602 anectensis
1841 1547 2096 1617 episcopi,

507 1636 794 1692 ostendens
825 1638 968 1705 quod
1001 1652 1105 1692 non
1135 1637 1216 1692 sui
1246 1636 1529 1692 ministerii
1559 1653 1938 1709 quamcunque
1976 1655 2099 1710 spe-

510 1724 700 1788 cialem
731 1725 1012 1796 designare
1042 1743 1349 1796 personam,
1390 1737 1530 1794 etc.;
1577 1729 1730 1794 item,
1761 1727 1956 1784 Bosoni
1987 1731 2104 1786 viro

2189 549 2244 594 et
2274 540 2380 594 alia
2407 542 2650 610 quaedam
2666 541 2854 598 scribit
2877 543 3038 596 etiam
3061 541 3233 597 cidem
3263 539 3674 614 llugmtletiam
3693 540 3800 594 lilio

2186 631 2430 686 Lo-tbarii
2455 631 2619 702 regis,
2653 631 2964 703 significans
2993 647 3050 687 se
3078 633 3280 688 amicos
3308 643 3360 686 et
3377 629 3696 685 familiares
3717 629 3802 683 lia‘

2188 723 2372 780 buisse
2394 737 2602 794 patrem
2619 733 2671 778 et
2687 737 2842 778 avum
2859 723 3028 794 ipsius
3045 723 3356 778 Letharinm
3371 719 3800 792 imperatorem,

2190 823 2244 870 et
2273 817 2396 884 quia
2425 815 2655 870 salutem
2683 815 2850 884 ipsius
2878 815 3118 885 optabat,
3143 815 3343 870 idcirco
3360 813 3508 884 quod
3547 813 3800 868 audierat

2195 909 2261 962 de
2289 907 2528 978 periculo
2557 907 2694 977 ejus,
2718 923 2880 962 causa
2912 907 3214 963 dilectionis
3245 909 3292 963 ei
3317 917 3506 962 notum
3539 907 3801 968 faciebat.

2193 1001 2392 1055 multos
2422 1000 2628 1055 scilicet
2667 999 2947 1069 przedones
2989 1001 3328 1070 conspirasse
3369 983 3425 1054 et
3475 999 3801 1068 conspirare

2195 1107 2402 1157 secum,
2433 1093 2656 1161 ipsoque
2684 1091 2924 1161 principe
2944 1099 3107 1159 atque
3133 1085 3352 1144 auctore
3401 1089 3736 1144 innumeras
3755 1096 3805 1142 et

2197 1182 2504 1238 horrendas
2535 1181 2652 1236 fieri
2677 1181 3125 1250 deprzedationes,
3152 1179 3363 1249 aliaque
3391 1179 3570 1234 multa
3595 1178 3770 1234 sceler

2198 1273 2523 1344 perpetrari,
2555 1285 2673 1342 qua:
2696 1271 2876 1327 omnia
2909 1271 2960 1326 in
2990 1279 3149 1342 caput
3181 1272 3350 1340 ipsius
3399 1271 3800 1336 redundarent,

2201 1363 2495 1438 ostendens
2521 1375 2681 1433 quam
2722 1362 3048 1416 horrendum
3081 1363 3148 1416 sit
3179 1375 3276 1430 pro
3310 1361 3476 1414 tantis
3501 1357 3804 1413 societ-ibus

2203 1463 2491 1525 perpetuas
2537 1469 2725 1523 pinnas
2757 1455 2977 1519 mereri,
3023 1455 3404 1507 demonstrans
3445 1453 3574 1506 bare
3621 1449 3802 1504 eadem

2203 1547 2517 1618 pervenisse
2573 1548 2638 1600 ad
2693 1547 2956 1617 synodum
3015 1535 3388 1616 episcoporum
3443 1543 3500 1597 in
3555 1533 3800 1598 Neustria

2206 1653 2408 1716 gestam
2465 1641 2620 1712 (Syn'.
2667 1641 2978 1714 in‘Nuslria
3025 1657 3112 1694 an.
3163 1639 3308 1707 877).
3363 1639 3604 1710 Insuper
3652 1637 3802 1692 etiam

2207 1733 2349 1804 quod
2381 1733 2530 1804 regni
2563 1731 2848 1788 moliretur
2881 1734 3282 1804 pervasionem,
3311 1733 3534 1802 sibique
3589 1721 3798 1784 manda

511 1816 734 1886 inclyta,
761 1818 1058 1894 gratiarum
1087 1819 1326 1874 referens
1348 1821 1590 1875 actiones
1621 1836 1718 1891 pro
1740 1823 1899 1876 rebus
1923 1822 2102 1877 eccle-
2140 1819 2182 1876 Β
2213 1836 2322 1878 ιιιιιι
2350 1825 2415 1880 de
2441 1813 2665 1893 praefato
2694 1833 2987 1888 conventu,
3014 1833 3071 1876 ιιι
3097 1824 3164 1877 ‘ad
3195 1841 3317 1878 cum
3351 1825 3606 1878 mitteret
3653 1831 3802 1890 atque

511 1909 610 1976 size
643 1909 927 1964 Remeusis
958 1912 1010 1963 in
1038 1911 1314 1979 provincia
1341 1912 1481 1977 sitis,
1517 1923 1651 1981 quas
1681 1923 1736 1965 ut
1779 1912 1878 1966 sibi
1901 1914 2103 1983 promi—

513 2010 681 2060 serat,
737 2001 1040 2066 ιιιειιίίιιιιι·,
1099 2016 1324 2056 monens
1373 2011 1432 2056 ut
1481 2018 1540 2056 sc
1593 2002 1752 2057 talem
1813 2012 2102 2073 praeparet,

517 2091 754 2161 qualiter
799 2092 1074 2146 orationes
1106 2093 1274 2161 ipsius
1303 2103 1358 2148 et
1399 2092 1644 2148 ecclesia’
1670 2093 1770 2147 sibi
1803 2094 2107 2148 commissa:

517 2183 594 2237 illi
621 2183 942 2253 proficiant;
973 2184 1132 2252 idque
1175 2185 1316 2253 quod
1359 2184 1424 2237 de
1469 2185 1584 2254 ipso
1623 2185 1982 2254 periculosum
2016 2201 2108 2240 au-

524 2275 718 2336 dierat,
753 2289 856 2330 non
910 2283 1114 2337 tacens,
1156 2275 1409 2330 videlicet
1455 2277 1596 2344 quod
1645 2292 1736 2331 res
1772 2277 2108 2332 diversarum

521 2367 874 2422 ecclesiarum
935 2367 1045 2422 suis
1107 2368 1418 2422 hominibus
1483 2369 1742 2429 dedisset.
1790 2371 1930 2424 unde
1979 2370 2112 2424 satis

528 2458 826 2516 timendum
851 2473 972 2512 esse
1003 2459 1306 2522 denuntiat,
1345 2475 1413 2514 ne
1441 2461 1716 2514 orationes
1751 2459 1986 2515 fidelium
2019 2461 2114 2514 Dei

518 2567 622 2622 pro
670 2551 788 2621 ipso
840 2551 1203 2620 impediantur
1244 2567 1274 2604 a
1324 2550 1654 2604 clamoribus
1706 2561 2016 2605 sanctorum
2063 2549 2118 2605 in

525 2643 681 2698 cmlis
731 2657 860 2697 cum
910 2642 1018 2695 Deo
1068 2641 1442 2712 regnantium,
1487 2651 1540 2695 et
1582 2651 1796 2696 cratera.

598 2737 872 2790 Coiranno
921 2735 982 2806 [i,
1012 2734 1306 2804 Coiraudo]
1335 2735 1538 2796 censiti,
1572 2745 1790 2805 propter
1831 2737 2120 2805 quemdam

527 2829 804 2892 hominem
823 2827 1010 2897 ipsius,
1035 2827 1124 2896 qui
1151 2828 1335 2896 gravia
1361 2828 1604 2896 qumdatn
1623 2827 1958 2880 commisisse
1985 2826 2124 2880 fere-

525 2922 686 2974 batur
715 2919 968 2982 crimina,
993 2920 1182 2986 etquia
1211 2935 1315 2973 non
1344 2921 1571 2984 audebat
1593 2935 1658 2974 ea
1685 2917 2124 2989 dontmmprzesul

527 3015 835 3069 indiscussa
877 3011 1169 3076 dimittere,
1195 3021 1448 3079 precatur
1477 3011 1617 3066 hunc
1643 3021 1862 3080 propter
1887 3011 2128 3064 dilectio-

530 3123 680 3172 nem,
698 3117 755 3161 ut
777 3121 906 3162 eum
925 3106 990 3160 ad
1007 3120 1064 3160 se
1081 3105 1263 3158 venire
1277 3101 1465 3171 jnbeat
1480 3104 1872 3158 discutietulum
1896 3104 1964 3158 ab
1985 3104 2118 3172 ipso,

2209 1927 2452 1970 moneret
2483 1913 2653 1986 (juxta
2679 1915 2821 1983 quod
2852 1915 2995 1984 leges
3020 1913 3362 1984 prmcipiunt)
3393 1930 3420 1967 a
3457 1913 3638 1984 tantis
3663 1911 3803 1966 malis

2209 2007 2550 2075 resipiscere,
2583 2005 2837 2076 ipsosque
2869 2005 3246 2061 malefactores
3286 2021 3314 2060 a
3367 2019 3425 2060 se
3471 2005 3798 2076 disjungere,

2212 2105 2270 2152 et
2311 2114 2338 2150 a
2368 2097 2631 2152 seditione
2681 2109 2746 2150 ae
2773 2097 2928 2166 regni
2953 2098 3276 2164 pervas?one
3322 2110 3381 2150 se
3431 2096 3722 2150 cohibere.
3753 2093 3802 2148 Si

2214 2183 2340 2245 vero
2369 2190 2535 2259 ipsius
2561 2188 3034 2243 commonitionem
3062 2197 3116 2242 et
3139 2187 3389 2241 mandata
3417 2185 3622 2258 synodi
3655 2187 3802 2239 eban-

2215 2284 2331 2338 dire
2363 2299 2466 2336 non
2499 2281 2680 2345 vellet,
2717 2291 2824 2335 tam
2881 2296 2990 2336 sua:
3019 2281 3338 2344 dimceseos,
3377 2295 3548 2350 quam
3577 2279 3644 2332 de
3679 2277 3799 2331 vici-

2217 2375 2302 2430 n'is
2361 2373 2657 2445 provinciis
2705 2373 3085 2443 episcoporum
3131 2373 3400 2442 synodum
3457 2379 3797 2428 convocaret,

2217 2475 2272 2520 et
2324 2463 2568 2538 synodali
2627 2463 3003 2532 episcoporum
3068 2462 3336 2516 sententia
3382 2473 3534 2522 eum,
3582 2471 3801 2524 suosque

2221 2555 2712 2626 complices-atq-ue
2742 2553 2980 2607 fautores
3013 2553 3169 2624 imm,
3201 2549 3460 2622 factores]
3493 2563 3798 2604 excommu-

2224 2647 2465 2707 nicarct-
2493 2647 2686 2704 Postea
2741 2663 2867 2702 vero
2920 2660 3110 2700 omnes
3156 2644 3208 2698 lii
3256 2643 3496 2712 episcopi
3570 2640 3795 2696 eanulem

2223 2741 2842 2799 excommuniratiouem
2897 2739 3140 2790 llomano
3167 2733 3434 2805 pontifici,
3479 2742 3536 2786 et
3568 2729 3798 2785 Omnibus

2226 2835 2492 2905 episcopis
2531 2847 2596 2904 ac
2633 2831 2974 2902 principibus
3021 2843 3120 2899 per
3165 2826 3611 2896 circumjacentia
3655 2837 3794 2893 regna

2229 2939 2409 2982 notam
2441 2923 2877 2981 facerenuUnde
2901 2931 3083 2977 monet
3115 2937 3235 2976 eum
3271 2931 3524 2990 tanquam
3559 2917 3800 2977 filium,ut

2231 3017 2494 3088 recogitet
2517 3015 2569 3069 in
2597 3025 2798 3086 quanto
2829 3013 3066 3090 periculo
3089 3013 3182 3076 sit,
3205 3025 3517 3084 proponens
3541 3009 3594 3064 ei
3613 3007 3796 3061 divina-

2233 3125 2350 3162 rum
2405 3107 2699 3162 sententias
2739 3105 3156 3168 auctoritatem,
3197 3112 3254 3156 ut
3307 3101 3608 3173 periculum
3661 3111 3796 3154 suum

533 3201 658 3271 quia
705 3201 750 3254 si
794 3216 897 3254 ιιοιι
941 3197 1130 3252 fecerit
1173 3197 1524 3266 distrittgetur
1549 3195 1765 3265 gravius
1791 3196 1859 3250 ab
1887 3195 1976 3250 illo
2013 3205 2119 3248 tam
2151 3171 2210 3235 cl
2231 3213 2616 3268 recognoscere
2639 3197 2827 3267 possit,
2863 3199 3196 3264 Itortausque
3220 3209 3284 3248 ac
3315 3207 3565 3256 monens,
3599 3197 3655 3243 ut
3684 3184 3795 3240 nulli

534 3296 602 3346 de
631 3287 932 3345 ministerio
960 3287 1270 3358 episcopali,
1308 3303 1470 3356 quam
1507 3286 1576 3342 de
1619 3286 1891 3340 missatico
1941 3287 2118 3355 regis;

533 3383 832 3442 isemberto
865 3379 1068 3434 illustri
1092 3379 1206 3432 viro
1229 3377 1404 3431 amico
1430 3391 1550 3440 suo,
1581 3391 1810 3446 precaris
1835 3391 1931 3445 pro
1954 3375 2120 3431 llinc-

507 3464 693 3530 'maro
723 3483 916 3544 nepote
965 3488 1088 3538 suo,
1129 3486 1290 3541 quem
1339 3471 1595 3526 miserum
1637 3469 1889 3540 appellat,
1943 3477 2126 3539 utpote

538 3570 630 3638 qui
661 3582 760 3638 pro
801 3565 1113 3622 excessibus
1142 3565 1256 3618 suis
1303 3571 1410 3618 tam
1442 3563 1625 3633 gravia
1678 3561 1996 3624 sustinebat,
2033 3577 2128 3630 pe—

539 3671 766 3730 tensquc
797 3670 854 3714 ut
877 3659 1023 3720 illum
1051 3659 1106 3712 in
1131 3657 1244 3712 suis
1267 3657 1680 3712 necessitatibus
1717 3655 1933 3725 adjuvet
1958 3672 1972 3721 ;
2003 3655 2129 3708 lini-

543 3751 706 3804 nullo
743 3749 948 3812 comiti,
1005 3763 1101 3818 pro
1157 3749 1318 3802 rebus
1373 3746 1656 3802 Bernensis
1699 3745 1963 3809 ecclesiae,
1995 3759 2132 3813 quas

545 3851 790 3910 receptas
814 3853 874 3896 se
901 3843 1098 3896 habere
1125 3839 1612 3909 significaverat,et
1635 3837 1702 3890 de
1725 3837 1972 3891 manibus
1999 3835 2130 3890 diri-

547 3936 812 4004 pientium
845 3943 1090 4006 ereptas:
1121 3932 1458 3987 Theoderico
1511 3929 1704 3985 illustri
1761 3927 1970 3991 comiti,
2001 3927 2128 3980 mil-

548 4040 666 4084 iens
715 4030 764 4083 ei
831 4027 1046 4082 notuiua
1077 4041 1308 4081 suorum.
1343 4026 1395 4078 in
1437 4023 1856 4093 expeditionem,
1885 4019 2132 4090 regisque

543 4121 822 4176 servitium
901 4118 1348 4189 properantium;
1427 4119 1577 4179 item,
1649 4129 1747 4183 pro
1821 4111 2134 4166 muneribus

557 4213 797 4281 argenti,
853 4211 994 4280 quod
1045 4209 1158 4277 regi
1198 4208 1428 4262 moranti
1487 4207 1552 4260 ad
1601 4206 1688 4259 Dei
1753 4203 2034 4258 servitium
2080 4202 2132 4254 in

551 4311 696 4355 terra
749 4315 846 4367 per
883 4311 1122 4368 paganos
1165 4295 1378 4350 deserta
1406 4294 1690 4358 mittebat;
1727 4292 1873 4354 item,
1905 4305 2003 4359 pro
2030 4289 2136 4343 sol—

549 4390 827 4446 licitudine
853 4403 1012 4458 quam
1047 4395 1289 4456 tempore
1314 4385 1566 4438 Ludovici
1600 4383 1742 4452 regis
1761 4396 1932 4451 nuper
1959 4379 2140 4434 defun-

557 4483 629 4536 cti
654 4487 966 4549 susceperat
999 4477 1138 4531 idem
1167 4474 1544 4529 Theodericus-
1565 4473 1630 4526 de
1657 4471 1778 4525 tiliis
1807 4470 1980 4540 ipsius
1996 4469 2136 4537 regis

555 4590 622 4629 ne
657 4573 885 4629 moleste
915 4571 1206 4640 acciperet,
1225 4569 1268 4623 si
1297 4582 1419 4622 eum
1457 4573 1826 4622 commonerct
1860 4579 2020 4618 causa
2059 4564 2138 4616 di-

553 4666 823 4728 lectionis,
865 4663 1079 4733 vigilem
1121 4675 1241 4716 esse
1287 4659 1485 4715 debere
1528 4658 1669 4728 apud
1719 4655 1855 4710 filios
1897 4653 2138 4723 ejusdem

553 4761 715 4832 regis,
753 4759 1046 4814 ostendens
1078 4757 1204 4826 quia
1236 4771 1340 4809 non
1395 4753 1569 4808 solum
1615 4750 1834 4822 grandis
1877 4763 2139 4817 praesum-

559 4857 690 4923 ptio,
719 4853 810 4908 sed
840 4852 1003 4906 etiam
1025 4864 1278 4922 magnum
1307 4845 1606 4917 periculum
1631 4844 1838 4908 est,uni
1863 4841 1960 4897 soli
1984 4855 2146 4912 gene-

559 4946 726 4998 ialom
759 4943 905 5013 regni
935 4941 1340 5010 dispositionem
1377 4947 1634 5000 tractare,
1655 4937 1774 4990 sine
1815 4933 2058 4990 consultu
2093 4941 2146 4985 et

2228 3289 2494 3344 adulatori
2539 3289 2726 3343 credat
2779 3289 2844 3342 ad
2899 3288 3274 3358 pervasiouem
3306 3285 3452 3354 regni
3493 3279 3796 3354 aggredien-

2229 3384 2376 3448 dam,
2411 3381 2652 3436 inferens
2701 3387 2766 3434 ut
2812 3379 3075 3441 attondat,
3131 3377 3257 3448 quid
3304 3374 3576 3446 profuerit
3617 3367 3798 3442 patruis

2229 3477 2366 3546 ejus,
2403 3483 2462 3529 ut
2498 3484 2685 3528 contra
2713 3471 2884 3540 legem
2923 3471 3034 3524 Dei.
3049 3469 3196 3540 regni
3224 3465 3604 3538 pervasiouem
3653 3461 3795 3516 inem—

2233 3567 2437 3638 perint,
2465 3574 2516 3619 et
2553 3563 2696 3633 quod
2739 3571 2897 3632 pater
2940 3562 3056 3632 ejus
3105 3575 3201 3630 pro
3247 3549 3452 3623 labere,
3483 3559 3796 3634 quoicontra

2235 3659 2328 3714 Dei
2369 3657 2699 3712 voluntatem
2735 3655 3106 3716 laboraverat,
3137 3661 3189 3706 et
3233 3651 3398 3705 vitam
3441 3645 3726 3718 perdiderit
3751 3647 3798 3693 et

2237 3765 2485 3822 regnum.
2549 3746 2824 3817 Adjiciens
2899 3745 3028 3816 quid
3096 3747 3240 3816 leges
3305 3745 3371 3798 de
3437 3736 3796 3812 pervaseribus

2233 3845 2386 3915 regni
2415 3841 2748 3914 praecipiant.
2771 3839 3111 3908 Subjungens
3142 3837 3326 3898 etiam,
3348 3835 3490 3903 quod
3524 3849 3618 3886 rex
3645 3827 3802 3884 eidem

2235 3934 2570 4006 promiserit,
2601 3941 2652 3987 et
2683 3947 2746 3987 ex
2789 3939 2941 4002 parte
2973 3929 3290 3988 ostenderit,
3325 3941 3448 3980 eum
3478 3941 3537 3979 se
3559 3921 3688 3975 velle
3713 3919 3790 3972 bo-

2240 4025 2462 4080 nor-ibus
2485 4022 2764 4093 ampliare,
2789 4031 2842 4075 et
2862 4022 3182 4075 honoratum
3209 4019 3406 4072 habere
3419 4015 3464 4070 si
3491 4015 3641 4084 culpa
3657 4008 3806 4079 ipsius»

2241 4133 2348 4172 nou
2401 4116 2582 4170 fuerit.
2629 4113 2938 4168 Admoncns
2978 4111 3164 4174 etiam,
3197 4119 3252 4162 ut
3287 4123 3391 4161 non
3437 4100 3794 4160 auseultetlio-

2243 4209 2445 4263 minum
2475 4220 2763 4276 pravorum
2814 4206 3154 4259 hortamenta
3188 4215 3362 4268 neque
3395 4198 3641 4252 imitetur
3669 4188 3796 4248 mali—

2243 4307 2490 4369 gnantes,
2525 4297 2615 4366 qui
2646 4295 2841 4350 florent
2873 4295 2938 4349 ad
2969 4277 3202 4364 tempus,
3239 4301 3293 4346 et
3316 4291 3422 4345 cito
3464 4291 3603 4344 sicut
3644 4283 3790 4338 fenum

2245 4399 2512 4452 arescent,
2541 4387 2634 4442 sed
2659 4385 2915 4441 obaudiat
2959 4383 3300 4455 Scripturam
3333 4389 3575 4434 sanetam
3601 4371 3792 4430 viridice

2247 4484 2515 4537 dicentem
2551 4499 2575 4534 :.
2599 4479 2860 4550 Exspecta
2893 4477 3195 4539 Dominum,
3228 4485 3274 4528 et
3309 4474 3516 4527 custodi
3557 4472 3680 4524 riam
3703 4462 3792 4532 ejus

2246 4573 2421 4644 (Paul.
2473 4571 2701 4640 xxxvi),
2758 4579 2864 4624 etc.
2931 4567 3284 4622 Subnecteus
3321 4575 3560 4634 quoque,
3621 4567 3673 4612 ut
3713 4550 3790 4644 silli

2201 4668 2311 4719 'de
2345 4663 2430 4720 bis
2483 4671 2684 4717 certam
2722 4669 2776 4716 et
2835 4673 3014 4712 veram
3067 4656 3472 4726 responsionem
3531 4643 3788 4716 remandel.

2247 4756 2553 4828 Eugiigario
2581 4753 2794 4808 cuidam
2825 4750 3014 4804 illustri
3035 4749 3241 4802 litteras
3264 4745 3464 4802 direxit
3493 4733 3787 4822 ltujusmodi:

2328 4907 2344 4938 ι
2381 4887 2692 4942 ηιΝειιιιιιυε
2721 4883 3003 4952 episcopus
3029 4895 3348 4936 ENGILGARIO
3375 4879 3632 4932 salutem-

3389 5019 3422 5032 ι-
3451 5026 3538 5032 --_.-
3571 5005 3794 5032 I)-l|‘p-II1-
