3904 5396
143 278 242 335 249

707 277 1052 337 IIIS'l‘ORItE
1091 277 1450 337 ΕΕΟΕΕΞΙᾹΞ
1486 274 1832 336 REMENSIS
1871 277 2052 335 LIBRI
2092 278 2451 366 QUA'I'L’OR.
2483 310 2551 321 —
2580 279 2708 336 LIB.
2751 271 2839 335 III.

3295 281 3402 338 150
3421 309 3426 314 -

145 402 497 462 perpetrares,
535 405 658 448 cum
687 401 868 448 autem
898 393 1061 448 alium
1091 392 1369 463 perjurare
1399 391 1549 451 facis.
1573 401 1630 448 et
1667 401 1718 446 te
1745 397 1793 454 Α
1823 389 2124 446 sentialiter
2155 392 2426 460 entendet,
2460 402 2514 448 et
2536 409 2563 446 a
2597 393 2794 448 talibus
2824 392 3136 450 levitatibus
3157 392 3236 448 vel
3258 409 3398 464 pra:-

142 495 191 558 et
230 484 374 539 illum
407 485 607 554 perdis.
655 485 722 538 Et
761 485 883 541 ideo
906 487 1250 551 mandamus,
1272 493 1334 539 ιιι
1370 485 1415 539 si
1441 487 1513 539 ita
1546 498 1712 540 causa

145 575 385 638 habetur,
410 575 551 628 sicut
572 574 641 630 ad
665 589 764 630 nos
789 575 1062 643 pervenit,
1087 576 1156 629 ab
1175 574 1404 630 ecclesia
1427 582 1482 628 et
1519 573 1714 628 altario

146 678 189 719 te
221 663 512 729 abstineas,
548 667 720 722 donec
756 667 823 720 ad
852 681 950 721 nos
985 667 1192 730 venias,
1216 676 1270 723 et
1295 667 1362 723 de
1401 665 1489 720 tali
1524 666 1714 722 incau-

145 753 235 808 tela
268 762 359 808 aut
398 756 616 826 dignam
660 758 1066 812 excusationem
1120 757 1310 823 ficias,
1355 766 1444 812 aut
1495 757 1712 828 dignam

142 845 500 913 penitentiam
529 847 782 916 accipias.
819 866 840 900 ι

205 933 532 990 Leudowino
570 937 746 991 amico
768 953 890 1003 suo,
919 953 1016 1008 pro
1039 939 1201 993 rebus
1221 946 1276 993 et
1303 938 1586 1008 mancipiis
1607 936 1714 992 lie-

144 1025 330 1084 mensis
354 1027 672 1082 ecclesiain
689 1027 971 1083 Provincia
1001 1029 1443 1093 consistentibus,
1464 1043 1604 1098 saepe
1627 1029 1716 1083 lit-

145 1125 270 1178 teras
297 1117 516 1172 direxit.
549 1119 681 1174 Item
708 1118 978 1175 Letuardo
1009 1129 1063 1175 et
1090 1121 1384 1175 llilduardo
1409 1121 1636 1191 aliisque
1659 1121 1712 1175 in

144 1211 310 1281 eodem
337 1224 479 1280 pago
507 1211 849 1281 degentibus,
881 1221 991 1266 tam
1020 1227 1120 1283 pro
1164 1212 1296 1282 ipsis
1337 1214 1530 1278 rebus,
1550 1228 1712 1283 quam

143 1316 228 1371 pro
251 1301 554 1358 animarum
579 1304 756 1360 salute
803 1305 1005 1375 scripta
1049 1305 1267 1360 direxit.
1331 1305 1584 1362 Acbadeo
1607 1322 1712 1372 ,εο-

146 1390 270 1457 miti,
300 1406 421 1461 pro
454 1392 658 1463 rapinis
711 1409 849 1464 quas
883 1395 1138 1450 audiebat
1165 1395 1232 1450 ab
1257 1396 1375 1465 ejus
1403 1396 1714 1451 hominibus

145 1481 322 1549 fieriin.
367 1482 540 1552 ipsius
573 1485 830 1538 comitatu
858 1524 873 1547 ,
934 1493 989 1538 et
1032 1499 1130 1553 pro
1163 1485 1284 1538 villa
1311 1485 1556 1556 Spantia,
1607 1500 1712 1554 qua

144 1570 218 1640 ille
249 1587 518 1628 annonam
546 1575 787 1630 ecclesize
810 1575 1103 1630 Remensis-
1122 1575 1337 1631 auferre
1355 1577 1671 1646 disponebat
1696 1594 1710 1630 ε

144 1662 407 1746 notiﬁcans
435 1665 510 1728 ei,
564 1665 706 1734 quod
758 1665 801 1719 si
841 1664 1044 1732 aliquid
1073 1665 1197 1719 inde
1221 1675 1455 1735 raperet,
1489 1675 1596 1719 tam
1628 1666 1712 1732 ip-

1816 481 2213 550 sumptionibus
2241 497 2300 535 se
2336 492 2543 546 caveat,
2581 483 2704 552 quia
2733 483 2775 538 si
2818 498 2922 537 non
2973 482 3189 556 fecerit,
3241 498 3398 538 suum

1815 571 1884 626 de
1913 588 1979 626 eo
2003 572 2366 626 ministerium
2399 572 2644 628 facturus
2673 575 2764 639 sit,
2788 582 2841 628 ct
2868 574 3081 628 czeteris
3110 573 3400 644 episcopis,

1815 675 1878 719 ut
1905 665 2046 721 idem
2074 664 2298 732 faciant,
2334 665 2656 720 notificabit.

2377 758 2602 814 CAPUT
2624 758 2835 814 XXVII.

2045 846 2178 914 Qua:
2205 848 2466 918 aliquibus
2495 850 2686 920 reginis
2715 849 2906 919 scripta
2942 849 3160 912 miserit.

1884 936 2202 1008 Irmingardi
2246 939 2501 1011 Augusta:
2545 941 2811 1006 scribens,
2862 939 3273 1010 congratulatur
3307 955 3404 995 au-

1817 1026 1934 1082 dito
1962 1028 2235 1098 religionis
2263 1030 2434 1098 ipsius
2450 1029 2682 1096 fervore,
2709 1044 2960 1084 asserens
2982 1044 3039 1084 se
3066 1029 3117 1082 in
3145 1029 3398 1098 precibus

1814 1119 2029 1174 assidua
2067 1135 2162 1189 pro
2192 1135 2254 1174 ea
2289 1121 2590 1190 dependere
2632 1120 2835 1174 munia.
2894 1118 3026 1174 Item
3064 1117 3398 1188 respondens

1815 1211 1882 1264 ad
1913 1210 2146 1272 litteras,
2175 1227 2312 1280 quas
2359 1212 2471 1280 ipsa
2515 1211 2616 1266 sibi
2668 1212 2979 1275 direxerat,
3031 1208 3404 1279 significantes

1815 1300 2097 1374 intimasse
2127 1301 2203 1355 illi
2230 1311 2494 1371 quOSdam
2538 1303 2808 1368 homines,
2865 1302 2994 1374 quia
3024 1314 3122 1371 per
3162 1298 3404 1368 ejusdem

1813 1393 2048 1462 episcopi
2109 1391 2406 1460 jussionem
2460 1393 2624 1448 multa
2661 1383 2816 1449 mala
2876 1397 3070 1450 tierent
3131 1409 3262 1467 erga
3317 1407 3414 1448 res

1814 1484 2088 1538 Avennaci
2125 1483 2380 1554 (Avenay)
2413 1484 2755 1548 monasterii,
2787 1485 2999 1540 Bertha:
3023 1487 3192 1557 ipsius
3229 1485 3404 1556 impc-

1817 1577 2032 1632 ratricis
2084 1577 2229 1639 filim,
2275 1591 2594 1632 asseverans
2623 1578 2764 1646 qttod
2798 1578 3050 1634 diabolus
3081 1593 3176 1648 per
3206 1592 3404 1633 eorum

1815 1667 1882 1720 sit
1929 1681 2025 1720 ora
2083 1666 2292 1721 locutus
2322 1666 2681 1725 mendacium.
2727 1666 2873 1721 velut
2921 1676 3005 1722 est
3046 1677 3199 1737 pater
3247 1680 3400 1720 men-

143 1769 244 1807 sum
273 1769 433 1824 quam
461 1770 590 1810 suos
616 1757 1131 1819 excommunicaret,
1165 1766 1215 1812 et
1247 1756 1455 1811 alienos
1477 1757 1546 1811 ab
1560 1757 1704 1811 omni
1739 1757 1786 1813 Β
1810 1759 1969 1814 dacii.
2005 1756 2061 1813 Si
2099 1759 2228 1828 quid
2253 1773 2379 1813 vero
2401 1758 2647 1812 homines
2675 1758 2843 1828 ipsius
2868 1757 3068 1826 injuste
3091 1757 3318 1813 fecerint
3350 1756 3404 1840 in

144 1841 531 1920 Christianitate
561 1845 781 1904 faceret.
813 1856 978 1914 atque
1015 1862 1112 1915 per
1143 1861 1298 1900 suum
1344 1846 1706 1911 missaticum,

144 1933 263 2002 quod
292 1933 355 1988 de
384 1934 478 1988 illo
530 1935 728 1990 comite
757 1935 870 1990 ﬁeri
899 1936 1076 2001 debet,
1115 1937 1204 2008 qui
1235 1937 1288 1991 in
1319 1951 1417 1991 suo
1448 1937 1706 1992 comitatu

143 2024 437 2091 injustitiam
466 2025 649 2090 faciat,
697 2030 915 2098 exsequi
942 2039 1279 2098 procuraret.

201 2117 506 2173 Amalberto
550 2119 745 2174 illustri
800 2122 1022 2187 comiti,
1082 2137 1180 2192 pro
1223 2123 1485 2193 injustitia
1543 2140 1707 2195 quam

144 2209 360 2288 auiierat
399 2225 527 2264 eum
571 2210 624 2265 in
671 2227 769 2267 suo
821 2222 1164 2283 perpetrasse
1183 2212 1409 2283 judicio.
1444 2215 1710 2288 exigendo

147 2315 219 2354 res
245 2299 519 2369 cujusdam
563 2301 832 2358 interfecti
867 2304 936 2358 ab
963 2319 1049 2370 eo,
1099 2306 1192 2375 qui
1225 2307 1527 2362 secundum
1551 2323 1704 2362 eum-

146 2393 520 2450 tuettdationem
554 2396 726 2463 ipsius
768 2412 861 2453 eas
903 2397 956 2453 in
988 2398 1129 2452 illius
1157 2399 1560 2469 eleemosyuam
1592 2399 1708 2454 dis-

146 2485 422 2550 tribuerat;
461 2488 886 2556 perhorrescens
911 2489 1053 2559 quod
1081 2490 1425 2546 Christianus
1453 2500 1508 2545 et
1538 2490 1706 2544 mori-

147 2584 278 2631 turus
317 2577 612 2635 admittere
663 2580 788 2634 talia
846 2597 952 2636 non
1013 2593 1326 2652 expaverat,
1369 2582 1565 2636 timens
1611 2581 1703 2637 Dei

146 2663 356 2721 futuram
383 2667 677 2740 judicium.
717 2670 785 2724 Et
805 2671 1042 2726 ostendit
1069 2687 1165 2742 per
1187 2673 1426 2726 divinam
1465 2672 1705 2726 auctori-

148 2767 307 2824 tatem,
359 2778 524 2832 quam
564 2779 730 2835 grave
763 2768 1157 2836 perpetraverit
1201 2767 1494 2839 ﬂagitium,
1541 2768 1710 2824 redu-

146 2863 258 2918 cens
288 2852 350 2906 ad
401 2855 602 2909 mentis
649 2855 854 2922 oculos,
883 2873 955 2924 ne
986 2857 1122 2912 forte
1171 2861 1562 2924 mercenarius,
1599 2875 1703 2914 non

148 2953 324 3010 pastor,
368 2947 688 3014 haberetur;
728 2951 1042 3020 injustitiam
1070 2953 1308 3008 videndo
1345 2962 1400 3007 et
1441 2953 1704 3020 tacendo;

148 3042 190 3091 et
209 3036 322 3104 quia
353 3037 554 3092 missus
583 3039 930 3109 imperatoris
969 3052 1108 3104 erat,
1153 3054 1209 3097 et
1256 3043 1489 3114 capitula
1533 3044 1703 3114 ipsius

1813 1853 1975 1908 rebus
2002 1852 2168 1921 ipsius
2209 1851 2546 1918 monasterii,
2595 1867 2700 1905 non
2724 1851 2919 1920 degat;
2964 1861 3144 1906 tamen
3186 1852 3312 1921 quia
3351 1861 3406 1906 et

1812 1941 2164 2014 ignoraverit,
2220 1949 2276 1996 et
2315 1955 2422 1994 non
2459 1940 2814 2005 consenserit,
2869 1956 2970 1995 nec
3003 1941 3233 1996 voluerit
3266 1941 3414 2014 indi-g

1810 2043 1917 2089 cat.
1951 2033 2027 2089 De
2061 2033 2298 2104 quodam
2329 2041 2591 2102 praeterea
2613 2047 2826 2098 manso,
2857 2033 3000 2102 quod
3024 2032 3113 2086 illa
3135 2031 3420 2101 significas

1816 2137 1967 2182 verat
1985 2126 2180 2196 injuste
2209 2126 2544 2181 abstractum
2575 2139 2604 2178 a
2632 2124 2856 2194 pra-fato
2883 2125 3234 2190 monasterio,
3258 2139 3420 2188 assc-_

1810 2223 1878 2276 rit
1910 2225 2054 2291 quod
2076 2221 2208 2276 nulli
2239 2218 2466 2283 homini,
2495 2227 2766 2288 quantum
2799 2217 2901 2272 sibi
2939 2217 3278 2273 conscientia
3321 2224 3404 2270 te-

1809 2313 2116 2366 stimonium
2145 2311 2486 2382 perhibebat,
2516 2311 2712 2380 injuste
2728 2325 2968 2379 unquam
2995 2325 3250 2364 mansum
3279 2310 3408 2364 abs-

1811 2403 2015 2468 tulerit,
2060 2402 2157 2458 sed
2218 2401 2358 2470 apud
2414 2417 2593 2472 regem
2630 2417 2728 2470 pro
2776 2416 2842 2456 eo
2881 2401 3120 2471 petierit,
3163 2409 3218 2454 et
3258 2399 3403 2464 obti-

1810 2492 2010 2556 nuerit,
2063 2498 2123 2545 ut
2151 2491 2344 2546 missos
2374 2505 2503 2546 suos
2526 2491 2804 2560 dirigeret,
2844 2492 2934 2560 qtti
2976 2490 3411 2561 diligentissime

1809 2584 1912 2638 hoc
1942 2583 2084 2636 inter
2121 2581 2350 2637 ecclesia
2398 2581 2691 2637 llemensis-
2722 2591 2778 2636 et
2811 2581 3086 2636 Avennaci
3121 2588 3412 2650 monaste-s

1809 2677 1873 2730 rii
1941 2676 2308 2747 possessiones
2345 2690 2498 2745 aequa
2541 2675 2694 2730 lance
2746 2675 3093 2745 indagantes,
3143 2675 3414 2741 decernes

1807 2776 1952 2823 rent.
2027 2766 2161 2821 Nam
2227 2768 2342 2837 ipse
2405 2767 2497 2838 qui
2566 2783 2661 2822 sua
2733 2784 2830 2837 pro
2897 2767 3114 2823 Christo
3181 2766 3403 2822 dimise-

1808 2868 1912 2926 rat,
1937 2873 2035 2914 nec
2071 2857 2269 2924 vellet,
2322 2873 2422 2914 nec
2463 2858 2766 2928 indigeret,
2798 2874 2860 2913 ea
2900 2866 3082 2912 tamen
3135 2873 3255 2928 qua:
3301 2856 3404 2914 sibi

1806 2953 2092 3007 commissa
2152 2962 2344 3016 erant,
2411 2951 2528 3006 sine
2565 2951 2778 3007 ratione
2836 2960 2892 3004 et
2949 2951 3068 3020 lege
3125 2948 3402 3018 negligen-

1809 3051 1895 3096 ter
1954 3041 2224 3098 dimittere
2281 3056 2386 3096 non
2452 3040 2710 3105 audebat.
2763 3039 3042 3108 Adjieiens
3085 3053 3208 3096 esse
3259 3037 3398 3093 mul-

149 3128 606 3193 prodefensaudis
657 3133 883 3189 advenis
940 3143 994 3189 et
1057 3109 1380 3191 incestuosis
1452 3109 1782 3192 habebat.c
1817 3141 1866 3188 ta
1927 3133 1995 3188 de
2055 3133 2174 3203 ipso
2231 3131 2598 3196 monasterio,
2677 3131 2818 3186 unde
2883 3131 3100 3201 ipsius,
3171 3128 3410 3198 filiaeque,

149 3217 278 3273 llude
307 3230 414 3274 tam
457 3222 634 3280 eidem
673 3224 880 3289 comiti,
931 3240 1090 3294 quam
1138 3227 1391 3282 omnibus
1433 3227 1710 3282 enecari-

147 3306 229 3372 bas
271 3318 431 3378 atque
467 3312 764 3381 judicibus,
803 3315 893 3382 qui
928 3315 982 3370 in
1013 3316 1115 3370 hoc
1137 3317 1452 3372 resederunt
1479 3315 1707 3385 judicio.

150 3401 288 3466 tcrbo
332 3404 427 3458 Dei
473 3406 862 3474 omnipotentis
887 3416 940 3461 ct
971 3408 1149 3464 hanno
1199 3408 1562 3478 imperatoris,
1593 3409 1712 3479 epi-

147 3493 321 3560 scopali
374 3495 698 3560 auctoritate
739 3496 986 3566 percipit,
1029 3506 1088 3550 ut
1125 3498 1376 3552 eumdem
1437 3498 1708 3552 hominem

149 3583 301 3639 nullus
326 3603 424 3655 pro
451 3587 555 3650 hac
587 3605 648 3644 re
667 3590 1016 3658 condemnet,
1039 3600 1134 3645 aut
1158 3593 1446 3661 inquietet,
1471 3593 1552 3646 vel
1576 3607 1708 3647 con-

152 3675 498 3734 tradictionem
529 3679 716 3744 faciat,
746 3681 919 3737 donec
947 3682 1061 3751 ipse
1084 3684 1275 3752 praesul
1308 3698 1403 3753 per
1445 3684 1706 3753 seipsum,

66 3771 70 3786 ’
150 3765 218 3817 τοι
274 3784 366 3837 per
401 3771 597 3826 missos
646 3786 775 3826 suos
827 3774 964 3828 hanc
1011 3789 1231 3829 causam
1275 3773 1565 3841 diligenter
1622 3774 1709 3828 in-

149 3857 324 3921 quirat,
353 3868 406 3914 et
432 3863 730 3917 secundum
774 3865 917 3934 leges
935 3866 1330 3921 ecclesiasticas
1361 3877 1416 3923 et
1447 3868 1711 3922 humanas

151 3945 393 4018 ltocjuste
420 3961 474 4006 et
495 3954 894 4010 rationabiliter
919 3957 1166 4022 dilliniat,
1211 3959 1536 4012 denuntians
1566 3958 1708 4026 quod

151 4043 353 4113 quisque
395 4047 500 4100 hoc
537 4050 733 4103 contra
772 4048 866 4103 Dei
922 4059 1247 4120 prmceptum
1302 4051 1711 4120 praesumpserit

148 4146 309 4200 agere,
372 4136 549 4205 primo
600 4141 896 4194 secundum
928 4142 1167 4211 capitula
1208 4142 1398 4212 legalia
1446 4145 1550 4196 hoc
1585 4157 1709 4195 eum

153 4224 411 4279 emendare
453 4225 648 4293 faciat;
687 4230 884 4284 deinde
919 4232 1217 4286 secundum
1271 4233 1416 4302 leges
1450 4233 1708 4287 ecclesia-

149 4313 290 4369 sticas
317 4317 462 4374 illum
495 4335 525 4374 a
553 4324 937 4380 communione
964 4324 1400 4381 Christianorum
1441 4342 1610 4398 tlSqttc
1641 4327 1708 4382 ad

154 4405 545 4466 satisfactionem
579 4413 826 4483 repellet.
854 4415 1146 4474 Denuntiat
1173 4419 1362 4482 etiam,
1393 4418 1516 4486 quia
1546 4433 1710 4487 quos-

1812 3239 1924 3285 sute
1969 3223 2246 3296 indigebat
2292 3223 2539 3277 auxilio:
2578 3222 2818 3294 petitque
2868 3231 2925 3277 ut
2972 3223 3150 3278 mittat
3179 3221 3411 3290 missum,

1812 3333 1966 3376 suum
1994 3327 2276 3374 strenuum
2297 3326 2352 3372 et
2385 3316 2594 3386 fidelem
2622 3332 2744 3371 cttm
2776 3316 2939 3370 misso
2972 3315 3094 3369 filiae
3139 3329 3279 3378 sum,
3308 3314 3410 3384 qui

1815 3424 1920 3464 una
1942 3423 2124 3463 secum
2147 3393 2268 3477 mue
2307 3407 2626 3478 corrigenda
2658 3414 2786 3461 sunt
2835 3405 3033 3460 ibidem
3060 3405 3317 3475 corrigat,
3350 3413 3408 3459 et

1813 3499 1994 3555 videat
2029 3515 2193 3570 quam
2245 3500 2599 3554 intentionem
2630 3507 2685 3553 et
2716 3498 3044 3553 voluntatem
3085 3498 3197 3567 ipse
3240 3497 3292 3550 in
3326 3505 3406 3564 ta:

1813 3590 1956 3646 libus
1979 3591 2199 3657 habeat,
2234 3605 2302 3644 ne
2325 3590 2456 3660 ipsis
2484 3599 2538 3645 et
2563 3590 2664 3644 sibi
2709 3589 3028 3658 periculum,
3067 3587 3210 3656 quod
3240 3585 3403 3650 absit,

1813 3685 2007 3740 exinde
2036 3692 2288 3739 maneat:
2324 3683 2564 3752 petitque
2587 3692 2640 3736 ut
2666 3681 2877 3735 animus
2907 3680 3073 3749 ipsius
3099 3679 3171 3732 sit
3191 3690 3408 3746 semper

1811 3777 2092 3839 sollicitus,
2138 3790 2208 3829 ne
2257 3774 2446 3828 alienae
2475 3775 2667 3844 lingua:
2705 3772 2862 3827 facile
2898 3771 3106 3834 credat,
3159 3769 3400 3824 maxime

1811 3871 1878 3930 de
1924 3869 2295 3924 sacerdotibus
2327 3867 2527 3922 Christi
2561 3883 2574 3928 ;
2625 3866 2876 3933 quoniam
2925 3862 3193 3926 diabolus,
3221 3862 3263 3916 si
3295 3875 3403 3915 non

1815 3970 1992 4032 potest
2026 3961 2076 4014 in
2108 3960 2310 4027 alio,in
2347 3960 2449 4013 hoc
2473 3958 2600 4012 velit
2649 3956 3001 4010 intentionem
3034 3954 3203 4022 ipsius
3227 3951 3402 4007 fusca-

1813 4069 1898 4119 re,
1929 4061 2130 4106 uteam
2173 4049 2338 4104 faciat
2381 4049 2436 4104 in
2489 4047 2742 4118 Opinione
2787 4045 3023 4100 indebita
3057 4044 3402 4098 sacerdotum

1812 4160 2018 4202 errare.
2050 4144 2293 4212 Denique
2321 4141 2468 4212 quod
2488 4140 2764 4210 adiecerat
2795 4139 2935 4209 ipsa.
2959 4151 3141 4206 sehpro
3167 4149 3234 4190 eo
3275 4150 3401 4206 sug-

1814 4237 2048 4307 gessisse
2094 4236 2277 4290 animo
2315 4232 2662 4304 imperatoris
2689 4230 2952 4293 Lotharii,
3005 4237 3192 4284 contra
3227 4227 3400 4296 ipsum

1814 4331 2013 4386 fecisse
2050 4330 2137 4384 illa
2188 4338 2440 4392 testatur,
2478 4343 2584 4381 non
2626 4334 2686 4380 ut
2737 4338 3013 4393 magnam,
3055 4331 3109 4374 et
3158 4321 3267 4374 Deo
3305 4319 3402 4372 dc-

1817 4433 2002 4479 votam
2038 4423 2198 4478 decet
2247 4421 2428 4478 facere
2455 4418 2764 4489 conjugem.
2810 4433 2828 4465 ι
2861 4414 2995 4483 Ego,
3045 4412 3239 4483 inquit,
3291 4409 3408 4463 scio

153 4513 338 4570 cunque
380 4505 446 4558 ad
501 4506 758 4576 placitum
793 4525 950 4567 suum
970 4512 1156 4565 venire
1203 4511 1580 4576 mandaverit,
1654 4520 1709 4565 ιιι

1814 4518 1938 4586 quia
1973 4517 2022 4570 ei
2057 4517 2223 4570 multa
2254 4519 2320 4570 de
2355 4528 2439 4568 me
2463 4513 2605 4567 dicta
2640 4509 2856 4562 fuerunt
2884 4504 3156 4561 contraria
3184 4519 3197 4568 ;
3228 4502 3320 4555 sed
3351 4501 3397 4555 si

151 4588 273 4644 hanc
301 4605 517 4652 causam
561 4598 846 4668 diligenter
888 4599 1148 4671 inquit-at,
1189 4609 1242 4656 et
1270 4600 1514 4670 legaliter
1548 4611 1710 4669 atque

153 4687 446 4758 Tegnhriter
468 4691 730 4758 difliniat;
773 4694 818 4749 si
844 4695 1029 4750 venire
1060 4695 1417 4763 neglexerint,
1451 4703 1570 4764 post
1604 4705 1708 4749 ter-

152 4775 263 4831 tiam
286 4783 756 4840 commonitionem
797 4783 865 4838 ab
922 4786 1068 4840 omni
1119 4785 1707 4841 Christianorumch-

159 4872 297 4928 sortio
340 4892 512 4947 usque
541 4878 608 4932 ad
644 4878 1076 4934 satisfactionem
1110 4879 1346 4948 repellet,
1371 4937 1374 4940 ,
1399 4879 1498 4934 nisi
1540 4879 1706 4932 ratio-

163 4964 363 5023 nabilem
430 4971 771 5026 ostenderint
820 4973 1246 5028 excusationem.
1305 4971 1580 5041 Adjicicus
1645 4972 1711 5024 de

164 5048 352 5120 ﬂagellis
384 5073 505 5127 quae
531 5061 876 5130 patiebantur
917 5062 1069 5116 multi
1101 5060 1163 5133 [i,
1195 5061 1537 5132 patiebantur
1577 5060 1712 5114 mu:—

149 5140 258 5212 4ἱεῖ,
281 5156 331 5200 et
359 5150 642 5206 ostendens
666 5151 809 5221 quod
837 5151 960 5206 ideo
993 5151 1109 5206 inec
1139 5160 1248 5206 tam
1285 5150 1496 5206 duriter
1528 5167 1594 5204 ex
1617 5150 1711 5204 Dei

157 5237 298 5292 urbe
324 5243 656 5310 annuntient,
706 5252 769 5299 ut
824 5244 1124 5314 intelligant
1152 5254 1352 5315 quanta
1389 5245 1460 5298 sit
1485 5243 1708 5303 offensa,

156 5321 207 5376 -ἱιι
235 5325 321 5385 hac
344 5346 506 5387 causa
548 5347 730 5391 contra
760 5337 856 5391 Dei
881 5347 1227 5396 pnecentum.
1267 5345 1324 5391 et
1360 5351 1545 5390 sacras
1571 5349 1708 5396 prae-

1814 4611 1930 4665 vult
1954 4609 2152 4680 poterit
2176 4619 2504 4676 cognoscere
2532 4617 2636 4656 non
2680 4613 2802 4654 esse
2829 4611 2954 4649 vera
2987 4613 3000 4648 :
3055 4603 3229 4648 tamen
3277 4605 3400 4680 eum

1818 4716 1928 4756 non
1975 4699 2149 4753 audeo
2176 4694 2597 4766 reprehendere,
2644 4689 2767 4758 quia
2799 4685 3059 4740 Dominus
3095 4691 3198 4745 est,
3231 4693 3330 4734 nec

1815 4790 1934 4861 ejus
1964 4802 2195 4858 persona
2247 4785 2396 4849 dico,
2436 4784 2578 4838 sicut
2624 4780 2818 4850 tegitur
2852 4776 2904 4830 in
2935 4771 3268 4850 Scripturis:
3303 4767 3413 4852 Qui

1813 4883 2028 4936 libenter
2051 4879 2198 4933 audit
2239 4877 2390 4932 verba
2425 4873 2709 4934 mendacii,
2760 4868 3026 4922 ministros
3069 4877 3270 4935 quoque
3313 4861 3408 4946 Im?

1817 4973 1947 5026 bebit
1978 4972 2164 5039 impios
2204 4966 2386 5039 (Prov.
2421 4969 2598 5038 xxix).
2638 4960 2899 5017 Videlicet
2925 4959 3019 5028 qui
3048 4957 3113 5011 de
3145 4953 3247 5024 piis
3279 4965 3406 5036 erga

1818 5080 1940 5119 eum
1969 5061 2274 5116 voluntarie
2311 5060 2606 5126 loquentur
2634 5053 2816 5126 impia.
2852 5052 2955 5116 Qui
2989 5050 3062 5105 illi
3095 5061 3157 5102 ea
3187 5041 3317 5097 dixit
3343 5055 3410 5098 ex

1819 5168 1941 5210 tm‘a
1971 5164 2154 5221 parte,
2179 5167 2299 5222 quae
2328 5149 2462 5204 mihi
2493 5145 2811 5208 mandastis,
2857 5141 3019 5197 aliter
3041 5150 3198 5208 quam
3226 5144 3410 5222 verum

1817 5248 1887 5301 sit
1916 5245 2074 5307 dixit,
2133 5221 2270 5298 male
2320 5253 2506 5297 autem
2545 5242 2933 5306 interpretatus
2971 5240 3052 5286 est
3083 5230 3214 5281 bene
3241 5221 3406 5274 dicta.

1823 5340 1878 5392 Si
1921 5336 2180 5393 Valuisset
2234 5349 2565 5396 cognoscere
2618 5341 2823 5387 verum.
2874 5335 2932 5376 οι
2979 5317 3172 5388 αιίίιιιῖε
3217 5311 3418 5364 MSS”
