3904 5396
469 367 569 426 251

1531 366 1924 428 ηοῡολιιοι
1961 363 2279 424 CANONICI
2321 359 2664 422 REMENSIS

3639 361 3732 424 259

475 481 792 552 nignissima
823 489 1000 537 vestra
1034 481 1330 546 mandavit,
1349 489 1415 537 'ut
1442 483 1508 536 ad
1537 498 1657 537 cum
1691 464 1920 552 dirigam
1966 481 2064 549 qui
2090 492 2130 547 Α
2163 494 2352 534 sorore
2399 495 2494 534 sua
2540 481 2852 542 vindictam,
2899 490 3008 534 aut-
3044 494 3140 550 pro
3183 495 3448 544 sermone,
3509 494 3598 536 aut
3647 502 3731 553 pm

473 571 522 624 ei
550 572 652 624 hoc
680 569 931 635 atiirmet,
963 572 1105 640 quod
1155 571 1360 642 de,ejus
1391 573 1705 628 infidelitate
1735 573 1866 628 nihil
1898 571 2055 624 veiim

476 670 731 720 tractare.
761 660 914 714 scitis
954 670 1154 728 quanta
1196 662 1472 715 mendacia
1513 679 1654 718 nunc
1685 678 1779 732 per
1801 662 1942 716 istud
1971 673 2060 714 va-

473 751 604 805 dunt
627 767 680 804 sa
700 751 1194 820 cuium,.etquanta
1222 752 1506 806 sinceritas
1533 751 1859 806 deLeatesse
1898 751 1949 805 in
1975 767 2063 804 sa-

473 858 565 896 cer
591 845 712 904 'ote,
737 851 791 894 ct
823 851 1024 912 quanta
1057 833 1251 896 merito
1279 843 1477 896 domno
1505 860 1623 898 meo
1655 844 1811 897 velim
1843 859 2062 898 servare

474 931 811 985 ﬁdelitatem.
877 932 954 984 lit‘
991 931 1193 986 idcirco
1245 947 1313 985 ne
1363 933 1486 986 tnali
1546 933 1867 1002 interpretes
1925 933 2061 986 male

475 1022 680 1075 bonum
726 1022 1175 1090 interpretentur,
1215 1022 1320 1076 hoc
1349 1023 1524 1077 adlmc
1581 1023 1892 1077 facerenon
1935 1039 2060 1093 pos-

473 1129 613 1166 sum.
644 1113 847 1168 Tamen
869 1115 914 1167 si
945 1114 1297 1169 vultcrcdere
1325 1116 1555 1169 domnus
1581 1132 1731 1172 meus
1757 1117 2061 1179 Lotbarius,

475 1215 653 1275 potest
696 1207 964 1261 veraciter
1013 1223 1344 1277 cognoscere
1393 1210 1517 1278 quia
1568 1227 1671 1263 non
1715 1220 1919 1264 tantutn
1967 1212 2060 1274 illi,

474 1297 571 1351 sed
599 1296 729 1351 anili
769 1297 969 1351 homini
1011 1299 1062 1351 in
1115 1297 1313 1351 tnundo
1343 1315 1458 1352 sum
1499 1297 1748 1358 inﬁdelis.
1777 1308 1828 1353 et
1869 1300 1912 1354 si
1951 1299 2064 1353 vult

475 1386 721 1450 credere,
752 1386 934 1442 credat
961 1405 973 1440 :
1003 1388 1086 1442 sin
1115 1398 1314 1452 autem,
1345 1404 1464 1442 eum
1489 1389 1578 1442 illc
1605 1390 1747 1444 inter
1767 1391 2061 1459 principes,

477 1485 534 1530 et
556 1491 667 1546 ego:
692 1477 1136 1548 inter-episcopos
1163 1488 1286 1532 ante
1315 1495 1490 1550 regem
1535 1496 1742 1548 regmn,
1774 1492 1823 1535 et
1852 1484 2062 1552 epis-eoo

479 1585 606 1639 p'im
637 1556 1008 1640 episcoporum
1032 1575 1359 1638 venerimus,
1406 1582 1532 1627 tunc
1557 1575 1682 1642 quid
1717 1574 1852 1628 inde-
1877 1591 2062 1630 verum

476 1660 566 1727 sit,
591 1661 909 1732 plenissime
931 1663 1047 1718 sine
1074 1662 1300 1731 alicujus
1335 1664 1664 1719 indicationc
1691 1676 1999 1736 cognoscet,
2041 1687 2056 1718 ι

475 1763 582 1809 e'c.
638 1755 853 1810 Bertba:
909 1756 1195 1812 abbatissa:
1241 1758 1516 1812 Avannaci
1585 1759 1902 1814 monasterii
1968 1775 2064 1830 pro

2165 572 2329 636 facto,
2361 570 2455 626 vel:
2485 585 2594 641 pro
2617 572 2797 642 aliquo
2838 573 3090 642 despectu
3138 581 3366 644 quaerat;
3406 583 3500 628 aut
3547 592 3576 628 a
3615 562 3729 641 Ded,

2165 672 2258 716 aut
2291 664 2342 718 in
2377 663 2594 718 szecuio.
2637 663 2772 730 Quia
2805 664 2944 718 sicut
2975 664 3229 719 Dominus
3253 673 3602 734 protestatur,
3633 667 3734 718 sine

2165 755 2452 811 concordia
2489 757 2747 826 quidquid
2778 757 2824 811 ei
2875 757 3177 812 obtuleritis
3227 773 3330 812 non
3369 757 3441 812 illi
3478 758 3732 827 placebit:

2164 849 2277 902 sive
2303 848 2444 903 enim
2471 844 2774 910 oraveritis,
2800 848 2911 903 sive
2940 843 3264 903 sacriﬁcium
3285 846 3613 911 outuieritis,
3636 848 3736 902 sive

2166 953 2262 992 vos
2293 937 2612 1002 atilixeritis,
2658 939 2775 992 sine
2819 940 2919 994 hac
2950 939 3233 994 charitatis
3276 938 3571 994 concordia
3620 933 3736 992 nihil

2166 1027 2276 1082 Deo
2339 1028 2598 1098 placabile
2655 1029 2776 1083 erit.
2843 1028 2978 1096 Quia
3043 1029 3183 1084 sicut
3242 1028 3371 1083 dicit
3420 1026 3734 1097 Apostolus:

2167 1118 2392 1174 Etiamsi
2437 1119 2702 1174 tradidero
2741 1137 2929 1190 corpus
2972 1137 3139 1174 meum
3185 1129 3238 1173 ut
3279 1120 3493 1182 ardeat,
3531 1120 3742 1172 clrarita-

2166 1223 2267 1265 tem
2307 1222 2480 1266 autem
2523 1229 2626 1266 non
2653 1211 2904 1282 fliabemn,
2953 1211 3085 1264 nihil
3109 1228 3226 1265 sum
3259 1210 3309 1281 (1
3339 1209 3468 1265 Cor.
3516 1211 3656 1280 Si").
3687 1209 3743 1264 Et

2167 1303 2339 1368 scitis,
2375 1302 2500 1374 quia
2543 1303 2724 1375 regula
2757 1319 2917 1374 quam
2949 1303 3204 1372 professae
3246 1303 3376 1359 estis
3423 1301 3511 1374 (S.
3560 1301 3742 1356 Bensd.

2168 1412 2288 1466 cap.
2325 1397 2435 1467 15),
2472 1407 2695 1467 promer
2723 1397 3095 1452 scamlalorum
3125 1397 3330 1468 spinas,
3375 1411 3501 1466 qua:
3529 1396 3658 1449 oriri
3698 1397 3755 1448 in'

2169 1487 2496 1542 monasterio
2543 1488 2736 1551 solenr,
2773 1489 3075 1543 orationem
3116 1488 3452 1544 Dominicatn
3493 1489 3546 1542 in
3588 1496 3746 1542 matu-

2171 1579 2297 1634 ti'nis
2340 1588 2390 1634 et
2437 1579 2761 1650 vespertinis
2786 1580 2996 1646 oiliciis,
3049 1582 3120 1636 ita
3165 1591 3224 1636 ut
3250 1597 3443 1636 omnes
3480 1581 3625 1636 illam
3665 1597 3745 1635 att-

2168 1669 2336 1732 diant,
2386 1685 2413 1723 a
2457 1671 2641 1740 priore
2679 1671 2822 1726 orari
2863 1671 3230 1742 przecipit,_ut.
3264 1673 3521 1728 timentes
3563 1687 3742 1728 conve-

2169 1761 2449 1825 nientiam,
2475 1778 2578 1830 qua
2611 1763 2838 1817 dicimus
2864 1781 2877 1816 :
2910 1762 3129 1817 Dimitte
3158 1763 3314 1818 nobis
3344 1764 3529 1818 debita
3559 1773 3745 1827 nostra,

476 1844 890 1916 impedimentis,
925 1862 1043 1916 qua:
1072 1845 1271 1900 fratres
1321 1863 1385 1902 ac
1423 1849 1722 1904 servientes
1755 1851 2066 1904 monasterii
2104 1839 2144 1896 Β
2174 1851 2312 1905 sicut
2343 1860 2397 1904 et
2446 1867 2544 1906 nos
2578 1852 2897 1907 diruittimus
2930 1853 3262 1909 debitoribus
3289 1855 3517 1918 nostris,
3552 1869 3746 1909 omnem

476 1937 794 2003 Aitvillaris,
823 1938 1158 2007 aliarumque
1203 1938 1449 1993 villarum
1500 1941 1784 1997 R‘emettsis
1823 1943 2068 1997 ecclesia:

477 2027 823 2095 patiebantur
853 2029 920 2082 ab
953 2027 1263 2082 hominibus
1307 2029 1498 2098 ipsius,
1534 2042 1820 2102 postquam
1856 2034 1907 2087 in
1967 2034 2070 2088 hoc

478 2130 702 2187 regnum
753 2118 839 2171 illa
904 2119 1216 2175 devenerat.
1277 2121 1428 2178 Unde
1459 2123 1594 2193 petit
1631 2133 1688 2176 ut
1737 2123 2068 2193 diligentiam

478 2207 826 2278 studiumque
865 2211 1106 2266 adhiberi
1134 2214 1342 2284 jubcat,
1387 2230 1453 2270 ne
1479 2225 1620 2269 tanta
1654 2225 1707 2270 et
1747 2215 1826 2271 sic
1856 2215 2067 2270 insolita

481 2301 792 2371 pra~judicia
855 2303 972 2358 bzec
1008 2307 1248 2373 pati-itur
1297 2307 1525 2363 ecclesia
1570 2309 1637 2362 de
1688 2308 1855 2378 ipsius
1885 2308 2072 2363 vicini-

481 2405 611 2462 tate,
650 2397 717 2453 de
747 2414 850 2468 qua
903 2399 1141 2456 solamen
1177 2411 1232 2457 et
1263 2403 1517 2473 gaudium
1568 2415 1665 2471 pro
1712 2401 1879 2471 ipsius
1932 2399 2070 2454 bona

479 2489 588 2543 vita
617 2499 669 2544 et
701 2492 883 2545 sobria
918 2493 1337 2548 conversatione
1388 2492 1592 2547 habere
1642 2491 1897 2546 debebat.
1919 2489 2070 2556 Quod

488 2579 534 2633 εἰ
560 2581 778 2652 egisset,
812 2581 978 2635 Deum
1022 2583 1247 2653 proin-fe
1286 2583 1603 2653 placabilem
1633 2581 1730 2635 sibi
1768 2579 1993 2643 faceret,
2018 2587 2073 2632 et

484 2679 726 2722 sanctam
755 2669 1001 2734 Mariam,
1034 2684 1390 2743 sanctumque
1417 2671 1720 2741 Remigium
1753 2670 1852 2724 sibi
1888 2669 2072 2724 conci-

485 2759 666 2822 liaret,
706 2761 774 2815 ab
805 2763 921 2830 ipso
969 2778 1186 2832 quoque
1230 2763 1545 2833 obsequium
1577 2761 1880 2832 episeOpaIe
1913 2761 1997 2813 bal
2020 2776 2088 2815 e-e

486 2861 590 2906 ret.
617 2852 674 2906 Si
707 2868 834 2908 vero
864 2869 992 2908 suos
1020 2854 1294 2925 corrigere
1341 2853 1777 2922 parvipenderet,
1807 2852 1919 2921 ipse
1952 2849 2076 2904 licet

487 2941 690 2997 invitus
720 2958 877 3000 aures
925 2945 1070 3013 regis
1119 2943 1241 2998 inde
1270 2943 1528 3014 pulsaret,
1560 2953 1616 2996 ut
1647 2943 1691 2996 si
1739 2955 1962 2996 necesse
1993 2941 2073 2994 fo-

486 3042 592 3096 rct,
637 3036 776 3089 utin
827 3044 1037 3090 tantum
1081 3051 1244 3090 causa
1302 3042 1668 3099 cxcresceret,
1717 3032 2088 3086 ministerium

484 3127 936 3194 ecclesiasticam,
963 3129 1256 3184 secundum
1281 3128 1492 3200 regulas
1515 3127 1825 3190 canonicas,
1852 3126 2076 3186 in-eam,

2174 1957 2455 1997 rancorem
2487 1943 2555 1996 de
2581 1942 2750 1996 corde-
2774 1951 2962 1998 nostro
2989 1943 3269 2014 pellamus.
3297 1944 3429 2012 Quae
3460 1946 3588 1998 dum
3619 1945 3749 2015 prius

2171 2033 2412 2102 egeritis,
2440 2049 2506 2086 ne
2535 2048 2631 2102 per
2659 2041 2890 2087 vestram
2916 2033 3260 2101 discordiam,
3295 2035 3442 2105 quod
3491 2035 3649 2098 absit,
3679 2049 3750 2088 re-

2173 2123 2372 2195 gularis
2396 2123 2587 2179 eiectio
2615 2125 2690 2180 de
2709 2133 2888 2180 vestro
2930 2127 3255 2180 monasterio
3283 2135 3496 2196 pereat,
3531 2127 3748 2180 adunate

2175 2229 2269 2273 vos
2301 2215 2366 2268 ad
2400 2214 2493 2269 Dei
2519 2214 2873 2281 voluntatem,
2906 2223 2962 2270 et
2997 2215 3196 2287 regalis
3231 2215 3542 2271 devotionis
3572 2218 3749 2271 unani-

2175 2304 2438 2368 mitatem,
2489 2313 2834 2374 vestramque
2895 2304 3064 2374 ipsam
3117 2295 3368 2370 salutem,
3421 2314 3748 2376 praesentem,

2174 2393 2375 2448 scilicet
2419 2402 2580 2464 atque
2629 2404 2911 2459 aeternam,
2953 2410 3075 2449 cum
3119 2395 3399 2450 cbaritatis
3454 2397 3752 2460 concordia,

2174 2502 2295 2558 qua:
2319 2494 2400 2542 est
2427 2487 2666 2541 omnium
2695 2487 2958 2541 virtutum
2986 2496 3179 2553 mater,
3207 2497 3263 2542 et
3288 2503 3411 2542 cum
3440 2489 3751 2552 humilitate,

2175 2594 2295 2648 qua:
2331 2585 2626 2633 est'custos
2679 2578 2916 2648 ipsarum
2954 2578 3252 2643 virtutum,
3279 2589 3442 2648 atque
3491 2595 3612 2634 cum
3641 2595 3750 2634 vera

2175 2668 2506 2732 obedientia,
2535 2683 2654 2738 qua:
2686 2669 2836 2723 scala
2855 2677 2934 2722 est
2965 2685 3071 2738 qua
3107 2668 3172 2722 ad
3203 2669 3396 2724 cmlum
3427 2670 3750 2741 pertingitur,

2177 2771 2230 2816 et
2270 2763 2322 2816 in
2356 2761 2508 2818 vobis
2546 2762 2744 2817 salubri
2771 2762 3035 2818 electione
3058 2763 3424 2829 concordatze,
3465 2771 3753 2818 etvosmct-

2178 2853 2326 2923 ipsas
2361 2855 2430 2908 ad
2482 2855 2783 2925 regularem
2829 2870 3072 2909 normam
3113 2856 3373 2921 reducitc,
3410 2866 3469 2911 et
3507 2854 3753 2910 constrin-

2179 2947 2287 3018 gite
2322 2961 2386 3000 ac
2424 2957 2784 3013 conservate;
2836 2948 2960 3016 quia
3009 2947 3186 3012 aliter,
3229 2948 3367 3001 sicut
3409 2947 3604 3002 melius
3645 2946 3755 3015 ipsa:

2182 3035 2349 3097 scitis,
2390 3035 2553 3090 salva:
2591 3052 2710 3092 esse
2741 3052 3085 3107 nequaquam
3126 3037 3335 3092 valetis.
3370 3037 3436 3090 Et
3482 3037 3624 3092 sicut
3651 3036 3755 3089 ani-

2183 3141 2299 3181 mos
2330 3125 2398 3180 ab
2430 3127 2683 3196 inquietis
2715 3127 2972 3193 motibus,
3007 3128 3078 3181 ita
3123 3137 3176 3183 et
3215 3127 3422 3198 linguas
3454 3143 3484 3181 a
3518 3139 3758 3197 provoca-

488 3233 724 3286 snosque
751 3227 1018 3273 exererct.
1042 3217 1350 3272 lrmintrudi
1378 3219 1596 3289 regium,
1621 3233 1718 3286 pro
1739 3216 2082 3270 Delvaeensis
2108 3188 2158 3248 Ci
2185 3219 2307 3274 tivis
2338 3219 2649 3282 iraeitndim,
2689 3219 2951 3288 vobisque
2987 3219 3190 3274 nocivis
3218 3219 3562 3274 sermonibus
3599 3226 3757 3273 custo-

488 3309 746 3364 Ecclesia:
772 3309 1124 3379 dispositioae
1152 3311 1203 3363 in
1235 3310 1468 3380 pastoris
1489 3309 1774 3371 electione,
1803 3318 1993 3376 petens
2019 3315 2080 3360 ut

488 3409 746 3471 s'tggerat
806 3400 956 3470 regi,
1013 3414 1080 3453 ne
1138 3416 1166 3452 a
1220 3415 1542 3470 quocunque
1597 3400 1650 3454 in
1703 3413 2082 3469 quamcunque

492 3503 700 3562 partem
733 3492 947 3546 animus
978 3491 1030 3545 ill
1057 3508 1120 3545 us
1145 3490 1380 3546 indebite
1405 3501 1587 3562 posset
1616 3490 1903 3547 intlecti‘de
1924 3489 2084 3558 hujus

491 3580 751 3637 Ecclesia:
791 3582 1164 3654 dispositione,
1201 3583 1380 3638 donec»
1410 3585 1523 3654 ipse
1553 3583 1606 3637 in
1643 3582 1760 3651 ejns
1801 3582 2082 3636 servitium

493 3673 738 3740 veniens,
767 3691 886 3745 qua:
912 3673 1009 3744 ipsi
1037 3675 1342 3730 necessaria
1366 3674 1568 3730 fuerint
1589 3674 1889 3739 notiiicans,
1915 3674 2084 3744 ipsius

487 3763 700 3835 furibus
734 3767 972 3836 pandat;
1007 3776 1062 3822 et
1093 3767 1171 3822 sic
1198 3783 1316 3837 qua:
1348 3767 1458 3822 Deo
1484 3769 1592 3823 sint
1639 3767 1859 3838 placita,
1894 3777 1946 3822 et
1981 3767 2086 3822 illis

495 3856 672 3922 utilia,
706 3858 932 3912 Domino
972 3869 1265 3918 annuente.
1318 3859 1607 3930 disponere
1659 3868 1930 3929 procuret.
1979 3857 2087 3911 Ro-

493 3947 636 4001 trudi
665 3947 773 4003 Deo
819 3959 1064 4015 sacratte,
1093 3961 1147 4004 et
1194 3953 1405 4005 caeteris
1446 3951 1726 4006 sororibus
1771 3951 2082 4006 monasterii

494 4037 711 4093 Sanctae
744 4037 954 4102 Crueis,
985 4049 1039 4094 et
1069 4052 1270 4095 sancta:
1297 4043 1666 4113 Radegnndis,
1695 4058 1794 4112 pro
1823 4042 2087 4098 electione

494 4133 782 4189 abbatissa:
813 4136 979 4204 ipsius
1008 4137 1341 4199 monasterii,
1372 4153 1476 4206 pro:
1504 4153 1610 4206 qua
1643 4154 1734 4190 rex
1758 4146 2090 4207 praeceperat

497 4220 747 4276 lt‘rotario
768 4224 1197 4294 archiepiscopo,
1228 4233 1281 4278 et
1310 4225 1539 4290 Erardo,
1573 4236 1733 4294 atque
1755 4226 2084 4295 Angenoldo,

498 4315 564 4368 ad
598 4315 880 4384 prml'atum
930 4319 1316 4372 monasterium
1369 4333 1614 4388 pergere,
1664 4327 1717 4371 ct
1771 4318 2086 4372 electionem

500 4405 804 4476 regularem
844 4407 914 4460 ibi
946 4406 1124 4462 facere
1166 4428 1176 4462 :
1208 4419 1262 4463 et
1310 4409 1354 4463 si
1387 4417 1586 4463 cuncta
1612 4425 1838 4464 concors
1867 4425 2090 4478 congre-

499 4497 666 4568 gatio,
707 4497 791 4552 vel
843 4483 970 4568 pars
1001 4501 1248 4569 quamvis
1286 4501 1480 4565 minor,
1515 4508 1694 4554 tamen
1729 4501 1939 4566 melior,
1983 4500 2089 4554 Ro-

2184 3309 2311 3384 dite,
2357 3318 2699 3364 contestante
2742 3309 3041 3378 Apostoio:
3088 3308 3269 3364 Omnis
3305 3307 3509 3362 clamor
3545 3319 3592 3363 et
3638 3307 3758 3361 imii-

2182 3401 2358 3468 gnatio
2381 3400 2656 3470 (inferatur
2683 3417 2714 3454 a
2752 3401 2890 3455 vobis
2930 3418 3046 3454 cum
3079 3401 3220 3454 omni
3253 3399 3482 3464 malitia,
3521 3398 3759 3454 et-omnis

2182 3507 2351 3546 sermo
2389 3491 2558 3546 malus
2595 3507 2660 3546 ea:
2699 3508 2787 3546 ore
2814 3502 2982 3546 vestro
3021 3508 3122 3545 non
3149 3491 3642 3562 procedatvahes.
3674 3490 3757 3558 tv).

2185 3581 2262 3636 Ne
2303 3581 2446 3636 sicut
2483 3579 2660 3636 solent
2696 3580 2944 3636 homines
2972 3581 3124 3651 prius
3166 3579 3372 3634 dolore
3401 3580 3675 3640 commoti,
3715 3583 3759 3629 et

2184 3681 2370 3741 postea
2419 3670 2603 3740 aliquo
2647 3670 2866 3740 gaudio,
2917 3669 3091 3739 quasi-
3128 3670 3424 3734 victoriosi,
3473 3670 3760 3724 obtinentes

2185 3776 2305 3830 qua:
2343 3760 2674 3823 desiderant,
2718 3758 3027 3823 exbiiarati,
3070 3759 3138 3814 de
3180 3774 3506 3828 quocunque
3539 3760 3758 3816 boniine,

2186 3866 2305 3920 qua:
2347 3865 2450 3904 non
2493 3849 2822 3905 conveniunt
2871 3848 3054 3919 aliqua
3098 3858 3334 3903 vestrum
3384 3849 3575 3904 dicat:
3615 3862 3676 3901 ne
3717 3854 3764 3898 et
3842 3839 3856 3859 ⁸

2186 3943 2460 4013 patientia:
2491 3942 2744 3997 meritum
2771 3940 3060 3996 inutilibus
3083 3940 3424 3996 sermonibus
3457 3954 3638 3994 coram
3668 3936 3762 3990 Deo

2187 4032 2446 4101 pet-datis,
2477 4040 2533 4086 et
2561 4032 2606 4087 si
2633 4031 2830 4101 aliquis
2857 4030 3035 4096 fuerit,
3066 4031 3157 4101 qui
3189 4029 3367 4101 aliqua
3396 4028 3762 4100 provocatione

2189 4133 2849 4192 quameunquevestrum
2881 4122 2947 4176 ad
2991 4122 3094 4176 hoc
3141 4121 3398 4191 instigare
3440 4120 3684 4181 voluerit,
3715 4124 3763 4170 ut

2190 4227 2524 4281 quaecunque
2550 4211 2786 4267 indebita
2816 4214 2883 4266 de
2908 4226 3230 4282 quocunque
3263 4211 3524 4282 proferat,
3553 4209 3763 4280 qualiter

2192 4305 2338 4360 illam
2367 4305 2829 4374 comprehendere
2857 4306 3045 4374 possit,
3087 4314 3146 4359 ut
3188 4304 3585 4360 rationabiliter
3630 4304 3758 4358 dam-

2191 4418 2324 4456 nare
2368 4401 2684 4471 prmvaleat,
2735 4400 2912 4456 locum
2970 4416 3070 4456 nec
3104 4401 3372 4466 diabolus,
3428 4416 3529 4455 nec
3573 4407 3763 4453 astutus

2195 4497 2356 4550 homo
2397 4493 2593 4548 exinde
2665 4493 2848 4562 aliquo
2900 4493 3062 4548 modo
3105 4494 3335 4558 habeat;
3379 4495 3474 4547 sed
3518 4491 3649 4545 tales
3684 4501 3764 4540 vos

505 4592 717 4646 trudem
768 4592 1043 4662 elegisset,
1102 4593 1528 4648 constitueretur
1586 4593 1638 4646 in
1684 4591 1872 4646 ordine
1925 4593 2088 4645 abba.
2121 4560 2165 4617 θ
2192 4586 2478 4650 exhibete,
2520 4596 2576 4639 ut
2620 4584 2850 4640 interius
2890 4585 3241 4654 exteriusque
3293 4583 3547 4638 decenter
3579 4587 3766 4636 ornata

503 4685 672 4740 tissar.
713 4684 771 4740 Si
811 4695 991 4740 autem
1040 4687 1221 4741 omnis
1273 4687 1620 4756 congregatio
1672 4701 1898 4740 concors
1943 4687 2088 4739 illam

500 4775 807 4844 abiecisset,
838 4785 892 4831 et
937 4776 1096 4830 aliam
1149 4777 1395 4847 eligeret,
1443 4777 1530 4832 illa
1562 4791 1722 4847 quam
1751 4777 2094 4831 concorditer

501 4868 773 4939 elegisset,
807 4869 859 4923 in
902 4869 1092 4924 ordine
1131 4870 1423 4924 abbatissa:
1456 4878 1720 4935 maneret,
1760 4868 1933 4922 donec
1980 4869 2091 4939 regi

503 4962 932 5029 renuntiaretur,
967 4973 1021 5017 et
1047 4977 1382 5032 quarumque
1419 4963 1488 5016 ibi
1521 4961 1710 5017 fuisset
1738 4962 1933 5026 electa,
1956 4977 2093 5015 onus

2193 4680 2384 4750 dignas
2413 4687 2574 4747 atque
2609 4677 2944 4732 examiibiles
2975 4679 3270 4740 orationes,
3303 4685 3357 4731 et
3401 4690 3500 4746 pro
3524 4673 3689 4736 vobis,
3720 4679 3767 4722 et

2194 4785 2291 4839 pro
2336 4769 2551 4822 seniore
2579 4784 2644 4822 ac
2681 4766 2898 4821 domina
2938 4776 3116 4822 vestra
3142 4766 3289 4840 [uts.,
3314 4764 3547 4836 nostra],
3581 4762 3764 4834 proque

2197 4878 2301 4916 non
2341 4861 2513 4915 solum
2553 4859 2744 4914 amicis
2774 4861 2990 4923 vestris,
3030 4876 3216 4914 verum
3248 4861 3409 4913 etiam
3440 4866 3496 4913 et
3537 4872 3633 4928 pro
3676 4852 3764 4908 ini-

2198 4953 2374 5015 micis,
2406 4951 2472 5004 ad
2499 4965 2661 5005 aures
2687 4950 2779 5004 Dei
2813 4951 3028 5005 mittere
3053 4951 3296 5004 valeatis.
3339 4970 3358 5002 ι

2268 5039 2584 5064 σν..-..ι.-....,,.
2637 5041 2870 5064 ..1-ι,...εη-

2881 5057 2918 5062 μ-
2977 5056 3068 5062 ——..
3125 5049 3456 5062 ‘“--;-A“;-*-
3523 5049 3762 5062 .uA-~--Al
