3904 5396
153 399 248 460 i5?)

735 399 1080 458 IIISTORDE
1120 395 1474 456 ECCLESHZ
1519 394 2078 486 REMEN‘SISJIBRI
2115 395 2468 465 QUATUOR.
2501 429 2567 438 ——
2591 397 2718 452 LIB.
2762 397 2845 453 III.

3328 399 3436 455 ξω

151 514 285 586 1ou
329 511 602 570 NIVaI'tIUS
647 511 934 568 Remorum
981 512 1423 581 archiepiscopus
1470 510 1534 564 de
1579 507 1738 564 rebus
1768 517 1812 571 Α
1845 521 2072 576 corpore
2121 507 2346 562 unitatis
2401 507 2654 565 Ecclesiae
2701 510 2980 568 catholicae
3035 527 3216 568 coram
3261 513 3435 570 oculis

151 605 432 663 lleinensis
477 603 728 660 Ecclesia:
761 604 1149 658 monasterium
1190 601 1568 655 Altvillarensc
1613 615 1742 654 con-

149 699 426 759 struxerit,
477 705 530 750 et
584 694 754 748 frater
789 692 906 762 ejus
940 694 1004 748 de
1054 693 1168 746 suis
1212 691 1654 762 proprietatibus,
1685 699 1740 744 et

150 803 260 860 qum
291 788 385 842 alii
434 789 563 843 boni
597 789 840 842 homines
869 787 934 840 ad
966 786 1213 841 eumdem
1244 783 1416 838 locum
1447 782 1735 844 dederunt,

147 876 491 934 Avenuacum
518 877 849 932 exstruxerit
896 876 1316 937 monasterium,
1364 873 1615 942 quodque
1671 870 1735 922 ad

151 970 214 1023 Ec
250 965 442 1040 lesiatn
498 965 816 1020 Rcmensem
865 964 1177 1025 tradiderit,
1236 963 1373 1015 unde
1421 971 1476 1014 et
1537 961 1739 1013 charta:

149 1058 494 1113 habebantur
546 1057 598 1109 id
652 1065 836 1124 aperte
879 1055 1205 1124 pandentes;
1246 1051 1339 1104 sed
1390 1065 1484 1119 per
1529 1051 1733 1118 regium

146 1150 361 1212 donum,
393 1149 538 1203 sicut
568 1160 622 1201 et
654 1148 771 1201 alue
801 1163 887 1201 res
919 1147 1076 1216 hujus
1111 1143 1470 1209 Ecclesi:e,ab
1499 1142 1737 1196 externis

147 1254 172 1292 a
201 1239 357 1308 longo
407 1248 558 1293 retro
589 1237 872 1290 tenebatur
919 1247 1181 1305 tempore,
1219 1244 1323 1290 etc.
1367 1233 1593 1288 Richildi
1649 1249 1733 1286 re—

147 1328 296 1399 gina,
325 1329 648 1399 signiﬁcans
689 1328 828 1397 quod
857 1329 1070 1398 quando
1097 1326 1246 1398 [ηιε.,
1291 1323 1567 1396 quodam].
1599 1325 1734 1377 Lau-

147 1418 396 1473 dunensis
422 1419 677 1489 parochia
709 1418 961 1488 episcopo
995 1434 1192 1472 vacans
1217 1419 1266 1471 in
1298 1432 1394 1472 sua
1429 1415 1736 1485 specialiter

145 1519 254 1565 erat
291 1511 659 1581 providentia,
707 1510 1158 1580 malefactumque
1201 1508 1272 1563 sit
1299 1510 1365 1562 de
1394 1508 1732 1576 CICCIIianlla

144 1600 480 1656 Irzuintrudis
511 1601 710 1670 regium
750 1616 848 1670 per
885 1601 1170 1670 quemdam
1215 1598 1561 1670 praepositum
1612 1597 1734 1653 Ori-

147 1694 274 1748 niaci
316 1694 654 1754 monasterii,
687 1702 873 1762 postea
900 1709 1032 1748 vero
1061 1693 1185 1746 huic
1216 1691 1444 1745 [ἰὴ-1111(Ιί
1478 1706 1573 1760 per
1600 1689 1730 1745 Uvi-

145 1782 390 1860 nifrjdum
427 1787 804 1855 presbyterum
852 1792 1037 1838 contra
1070 1798 1255 1837 sacras
1291 1781 1434 1851 leges
1475 1781 1611 1836 male
1659 1781 1730 1836 sit

1844 597 2052 650 Domini
2083 611 2203 651 esse
2236 599 2479 668 nequibit
2509 617 2522 653 :
2566 615 2789 656 monens
2811 611 2870 656 ut
2899 602 3040 674 legat
3066 605 3301 675 capitula
3338 621 3424 661 re-

1843 687 1978 756 gulm
2035 690 2207 742 sancti
2270 689 2543 746 Benedicti
2603 691 2742 762 (cap.
2786 693 2926 764 665)
2979 695 3044 750 dc
3087 698 3433 753 ordinatione

1842 777 2072 841 abbatis,
2097 779 2176 832 vel
2195 780 2500 846 abbatissze,
2527 790 2580 836 et
2605 783 2862 849 inveniet,
2886 800 3048 854 quam
3077 789 3316 858 graviter
3331 803 3433 858 pro

1839 868 1940 922 hac
1985 871 2322 926 ordinatione
2355 873 2405 926 in
2449 874 2709 941 Spiritum
2750 886 3020 942 sanctum,
3052 895 3160 948 quo
3192 881 3306 950 ipsa
3336 896 3429 937 re-

1839 958 1958 1028 gula
1993 969 2075 1014 est
2102 963 2456 1032 promulgata,
2491 967 2798 1032 peccaverit
2831 984 2844 1020 :
2887 984 2952 1022 ex
2983 969 3178 1025 divinis
3207 972 3428 1026 institu-

1840 1049 2071 1103 tionibus
2087 1052 2390 1120 propalans,
2408 1064 2667 1123 quantum
2692 1057 3048 1124 periculosum
3075 1059 3291 1125 malum,
3319 1070 3428 1116 tam

1837 1139 1948 1206 ipsa
1980 1141 2184 1210 regina,
2219 1157 2379 1210 quam
2411 1145 2644 1213 emptrix
2673 1146 2759 1200 illa
2793 1148 3054 1202 subierint
3082 1167 3095 1203 :
3134 1160 3342 1219 petens,
3370 1160 3430 1206 ut

1836 1246 1956 1299 qua:
1985 1232 2071 1286 ille.
2097 1249 2161 1288 ex
2196 1235 2376 1288 debito
2406 1237 2687 1292 ministerii
2721 1238 2803 1292 sui
2831 1255 2950 1294 cum
2983 1243 3184 1312 gemitu
3215 1243 3426 1308 scribit,

1832 1339 1933 1393 pro
1963 1324 2133 1379 salute
2175 1325 2360 1396 ipsius,
2394 1335 2447 1382 et
2477 1331 2717 1385 remedio
2754 1332 2948 1386 anima:
2995 1334 3157 1403 regis,
3198 1333 3428 1402 benigne

1834 1419 2112 1489 suscipiat,
2157 1429 2212 1474 et
2241 1421 2364 1490 quia
2405 1438 2598 1490 magna
2628 1439 2696 1478 ex
2745 1425 3001 1480 ﬁdelitate
3039 1427 3140 1480 hac
3188 1426 3428 1481 scribere

1833 1513 2125 1575 curaverit,
2168 1524 2444 1582 agnoscat.
2493 1514 2781 1588 Lettlgardi
2822 1518 3076 1574 Ludovici
3127 1519 3426 1574 Transrhe-

1833 1603 2016 1658 nensis
2064 1605 2300 1676 coojugi,
2346 1622 2444 1676 pro
2480 1608 2590 1661 suis
2632 1609 2830 1675 missis,
2880 1625 3016 1678 quos
3063 1610 3129 1663 ad
3172 1611 3421 1664 enuidcm

1832 1692 2158 1749 Ludovicuzu
2207 1711 2388 1766 regem
2433 1697 2696 1762 mittebat,
2757 1709 2815 1753 ut
2862 1715 2956 1768 per
2995 1701 3111 1769 ejus
3154 1701 3424 1754 interven-

1833 1785 2030 1840 tionem
2055 1787 2120 1840 ad
2151 1787 2294 1841 illius
2323 1789 2658 1856 praesentiam
2691 1790 3055 1859 pervenirent,
3094 1801 3148 1844 et
3183 1791 3298 1860 ejus
3343 1790 3422 1844 in-

146 1877 431 1941 obeditum,
465 1886 522 1930 nt
568 1876 828 1948 regularis
865 1875 1135 1928 abbatissa
1184 1875 1250 1928 de
1283 1873 1397 1942 ipso
1438 1871 1726 1940 ejiceretur
1759 1862 1798 1919 η
1829 1878 2155 1933 tercessione
2198 1895 2261 1935 ac
2289 1880 2639 1950 dispositione
2663 1897 2756 1936 rex
2786 1881 2922 1936 idem
2950 1891 3198 1937 strenuos
3225 1883 3421 1936 missos

145 1969 489 2022 monasterio.
530 1968 779 2024 Ostendit
806 1977 986 2022 aut-em
1033 1982 1098 2021 ex
1161 1966 1480 2020 auctoritate
1528 1981 1720 2029 sacra,

146 2074 394 2130 quantum
423 2062 546 2117 inde
585 2061 768 2132 regina
800 2060 1092 2130 periculum
1129 2059 1343 2121 habeat,
1381 2068 1434 2113 et
1461 2057 1584 2128 quia
1621 2057 1716 2110 mi-

144 2150 263 2204 serit
291 2152 356 2204 ad
382 2166 505 2204 eam
538 2150 627 2220 qui
662 2159 902 2206 moneret
933 2149 1072 2203 illam
1106 2150 1205 2203 hoc
1228 2148 1456 2203 evadere
1491 2146 1717 2213 malum;

146 2239 224 2292 illa
273 2256 404 2294 vero
456 2256 563 2293 non
612 2238 785 2293 solum
836 2254 941 2293 non
985 2237 1390 2300 emendaverat,
1434 2236 1526 2288 sed
1580 2234 1722 2289 malo

143 2329 282 2399 pejus
309 2330 779 2401 superaddiderat,
824 2339 1009 2382 contra
1056 2329 1295 2384 divinam
1321 2327 1717 2390 auctoritatem,

145 2422 456 2493 necpbytam
484 2422 689 2476 scilicet
721 2421 772 2474 in
809 2421 1062 2489 religione
1091 2419 1352 2474 novellam
1377 2418 1724 2488 provebeudo

145 2510 202 2564 ad
246 2512 482 2582 regimzn
534 2521 757 2581 propter
796 2525 881 2564 res
913 2521 1156 2565 terrenas
1205 2519 1454 2578 acceptas
1502 2509 1569 2562 ab
1605 2508 1714 2563 illa.

143 2602 452 2666 Adueclens,
485 2602 719 2672 qualiter
761 2601 1056 2657 lledenuli‘o
1103 2600 1360 2671 episcopo
1405 2600 1456 2654 in
1503 2598 1730 2654 Laudu-s

147 2693 281 2746 ucusi
317 2691 555 2747 Ecclesia
597 2694 865 2757 ordinato,
899 2692 1164 2747 monuerit
1209 2691 1379 2755 illum,
1426 2699 1484 2742 ut
1525 2703 1716 2759 sugge-

146 2792 269 2834 reret
297 2783 406 2852 regi
431 2781 628 2835 Karolo
652 2790 759 2834 tam
788 2781 1148 2850 perniciosum
1181 2780 1377 2834 factum
1401 2779 1714 2843 dissolvere,

147 2882 192 2926 et
215 2889 268 2928 se
292 2885 454 2944 atque
486 2875 724 2946 reginam
755 2891 782 2927 a
810 2885 960 2929 tanto
987 2874 1298 2928 discrimine
1325 2872 1573 2927 liberare.
1609 2870 1712 2925 Sed

147 2965 253 3031 quia
300 2967 448 3035 quod
493 2977 778 3020 mormerat
827 2967 1044 3034 perduci
1097 2967 1164 3020 ad
1204 2965 1451 3021 eﬂ'ectnm
1489 2979 1593 3018 non
1636 2963 1717 3017 vi-

148 3054 300 3120 derat,
331 3055 443 3125 ipse
470 3057 752 3126 praefatum
785 3072 963 3124 regem
1003 3056 1128 3110 inde
1158 3056 1586 3110 commonuerit:
1619 3053 1712 3110 sed

147 3142 251 3209 ille,
304 3162 370 3201 ne
418 3148 658 3217 reginam
711 3147 1086 3208 contristaret,
1137 3147 1277 3215 quod
1325 3145 1463 3200 male
1511 3144 1710 3200 factum

149 3234 348 3300 sciebat,
374 3253 477 3291 non
499 3237 817 3292 correxerit.
845 3237 1074 3292 Reducit
1094 3237 1256 3291 etiam
1281 3237 1348 3290 ad
1372 3236 1706 3299 memoriam,
1739 3234 1761 3262 τ

150 3326 356 3392 qualiter
408 3328 667 3397 prmlatus
710 3343 824 3390 rex,
863 3338 1078 3399 petente
1126 3329 1449 3382 lrmintrude
1499 3327 1705 3395 regina,

149 3415 203 3470 de
229 3417 378 3472 rebus
410 3427 534 3474 tunc
569 3419 680 3474 suis
708 3436 801 3490 per
831 3420 1114 3475 concilium
1146 3419 1360 3474 Parduli
1392 3419 1710 3474 Lauduuen-

149 3505 210 3557 sis
241 3509 490 3578 episcopi,
525 3511 860 3581 privilegium
903 3512 968 3563 ad
1002 3511 1139 3564 idem
1171 3509 1477 3565 Oriuiacum
1521 3525 1706 3564 mona-

149 3597 345 3651 sterium
385 3615 413 3651 a
450 3614 509 3654 se
554 3601 767 3663 dictari,
799 3610 851 3654 ct
877 3617 905 3654 a
937 3601 1148 3654 caeteris
1198 3600 1463 3670 episcopis
1498 3599 1700 3653 lirmari

150 3693 411 3757 rogaverit,
436 3703 489 3747 et
515 3692 629 3762 ipse
659 3708 754 3747 rex
777 3692 1199 3746 conﬁrmaverit.
1240 3691 1335 3746 llic
1357 3703 1535 3746 autem
1565 3707 1699 3760 prm-

151 3779 214 3830 sul
233 3781 451 3849 jnssioui
485 3784 628 3854 regis
645 3783 922 3846 oliezlieus,
957 3799 1061 3836 non
1098 3785 1210 3838 Suis
1231 3784 1411 3839 verbis
1438 3783 1565 3837 illud
1596 3784 1702 3852 pri-

151 3870 372 3942 vilegium
404 3876 796 3944 composuerit;
861 3875 953 3929 sed
990 3875 1129 3929 sicut
1160 3875 1351 3928 beatus
1404 3873 1702 3944 Gregorius

151 3979 262 4032 papa
289 3967 348 4022 de
387 3967 619 4037 quodam
653 3968 985 4023 monasterio
1017 3984 1046 4020 a
1092 3968 1324 4036 quadam
1354 3967 1536 4038 regina
1569 3967 1698 4021 mdi-

153 4055 284 4112 lieato
309 4101 322 4124 ,
383 4060 496 4129 ipsa
527 4068 763 4127 petente,
797 4061 1116 4125 dictaverat,
1149 4070 1202 4113 et
1235 4060 1347 4128 ipse
1375 4074 1589 4128 quoque
1617 4060 1697 4113 di-

153 4152 318 4205 ctavcri
430 4150 513 4205 vel
545 4151 902 4213 transtulerit,
958 4159 1207 4220 repetens
1240 4151 1695 4214 maledictiouczn,

152 4250 283 4302 quam
318 4241 550 4294 domnus
577 4240 715 4293 idem
737 4240 1031 4308 Gregorius
1056 4240 1166 4310 (lib.
1192 4257 1252 4306 ll,
1280 4242 1430 4307 epist.
1461 4239 1546 4309 1‘0)
1574 4255 1700 4294 cou-

154 4331 216 4376 tra
261 4337 696 4398 prmsumptorem
736 4329 879 4384 illius
933 4330 1245 4383 monasterii
1291 4329 1560 4399 jaeulutus
1583 4329 1696 4382 sit:

152 4413 662 4488 adj?cieusque,quod
688 4419 794 4483 illa,
825 4420 1060 4488 quandiu
1090 4421 1141 4473 in
1170 4421 1268 4474 hac
1282 4421 1700 4490 praesumptio-ae

153 4514 195 4556 et
231 4509 500 4564 uialelacto
548 4511 950 4578 permanserit,
1013 4512 1438 4581 quotiescunque
1503 4527 1698 4580 corpus

1829 1967 1894 2021 ad
1931 1968 2250 2024 Remenscm
2303 1971 2566 2041 dirigeret
2585 1971 2796 2036 urbem,
2831 1973 2920 2043 qui
2949 1988 3091 2037 eam,
3133 1983 3188 2027 et
3235 1987 3418 2027 mona-

1825 2061 1988 2114 steria
2025 2062 2124 2115 sibi
2154 2063 2394 2132 subjecta
2423 2063 2633 2118 salvare
2668 2074 2886 2134 possent
2909 2064 2980 2118 ab
3014 2065 3212 2134 impetu
3239 2079 3419 2133 super-

1822 2153 2090 2208 venientis
2114 2157 2382 2209 exercitus
2434 2154 2913 2212 Transrhenensis.
2945 2157 3265 2228 Irmingardi
3289 2173 3418 2212 con-

1815 2241 1928 2312 jugi
1958 2243 2180 2298 Bosonis
2213 2245 2396 2316 inclyti
2429 2247 2551 2313 viri,
2576 2262 2674 2316 pro
2704 2247 2866 2331 rebps
2905 2247 3267 2302 Ecclesiarum
3298 2246 3418 2313 Dei,

1821 2348 1982 2402 quam
2026 2335 2278 2389 audierat
2325 2336 2658 2392 sullicieuter
2705 2337 2900 2392 litteris
2951 2337 3122 2391 sacris
3159 2337 3415 2391 imbutam

1821 2424 1888 2478 ab
1925 2425 2217 2480 Anastasio
2251 2429 2483 2495 quodam
2525 2426 2818 2482 didascalo.
2852 2427 3006 2482 Unde
3038 2427 3190 2496 petit,
3235 2435 3294 2481 ut
3323 2427 3414 2497 qui

1819 2531 1937 2571 eam
1967 2517 2112 2572 dedit
2157 2519 2317 2583 scire,
2357 2519 2444 2574 det
2487 2519 2684 2574 bonum
2716 2518 2872 2586 velle,
2920 2527 2975 2573 et
3019 2533 3198 2589 posse,
3249 2527 3414 2589 atque

1818 2605 2098 2676 perlicere.
2151 2607 2372 2663 Moriens
2413 2617 2472 2663 ut
2514 2609 2757 2663 hortetur
2797 2609 2970 2662 virum
3019 2623 3187 2663 suum.
3213 2608 3408 2663 timere

1816 2699 2005 2763 Deum,
2051 2707 2108 2754 et
2152 2700 2267 2770 ejus
2309 2701 2582 2756 custodire
2616 2701 2889 2755 mandata.
2928 2701 3004 2755 De
3051 2700 3208 2755 rebus
3243 2701 3408 2755 etiam

1814 2789 2214 2856 ecclesiasticis,
2244 2807 2380 2860 quas
2403 2793 2541 2846 sicut
2564 2793 2810 2846 audierat
2833 2792 2902 2844 ab
2935 2790 3181 2846 ecclesiis
3205 2790 3411 2846 abstrac

1815 2889 1932 2937 ctas
1970 2883 2081 2938 suis
2133 2883 2441 2941 hominibus
2485 2887 2768 2952 diviserat,
2818 2895 2877 2940 ut
2923 2887 3172 2941 ostendat
3219 2884 3291 2938 illi
3341 2900 3409 2940 ex

1815 2970 2111 3043 Scripturis
2140 2975 2342 3030 sanctis
2379 2992 2539 3046 quam
2579 2992 2741 3044 grave
2784 2975 3044 3046 judicium
3076 2975 3300 3044 proinde
3338 2975 3408 3026 sit

1813 3077 1845 3116 a
1883 3062 1992 3117 Deo
2020 3063 2311 3132 prolatum,
2341 3072 2396 3118 et
2438 3072 2654 3118 caetera.
2703 3065 2834 3119 ltcm
2876 3065 3089 3119 Bcrtha:
3116 3061 3407 3117 uxori'Ge-

1817 3155 1963 3209 rardi
1994 3155 2209 3210 comitis
2244 3171 2349 3225 pro
2386 3156 2546 3210 rebus
2575 3156 2833 3211 Ecclesitc
2864 3156 2964 3211 sibi
3009 3157 3312 3210 commissa:
3352 3155 3404 3206 in

1815 3243 2098 3298 Provincia
2139 3244 2278 3308 sitis,
2311 3260 2447 3313 quas
2477 3245 2654 3300 eidem
2684 3245 2929 3301 Gcrardo
2962 3246 3185 3300 tuendas
3245 3253 3406 3312 atque

1809 3337 2144 3391 ordinandas
2178 3337 2567 3392 commiserat:
2617 3347 2806 3407 petens
2845 3347 2902 3392 ut
2937 3339 3048 3408 ipsa
3089 3347 3304 3394 strenua
3334 3337 3406 3392 sit

1808 3430 2160 3484 interventrix
2186 3429 2332 3499 apud:
2353 3430 2636 3500 conjugem
2669 3427 2822 3485 suum
2855 3447 2951 3501 pro
2985 3433 3144 3486 rebus
3173 3431 3398 3486 eisdem.

1806 3519 2142 3576 lrminsinda:
2181 3522 2394 3577 cuidam
2433 3530 2724 3586 matronze,
2762 3539 2859 3592 pro
2887 3523 3116 3592 quodam
3153 3523 3401 3588 diacono,

1805 3623 1963 3678 quem
1987 3610 2074 3664 illa
2089 3612 2470 3681 comprehendi
2482 3613 2744 3681 jusserat,
2770 3623 2826 3667 et
2855 3613 2907 3666 in
2937 3615 3216 3668 servitium
3243 3629 3399 3668 suum

1807 3700 1993 3769 redigi,
2023 3701 2250 3755 reddens
2272 3701 2536 3755 rationem
2560 3702 2793 3770 qualiter
2815 3701 2956 3754 idem
2984 3702 3243 3755 diaconus
3266 3701 3402 3755 liber

1804 3789 2040 3860 legitime
2059 3789 2231 3844 factus
2251 3789 2444 3855 fuerat,
2465 3798 2520 3844 et
2540 3791 2810 3859 quomodo
2829 3789 2943 3857 ejus
2964 3791 3226 3860 recipiens
3241 3790 3401 3844 liber-

1805 3889 1968 3936 tatem
2020 3881 2304 3935 diaconum
2357 3880 2581 3936 licenter
2623 3881 3010 3935 ordinaverat:
3075 3883 3396 3946 ostendens,

1803 3971 1943 4041 quod
1961 3971 2003 4024 si
2032 3987 2222 4026 servus
2245 3971 2409 4040 ipsius
2432 3971 2644 4036 fuisset,
2668 3987 2842 4040 neque
2865 3971 3168 4026 libertatem
3187 3972 3398 4026 habuis-

1801 4069 1903 4127 set,
1924 4070 1978 4115 et
2002 4069 2151 4116 tanto
2177 4070 2418 4131 tempore
2442 4070 2563 4131 post
2587 4061 2985 4116 ordinationem
3009 4075 3162 4115 suam
3190 4061 3305 4114 sine
3337 4062 3398 4114 il-

1802 4151 1906 4207 lius
1931 4153 2251 4220 repetitione
2275 4153 2584 4217 mansisset,
2611 4153 2905 4206 secundum
2923 4167 3106 4208 sacras
3131 4151 3272 4222 leges
3286 4151 3395 4221 jam

1801 4245 1854 4298 in
1878 4246 2158 4301 servitium
2189 4246 2354 4314 repeti
2380 4261 2484 4300 nou
2511 4255 2728 4315 posset;
2758 4255 2962 4314 quanto
2988 4246 3163 4299 minus
3191 4243 3276 4296 ille
3305 4245 3396 4313 qui

1801 4337 2024 4390 colonus
2051 4337 2472 4403 ecclesiasticus,
2499 4346 2553 4391 et
2578 4352 2684 4391 non
2708 4337 2934 4405 alicujus
2958 4336 3155 4399 hierat,
3177 4346 3231 4388 et
3252 4335 3336 4404 h-g
3355 4355 3391 4387 ι-

1803 4425 2090 4482 litcrliber
2127 4427 2322 4494 factus,
2354 4428 2614 4483 canonice
2661 4427 2962 4489 ordinatus,
3013 4437 3070 4480 et
3117 4425 3392 4488 ECCICJI'U,

1803 4528 1964 4586 atque
2008 4519 2308 4573 ordinatori
2366 4534 2464 4573 suo
2510 4519 2758 4588 proprius
2811 4527 2928 4572 erat
2969 4516 3216 4582 ell‘cctus,
3274 4534 3395 4570 iuo-

155 4600 194 4643 el
233 4598 534 4668 sanguinem
583 4598 790 4652 Domini
842 4599 1088 4668 accipere
1124 4609 1497 4668 praesumeret,
1558 4600 1700 4668 judi-

1823 4619 2004 4678 ietqne
2033 4619 2092 4664 ut
2114 4611 2274 4664 talem
2301 4577 2774 4680 praesumptionem
2802 4609 3028 4664 ulterius
3055 4609 3119 4664 de
3150 4610 3262 4680 ipsa
3287 4627 3392 4663 non

153 4682 284 4753 cium,
329 4689 380 4743 id
432 4698 540 4754 est,
589 4690 998 4744 damnationem
1057 4691 1156 4743 sibi
1220 4692 1482 4760 accipiet;
1544 4691 1697 4745 obse-

154 4787 338 4848 cratque
375 4797 605 4836 monens
628 4781 769 4836 illam
789 4823 804 4846 ,
845 4790 902 4835 ut
931 4798 1034 4836 non
1058 4799 1248 4837 sensus
1272 4783 1459 4852 ipsius,
1486 4791 1577 4836 aut
1603 4784 1703 4837 ali-

158 4867 275 4933 cnjus
322 4874 593 4946 suggestio
651 4889 772 4927 eam
802 4875 1051 4942 decipiat,
1084 4875 1175 4928 sed
1209 4874 1274 4928 de
1299 4875 1536 4928 remedio
1562 4875 1702 4945 regis

150 4959 328 5030 animae,
353 4980 412 5019 ac
438 4963 506 5019 de
539 4963 909 5033 redemptione
946 4979 1041 5017 sua
1075 4963 1292 5033 cogitet,
1323 4964 1540 5032 etquod
1562 4964 1700 5018 male

159 5058 302 5107 actum
345 5064 425 5110 est
469 5056 749 5124 corrigere
787 5053 1025 5109 festinet.
1071 5054 1200 5109 Illud
1234 5055 1398 5109 etiam
1431 5055 1573 5124 quod
1603 5072 1698 5110 au-

158 5139 296 5198 dierat
321 5146 460 5201 illam
482 5156 850 5217 perpetrasse,
886 5146 1092 5201 scilicet
1121 5147 1245 5216 quia
1275 5147 1557 5217 praefatum
1591 5147 1700 5217 pri—

158 5237 366 5308 vilegium
392 5286 408 5309 ,
461 5253 515 5300 et
544 5251 874 5314 praeceptum
918 5243 1094 5313 regale
1121 5243 1187 5298 de
1229 5243 1345 5311 ipso
1371 5244 1698 5298 monasterio

161 5328 404 5358 ﬁliai-.I.\_-,n
497 5346 754 5358 --.--sa..---

787 5333 982 5358 ...ηδ-...κ
1019 5332 1200 5358 tam...“
1238 5333 1420 5358 n-.--,:l
1506 5343 1550 5358 ..ι
1599 5337 1697 5358 [Α-

1805 4701 2006 4763 audiat,
2038 4703 2163 4770 quia
2214 4702 2258 4755 si
2287 4702 2391 4756 hoc
2436 4701 2524 4754 illa
2570 4709 2943 4770 prmsumeret,
2979 4700 3092 4770 ipse
3123 4700 3224 4754 hoc
3250 4699 3394 4768 lega-

1815 4789 1940 4843 liter
1963 4798 2128 4859 atque
2159 4789 2484 4860 regulariter
2512 4788 2788 4843 vindicare
2833 4788 3098 4853 studeret,
3139 4787 3396 4856 adjiciens

1807 4880 1949 4934 illam
1975 4895 2039 4935 se
2068 4881 2248 4936 taliter
2274 4896 2639 4946 commonere,
2673 4879 2800 4949 quia
2851 4879 3076 4937 charam
3106 4878 3394 4935 familiari-

1805 4981 1968 5027 tatem
1998 4973 2167 5040 ipsam
2191 4975 2442 5031 habebat.

2356 5065 2585 5124 CAPUT
2622 5066 2856 5124 XXVIII.

1998 5155 2131 5220 Quae
2152 5158 2250 5212 sibi
2277 5158 2521 5228 subjectis
2546 5160 2740 5215 monita
2763 5159 2953 5218 salutis
2977 5161 3215 5218 ediderit.

1884 5241 1994 5297 Sibi
2021 5260 2238 5318 quoque
2264 5246 2524 5316 subjectis
2573 5249 2825 5304 nonnulla
2859 5253 3127 5311 scribens,
3164 5256 3221 5302 ut
3245 5253 3394 5315 pater

1809 5333 1948 5358 (tu-..
2025 5335 2084 5358 ⁴Ι.
2144 5337 2326 5358 -__--I.!-

2658 5346 2876 5358 ε..-ι..--;ι
2912 5355 2934 5358 ,κ
2963 5346 3228 5358 Α------ῖᾷ.ο
3278 5346 3384 5358 ΠΛ...
