3904 5396
464 350 587 405 255‘

1505 374 1507 376 -
1545 343 1930 409 FLOBDARDI
1968 353 2286 415 CANONiCl
2323 358 2666 420 ηΕΜεΝδις

3642 361 3747 421 236

472 465 627 526 laesos
653 463 988 529 existimant,
1024 465 1091 519 ad
1121 465 1294 535 ipsam
1320 467 1583 539 synodum
1609 471 1900 526 convenire
1927 485 2048 538 pro-
2080 476 2122 534 Α
2152 472 2467 541 gnitionem.
2542 476 2692 542 Quoi
2744 489 2789 528 SI
2857 490 3038 530 comes
3110 476 3190 530 ita.
3246 474 3425 532 facere
3484 474 3741 532 noluerit.

470 566 684 622 curent,
714 557 975 626 quosdam
1025 574 1154 614 vero
1184 575 1308 616 cum
1341 563 1666 618 auctoritate
1720 565 1970 630 invitent,
2003 575 2058 620 et

470 649 658 702 venire
694 657 1096 703 commoneant.
1140 647 1248 705 Sed
1273 661 1328 706 et
1356 651 1604 708 Milonem
1633 669 1758 708 cum
1805 654 1914 709 tilia
1939 671 2056 719 sua,

471 752 577 803 qua
609 734 890 790 Fulcricus
925 737 1129 793 abusus
1183 738 1380 807 fuerat,
1413 751 1467 796 et
1491 757 1680 798 omnes
1705 745 1796 813 qui
1828 761 2059 800 consen-

473 824 616 878 tanei
652 823 954 878 fueruutin
1002 826 1089 880 illa
1143 827 1381 884 indebita
1423 831 1807 900 conjunctione
1833 838 2056 908 presliy-

475 917 599 982 teri,
630 926 686 971 et
712 917 765 970 in
797 932 1026 986 quorum
1069 921 1342 988 parocbiis
1369 925 1758 990 consistebant,
1781 942 1849 980 ex
1894 930 2060 985 verbo

473 1009 594 1071 llei.
632 1019 692 1065 et
733 1025 854 1077 suo,
908 1022 1073 1081 atque
1094 1028 1158 1067 ex
1189 1013 1367 1068 banno
1400 1017 1554 1087 regis.
1577 1019 1643 1072 ad
1693 1020 1936 1075 eamdem
1969 1036 2058 1091 sy-

476 1101 680 1162 nozlum
714 1103 1005 1158 convenire
1045 1104 1291 1173 jubeant.
1336 1106 1576 1164 Ansoldo
1601 1109 1816 1176 Gerolo,
1867 1123 1921 1166 et
1953 1114 2058 1167 lla-

477 1192 656 1256 drico,
690 1206 788 1260 pro
812 1193 1164 1262 inquisitione
1192 1198 1471 1267 cujusdam
1497 1200 1680 1256 fratris
1721 1204 2057 1273 ltagatnfredi

478 1280 854 1336 ministerialis
881 1283 988 1351 sui,
1020 1294 1075 1338 et
1101 1294 1179 1350 ut,
1205 1287 1249 1341 si
1277 1304 1502 1344 necesse
1529 1299 1693 1353 esset,
1722 1291 1911 1356 libera,
1954 1294 2062 1347 sal-

476 1383 653 1438 vaque
685 1373 932 1426 custodia
984 1375 1340 1444 detineretur,
1380 1393 1448 1433 ne
1494 1378 1795 1452 aufugeret,
1848 1383 2062 1452 sibique

477 1461 862 1519 adduceretur.
887 1465 1147 1524 Maudans
1175 1470 1339 1524 etiam
1371 1471 1546 1526 eidem
1578 1471 1622 1525 ll
1645 1472 1962 1543 ‘gamfredo,
1993 1491 2060 1530 ex

478 1553 802 1609 auctoritate
831 1555 922 1610 Dei
954 1571 1019 1610 ac
1066 1573 1162 1612 sua
1210 1561 1588 1630 prmcipiendo,
1617 1571 1675 1616 ut
1698 1578 1820 1618 cum
1853 1563 2061 1633 ipsisin

477 1643 666 1697 eadem
697 1656 1011 1712 permaneat
1040 1647 1408 1718 inquisitione.
1441 1649 1538 1705 Cui
1583 1653 1747 1705 etiam
1777 1661 2062 1722 postquam

479 1744 802 1800 recesserat,
840 1735 894 1788 in
937 1737 1132 1793 alienis
1173 1741 1448 1810 parocbiis
1499 1742 1817 1798 immoranti.
1856 1745 2064 1802 litteras

2161 563 2473 617 renuntient
2516 564 2611 627 illi,
2647 575 2705 618 ut
2752 565 2865 634 ipse
2902 565 3004 619 lioc
3036 566 3236 620 indicet
3283 567 3414 637 regi.
3450 566 3744 636 Postquam

2160 653 2276 709 btec
2319 664 2439 710 acta
2489 656 2721 720 fuerint,
2754 658 2826 713 ita
2873 660 3136 714 rationem
3170 658 3328 728 lmjus
3358 659 3747 729 aggrediamur

2153 743 2366 814 judicii,
2402 755 2462 800 ut.
2503 749 2820 817 provideant
2854 765 2921 804 ne
2951 763 3050 818 per
3073 748 3436 818 ignorantiam
3467 760 3748 804 accusato-

2161 841 2754 913 resipsiuspresbyteri
2781 858 2892 896 rem
2919 842 3078 896 talem
3109 841 3334 911 alicujus
3357 840 3586 912 i‘mpulfsu
3613 857 3750 908 prmo

2160 942 2396 997 sumant,
2423 935 2563 988 unde
2587 936 2831 990 damnari
2855 936 3082 1004 possint,
3108 935 3246 992 sicut
3271 933 3541 1004 provideri
3567 934 3744 996 delael,

2161 1035 2229 1076 ne
2275 1022 2557 1094 presbyter
2597 1021 2793 1092 injuste
2823 1024 3126 1079 damnetur.
3159 1022 3286 1077 Post
3331 1024 3446 1078 btec
3497 1022 3752 1090 adjureut

2163 1123 2510 1168 accusatores
2551 1113 2630 1167 vel
2677 1123 2844 1168 testes
2875 1128 3063 1169 eorunt
3100 1113 3152 1166 in
3192 1111 3404 1166 illortuu
3450 1109 3746 1179 baptisma,

2161 1215 2216 1260 et
2237 1206 2358 1261 aliis
2386 1205 2617 1262 diversis
2643 1205 3102 1274 adjorationibus.
3133 1219 3201 1260 ne
3227 1204 3375 1266 odio,
3405 1202 3491 1256 vel
3524 1202 3745 1267 invidia,

2164 1306 2257 1352 aut
2285 1296 2476 1351 timore
2502 1295 2726 1364 alicujus
2751 1338 2766 1361 ,
2798 1295 2883 1350 vel
2913 1297 3252 1350 hortamento
3277 1293 3343 1348 de
3373 1295 3490 1362 ipso
3518 1292 3746 1362 presby-

2165 1399 2282 1445 tero
2333 1389 2673 1445 mendacium
2727 1386 3047 1458 proferant,
3097 1399 3198 1440 nec
3260 1399 3357 1454 pro
3410 1381 3623 1454 gratia,
3666 1379 3760 1436 vei'

2165 1495 2370 1542 amore,
2401 1489 2495 1534 aut
2522 1479 2742 1549 prtemio
2789 1478 2912 1533 inde
2938 1476 3219 1532 veritatem
3248 1472 3534 1528 reticeam.
3563 1469 3752 1525 Notiti-

2165 1558 2318 1627 oetur
2337 1571 2500 1626 etiam
2529 1569 2733 1624 eisdem
2759 1567 3170 1624 accusatoribus
3194 1571 3251 1619 et
3279 1561 3530 1626 tesubus,
3564 1557 3752 1629 quales

2165 1675 2428 1731 personas
2476 1659 2542 1715 ad
2587 1659 2987 1714 accusationem
3015 1653 3338 1727 presbyteri,
3370 1651 3451 1706 vel
3483 1651 3550 1705 ad
3594 1649 3748 1705 testi-

2169 1751 2407 1806 monium
2432 1763 2594 1818 super
2615 1764 2737 1802 eum
2760 1746 2903 1803 sacri
2934 1759 3171 1800 canones
3199 1742 3362 1812 recipi
3391 1757 3498 1815 non
3528 1739 3752 1812 permit-

478 1826 669 1889 mittit,
711 1842 976 1883 revocans
1020 1845 1142 1884 eum
1186 1834 1510 1889 auctoritate
1557 1837 1840 1900 canonica,
1896 1840 2064 1896 utad
2097 1837 2137 1895 Β
2172 1847 2307 1900 tunt,
2337 1848 2389 1894 et
2419 1838 2652 1908 qualiter
2697 1837 2892 1892 discuti
2939 1836 3166 1890 debeant
3209 1841 3264 1886 et
3315 1839 3666 1886 accusatores
3698 1835 3751 1880 et

479 1918 819 1986 metropolim
850 1934 1004 1974 suam
1042 1923 1248 1988 redeat,
1296 1932 1351 1979 et
1389 1926 1507 1995 ejus
1552 1941 1610 1981 se
1658 1928 1946 1984 humilitati
1978 1943 2066 1984 re-

480 2018 808 2075 praesentet;
850 2010 934 2064 vel
966 2011 1012 2066 si
1041 2011 1106 2068 de
1139 2013 1528 2084 ipsiusjudicio
1551 2020 1834 2088 quatritur,
1859 2023 2072 2092 synodo

481 2098 716 2168 regulari
745 2101 936 2157 adesse
967 2102 1208 2158 festinet.
1233 2104 1474 2163 Gisloldo
1500 2110 1884 2166 cauouicorum
1931 2129 2066 2182 prte-

479 2191 678 2264 posito,
709 2208 807 2262 pro
853 2193 1198 2252 facultatibus
1224 2197 1324 2254 sibi
1351 2200 1691 2270 commissis,
1724 2211 1782 2256 et
1831 2203 2066 2260 indcbite

482 2285 774 2351 usurpatis,
805 2285 896 2354 qui
925 2301 1022 2356 pro
1053 2287 1152 2342 bac
1183 2296 1235 2343 te
1279 2290 1648 2359 irregulariter
1685 2293 1753 2347 ab
1811 2293 1927 2362 ipso
1955 2294 2062 2349 dis—

480 2385 756 2442 c'sserat,
813 2388 1106 2449 monetque
1155 2383 1476 2442 auctoritate
1505 2387 1784 2456 canonica,
1827 2397 1886 2443 ut
1939 2389 2065 2444 red-

480 2475 588 2530 eat,
623 2475 677 2520 et
721 2468 790 2522 dc
828 2468 934 2534 bis,
983 2484 1104 2538 quae
1152 2471 1230 2526 illi
1275 2475 1705 2544 opponebantur,
1753 2477 2065 2534 satisfacere

479 2558 714 2612 studeat.
765 2558 1082 2617 Tlteodacro
1123 2578 1337 2633 quoque
1391 2567 1716 2635 praeposito,
1748 2583 1846 2637 pro
1876 2569 2063 2624 eodem

479 2649 750 2717 Gissoldo,
776 2668 875 2722 pro
913 2669 1020 2723 quo
1055 2653 1396 2712 lrmintrudis
1427 2659 1608 2728 regina
1636 2661 1976 2728 precabatur,
2008 2668 2068 2714 ut

481 2752 688 2812 partem
743 2745 1179 2801 collaborationis
1217 2762 1347 2814 suae,
1403 2764 1522 2818 qua:
1576 2750 1965 2806 rationabiliter
2014 2755 2076 2809 ei

482 2835 845 2902 competebat,
871 2835 988 2888 dari
1021 2835 1238 2904 juberet
1269 2855 1283 2904 ;
1323 2839 1366 2893 si
1401 2855 1504 2907 qua
1535 2854 1661 2893 vero
1693 2841 1765 2894 illi
1796 2842 2067 2898 debeban-

484 2931 572 2976 tur
599 2923 652 2977 iu
699 2923 802 2979 boc
834 2925 1125 2996 episcopio,
1171 2927 1347 2981 eidem
1402 2926 1793 2986 redderentur:
1843 2931 1984 3000 quod
2012 2941 2068 2986 et

482 3018 628 3073 idem
679 3021 964 3092 episcopus
993 3022 1109 3078 fieri
1135 3023 1314 3093 jubet,
1338 3032 1396 3078 et
1421 3024 1546 3092 quia
1582 3025 1795 3079 dixerat
1831 3041 1889 3080 se
1937 3028 2066 3082 mis-

483 3112 711 3167 saticum
746 3113 948 3168 habere
975 3130 1038 3170 ex
1071 3124 1225 3185 parte
1259 3117 1455 3185 reginae
1480 3117 1554 3170 ad'
1573 3118 1886 3182 canonicos,
1913 3135 2066 3174 man-

2166 1939 2351 1986 tcstes.
2405 1928 2598 1985 Omnia
2629 1943 2758 1983 vero
2799 1942 2918 1998 quae
2967 1933 3310 1982 accusatores
3351 1921 3438 1977 vel
3487 1929 3659 1976 testes
3688 1918 3749 1974 de

2164 2019 2389 2090 singulis
2453 2019 2634 2074 causis
2708 2018 2978 2074 testiﬁcati
3047 2017 3287 2080 fuerint,
3347 2013 3749 2074 describantur,

2163 2121 2219 2167 et
2256 2127 2436 2167 coram
2496 2111 2746 2165 omnibus
2801 2109 3064 2180 legantur,
3112 2116 3171 2162 ut
3223 2107 3295 2161 ita
3352 2101 3524 2158 fuisse
3614 2103 3749 2157 dicta

2165 2202 2599 2270 comprobentur.
2662 2200 3050 2257 Describantur
3100 2211 3314 2268 quoque
3385 2207 3579 2248 omnes
3662 2190 3748 2261 qui

2165 2295 2220 2349 in
2267 2295 2370 2350 boc
2420 2293 2631 2362 placith
2662 2292 2894 2358 fuerint,
2935 2288 3136 2346 tam'de
3199 2284 3533 2360 presbyteris
3593 2297 3750 2352 quain

2165 2387 2232 2442 de
2338 2385 2505 2447 laicis,
2579 2394 2741 2455 prout
2815 2382 3114 2438 necessitas
3193 2394 3312 2434 esse
3391 2377 3506 2431 visa
3571 2372 3748 2428 fuerit.

2166 2477 2234 2534 Et
2283 2486 2346 2531 ut
2393 2486 2738 2533 accusatores
2783 2490 2934 2530 suam
2987 2471 3354 2543 praesentiam,
3411 2477 3583 2524 testes
3626 2479 3749 2520 vero

2159 2567 2528 2638 juramentum
2553 2565 2676 2636 jure
2699 2565 3056 2638 polliceantur
3084 2578 3143 2619 se
3163 2563 3386 2618 daturos
3411 2561 3464 2615 in
3503 2559 3749 2630 proximo

2165 2661 2388 2731 placito,
2403 2661 2544 2729 quod
2567 2674 2799 2715 canones
2821 2658 3137 2728 presbytero
3160 2656 3358 2709 donent
3384 2653 3451 2706 ad
3475 2649 3747 2706 licentiam

2166 2765 2226 2807 se
2250 2749 2569 2806 defendendi
2599 2749 2680 2805 vel
2705 2745 3082 2818 respondendi.
3107 2744 3257 2812 Quod
3291 2741 3547 2813 placitum
3576 2738 3745 2794 eidem

2167 2843 2483 2913 presbytero
2526 2839 2874 2895 denuntietur
2897 2837 2964 2892 ad
2995 2836 3212 2907 triginta
3242 2834 3390 2898 dies,
3421 2840 3482 2884 ut
3513 2830 3587 2884 ita
3618 2842 3745 2897 ρη-

2167 2942 2390 3003 paratus
2411 2931 2611 2995 veniat,
2635 2945 2742 2999 quo
2763 2945 2822 2984 se
2844 2928 2926 2992 vel
2949 2925 3205 2982 canonice
3229 2922 3500 2993 puriﬁcet,
3521 2918 3607 2972 vel
3628 2931 3748 2972 con-

2167 3021 2373 3079 credat.
2406 3020 2557 3088 Quod
2589 3020 2635 3074 si
2667 3033 2772 3074 non
2821 3017 3010 3073 fecerit
3035 3055 3051 3080 ,
3077 3013 3396 3071 canonicam
3438 3025 3497 3065 se
3535 3020 3756 3077 suscep~

2169 3120 2348 3166 turum
2396 3110 2717 3166 sententiam
2771 3107 2926 3162 sciat.
2977 3105 3190 3160 Mittant
3233 3115 3446 3172 quoque
3489 3099 3757 3159 bannmn,

482 3202 578 3254 dat
603 3211 661 3256 ut
701 3203 748 3257 si
776 3205 986 3259 venerit
1028 3206 1095 3260 ad
1123 3220 1238 3271 eos,
1262 3206 1402 3262 sicut
1453 3208 1649 3262 missus
1674 3207 1876 3278 reginae
1901 3224 2062 3264 vcue-
2094 3197 2140 3259 C
2173 3201 2266 3256 Dei
2295 3211 2349 3257 et
2374 3216 2652 3256 sacrorum
2697 3213 2964 3254 canonum
3019 3195 3341 3250 auctoritate
3363 3232 3378 3258 ,
3410 3190 3747 3278 Γθὲῖεψιένπ

483 3294 729 3348 rabilitcr
754 3297 1100 3366 suscipiatur.
1135 3299 1387 3353 Gerardo.
1420 3299 1647 3364 decano,
1695 3315 1794 3368 pro
1831 3300 2064 3369 quodam

490 3383 722 3441 Radulfo
743 3389 1226 3453 excommunicato,
1272 3389 1362 3459 qui
1404 3391 1468 3444 ad
1515 3405 1574 3446 se
1612 3401 1835 3448 venerat
1878 3401 2068 3460 petens

485 3479 884 3547 paenitentiam.
917 3478 1015 3535 Cui
1048 3482 1290 3551 praecipit
1319 3492 1378 3536 ut
1421 3482 1601 3536 Remis
1639 3483 1884 3538 eamdem
1913 3497 2067 3540 acce-

486 3576 700 3638 pturus,
734 3571 939 3626 veniret
965 3586 1086 3626 cum
1117 3570 1313 3626 femina
1344 3573 1756 3638 sanctimoniali,
1781 3589 1942 3644 quam
1965 3576 2068 3632 sibi

481 3656 864 3726 coniunxerat.
894 3659 1054 3717 Jubet
1081 3671 1260 3717 autem
1303 3663 1426 3719 huic
1456 3663 1792 3735 presbytero,
1828 3673 1888 3718 ut
1919 3679 2070 3720 com-

483 3748 706 3803 mendet
733 3749 853 3805 aliis
887 3753 1236 3824 presbyteris,
1258 3763 1525 3819 quatenus
1568 3769 1820 3824 magnam
1865 3754 2066 3809 sollici-

482 3840 726 3898 tudinem
749 3842 814 3897 de
840 3841 945 3898 illis
982 3843 1270 3915 accipiant,
1308 3854 1576 3914 quatenus
1606 3844 1835 3911 scilicet,
1872 3844 1918 3899 si
1950 3844 2070 3914 qui-

487 3930 618 3987 libet
643 3946 830 3988 eorum
861 3934 1174 3992 infirmitate
1217 3946 1523 4006 praeventus
1549 3936 1734 4001 fuerit,
1762 3938 1831 3994 de
1860 3951 1965 4007 qua
2011 3951 2070 3993 se

483 4038 644 4098 putet
667 4031 901 4084 evadere
927 4046 1033 4086 non
1062 4046 1243 4102 posse,
1270 4033 1316 4087 si
1342 4032 1672 4102 promiserit,
1694 4033 1821 4100 quia
1849 4033 1916 4087 de
1946 4046 2077 4102 pec-

490 4129 613 4173 cato
633 4133 735 4172 suo
763 4135 831 4174 ex
851 4122 1015 4174 corde
1042 4123 1322 4190 paeniteat,
1349 4131 1406 4177 et
1445 4137 1541 4192 per
1575 4124 1766 4194 dignos
1796 4123 2070 4193 paeniten-

481 4211 580 4264 tia:
633 4210 837 4265 fructus
881 4212 1010 4267 illud
1061 4227 1121 4267 se
1156 4227 1340 4268 coram
1391 4215 1616 4269 testibus
1671 4215 1986 4279 emendare,
2009 4228 2073 4269 ac

486 4301 728 4370 episcopi
751 4299 980 4367 jussioni
1018 4302 1240 4357 obedire
1265 4302 1606 4372 profiteatur,
1652 4305 1929 4359 absolutus
1952 4305 2069 4358 exi-

484 4400 619 4445 stat.
652 4391 937 4461 Sigloardo
957 4393 1452 4466 arcbipresbytero,
1489 4395 1722 4451 Ansoldo
1748 4411 1981 4466 quoque,
2017 4407 2074 4452 et

480 4486 706 4541 caeteris
747 4487 1092 4557 quibusdam,
1135 4503 1272 4558 quos
1326 4489 1724 4560 inquisitionem
1781 4490 1959 4545 facere
2006 4490 2073 4546 de

2169 3293 2417 3363 praesulis
2439 3290 2848 3355 interdictione,
2872 3299 2930 3343 ut
2956 3303 3114 3343 nemo
3144 3285 3243 3358 ipsi
3275 3282 3591 3354 presbytero
3620 3277 3747 3331 ullas

2169 3382 2858 3451 iusidiasprmparet,-aut
2905 3377 3138 3446 aliquam
3187 3371 3496 3428 violentiam
3551 3367 3755 3430 faciat;-

2169 3477 2264 3531 sed
2310 3489 2410 3529 nec
2450 3474 2565 3543 ejus
2597 3469 3006 3528 accusatoribus
3037 3467 3122 3522 vel
3155 3465 3403 3527 testibus,
3445 3461 3621 3516 donec
3653 3459 3747 3512 ista

2169 3580 2332 3622 causa
2383 3564 2609 3634 legalem
2678 3560 3050 3615 dilIinitionem
3112 3554 3380 3625 accipiat,
3429 3550 3746 3622 prmcipicns

2169 3657 2346 3712 etiam,
2381 3655 2524 3726 quod
2552 3653 2668 3708 fieri
2701 3652 2922 3706 deberet
2949 3647 3158 3708 de,illis
3185 3645 3516 3706 hominibus,
3550 3640 3641 3710 qui
3673 3637 3747 3692 al-

2171 3756 2286 3804 tera
2328 3747 2465 3811 vice,
2491 3743 2709 3816 quando
2742 3743 2854 3811 ipse
2905 3739 3190 3810 presbyter
3234 3734 3399 3789 fuerit
3444 3740 3744 3794 accusatus,

2165 3838 2508 3910 juraverunt,
2535 3841 2590 3890 et
2617 3846 2772 3888 suum
2803 3838 3202 3886 sacramentum
3226 3823 3435 3893 judicio
3490 3821 3746 3892 approba

2170 3936 2385 3992 verunt,
2410 3935 2539 3980 tunc
2567 3931 2744 3976 autem
2770 3935 2829 3974 se
2855 3917 3163 3989 perjurasse
3195 3915 3466 3969 dicebant.
3512 3911 3589 3966 De
3615 3920 3748 3965 terra

2171 4031 2386 4091 quoque
2415 4013 2670 4072 Ecclesia
2709 4008 3019 4081 pertinenti,
3064 4007 3203 4062 unde
3229 4004 3502 4060 contentio
3526 4000 3748 4057 ventila-

2171 4111 2332 4166 batur
2362 4110 2502 4164 inter
2543 4103 2796 4160 comitem
2836 4110 2891 4155 et
2928 4099 3322 4170 presbyterum,
3349 4095 3480 4164 quid
3517 4092 3635 4147 fieri
3667 4091 3747 4144 de-

2171 4203 2347 4263 beret,
2378 4207 2435 4254 et
2468 4205 2528 4252 ut
2557 4197 2642 4250 bis
2664 4208 2782 4264 quae
2806 4190 3096 4246 mandabat
3119 4202 3324 4251 comes,
3350 4183 3599 4239 obcdiret
3623 4199 3636 4235 :
3665 4186 3747 4234 aut

2173 4293 2218 4346 si
2254 4289 2437 4355 nollet,
2485 4286 2712 4357 proinde
2740 4283 2807 4338 ad
2835 4280 3090 4352 placitum
3120 4292 3300 4332 coram
3329 4290 3456 4344 rege
3493 4285 3551 4326 ct
3583 4269 3744 4335 fideli,-

2173 4381 2274 4436 bus
2303 4379 2493 4448 ipsius,
2515 4386 2623 4430 tam
2649 4372 2936 4446 episcopis.
2963 4385 3124 4439 quam
3166 4366 3316 4424 laicis
3344 4365 3576 4418 veniret.
3608 4359 3746 4428 Quod

2175 4473 2219 4526 si
2252 4469 2537 4541 presbyter
2557 4467 2678 4521 aliis
2704 4464 3080 4521 obcdientibus
3106 4458 3325 4513 obedire
3355 4455 3544 4534 nollet,
3577 4456 3644 4507 ad
3667 4467 3746 4523 sy-

493 4577 728 4647 quodam
757 4554 1074 4650 presbytero
1111 4554 1352 4648 iusserat
1376 4554 1415 4634 τ’
1434 4581 1630 4648 quibus
1657 4580 1802 4635 lume
1826 4580 2070 4635 ordinem
2103 4560 2152 4620 ί)
2177 4567 2374 4623 "Odm"
2447 4559 2955 4632 εοιηρτονίιιεῖθιθιη
3015 4554 3276 4650 6³ηοηῖεὲ
3342 4555 3746 4650 Ρξοτοςδξῗίυτ·

495 4669 550 4723 in
572 4671 760 4724 eadem
789 4669 1139 4740 inquisitione
1186 4679 1369 4726 tenere
1410 4671 1673 4740 prateipit,
1701 4678 1760 4724 ut
1792 4669 2071 4740 quoniam,

477 4761 738 4818 audierat
781 4764 1031 4818 eumdem
1081 4762 1459 4835 presbyterum
1511 4763 1621 4818 suis
1652 4761 1969 4831 quibusdam
2001 4763 2078 4817 fa-

477 4851 787 4908 ‘cultatibus
815 4863 1005 4909 contra
1052 4852 1195 4922 leges
1246 4853 1624 4923 exspoliatum,
1667 4852 1781 4907 suis
1823 4852 2076 4909 omnibus

499 4942 864 5006 revestiretur,
884 4953 1170 5012 antequam
1192 4944 1304 4998 suis
1331 4941 1735 4998 accusatoribus
1755 4941 2080 5012 respondere

499 5042 800 5102 cogeretur,
832 5049 895 5087 ne
923 5037 1108 5089 contra
1165 5033 1338 5104 legem
1387 5035 1559 5097 fieret,
1587 5043 1640 5089 et
1667 5035 1781 5102 ipse
1823 5033 2017 5105 prtesul
2045 5049 2076 5088 a

397 5124 400 5126 ⁷
497 5126 818 5199 presbytero
845 5126 1016 5194 legem
1048 5125 1304 5189 tollendo,
1345 5126 1587 5180 eamdem
1618 5141 1832 5196 quoque
1857 5127 1963 5181 sibi
1985 5141 2080 5179 au-

2176 4663 2306 4718 ltem
2335 4658 2614 4731 Sigloardo
2638 4663 2694 4711 et.
2729 4651 2985 4712 Ansoldo,
3017 4662 3114 4718 pro
3159 4646 3348 4736 eadem
3390 4640 3745 4736 inquisitione.

2177 4763 2507 4806 succensens
2525 4762 2640 4811 eos,
2662 4744 2805 4816 quod
2832 4741 3165 4816 negligenter
3185 4735 3328 4790 illam
3359 4732 3471 4788 siut
3494 4732 3746 4788 exsecuti,

2169 4851 2235 4898 .et
2267 4849 2482 4896 caztera.
2508 4838 2639 4891 ltem
2664 4849 2762 4906 pro
2791 4831 3023 4902 quodam
3057 4825 3392 4901 presbytero,
3419 4823 3509 4892 qui
3532 4836 3618 4884 ea,
3643 4831 3748 4888 qua:

2178 4934 2245 4991 de
2272 4947 2371 4987 suo
2391 4927 2694 4987 ministerio
2717 4923 2986 4996 quondam
3011 4919 3294 4981 didicerat,
3321 4923 3440 4985 post
3467 4909 3750 4978 ordinatio-

2179 5039 2302 5080 nem
2332 5039 2484 5080 suam
2515 5036 2610 5092 per
2639 5018 2902 5074 incuriam
2935 5015 3108 5070 fuerat
3149 5010 3378 5072 oblitus,
3415 5005 3559 5060 unde
3588 5002 3748 5072 jusse-

2181 5127 2266 5173 rat
2285 5132 2409 5173 eum
2436 5112 2744 5183 aliquandiu
2771 5111 2871 5164 sub
2894 5106 3136 5162 custodia
3162 5103 3429 5157 reclusum
3451 5096 3676 5154 servari,
3700 5102 3748 5145 ut

2603 5219 2623 5224 -
2662 5199 2958 5224 -..ηε-ειηλιι
2993 5197 3166 5224 ..Ιῗηιιη
3207 5200 3444 5224 nun-Iona
3472 5187 3616 5224 :llinc
3640 5197 3746 5224 Inn-
