3904 5396
169 261 265 320 257.
724 249 1066 312 HISTORIA}
1109 249 1458 308 ΕΟΟΒΕΞΙΛΕ
1499 246 1735 302 ΠΕΜΕΧ

1842 274 1846 295 ι
1887 243 2064 299 LIBRI
2104 241 2463 309 QUATUOR.
2498 271 2566 282 -
2596 241 2724 296 LIB.
2766 240 2850 296 ιιι.
3056 265 3074 281 ι
3310 241 3420 298 238

171 375 368 446 gloardo
390 381 443 427 ct
467 370 847 441 Ro.loldo,pro
865 369 1101 438 quodam
1129 366 1465 438 presbytero,
1495 363 1580 418 cui
1603 376 1726 416 con-
1755 365 1799 422 Α
1833 356 2028 412 litteris
2073 357 2176 412 sibi
2223 371 2319 427 per
2369 357 2658 413 hominem.
2687 355 2976 427 quemdam
3029 355 3282 416 llarduici
3338 376 3426 414 aro

171 471 405 524 senserat,
437 461 697 517 suadente
733 458 1034 530 SLgluardo,
1078 467 1136 510 ut
1165 455 1344 510 libello
1369 471 1478 510 suae
1515 453 1723 514 profes-
1829 447 2160 518 chiepisc0pi
2183 448 2320 502 datis
2348 467 2360 503 :
2387 450 2592 506 scilicet
2612 453 2850 522 reputari
2892 451 3065 509 eidem
3108 453 3422 519 Altmanno,

172 558 313 611 siouis
346 572 372 609 a
422 554 680 626 regimine
725 553 895 624 plebis
927 553 1026 605 sibi
1070 548 1372 605 commissa:
1403 546 1646 601 redderet
1670 560 1728 602 se

1842 539 2078 608 aspirare
2124 539 2260 594 velle
2302 541 2367 594 ad
2417 540 2698 606 beneficia.
2745 553 2800 598 et
2839 546 3054 615 negotia
3115 547 3422 610 saecularia,

172 649 397 711 alienum,
434 653 488 699 et
534 643 697 697 alium
738 643 791 694 in
835 657 932 695 suo
985 639 1102 693 loco
1141 643 1418 708 expeteret
1472 634 1729 688 ordiuau-
1831 647 1953 702 qua:
2003 646 2105 686 non
2155 632 2508 688 convenirent
2568 633 2685 702 ejus
2748 636 3067 706 professioni
3135 647 3191 691 et
3240 638 3420 694 saluti.

171 741 318 794 dum:
360 737 454 791 sed
510 735 798 791 colludium
861 731 1004 804 quod
1067 731 1300 786 habebat
1361 728 1564 784 factum
1624 726 1727 792 sibi
1835 723 1985 781 Unde
2006 725 2267 796 prmcipit,
2300 735 2357 779 ut
2382 727 2704 795 quantocius
2731 727 2797 782 ad
2841 731 3230 785 monasterium
3262 747 3421 786 suum

171 829 427 894 celaverat,
460 826 714 881 videlicet
755 833 813 878 ut
862 823 1111 878 alunmus
1162 821 1279 892 ejus
1323 819 1439 875 sine
1463 832 1728 873 consensu
1834 816 2040 879 redeat,
2071 817 2160 872 ubi
2195 816 2410 873 lectioni
2452 819 2783 884 etorationi,
2817 820 3060 876 deﬂendo
3090 823 3284 878 delicta
3310 840 3422 878 suae

170 918 370 973 senioris
416 917 533 983 sui,
587 916 640 970 in
690 915 808 970 loco
853 913 1021 984 ipsius
1075 910 1456 973 ordinaretur,
1503 916 1556 961 et
1602 907 1728 977 quia
1824 904 2163 976 juventut7s,
2221 924 2415 962 vacare
2447 917 2724 978 procuret,
2766 918 2822 964 et
2875 921 3090 966 caetera.
3151 911 3425 966 Lautardn

170 1010 363 1066 xeuium
390 1009 684 1064 revadiare
721 1007 909 1062 dolose
950 1003 1164 1069 fecerit,
1193 1013 1252 1057 ut
1281 999 1528 1056 eumdem
1570 1013 1728 1054 suum
1831 997 2042 1053 cuidam
2071 1000 2359 1064 sacerdoti,
2395 1001 2485 1071 qui
2513 1002 2578 1057 de
2625 1003 2884 1072 parochia
2924 1003 3174 1058 Reruensi
3222 1005 3424 1059 Ebonis

171 1104 441 1166 alumnum,
470 1111 658 1156 contra
689 1097 1016 1169 episc0palev
1046 1095 1410 1159 interdictum,
1449 1102 1505 1148 et
1533 1102 1728 1146 caatcra
1831 1088 2068 1159 episcopi
2094 1104 2257 1145 causa
2314 1091 2662 1157 discesserat,
2703 1109 2863 1163 quem
2905 1095 3061 1164 petit,
3109 1103 3168 1148 ιιι
3203 1095 3248 1148 si
3295 1110 3423 1163 qua,

171 1195 277 1263 quid
299 1194 418 1248 inde
445 1193 564 1248 fieri
593 1192 820 1247 deberet
849 1188 1222 1259 exsequentia.
1265 1187 1396 1240 llem
1424 1184 1728 1254 Sigloardo,
1832 1189 1992 1250 prout
2030 1181 2298 1248 audierat,
2331 1182 2399 1236 de
2443 1184 2552 1237 vita
2598 1193 2652 1238 et
2682 1184 2987 1240 actionibus
3017 1185 3161 1241 beati
3193 1185 3424 1257 Retttigii

168 1299 250 1355 pro
290 1285 604 1354 presbytero
634 1282 877 1338 ecclesia:
919 1281 1092 1336 sancti
1123 1279 1344 1344 Juliani,
1378 1279 1470 1348 qui
1522 1276 1730 1332 furatus
1833 1271 1976 1340 apud
2023 1273 2272 1327 eumdem
2327 1274 2670 1329 habebantur
2719 1277 3058 1348 conscripta,
3116 1286 3314 1348 praeter
3337 1277 3425 1332 illa

168 1373 322 1429 fuerat
349 1374 658 1444 lampadem
699 1373 871 1429 sancti
905 1370 1156 1442 Remigii,
1197 1370 1338 1425 unde
1357 1368 1517 1440 valde.
1541 1368 1728 1422 redar-
1831 1375 1952 1431 quae
1999 1378 2065 1417 ex
2120 1365 2342 1434 antiquo
2370 1365 2437 1418 de
2486 1365 2726 1421 Ecclesia
2777 1367 3032 1423 Remensi
3079 1367 3422 1438 mebantur.

169 1464 262 1534 guit
283 1465 460 1527 istum,
490 1465 618 1535 quia
645 1463 698 1518 id
723 1465 920 1518 factum
949 1468 1312 1530 compererat,
1338 1468 1392 1514 et
1418 1459 1519 1513 sibi
1551 1467 1732 1513 tacue-
1833 1471 1896 1511 ea
1934 1461 2280 1527 quantocius,
2330 1469 2423 1514 aut
2455 1460 2568 1529 ipse
2597 1461 2698 1516 sibi
2727 1461 2937 1528 aﬂ‘erat,
2971 1472 3062 1517 aut
3105 1463 3207 1518 sub
3253 1463 3427 1532 sigillo

168 1564 393 1619 rat,cum
444 1556 584 1610 idem
632 1553 826 1624 prmsul
855 1553 1002 1608 vices
1045 1567 1170 1607 suas
1208 1551 1382 1605 eidem
1426 1547 1728 1619 Sigloardo,
1835 1549 2202 1614 transmittat,
2241 1549 2475 1606 offerens
2523 1567 2583 1607 se
2634 1561 2819 1623 postea
2869 1553 3044 1608 eidem
3099 1554 3153 1608 iu
3205 1556 3429 1623 quibus-

170 1653 284 1700 teste
313 1645 559 1709 Domino,
586 1643 1073 1706 commendaverit,
1103 1641 1195 1712 qui
1226 1641 1475 1696 eumdem
1503 1641 1728 1711 presby-
1834 1652 2047 1706 cunque
2070 1639 2360 1709 iudiguerit
2389 1652 2720 1712 promptum,
2770 1652 2824 1698 et
2865 1644 3122 1714 prodesse
3148 1655 3424 1714 paratum.

169 1746 316 1792 terum
342 1738 394 1792 in
419 1736 725 1792 arctissiuta
757 1736 1002 1791 custodia
1020 1735 1282 1790 debuerat
1306 1733 1726 1796 retrudere,non
1764 1733 1805 1792 Β
1837 1729 1893 1784 Si
1941 1746 2069 1785 vero
2099 1731 2166 1786 ad
2211 1733 2386 1788 locum
2411 1750 2567 1788 suum
2594 1735 2773 1790 redire
2819 1736 3072 1802 voluerit,
3105 1752 3230 1792 eum
3255 1736 3429 1792 liben-

168 1845 250 1898 per
294 1829 637 1901 tidejussores
685 1829 961 1884 dimittere
1000 1845 1013 1880 :
1055 1827 1200 1898 quod
1248 1824 1374 1896 quia
1425 1823 1577 1894 prius
1622 1839 1729 1877 non
1835 1831 1917 1878 ter
1959 1830 2122 1892 atque
2190 1823 2420 1896 benigno
2465 1826 2746 1897 recipere,
2806 1837 2864 1882 et
2913 1844 3038 1883 mox
3089 1837 3146 1884 ut
3193 1829 3426 1890 venerit,

168 1920 364 1987 fecerat,
393 1922 476 1977 vel
523 1937 667 1976 nunc
713 1920 895 1976 faciat.
942 1920 1144 1975 Carcer
1189 1931 1402 1986 quoque
1451 1915 1731 1969 firmitera
1835 1914 2151 1968 canonicam
2200 1916 2572 1986 praebendam,
2602 1927 2658 1972 et
2687 1919 2932 1974 ordinem
2971 1921 3254 1988 pristinum
3288 1921 3430 1976 inter

167 2013 479 2068 vieedomino
512 2021 870 2074 restauretur,
899 2020 954 2066 et
995 2009 1270 2074 custodes,
1295 2007 1340 2062 si
1377 2019 1597 2062 necesse
1619 2004 1734 2060 fue-
1832 2001 2033 2059 fratres
2056 2007 2376 2072 concedere,
2421 2016 2478 2062 et
2530 2013 2824 2064 secundum
2862 2012 3004 2079 quod
3050 2011 3153 2066 sibi
3185 2027 3430 2066 commo-

167 2103 241 2164 rit.
290 2102 664 2159 adhibeantur.
719 2101 852 2156 ltem
904 2099 1186 2163 Rodoldo,
1231 2112 1562 2152 succensens
1607 2111 1731 2149 eum
1832 2091 2064 2159 dttm,et
2095 2095 2168 2149 illi
2222 2107 2586 2167 opportunum
2635 2097 2824 2164 fuerit,
2869 2101 3159 2166 solatium,
3209 2110 3264 2156 ut
3295 2118 3420 2160 euut

169 2206 250 2258 pro
272 2207 334 2246 eo
360 2192 502 2262 quod
551 2191 770 2246 incaute
816 2189 1038 2246 solverit
1079 2187 1222 2258 quod
1266 2188 1380 2255 ipse
1420 2186 1612 2257 praesul
1643 2202 1733 2240 ca-
1833 2185 1976 2252 apud
2026 2201 2085 2240 se
2135 2202 2356 2241 manere
2421 2187 2678 2252 delectet,
2751 2189 3060 2258 impendere
3112 2209 3125 2244 :
3187 2191 3432 2261 pandens

169 2284 342 2338 noniee
383 2283 664 2355 alligant,
695 2290 751 2336 et
797 2281 916 2337 aliis
958 2279 1292 2352 presbyteris
1340 2279 1557 2333 missam
1591 2279 1736 2332 cclc-
1834 2275 2121 2340 rationem,
2155 2276 2297 2330 unde
2327 2276 2413 2330 ille
2445 2286 2685 2333 metuere
2725 2277 3034 2342 ferebatur,
3077 2297 3248 2351 quare
3275 2281 3430 2338 scili-

169 2376 307 2431 brave
346 2378 650 2446 permiserit
691 2377 744 2430 in
781 2376 1013 2448 quadam
1053 2373 1255 2444 capella
1297 2372 1532 2426 basilica:
1566 2372 1732 2426 cortis
1834 2372 1922 2418 cel
1946 2364 2058 2433 ipse
2084 2365 2368 2420 ordinatos
2395 2367 2464 2420 ab
2487 2366 2669 2421 Ebone
2684 2377 2803 2435 post
2831 2385 2983 2422 suam
3009 2371 3424 2439 depositionem,

168 2466 385 2521 ecclesia:
453 2466 737 2533 subjecta,
801 2465 1152 2536 praecipitque
1215 2461 1347 2532 quid
1422 2460 1548 2516 inde
1615 2460 1730 2514 fieri
1833 2457 2149 2526 agradibus
2205 2458 2442 2526 acceptis
2469 2462 2780 2526 removerit,
2809 2469 2863 2514 et
2891 2461 3124 2531 qualiter
3147 2476 3266 2534 pOSt
3298 2481 3420 2519 mo-

170 2556 358 2611 debcat.
415 2557 669 2612 Ansehno
722 2555 828 2630 [ἰ.
891 2553 1198 2627 Anseliuo]
1268 2555 1484 2610 cuidam
1548 2568 1734 2607 moua.
1840 2547 1960 2604 .lum
2038 2553 2362 2605 sententiam
2440 2566 2593 2606 suam
2671 2554 3075 2623 temperaverit.
3143 2553 3455 2612 Rodoardo

165 2649 278 2711 cbo,
319 2648 630 2718 praecipiens
666 2658 727 2702 ttt
777 2647 1050 2703 describat
1087 2645 1300 2705 omnia.
1354 2659 1474 2714 qua:
1516 2643 1567 2697 itt
1620 2659 1736 2696 tno-
1835 2642 2142 2712 prmposito,
2175 2653 2231 2698 et
2275 2645 2488 2699 caeteris
2529 2644 2789 2700 fratribus
2847 2649 3126 2702 canonicis
3175 2648 3432 2705 Ecclesia

173 2739 405 2801 nasterio,
433 2748 492 2792 ut
522 2738 750 2800 videtur,
809 2735 1200 2800 Altvillarensi,
1245 2743 1370 2788 ante
1404 2733 1572 2804 ipsius
1597 2747 1734 2803 pra:-
1835 2734 2154 2796 Rcmeusis,
2214 2751 2313 2806 pro
2379 2737 2684 2805 reccptione
2732 2738 3024 2794 Odalltardi
3073 2751 3131 2796 et
3182 2741 3432 2798 Waltarii

173 2831 287 2886 sulis
332 2832 730 2887 ordinationem
785 2829 946 2895 facta,
1000 2828 1084 2885 vel
1137 2827 1330 2884 collata
1388 2825 1627 2890 fuerunt,
1678 2831 1735 2878 et
1837 2835 2093 2895 nepotum
2150 2827 2302 2881 Isaac
2346 2829 2584 2898 cpiscOpi
2629 2828 3006 2900 Lingonensis,
3056 2831 3149 2901 qui
3201 2833 3271 2887 ab
3317 2834 3432 2902 ipsa

174 2937 369 2991 quzeque
413 2929 597 2991 postea
649 2939 663 2974 :
738 2935 1025 2974 munerum
1092 2933 1308 2990 quoque
1369 2917 1597 2972 fratrum
1670 2930 1733 2971 ac
1835 2917 3433 2994 congregationeirregulariterdiscesserant,prreeipitque

175 3011 461 3066 famulorum
504 3013 585 3067 eis
631 3012 1006 3077 servientium,
1059 3021 1116 3066 et
1145 3011 1190 3065 si
1243 3025 1347 3078 qua
1390 3009 1586 3064 exinde
1635 3023 1734 3061 suo
1837 3023 1944 3078 quo
1975 3010 2134 3064 modo
2163 3010 2349 3080 recipi,
2400 3021 2456 3066 et
2485 3012 2722 3081 qualiter
2767 3013 2957 3069 haberi
3008 3014 3090 3070 vel
3119 3017 3432 3071 conservari

176 3111 386 3173 tempore
432 3106 742 3174 dispensata
791 3106 1033 3168 fuerunt,
1086 3113 1139 3157 et
1184 3103 1238 3157 in
1290 3117 1426 3173 quos
1473 3117 1623 3167 usus,
1653 3089 1810 3155 vch
1843 3099 2076 3154 debeant
2130 3119 2143 3154 :
2195 3102 2391 3172 quibus
2441 3104 2606 3157 etiam
2664 3120 2763 3173 pro
2815 3107 3128 3162 reversione
3192 3107 3431 3176 ipsorqu

175 3209 256 3260 per
287 3210 412 3264 quas
447 3212 730 3267 personas,
776 3207 832 3252 et
869 3196 941 3250 ita
988 3196 1258 3251 veraciter
1308 3196 1489 3250 omnia
1533 3194 1737 3250 descri-

176 3281 362 3349 bantur,
408 3295 468 3340 ιιι
511 3286 662 3341 missi
716 3285 974 3342 dominici
1008 3285 1141 3340 nihil
1180 3285 1254 3340 ibi
1290 3282 1488 3340 falsum
1521 3285 1732 3356 possint

179 3372 410 3430 invenire.
443 3375 746 3431 Ratramuo
772 3376 1061 3447 praeposito
1093 3375 1406 3430 monasterii
1458 3373 1734 3430 Ot'bacen-

178 3464 239 3519 sis
259 3467 511 3521 similiter.
567 3468 700 3523 Item
730 3468 1027 3522 Ratramno
1054 3482 1150 3536 pro
1172 3467 1402 3536 quadam
1429 3474 1621 3536 prmsta
1633 3465 1730 3532 ria,

180 3560 626 3624 quam‘Atnalraus
653 3560 944 3615 canonicos
981 3558 1190 3623 habuit,
1241 3567 1298 3613 et
1331 3559 1502 3627 ipsius
1526 3557 1731 3612 obitum

181 3647 616 3705 collaborationem
679 3648 796 3718 ejus
853 3649 993 3704 idem
1047 3647 1364 3718 prmpositus
1406 3647 1563 3718 diripi
1619 3645 1737 3713 jus-

181 3748 315 3792 serat.
347 3740 682 3810 Quapropter
711 3739 1144 3794 cxcommuuicat
1196 3755 1317 3793 eum
1345 3779 1360 3805 ,
1409 3740 1461 3793 in
1501 3753 1638 3808 pane
1684 3745 1737 3790 et

181 3843 291 3897 aqua
357 3833 690 3887 constituens
739 3841 847 3887 tam
879 3873 895 3898 ,
959 3831 1134 3902 ipsum
1202 3848 1364 3903 quam
1444 3829 1737 3899 compliccs

179 3919 272 3986 ejus
312 3923 360 3976 iu
424 3924 527 3980 hoc
600 3925 766 3991 facto,
815 3924 986 3980 donec
1038 3923 1394 3979 restituantur
1443 3923 1557 3977 lucc
1618 3937 1737 3991 quae

180 4017 349 4087 injuste
401 4021 763 4077 abstulerant.
791 4021 1040 4076 Althario
1093 4017 1242 4093 [ms..
1298 4016 1564 4090 Alcbano]
1614 4018 1729 4071 cui-

179 4108 280 4162 dam
306 4112 566 4166 sacerdoti
596 4112 682 4166 vel
721 4111 946 4175 decano,
981 4127 1077 4181 pro
1100 4110 1422 4182 presbytero
1453 4108 1519 4163 de
1546 4106 1734 4161 Eccle-

179 4199 242 4254 sia
297 4200 670 4270 Vindonissze,
749 4218 910 4272 quem
961 4201 1266 4255 Leutardus
1317 4201 1500 4254 senior
1557 4199 1727 4270 ipsius

181 4291 294 4346 villae
321 4293 483 4364 legem
518 4303 576 4349 et
620 4309 836 4348 onmem
884 4292 1262 4347 auctoritatem
1312 4291 1378 4346 de
1423 4291 1536 4361 ipsa
1567 4305 1737 4358 expu-

179 4380 294 4438 lerat
316 4385 574 4451 Ecclesia,
624 4393 682 4439 et
727 4383 885 4439 alteri
937 4384 1253 4454 presbytero
1287 4380 1502 4435 ex'alio
1526 4381 1734 4450 episco-

1843 3191 2287 3246 commonitorias
2359 3194 2636 3251 direxerat
2685 3195 2916 3251 litteras.
2972 3197 3078 3252 Pro
3123 3200 3434 3270 receptiono

1839 3297 2057 3352 quoque
2105 3283 2404 3354 Adalgaudi
2466 3285 2618 3358 [ms.,
2676 3287 3014 3361 Addagaudi]
3050 3291 3259 3346 diaconi
3319 3301 3431 3348 tant

1841 3374 2138 3441 canonicis,
2173 3392 2336 3446 quam
2391 3379 2671 3434 monachis
2703 3381 2910 3444 scribit,
2963 3385 3255 3438 ostendens
3305 3397 3431 3438 eunt

1839 3465 1931 3536 qui
1965 3481 2024 3521 se
2066 3478 2457 3538 recognoverat
2497 3484 2594 3537 per
2635 3485 2787 3524 suam
2839 3471 3221 3543 negligentiam
3264 3473 3433 3544 ipsius

1839 3559 2132 3616 cll‘endisse
2162 3562 2422 3624 auiuunn,
2450 3578 2508 3618 se
2550 3564 2602 3617 in
2636 3566 2846 3634 gremio
2872 3581 2984 3622 suae
3010 3567 3341 3632 deiectionis,
3377 3580 3434 3627 ct

1840 3651 2183 3717 paternitatis
2217 3654 2516 3721 recepisse.
2544 3669 2811 3722 quemque
2841 3656 3070 3727 benigne
3114 3672 3178 3714 ac
3205 3658 3434 3713 familia-

1842 3741 1972 3794 riter
2003 3739 2245 3804 fratrem,
2301 3750 2356 3795 ει
2415 3741 2580 3796 filiuni
2621 3744 2846 3813 suscipi,
2902 3754 2959 3799 et
3006 3746 3354 3817 benignitatis
3378 3751 3431 3804 ei

1840 3831 2103 3886 beneficia
2125 3829 2279 3898 jubet
2320 3832 2578 3901 impendi.
2605 3833 2712 3887 Pro
2737 3849 2844 3903 quo
2875 3851 2968 3890 rex
3005 3838 3169 3892 etiam
3198 3838 3432 3895 Ludovi-

1841 3936 1938 3975 cus
1978 3921 2313 3989 precatorias
2350 3923 2398 3977 ei
2451 3938 2546 3992 per
2575 3923 2824 3979 eumdem
2856 3925 3149 3982 direxerat.
3184 3928 3432 3988 Rotfrit'o

1839 4011 2147 4082 praeposito,
2172 4027 2268 4081 pro
2302 4013 2642 4069 correctione
2674 4013 2733 4086 [i,
2792 4017 3156 4092 correptione]
3182 4018 3431 4078 Odelcal-

1841 4104 1889 4162 ci
1943 4104 2216 4170 monachi,
2245 4120 2404 4174 quem
2455 4106 2702 4161 audierat
2745 4107 3141 4165 inobedicntem
3171 4113 3428 4180 existere,

1841 4208 1896 4252 et
1922 4197 2076 4253 duris
2114 4199 2374 4263 moribus,
2423 4214 2642 4269 suaeque
2693 4201 2991 4257 voluntatis
3023 4219 3143 4259 esse
3188 4207 3432 4274 pertina‘

1841 4303 1982 4353 cem,
2016 4291 2152 4344 dans
2173 4290 2417 4360 exetnpla
2449 4306 2620 4346 sacra:
2642 4294 3008 4360 auctoritatis,
3035 4311 3157 4366 qua:
3188 4298 3264 4354 illi
3289 4299 3430 4368 lege-

1844 4388 2053 4442 rentur,
2110 4388 2169 4433 ιιι
2217 4393 2278 4434 se
2332 4381 2652 4452 corrigeret.
2702 4383 2963 4441 Gontario
3013 4395 3069 4442 et
3126 4387 3431 4445 Odelhardo

179 4484 285 4542 patu
311 4445 884 4532 eamdem'Ecclesiam
923 4445 1288 4530 commiserat.
1319 4473 1489 4540 Quem
1516 4473 1738 4542 presby-
1769 4445 1817 4504 ί)
1844 4469 2353 4542 arcltipresbyteris,
2375 4472 3164 4533 commonitoriumministerio
3190 4480 3429 4548 ipsorum

181 4572 332 4622 terum
377 4569 826 4640 superinductum
863 4567 1336 4630 excommunicat,
1385 4580 1453 4620 ne
1497 4564 1552 4618 in
1592 4562 1739 4618 oumi

179 4657 400 4718 Remensi
445 4664 702 4732 parochia
749 4661 974 4717 missam
999 4661 1275 4717 celebrare
1304 4669 1614 4732 praesumat,
1646 4674 1742 4714 ne-

179 4763 268 4818 que
311 4754 744 4810 communionem
815 4752 1242 4809 ecclesiasticam
1303 4751 1534 4820 accipiat
1566 4791 1581 4815 ,
1635 4749 1737 4803 nisi

178 4839 298 4900 forte
343 4863 532 4904 munus
580 4847 880 4912 viaticum,
930 4845 1110 4917 gravis
1157 4843 1492 4916 :egriludinis
1553 4858 1736 4905 causa,

177 4941 223 4988 et
249 4935 344 4993 hoc
373 4939 462 5006 ita,
489 4948 547 4995 ut
584 4955 709 4995 mox
743 4939 790 4994 si
833 4937 1186 5001 convaluerit,
1213 4935 1280 4991 de
1331 4936 1584 5005 parocbia
1637 4936 1736 4988 ista

182 5028 390 5086 recedat.
440 5033 800 5090 Parochianis
826 5039 1004 5085 autem
1033 5030 1286 5087 Ecclesia:
1337 5030 1608 5100 praedicta:
1642 5044 1739 5082 au-

1844 4572 2026 4630 aptum
2068 4563 2325 4616 describit
2365 4563 2416 4616 in
2471 4564 2718 4633 capitulis
2764 4565 3044 4624 tredecim.
3095 4567 3432 4626 Goutramno
3489 4599 3492 4603 τ

1846 4648 1916 4722 μ,
1973 4649 2329 4724 Guntramne]
2358 4654 2664 4722 prmpositu,
2705 4669 2803 4723 pro
2856 4654 3074 4712 famulis
3115 4663 3430 4716 monasterii

1843 4743 1944 4798 sibi
1976 4745 2270 4810 couuuissi,
2315 4746 2408 4815 qui
2458 4761 2586 4802 suas
2615 4746 2868 4815 terrulas,
2909 4757 2966 4804 et
2989 4751 3168 4807 debita
3209 4753 3311 4808 sibi
3342 4757 3437 4810 sti-

1848 4836 2042 4908 pendia
2096 4837 2463 4906 querebantur
2511 4837 2715 4894 auferri
2761 4838 2831 4892 ab
2873 4855 2961 4906 eo,
2989 4841 3131 4913 quod
3157 4847 3436 4900 emendari

1847 4925 2145 4982 secundum
2197 4926 2339 4994 quod
2380 4926 2589 4996 justum
2636 4927 2816 4993 fuerit,
2861 4929 3034 4999 jubet.
3083 4931 3441 4990 Gotbescalco

1849 5019 2137 5084 monacho,
2162 5018 2254 5088 qui
2280 5030 2399 5076 erat
2428 5021 2719 5097 prolapsus
2741 5022 2795 5077 in
2825 5022 3098 5090 haeresim,
3125 5022 3192 5076 de
3219 5024 3442 5089 quibus-

1846 5121 1968 5176 dam
1995 5120 2282 5175 scntentiis
2302 5126 2619 5190 auctorum,
2672 5129 2807 5187 quas
2837 5113 2931 5168 ille
2956 5131 3062 5170 non
3088 5115 3224 5167 bene
3252 5111 3447 5164 intelti~

1843 5208 2027 5280 gebat,
2076 5208 2165 5264 vel
2210 5207 2536 5278 exponebat.
2610 5205 2840 5268 maxime
2889 5201 3160 5296 Prosperi,
3218 5213 3446 5296 quarum

1843 5312 2063 5354 sensum
2090 5314 2189 5367 per
2228 5297 2528 5355 sententias
2567 5296 2842 5368 praecipuo
2880 5293 3022 5346 beati
3049 5291 3327 5354 Augustini
3357 5302 3448 5338 ex-

181 5120 405 5177 ctoritate
463 5123 552 5179 Dei
594 5121 822 5196 praecipi
848 5120 1040 5189 “jubet,
1076 5131 1136 5176 ut
1189 5119 1387 5174 nullius
1437 5118 1736 5190 presbyteri

184 5210 375 5268 missam
404 5216 452 5270 in
476 5217 657 5274 eadem
699 5213 938 5272 ecclesia
966 5215 1208 5277 audiant,
1234 5212 1336 5267 nisi
1370 5211 1513 5267 illius
1543 5210 1741 5280 injuste

183 5305 365 5368 expulsi
410 5309 728 5368 cresbvteri.
786 5305 962 5360 donec
1005 5306 1174 5368 ipsius
1220 5320 1384 5360 causa
1427 5301 1738 5367 diﬂiuiatur,
