3904 5396
459 271 564 324 εει)

1519 269 1904 326 ΡιΟῡΟΛΒΒΙ
1943 270 2261 328 ΕΑΝΟΝΙΟΙ
2302 273 2645 329 REMENSIS

3609 275 3707 329 260

459 395 666 438 tantum
695 385 962 452 przrscire,
989 386 1124 438 bona
1158 398 1287 438 vero
1307 394 1358 438 et
1395 384 1646 452 praescire
1670 393 1723 437 et
1761 383 2030 453 pnedesti-
2059 388 2104 446 Α
2136 400 2229 438 nes
2265 385 2332 438 ab
2369 389 2512 441 omni
2564 391 2932 458 perversitatis
2975 392 3162 445 fraude
3207 392 3408 461 scipsos
3455 393 3512 446 in
3561 408 3707 448 exse-

457 493 607 531 uare.
641 475 790 530 Unde
831 477 1167 544 prmscientia
1199 489 1317 530 esse
1342 468 1516 544 potest
1537 474 1654 529 sine
1677 473 2026 543 prmdestina-

457 569 644 621 tione:
686 567 1085 634 praedestinatio
1131 577 1308 622 autem
1359 582 1465 621 non
1514 574 1691 636 potest
1738 581 1858 619 esse
1913 565 2030 619 sine

455 661 813 728 pnescientia,
844 670 898 716 et
945 661 1068 731 quia
1098 661 1268 715 bonos
1301 660 1568 730 prteseivit
1593 667 1647 713 et
1678 659 2027 729 pr:edestiua-

455 752 531 805 vit
563 752 628 804 ad
673 768 926 820 regnum;
967 753 1138 807 malos
1174 761 1350 806 autem
1375 751 1646 820 praescii/it
1667 757 1896 816 tantum,
1923 763 2027 803 non

454 845 877 914 przedestinavit.
912 861 1010 899 nec
1039 856 1097 899 ut
1130 846 1365 915 perirent
1390 859 1484 899 sua
1515 841 1848 913 perescientia
1879 857 2026 894 com-

454 938 607 1007 pulit.
637 937 737 993 Ubi
769 937 1067 991 diﬁinitioni
1100 935 1438 990 subscribere
1475 933 1613 988 idem
1645 932 2031 989 Gothescaleus

453 1029 884 1096 pertinacissime
907 1027 1193 1082 recusavit.
1225 1025 1451 1094 Scripsit
1477 1039 1690 1094 quoque
1715 1024 1852 1078 idem
1879 1023 2034 1075 dom-

455 1137 557 1175 nus
571 1120 893 1174 llincmarus
933 1121 998 1173 ad
1029 1119 1319 1173 monachos
1347 1115 1743 1170 Altvillarensis
1773 1112 2028 1176 emnobii,

453 1229 552 1281 pro
578 1213 763 1267 eodem
791 1211 1163 1273 Gothesealco,
1191 1219 1251 1264 ut
1290 1210 1333 1264 si
1383 1224 1442 1263 se
1480 1213 1911 1278 recognosceret,
1939 1221 2034 1259 an-

457 1315 670 1374 tequam
702 1305 879 1358 anima
912 1305 1055 1358 illius
1084 1303 1428 1372 egrederetur
1453 1301 1518 1355 de
1563 1314 1809 1367 corpore,
1843 1305 1897 1350 et
1931 1297 2034 1364 spi-

453 1397 667 1452 vitalem
695 1404 749 1451 et
783 1395 1114 1466 corporalem
1162 1394 1547 1448 humanitatem
1593 1390 1904 1444 exhiberem
1959 1389 2032 1442 illi

452 1489 742 1542 ostendens
814 1487 1194 1542 auctoritatem
1254 1484 1675 1539 ecclesiasticam
1731 1497 1796 1534 ex
1851 1481 2033 1535 verbis

452 1563 875 1633 orlhodoxorum
943 1590 1105 1645 super
1173 1573 1476 1637 huiusmodi
1531 1569 2026 1625 excommunicatis.

450 1667 724 1738 Amalgiso
752 1676 806 1720 et
827 1665 1094 1735 liagberto
1115 1664 1360 1718 ﬁdelibus
1389 1663 1524 1726 suis,
1553 1677 1648 1729 pro
1675 1661 1836 1714 rebus
1851 1658 2035 1713 Eccle-

449 1759 544 1814 size
567 1773 676 1811 suae
706 1757 756 1810 in
795 1756 1088 1824 Aquitania
1140 1754 1279 1816 sitis,
1301 1831 1303 1833 ι
1325 1767 1422 1821 pro
1456 1751 1650 1819 quibus
1693 1745 2028 1818 Regimundo
2059 1750 2102 1808 Β

451 1848 658 1902 litteras
704 1845 947 1908 miserat,
998 1844 1294 1913 deprecans
1348 1852 1404 1895 ut
1434 1841 1636 1894 eisdem
1687 1838 1866 1893 missis
1909 1838 2022 1892 suis

449 1940 772 2006 adjutorinm
795 1952 893 2006 pro
913 1937 1073 1990 rebus
1101 1935 1230 2004 ipsis
1273 1933 1640 1988 evindicandis
1671 1930 2020 1999 impenderet,

449 2026 950 2100 prmeipitqneistis,
973 2033 1032 2078 ut
1057 2025 1270 2079 easdem
1295 2040 1384 2077 rex
1414 2038 1476 2076 ex
1502 2022 1709 2092 integro
1740 2020 2020 2089 recipiant,

451 2131 505 2175 et
538 2121 768 2175 habeant
811 2117 862 2171 in
895 2133 988 2171 sua
1016 2115 1370 2186 providentia.
1400 2113 1561 2167 Petro
1588 2112 1728 2166 ﬁdeli
1771 2125 1886 2167 suo.
1924 2123 2023 2180 pro

452 2212 612 2265 rebus
642 2210 693 2263 in
728 2205 999 2278 provincia
1041 2203 1482 2265 consistentibus,
1521 2202 1738 2255 mittens
1789 2200 1853 2252 ad
1899 2213 2022 2251 eum

449 2301 708 2368 quosdam
764 2297 980 2358 fratres,
1035 2295 1125 2364 qui
1161 2309 1278 2347 cum
1312 2293 1478 2361 ipsius
1521 2291 1744 2346 consilio
1799 2289 1864 2342 de
1903 2287 2024 2340 ﬁde.-

449 2391 602 2444 litate
618 2406 712 2444 sua
737 2399 790 2442 et
812 2387 1039 2442 utilitate
1068 2400 1246 2440 rerqu
1279 2392 1594 2448 tractarent,
1613 2391 1666 2437 et
1695 2397 1780 2436 res
1803 2381 1944 2449 ipsas
1963 2393 2026 2432 ac

451 2484 712 2544 redditus,
755 2490 919 2550 atque
947 2479 1230 2536 facultates
1278 2478 1514 2546 ipsarum
1554 2477 1918 2544 disponerent.
1964 2472 2024 2525 Et

447 2575 573 2642 quia
602 2573 866 2635 audierat,
885 2570 1023 2639 quod
1054 2569 1292 2638 quzedam
1309 2569 1424 2623 sine
1447 2567 1670 2622 consilio
1699 2565 1863 2635 ipsius
1883 2561 2027 2619 Petti

448 2664 641 2720 exinde
667 2662 807 2716 facta
830 2661 1076 2722 fuissent,
1103 2659 1253 2728 quasi
1275 2675 1341 2714 ex
1357 2657 1472 2725 ejus
1495 2657 1834 2718 auctoritate,
1865 2668 2028 2708 exeu-

449 2765 534 2811 sat
560 2771 617 2809 se
646 2770 750 2808 non
777 2753 827 2807 id
851 2751 1094 2820 iussisse,
1129 2765 1228 2804 nec
1253 2748 1524 2802 voluisse:
1559 2747 1818 2801 mandans
1853 2745 1902 2798 ei
1931 2759 2032 2814 per

448 2846 702 2916 capitula.
719 2844 950 2914 qualiter
963 2843 1176 2897 easdem
1194 2856 1278 2895 res
1305 2839 1512 2909 disponi
1530 2839 1798 2897 volebant.
1829 2847 1886 2890 et
1911 2851 2032 2909 quae

454 2952 696 3007 persona:
742 2935 810 2990 ab
855 2934 985 3005 ipsis
1021 2933 1198 2995 rebus.
1244 2941 1298 2985 ct
1344 2931 1412 2986 de
1455 2930 1646 3001 quibus
1692 2932 1834 2985 villis
1860 2932 1924 2985 ad
1973 2946 2030 2984 se

449 3028 634 3082 venire
679 3025 956 3079 deberent.
1000 3023 1239 3077 Evrardo
1279 3023 1482 3078 sororis
1525 3037 1637 3076 sua:
1685 3020 2030 3092 llildegundis

449 3120 563 3178 ﬁlio
585 3116 664 3174 vel
696 3130 911 3187 genero,
941 3113 1160 3170 instruit
1188 3112 1393 3183 scripto
1427 3112 1659 3182 qualiter
1689 3127 1815 3181 erga
1849 3112 2021 3166 Ludo-
2047 3105 2094 3166 C

449 3216 630 3267 virum
675 3225 854 3279 regem
899 3206 1394 3261 Transrhenensem
1441 3221 1498 3259 se
1547 3220 1732 3276 gerere
1781 3204 2020 3268 deberet,

451 3321 519 3361 ne
547 3317 702 3358 suum
732 3301 962 3363 alodem,
1001 3315 1158 3368 quem
1191 3299 1242 3352 in
1287 3297 1623 3352 Allemannia
1670 3297 1923 3360 habebat,
1957 3297 2024 3352 ab

449 3409 517 3448 eo
567 3392 833 3454 auferret,
879 3405 978 3460 pro
1029 3406 1093 3445 co
1133 3390 1273 3458 quod
1327 3388 1494 3458 ipsius
1539 3388 1833 3442 dominium
1884 3388 2024 3442 idem

453 3484 725 3540 Evrardns
753 3482 1052 3536 dimiserat.
1108 3480 1209 3534 Pro
1252 3495 1358 3550 quo
1387 3479 1547 3533 etiam
1576 3477 1813 3550 prazfalze
1851 3479 2024 3534 sorori

450 3594 563 3633 suae
596 3577 802 3640 scribit,
855 3583 1038 3644 petens
1069 3582 1127 3628 ut
1167 3573 1302 3626 illitis
1331 3573 1584 3627 domuum
1621 3573 1916 3641 prudenter
1938 3588 2026 3628 or-

451 3672 600 3724 dinet
648 3678 808 3737 atque
856 3667 1120 3735 disponat.
1171 3665 1398 3719 Plebeiis
1447 3680 1659 3735 quoque
1705 3664 2023 3734 quibusdam

452 3760 715 3829 personis,
749 3757 993 3810 villarum
1041 3755 1248 3810 scilicet
1296 3755 1759 3820 ministerialibus,
1804 3772 1902 3825 pro
1942 3773 2025 3812 re-

453 3853 551 3905 bus
589 3849 1008 3904 ministeriorum
1055 3863 1272 3902 suorum
1323 3863 1706 3917 nonnunquam
1754 3848 2023 3914 scribens,

453 3928 746 4012 prudenter
781 3948 943 4008 atque
984 3939 1380 3993 rationabiliter
1427 3940 1764 4008 disponebat,
1795 3941 2028 4010 qualiter

455 4048 542 4086 res
575 4031 677 4084 sibi
729 4030 1045 4084 commissas
1095 4039 1324 4083 tractare
1366 4030 1640 4084 deberent.
1688 4029 2028 4086 Generaliter

453 4124 614 4177 etiam
643 4135 831 4172 omnes
877 4119 976 4172 sibi
1009 4119 1324 4172 counnissos
1357 4129 1461 4172 tam
1510 4122 1712 4185 verbis,
1753 4137 1908 4190 quam
1939 4121 2027 4176 lit-

457 4211 590 4264 teris
616 4211 905 4268 instruens,
939 4208 1193 4260 edocebat
1224 4207 1455 4275 qualiter
1477 4205 1649 4274 juste,
1687 4210 1773 4277 pie
1798 4220 1852 4262 et
1879 4219 2026 4265 caste

456 4303 740 4361 viverent,
795 4313 955 4366 quam
1015 4309 1323 4350 reverenter
1380 4307 1540 4366 atque
1593 4299 1782 4354 devote
1827 4298 2025 4366 jejunio

457 4398 745 4451 constituta
802 4401 1138 4448 tractarent:
1175 4409 1271 4460 pro
1320 4393 1405 4446 bis
1458 4394 1546 4462 qui
1604 4393 1868 4456 obiiseut,
1915 4403 2022 4446 tam

455 4489 740 4560 episcopis,
782 4502 941 4556 quam
984 4485 1102 4538 aliis
1136 4486 1539 4554 quibuscunque
1573 4485 1831 4554 personis,
1861 4485 2023 4554 quali.
2053 4463 2100 4521 θ

457 4595 541 4636 ter
591 4581 798 4635 Domini
844 4579 1180 4634 clementiam
1225 4590 1531 4642 exorarent,
1580 4587 1634 4632 et
1674 4588 1730 4630 ut
1780 4593 2021 4647 persona:

459 4675 568 4729 Deo
614 4673 819 4740 placita:
868 4671 919 4724 in
978 4670 1288 4724 vat-antibus
1333 4669 1662 4739 eligerentur
1706 4669 2016 4738 episcopiis.

458 4775 566 4817 tam
609 4762 826 4828 jejuniis
869 4778 1029 4830 quam
1070 4762 1403 4815 orationibus
1449 4762 1730 4815 Dominum
1785 4762 2021 4830 postula-

461 4862 599 4905 rent.
629 4852 682 4904 In
710 4853 956 4905 'diversis
979 4866 1192 4918 quoque
1221 4851 1440 4922 synodis
1469 4851 1697 4920 capitula
1747 4851 2020 4913 nonnulla,

458 4950 513 4994 et
553 4939 705 4994 valde
754 4940 901 4992 utilia
937 4941 1121 4999 edidit,
1171 4941 1390 5010 suisque
1429 4942 1690 4996 servanda
1728 4943 1889 4995 dedit.
1933 4941 2025 4994 Di-

460 5032 628 5086 versis
657 5045 756 5086 nec
802 5046 904 5084 non
938 5033 1188 5086 Ecclesiis
1226 5050 1334 5089 sum
1360 5036 1674 5098 dimceseos,
1713 5039 1944 5092 maxime
1980 5019 2029 5090 si

459 5123 764 5158 nnnliniccnl
795 5124 1095 5158 nncﬁnrilnlu
1137 5125 1342 5158 *οἴει-ιιι·ιῖ
1394 5127 1748 5158 ΛΛηβΛιηΙΑνῖοι
1788 5129 2023 5158 ΑἶιυῖηΑηο

2134 481 2343 552 quendo
2376 483 2730 550 custodirent,
2785 484 2908 537 data
2953 483 3122 540 forma
3167 475 3446 541 electionis
3481 487 3707 544 edocero

2132 576 2383 636 curabat.
2440 577 2505 630 ad
2558 575 2756 629 nullam
2804 578 3108 645 specialiter
3154 579 3471 639 intendens,
3527 595 3707 648 perso-

2133 685 2255 724 nam
2281 688 2295 732 ;
2351 671 2443 723 sed
2487 687 2605 740 qua:
2628 673 2968 726 concorditer
2994 673 3062 726 ab
3089 673 3359 737 omnibus,
3391 672 3477 727 vel
3508 673 3708 727 utiliter

2130 777 2158 814 a
2187 761 2428 831 pluribus
2450 779 2513 818 ac
2542 764 2855 819 melioribus
2884 765 3188 834 eligeretur,
3223 767 3529 820 attendens.

2684 903 2910 960 CAPUT
2961 903 3152 958 XXIX.

2135 994 2208 1048 De
2229 996 2360 1048 libro
2387 996 2524 1049 edito
2564 1013 2593 1047 a
2615 1013 2668 1048 se
2688 997 2912 1058 qualiter
2937 997 3143 1050 Domini
3172 997 3249 1050 rel
3281 1010 3588 1053 sanctorum
3612 1001 3706 1052 sint

2533 1068 2784 1135 imagines
2836 1069 3158 1129 veneranda’,
3192 1077 3299 1123 etc.

2205 1157 2432 1225 Scripsit
2477 1157 2640 1210 etiam
2691 1155 2884 1210 librum
2970 1156 3332 1227 ﬂagitantibus
3375 1160 3710 1229 coepiscopis

2131 1248 2387 1304 fratribus
2429 1250 2561 1312 suis,
2595 1249 2825 1318 qualiter
2866 1250 3124 1318 imagines
3172 1249 3474 1307 Salvatoris
3519 1255 3707 1316 nostri,

2129 1339 2211 1392 vel
2263 1348 2570 1393 sanctorqu
2617 1339 2786 1406 ipsius
2827 1340 3146 1394 venerandae
3187 1342 3315 1402 sint.
3345 1357 3471 1395 cum
3506 1342 3711 1410 epilogo

2133 1429 2364 1496 quodam
2391 1429 2615 1483 metrice.
2637 1429 2863 1498 digesto.
2889 1428 3194 1498 Respondet
3222 1446 3438 1500 quoque
3460 1434 3532 1485 ad
3555 1433 3711 1486 inter.

2131 1518 2439 1586 rogationes
2457 1517 2766 1585 cuiusdam:
2798 1535 2896 1574 cur
2923 1529 3178 1587 apostatae
3203 1522 3487 1588 baptizati.
3529 1535 3584 1578 et
3613 1525 3709 1576 im-

2131 1610 2396 1678 positione
2426 1624 2615 1663 manus
2647 1610 2966 1678 episcopalis
3005 1612 3326 1680 consignati,
3367 1624 3526 1668 extra
3574 1614 3712 1668 ordi-

2132 1717 2254 1756 nem
2284 1700 2538 1762 diaconii,
2568 1701 2648 1756 vel
2680 1703 2998 1774 presbyterii
3045 1703 3110 1756 ad
3153 1704 3413 1772 agendam
3448 1707 3711 1774 pmnilen-

2133 1791 2257 1844 tiam
2292 1807 2480 1844 manus
2509 1791 2905 1860 impositionem
2945 1794 3237 1863 accipiunt.
3283 1795 3491 1850 Scribit
3517 1807 3575 1852 et
3595 1797 3704 1851 eni-

2123 1885 2240 1939 dam
2266 1873 2670 1953 archiepiscopo
2689 1887 2753 1940 de
2781 1888 3068 1957 praecipuis
3097 1898 3334 1946 tractans
3354 1893 3710 1947 sacramentis

2123 1975 2371 2030 humanm
2387 1977 2594 2031 salutis.
2614 1978 2745 2031 ltem
2765 1978 2976 2031 cuidam
2993 1979 3265 2047 episcopo,
3289 1981 3355 2034 ad
3380 1981 3707 2047 interrogata
3785 2005 3787 2008 ⁴

2123 2065 2290 2136 ipsius
2342 2069 2673 2136 respondens
2730 2069 2795 2121 d‘e
2842 2069 3272 2126 ordinationibus
3307 2073 3707 2140 episcoporum.

2123 2155 2206 2208 vel
2249 2157 2688 2211 translationibus
2719 2157 2785 2212 de
2833 2160 3054 2214 civitate
3096 2162 3162 2213 ad
3215 2161 3539 2215 civitatem:
3571 2172 3625 2216 et
3647 2164 3709 2213 de

2123 2246 2361 2300 Aetardo
2387 2246 2735 2303 Namnetensi
2777 2251 3029 2320 episcopo
3049 2293 3063 2312 .
3093 2253 3183 2321 qui
3215 2254 3479 2321 expulsus
3523 2270 3554 2307 a
3583 2271 3708 2323 quo-

2127 2339 2247 2392 dam
2293 2337 2570 2392 Britonnm
2604 2340 2760 2402 duce,
2793 2341 2846 2394 in
2875 2346 3100 2396 vae'ante
3131 2341 3424 2397 Morineusi
3468 2344 3704 2399 Ecclesia

2125 2429 2430 2496 aliquandiu
2459 2429 2789 2489 demoratus.
2827 2441 3042 2500 petente
3066 2432 3212 2486 clero
3236 2448 3298 2486 ac
3320 2432 3480 2501 plebe
3503 2435 3706 2503 provin~

2126 2519 2223 2573 ciae
2237 2517 2588 2581 Turonensis,
2605 2530 2658 2574 et
2680 2515 3120 2576 convenientibus
3135 2522 3424 2593 episcOpis,
3443 2522 3502 2576 in
3526 2524 3704 2578 eadem

2127 2609 2410 2679 metropoli
2443 2609 2541 2663 fuit
2573 2611 2958 2666 incardinatns.
3006 2611 3136 2665 item
3177 2613 3390 2666 cuidam
3438 2613 3618 2672 fratri.
3644 2613 3704 2665 de

2125 2701 2377 2760 homine.
2403 2700 2492 2769 qni
2533 2716 2654 2754 cum
2685 2702 2914 2769 quadam
2954 2702 3150 2758 femina
3183 2704 3502 2768 concubuit,
3542 2715 3593 2780 et
3624 2719 3704 2772 po-

2129 2804 2240 2853 slea
2267 2793 2698 2867 sororem’ipsius
2715 2797 2766 2851 in
2787 2795 3093 2866 coniugium
3119 2797 3290 2851 duxit.
3319 2797 3527 2852 Scribit
3548 2797 3699 2850 etiam

2131 2889 2330 2956 (supra,
2354 2903 2468 2958 cap.
2493 2888 2585 2955 2i)
2607 2887 2906 2958 apologiam
2929 2903 3027 2956 pro
3057 2904 3135 2952 se,
3159 2889 3370 2943 euuetis
3384 2903 3510 2942 eam
3533 2887 3700 2958 legere

2130 2979 2432 3034 volentibus
2459 2987 2644 3032 contra
2674 2993 2766 3032 eos
2789 2978 2880 3047 qui
2906 2978 3216 3033 calumniati
3237 2987 3364 3032 sunt
3386 2978 3539 3033 illum
3570 2976 3698 3047 apud

2129 3068 2388 3124 Joannem
2421 3084 2610 3139 papam
2637 3111 2651 3134 ,
2683 3070 2772 3137 qui
2801 3070 3060 3139 synodum
3093 3070 3281 3125 habuit
3306 3070 3512 3125 Trecas
3566 3069 3604 3138 (ἱ
3651 3070 3696 3128 1.

2128 3161 2357 3228 Trecis),
2380 3175 2408 3214 a
2431 3177 2535 3228 quo
2558 3169 2612 3214 et
2645 3160 2872 3230 benigne
2903 3160 3042 3215 idem
3069 3161 3260 3230 praesul
3290 3161 3698 3230 suscipiebatur,

2126 3252 2319 3322 quibus
2366 3259 2415 3305 et
2460 3251 2512 3304 in
2559 3251 2762 3320 synodo
2806 3259 2930 3304 tunc
2972 3251 3249 3318 reSpondit
3292 3266 3390 3319 pro
3440 3260 3698 3320 tempore,

2125 3343 2465 3412 postmodum
2498 3355 2624 3393 vero
2661 3355 2921 3393 excusare
2965 3355 3022 3394 se
3066 3341 3258 3394 litteris
3310 3357 3417 3396 non
3449 3341 3697 3413 neglexit.

2127 3447 2378 3487 asserens
2399 3446 2456 3484 se
2477 3431 2775 3486 deeretales
2804 3433 3062 3500 epistolas
3092 3433 3409 3502 pontiﬁcum
3437 3434 3699 3488 Romano-

2128 3540 2246 3578 rum
2272 3522 2656 3578 venerabiliter
2703 3523 2973 3590 suseipere
3001 3533 3164 3593 atque
3217 3535 3424 3589 tenere,
3465 3543 3587 3581 eum
3616 3541 3698 3580 ca-

2127 3616 2524 3671 lumniarentur
2553 3615 2779 3678 inimici,
2803 3617 2902 3669 has
2928 3632 3047 3670 eum
3080 3618 3221 3672 nolle
3242 3619 3694 3674 adauetoritatem

2127 3711 2384 3778 recipere.
2417 3708 2546 3762 ltem
2578 3708 2643 3762 de
2683 3707 2897 3762 Niczena
2939 3711 3142 3779 synodo
3167 3751 3182 3774 ,
3208 3719 3260 3764 et.
3288 3712 3356 3765 de
3381 3712 3693 3776 abiectione,

2127 3799 2209 3853 vel
2241 3800 2580 3854 restitutione
2609 3797 2883 3852 Hincmari
2926 3799 3299 3855 Laudunensis
3322 3802 3584 3870 episcopi.
3629 3801 3697 3854 De

2122 3888 2225 3944 hoc
2268 3905 2478 3958 quoque
2513 3889 2656 3958 quod
2701 3888 3168 3944 ealumniabantur
3215 3907 3336 3946 eum
3378 3893 3562 3947 dicere
3595 3907 3694 3946 non

2124 3978 2343 4047 majoris
2371 3979 2650 4046 dignitatis
2676 3995 2796 4034 esse
2820 3996 3010 4048 papam
3044 3981 3366 4037 Romanum.
3403 3999 3567 4052 quam
3590 3982 3698 4036 esi-

2125 4078 2291 4124 steret
2321 4070 2451 4139 ipse.
2485 4069 2592 4125 Sed
2624 4079 2678 4125 et
2707 4069 2772 4124 de
2802 4071 3183 4137 Karlomauuo,
3216 4083 3269 4128 et
3297 4073 3418 4129 aliis
3445 4074 3693 4130 conviciis

2125 4161 2224 4216 sibi
2255 4177 2348 4231 per
2375 4162 2697 4217 calumniam
2727 4163 2908 4226 illatis,
2931 4166 2995 4219 de
3020 4166 3214 4234 quibus
3240 4179 3358 4219 eum
3390 4168 3592 4222 veritas
3610 4180 3694 4234 e3;-

2125 4253 2416 4310 cusabilem
2446 4256 2695 4310 reddidit.
2745 4255 2970 4325 Scripsit
3001 4268 3256 4328 pratterea
3285 4259 3436 4328 plura
3455 4302 3468 4320 .
3495 4261 3562 4315 ad
3584 4272 3693 4329 qua:

2126 4364 2224 4404 nos
2250 4350 2617 4404 enumeranda
2650 4350 2898 4405 sufﬁcere
2923 4367 3027 4405 non
3059 4362 3336 4422 putamus.

2687 4460 2916 4516 CAPUT
2967 4461 3134 4517 XXX.

2129 4549 2205 4603 De
2233 4550 2572 4605 translatione
2609 4554 2838 4613 corporis
2874 4557 3039 4605 sancti
3081 4553 3296 4619 (inanimi
3325 4577 3356 4611 (ι
3386 4561 3693 4615 monasterio

2404 4620 2587 4689 ipsius.
2628 4632 2673 4674 et
2706 4622 2844 4674 obitu
2873 4621 3145 4676 Hinemari
3172 4628 3417 4695 episcopi.

2197 4709 2643 4764 Excrescentibus
2668 4712 2876 4765 tandem
2903 4712 3137 4781 ﬂagitiis.
3171 4727 3358 4772 contra
3388 4735 3507 4787 qme
3538 4720 3689 4773 veluti

2129 4814 2315 4853 murus
2342 4800 2768 4869 inexpugnabilis
2797 4819 3008 4872 semper
3035 4808 3338 4872 obstiterat,
3375 4827 3508 4880 gens
3538 4812 3688 4866 Nort-

2127 4905 2444 4944 mannorum
2475 4905 2569 4956 per
2588 4906 2746 4945 omne
2772 4893 3099 4950 Francorum
3137 4897 3451 4956 diffunditur
3476 4916 3685 4973 regnutn

2129 4979 2430 5045 (Atuoxtus,
2459 4979 2544 5031 lib.
2571 4996 2622 5041 ι’,
2648 4999 2693 5033 r.
2723 4981 2834 5043 At).
2860 4984 2924 5038 Et
2947 4988 3200 5054 quoniam
3222 4990 3414 5045 civitas
3440 4993 3553 5048 inec
3575 5004 3686 5047 tunc

2131 5064 2332 5135 absque
2377 5082 2532 5120 muro
2576 5068 2934 5134 habitabatur,
2969 5076 3241 5145 accipiens
3281 5080 3369 5134 ille
3411 5083 3552 5150 quod
3594 5081 3683 5136 sibi
