3904 5396
152 282 234 334 2m
699 280 1040 337 HISTORIA:
1084 279 1437 337 Πηλεῖ)ιὲ
1472 282 1816 338 REMENSIS
1853 286 2031 341 LIBRI
2072 288 2430 355 QUATUOR.
2464 324 2525 348 ν·-
2558 295 2682 351 LIB.
2726 296 2815 351 IV.

152 394 238 447 sibi
280 401 677 461 prmparavcrat
700 432 713 455 ,
740 402 821 444 est
851 390 1142 459 sepultum.
1179 388 1343 457 Cujus
1383 392 1714 460 epitaphium
1746 400 1793 457 Α

153 486 213 537 ab
238 498 295 535 eo
317 482 579 533 dictatum
609 480 839 534 habetur
866 481 1196 549 hnjnsmodi.

202 571 392 620 Nomine
419 582 514 618 non
552 572 747 631 merito,
771 569 952 626 praesul
980 570 1283 627 Htucmarus,
1312 573 1373 619 ab
1398 578 1533 620 Intro

259 633 346 688 'l'e,
373 631 699 689 lector,tituli,
721 645 905 693 quaso,
925 642 1174 681 Inc-mento
1200 634 1317 680 mei.

201 694 345 754 Quem
380 704 543 752 grege
570 702 809 754 pastorem
836 696 1029 754 proprio
1058 695 1316 753 Dioiiysius
1337 693 1449 743 olitn

256 753 513 801 Remorum
541 753 743 816 j-optdis,
771 761 823 801 ut
849 753 1060 816 petiere,
1088 755 1237 802 dedit.

200 817 406 877 Quisque
431 814 633 863 humilis
659 828 841 873 magna!
870 814 1123 863 “emensis
1148 816 1363 875 regmlua
1386 817 1545 877 plebis

257 876 372 923 llo-xi
398 887 486 934 pro
511 877 720 933 modulo,
745 877 821 923 hic
844 878 983 923 tmdo
1010 888 1173 925 verme
1200 891 1358 925 voror.
1388 876 1399 903 ⁵

198 935 317 996 Ergo
340 948 515 983 animm
534 949 758 997 requiem
784 950 927 995 nunc,
955 944 1003 984 et
1030 950 1138 984 cum
1164 951 1308 986 carne
1335 946 1603 1000 resumpta,

793 1020 3093 1046 —————————————_—-—_—————

3295 308 3403 363 162

1948 398 2128 471 Gaudia
2165 402 2303 471 plena
2327 404 2442 453 mihi
2462 403 2569 471 llaec
2582 422 2791 471 quoque
2829 423 2971 471 po~re
2996 415 3155 465 simul.

1881 461 2087 520 Christe,
2119 461 2185 511 tui
2211 465 2426 513 clemens
2449 461 2874 521 famuli'miserere
2901 473 3089 524 ﬁdelis:

1933 524 2010 570 Sis
2037 538 2111 583 pia
2136 528 2309 574 cultori
2335 536 2495 576 sancta
2520 530 2663 579 Maria
2691 540 2789 581 tuo.

1888 584 2049 653 Dulcis
2074 585 2278 653 Remigii
2296 592 2502 653 sibimet
2524 592 2721 639 devotio
2745 596 2892 653 prosit

1954 647 2048 702 'Jua
2072 656 2122 715 te
2154 648 2328 696 dilexit
2352 658 2567 715 pectore,
2594 660 2645 701 et
2666 647 2772 715 ore,
2797 670 2869 703 ma
2892 670 2956 707 zu.

1892 710 2154 786 quiarehic
2176 713 2409 786 suppetiit
2430 718 2634 786 supple;
2660 728 2744 762 sua
2759 710 2983 786 'membra
3007 722 3175 786 locari,

1954 767 2014 816 Ut
2038 770 2165 819 bene
2190 767 2502 835 complacuit,
2521 767 2734 838 denique
2758 778 2824 824 sic
2845 782 2989 830 obiit.

1823 871 1965 945 Διὶ-ηρ
1990 873 2251 945 Dominiea:
2273 877 2616 945 incarnationis
2638 879 2757 940 882;
2793 878 3106 945 EpiscOpatus
3129 896 3290 935 autem
3332 892 3406 939 sui

1886 933 1968 994 52,
1992 949 2161 984 mvn‘e
2187 938 2214 985 7
2241 945 2289 985 et
2312 938 2393 985 die
2414 945 2602 995 quarta.

3106 1032 3381 1050 ψ

1254 1167 1610 1253 LIBER
1686 1164 2273 1271 QUARTUS.

642 1464 869 1521 CAPUT
910 1464 1198 1523 PRIMUM.

154 1555 217 1611 De
246 1556 541 1628 episcopatu
588 1554 871 1620 Fulconis,
911 1568 957 1628 et
996 1576 1114 1628 qua:
1160 1560 1351 1625 scripta
1400 1556 1713 1627 quibusdam

485 1625 739 1680 Romanis
767 1625 1100 1696 pontiﬁcibus
1143 1631 1356 1682 direxit.

208 1737 475 1792 Przmisso
517 1739 636 1791 viro
668 1738 758 1792 Dei
808 1739 873 1791 ad
900 1749 1083 1807 patres
1110 1754 1236 1793 suos
1281 1739 1525 1808 apposito
1550 1779 1562 1799 ,
1594 1752 1713 1790 suc-

152 1831 289 1883 cessit
330 1831 381 1883 in
428 1831 742 1898 episeopatu
784 1829 1036 1883 Remensi
1078 1830 1242 1884 Fulco
1278 1830 1360 1882 vir
1408 1828 1559 1881 valde
1614 1844 1711 1880 no-

152 1919 285 1982 hilis,
318 1928 369 1971 et
416 1919 670 1987 palatinis
722 1929 971 1973 assuetus
1011 1919 1201 1973 olliciis
1249 1936 1262 1971 :
1302 1919 1392 1988 qui
1436 1918 1554 1973 ﬁdei
1604 1932 1714 1971 suae

152 2020 363 2063 tenorem
414 2010 627 2065 Marino
683 2025 833 2080 papae
887 2010 1178 2080 delegans,
1234 2010 1452 2079 pallium
1501 2010 1569 2063 ab
1618 2025 1704 2072 eo,

152 2111 524 2154 antecesserunt
557 2116 781 2155 suorum
828 2102 893 2155 de
924 2117 1103 2164 more,
1132 2102 1388 2169 suscepit.
1420 2100 1517 2154 Cui
1548 2101 1711 2154 etiam

154 2191 332 2245 litteras
358 2194 503 2245 misit
528 2208 627 2262 pro
647 2193 990 2247 concedendo
1017 2195 1196 2248 debile
1218 2194 1503 2247 Remcusis
1526 2193 1713 2248 Eccle-

153 2283 230 2335 size
256 2284 526 2353 privilegio
545 2325 559 2346 ,
595 2294 757 2353 atque
790 2302 886 2355 pro
914 2286 1381 2340 commendatione
1406 2287 1549 2356 regis
1579 2286 1711 2340 Kar-

154 2373 358 2427 lomanni
380 2416 393 2437 ,
427 2375 478 2427 in
511 2375 833 2443 quibusdam
866 2390 922 2429 se
954 2375 1226 2444 signiﬁcat
1255 2376 1323 2429 ab
1352 2378 1538 2430 eodem
1573 2392 1709 2446 papa

155 2465 320 2517 dudum
339 2465 499 2518 fuisse
526 2466 799 2535 cognituri)
818 2465 1291 2534 tcmporeJoannis
1314 2482 1479 2535 papae.
1500 2468 1712 2535 quando

156 2569 254 2605 cum
299 2553 487 2608 Karolo
524 2555 851 2623 imperatore
884 2555 1022 2607 idem
1070 2554 1233 2609 Fulco
1285 2554 1453 2608 fuerat
1501 2554 1706 2609 Romm.

155 2645 262 2698 Item
303 2662 393 2714 pro
443 2647 681 2716 quodam
718 2649 1079 2711 monasterio,
1129 2649 1269 2718 quod
1304 2647 1473 2703 frater
1505 2649 1707 2719 ipsius,

156 2736 340 2789 nomine
392 2736 644 2805 Rautpo,
696 2738 764 2791 ab
812 2752 878 2792 co
931 2740 1205 2803 construi,
1264 2748 1588 2795 testamento
1620 2741 1711 2793 dc—

1736 1470 1781 1528 B
1810 1467 2190 1535 przedccessori
2236 1468 2404 1535 ipsius
2434 1466 2668 1521 Marinus
2690 1507 2704 1531 ,
2738 1468 2804 1521 ad
2832 1482 3017 1522 eorum
3048 1468 3384 1537 petitionem,

1818 1556 1963 1624 pium
2007 1558 2059 1610 in
2102 1559 2201 1611 hoc
2232 1560 2520 1627 prmbuerit
2549 1573 2830 1612 assensum
2859 1600 2873 1624 ,
2906 1560 3128 1628 insuper
3156 1570 3205 1615 et
3239 1562 3404 1631 pallio

1818 1662 1941 1701 eum
1996 1650 2313 1713 donaverit,
2351 1660 2405 1705 et
2455 1650 2622 1719 ipsius
2680 1651 2731 1705 in
2782 1651 3105 1707 Bituricensi
3160 1654 3403 1708 Ecclesia

1816 1740 2208 1806 promotionem
2264 1741 2481 1810 scriptis
2538 1744 2909 1807 roboraverit,
2961 1753 3065 1799 etc.
3128 1747 3404 1815 Stephano

1818 1826 2023 1897 (Steph.
2053 1826 2149 1897 VI)
2176 1845 2390 1898 quoque
2418 1830 2576 1899 hujus
2604 1832 2824 1886 Adriani
2859 1836 3155 1889 successori
3191 1836 3402 1891 litteras

1817 1918 2035 1971 mittens
2061 1957 2074 1980 ,
2106 1919 2399 1986 gratiarum
2447 1922 2689 1975 actiones
2717 1921 2924 1977 referre
2970 1928 3217 1988 curavit,
3259 1926 3401 1994 quod

1814 2020 1936 2060 eum
1965 2046 1979 2070 ,
2028 2016 2081 2060 et
2128 2007 2424 2062 Ecclesiam
2477 2010 2646 2080 ipsius
2684 2012 2877 2067 litteris
2935 2016 3267 2083 apostolatus
3324 2031 3406 2086 Sui

1814 2097 2075 2162 visitare,
2127 2108 2181 2153 et
2226 2100 2367 2153 inter
2411 2102 2588 2155 varias
2645 2105 2825 2157 mundi
2877 2120 3158 2173 pressuras
3212 2122 3405 2161 conso-

1814 2185 1912 2239 lari
1960 2189 2208 2258 dignatus
2263 2192 2460 2257 fuerit,
2515 2202 2567 2247 et
2608 2196 2731 2261 quia
2780 2195 2963 2250 fratris
3008 2212 3129 2251 eum
3162 2208 3215 2252 et
3244 2199 3405 2253 amici

1814 2276 2077 2331 vocabulo
2109 2279 2334 2333 voluerit
2370 2282 2668 2347 honorare,
2714 2284 2855 2354 quod
2889 2286 2999 2354 ipse
3046 2296 3221 2340 tamen
3272 2287 3408 2341 nolit

1814 2375 2085 2434 appetere,
2121 2369 2213 2421 sed
2243 2370 2412 2439 magis
2441 2386 2629 2423 servus
2653 2380 2707 2424 ct
2734 2372 3007 2439 subjectus
3041 2376 3293 2427 existere.
3323 2375 3408 2428 Si-

1814 2456 2139 2527 gniIiCanue
2166 2475 2222 2513 se
2244 2462 2309 2513 ad
2338 2461 2509 2530 ipsum
2542 2478 2730 2531 papam
2753 2464 3038 2517 videndum
3062 2480 3403 2535 properasse,

1814 2544 1918 2598 nisi
1952 2560 2279 2615 paganorum
2323 2549 2610 2604 vallaretur
2656 2552 2979 2606 obsidione:
3014 2554 3217 2623 hosque
3263 2557 3406 2611 deuo

1816 2645 2023 2688 tantum
2050 2636 2300 2692 milliario
2331 2654 2359 2691 a
2386 2655 2483 2693 sua
2506 2640 2727 2694 civitate
2750 2642 2960 2707 abesse,
2980 2643 3251 2698 civitatem
3275 2660 3407 2713 quo-

1817 2742 1917 2794 que
1930 2726 2261 2782 Parisiorum
2280 2731 2347 2785 ab
2364 2731 2492 2801 ipsis
2512 2740 2636 2787 timc
2658 2733 2911 2789 obsideri.
2938 2734 3085 2790 Ilauc
3108 2735 3408 2791 infestatio-

157 2824 393 2891 υμνοι-λη
436 2842 502 2879 οι
558 2827 719 2879 rebus
771 2842 882 2880 sum
931 2829 1274 2895 pmmiemis
1301 2871 1315 2892 ο
1361 2846 1498 2900 quas
1527 2838 1713 2900 postea
1742 2825 1786 2887 ς
1814 2833 1939 2871 nem
1971 2819 2095 2873 huic
2119 2836 2287 2889 regno
2313 2822 2379 2875 ab
2401 2834 2522 2877 octo
2547 2825 2705 2879 anuis
2726 2823 2838 2892 jam
2865 2828 3150 2895 prmieritis
3180 2829 3362 2883 inferri
3386 2872 3399 2894 ,

159 2914 487 2969 lliuiinfridus
519 2914 738 2984 quidam
783 2927 1093 2985 pervaserat
1121 2959 1134 2981 ,
1165 2922 1253 2987 qui
1294 2934 1517 2973 uxorem
1546 2920 1716 2990 ipsius

160 3004 191 3055 ll
212 3007 418 3074 .mponis
435 3008 651 3059 viduam
670 3007 770 3060 sibi
788 3009 1147 3077 copulaverat.
1169 3009 1273 3065 Pro
1289 3026 1396 3079 quo
1423 3012 1561 3065 idem
1582 3026 1717 3081 papa

159 3093 310 3158 (Ionii.
358 3094 518 3166 VIII)
555 3098 791 3151 Evrardo
834 3098 1135 3154 Seuouensi
1169 3102 1612 3171 archiepiscopo,
1664 3102 1715 3155 in

160 3184 286 3251 cujus
314 3186 571 3254 parochia
616 3187 757 3240 idem
812 3198 1184 3244 constructum
1218 3190 1400 3245 fuerat
1446 3200 1719 3246 monaste-

160 3290 272 3326 ruun
296 3315 309 3339 ,
354 3278 566 3332 litteras
610 3277 831 3332 direxit.
863 3280 967 3335 Sed
997 3292 1050 3336 et
1077 3282 1270 3337 Joauni
1302 3286 1710 3357 archiepiscopo

162 3363 576 3439 liothomagensi,
626 3372 676 3424 in
723 3371 877 3440 cujus
906 3374 1044 3427 idem
1090 3375 1451 3431 Erminfridus
1493 3380 1716 3435 dioecesi

160 3456 349 3525 degebat
375 3501 389 3526 ,
418 3463 741 3532 prtecipicns
788 3475 847 3519 ut
892 3481 1013 3520 eum
1043 3466 1355 3522 admoueret
1384 3470 1453 3523 ab
1499 3470 1600 3524 hac
1629 3486 1715 3525 sa-

160 3566 340 3605 crarum
392 3570 572 3609 rerum
608 3560 926 3625 pervasione
971 3573 1227 3623 cessare,
1273 3560 1413 3628 quod
1458 3560 1503 3614 si
1536 3560 1713 3615 facere

162 3638 293 3693 Nlllt'l
315 3682 327 3702 ,
361 3645 683 3699 canonicam
715 3648 815 3702 sub
841 3657 919 3701 ret
951 3649 1229 3703 ultionem.
1260 3650 1553 3703 Adrianum
1583 3666 1714 3720 quo-

160 3742 244 3792 ilue
268 3746 445 3801 papam
477 3736 729 3803 (Adrian.
764 3736 883 3801 Ill,
915 3755 1006 3792 an.
1029 3737 1154 3808 884)
1178 3739 1347 3808 ipsius
1372 3738 1561 3793 Marini
1592 3755 1715 3794 suc-

160 3831 397 3875 cessorum
429 3824 629 3881 litteris
660 3826 811 3882 initio
838 3829 1179 3897 pontificatus
1218 3830 1460 3897 ejusdem
1493 3832 1713 3887 visitare

161 3911 367 3977 studuit,
414 3918 763 3985 congaudens
796 3918 963 3987 ipsius
1015 3921 1243 3986 honori,
1284 3930 1335 3975 et
1382 3937 1440 3975 se
1479 3922 1709 3977 Romam

162 3999 273 4054 velle
316 4016 491 4072 petere
543 4008 851 4078 signiﬁcat,
894 4011 939 4064 si
988 4010 1098 4065 Deo
1151 4028 1337 4081 pacem
1405 4013 1709 4079 tribuente,

163 4088 369 4145 valuerit.
425 4095 769 4166 Exeinplaria
801 4114 1014 4168 quoque
1043 4101 1449 4170 privilegiorum
1479 4117 1507 4155 a
1534 4102 1712 4157 Leone

1822 2920 1877 2964 ut
1894 2912 2095 2965 nemini
2111 2921 2258 2966 extra
2278 2915 2493 2969 castella
2512 2918 2697 2986 procul
2716 2918 2853 2972 liber
2868 2920 3044 2972 aditus
3061 2931 3246 2989 patere
3262 2922 3404 2975 vile.

1820 3010 1990 3056 retur.
2021 3002 2184 3057 Addit
2212 3004 2447 3075 denique
2482 3007 2698 3062 audisse
2721 3024 2779 3063 se
2801 3010 2867 3063 de
2894 3002 3104 3065 insidiis
3140 3026 3401 3080 quorum-

1819 3094 1940 3147 dam
1968 3094 2360 3163 pestilentium,
2416 3112 2552 3166 quas
2587 3098 2686 3167 ipsi
2740 3114 2890 3168 papze
2934 3100 3325 3167 moliebantur,
3352 3112 3409 3157 et

1818 3196 1844 3236 s
1863 3184 1952 3237 itis
1972 3197 2114 3252 aegre
2137 3180 2344 3247 tulisSe,
2367 3199 2631 3255 opemque
2652 3185 2816 3249 ferre,
2842 3187 2885 3241 si
2909 3187 3175 3254 licuisset,
3196 3198 3403 3259 Optare,

1818 3290 1981 3327 unum
2012 3275 2154 3343 quod
2182 3274 2370 3343 quibat
2404 3290 2584 3345 agere,
2639 3278 2887 3347 precibus
2938 3278 3189 3334 videlicet
3218 3296 3314 3351 pro
3342 3295 3408 3336 co

1817 3365 2085 3421 insistere.
2168 3384 2227 3421 ro
2258 3367 2489 3423 Widoue
2522 3369 2635 3439 (19)
2676 3386 2889 3440 quoque
2911 3372 3068 3427 aliine
3092 3388 3210 3438 suo,
3245 3388 3406 3443 quem

1816 3459 1957 3513 idem
1974 3474 2108 3529 papa
2125 3460 2177 3515 in
2197 3460 2360 3515 lilium
2377 3462 2747 3531 adoptaverat,
2766 3474 3031 3518 memorat
3048 3474 3154 3518 tam
3173 3481 3230 3520 se
3244 3481 3405 3536 quam

1820 3563 2045 3609 caeteros
2076 3558 2507 3627 consanguineos
2532 3573 2678 3622 suos,
2712 3560 2905 3628 quibus
2926 3560 2975 3614 id
3004 3562 3398 3627 notiﬁcaverat,

1815 3642 1993 3697 debita
2006 3660 2056 3697 ιιι
2087 3646 2422 3701 exhibituros
2441 3647 2615 3701 cidem
2644 3663 2794 3718 papa:
2825 3652 3203 3703 reverentiam.
3240 3652 3313 3705 De
3338 3668 3405 3705 eo

1815 3735 1978 3788 etiam
2010 3737 2154 3806 quod
2205 3736 2279 3790 illi
2326 3738 2639 3806 scripserat,
2680 3740 2937 3793 roborare
2990 3755 3048 3794 se
3098 3752 3404 3811 promptum

1814 3826 1930 3881 fore
1951 3842 2283 3896 quaecunque.
2309 3829 2613 3881 necessaria
2636 3828 2728 3882 Dei
2754 3829 3005 3884 Ecclesiae
3032 3830 3405 3900 signiﬁcaren-

1817 3929 1922 3981 tur,
1952 3917 2069 3986 cjus
2102 3920 2499 3989 suggestionem
2529 3934 2588 3973 se
2638 3919 2864 3974 multum
2895 3936 2993 3989 per
3039 3934 3256 3975 omnem
3296 3936 3404 3975 ηιοο

1815 4012 1940 4067 dum
1980 4008 2225 4065 olfecisse
2253 4011 2421 4081 ipsius
2451 4010 2692 4066 ﬁdelitati
2724 4013 3037 4078 obnoxium,
3067 4029 3233 4083 seque
3280 4029 3404 4069 cum

1815 4100 2165 4170 sull‘ragancis
2204 4101 2607 4172 coepiscopisin
2630 4102 2774 4157 cultu
2803 4103 2991 4171 debito
3014 4114 3214 4158 sanctae
3258 4105 3405 4159 sedis

163 4174 938 4255 (1301l'),Bencdiclo(Bcned.
961 4189 1099 4259 ΙΙΙ),
1117 4200 1169 4243 et
1194 4190 1413 4245 Nicolao
1431 4192 1633 4261 (Nicol.
1658 4192 1705 4263 1)
1741 4178 1785 4236 D
1814 4189 2066 4245 Romamn
2093 4200 2583 4260 perseveraturum,
2616 4203 2672 4247 et
2697 4194 2741 4247 si
2763 4194 2889 4263 quid
2906 4196 3234 4249 contrarium
3259 4211 3404 4250 sanm

169 4270 471 4331 pontiﬁcibus
524 4276 785 4332 Romanis
846 4278 1097 4333 Remensi
1152 4282 1263 4335 sedi
1326 4298 1709 4338 concessurum

166 4356 265 4414 huic
308 4366 434 4431 petit
487 4368 797 4434 recitanda,
845 4380 900 4423 et
935 4373 1003 4425 ab
1053 4389 1118 4425 co
1172 4374 1272 4427 sibi
1304 4377 1707 4448 conservandos,

167 4456 208 4498 et
232 4450 511 4511 roboranda
540 4496 557 4523 ,
590 4470 751 4527 atque
784 4462 1200 4529 augmentauda.
1233 4463 1304 4517 De
1336 4464 1557 4534 prmfato
1582 4480 1713 4532 quo-

168 4553 250 4605 Que
289 4550 643 4616 monasterio,
690 4553 845 4621 cujus
893 4569 979 4608 res
1022 4556 1308 4623 prmdictus
1359 4556 1713 4612 Erminfris’us

174 4625 447 4701 invaserat,
502 4640 784 4709 suggerit,
824 4650 883 4695 ut
913 4643 1205 4711 prtetttissis
1245 4645 1407 4697 etiam
1452 4647 1711 4715 archiepi-

169 4724 313 4791 scopis
353 4729 594 4786 Aurardo
645 4744 700 4787 ct
742 4734 932 4788 Joanui
987 4753 1095 4791 sute
1140 4738 1479 4794 auctoritatis
1513 4756 1715 4809 prtere-

170 4812 367 4875 Ptionem
416 4820 649 4893 dirigat,
676 4826 876 4894 jnbcns
908 4828 1035 4896 quid
1070 4831 1122 4883 in
1173 4844 1295 4883 cum
1341 4830 1454 4883 ﬁeri
1484 4832 1712 4897 debeat,

171 4910 255 4992 etc.
306 4907 429 4964 Item
481 4928 578 4981 pro
626 4917 1095 4973 commendatione
1145 4922 1543 4989 przememorati
1577 4922 1717 4992 regis

172 4986 513 5066 Karlomanni,
562 5013 725 5072 atque
776 5019 874 5072 pro
923 4986 1235 5063 defensioue
1266 5008 1536 5064 Frotharii
1570 4986 1717 5064 Bitu-

177 5094 361 5124 fu‘mnie
388 5094 770 5124 απυδ-ἰηπζρπηηζ
845 5100 930 5124 -..:
964 5102 986 5124 ι·

1816 4281 1936 4336 ﬁdei
1980 4292 2163 4337 contra
2192 4284 2363 4353 ipsam
2399 4286 2705 4350 cmerscrit,
2734 4288 3076 4353 omnimodis,
3102 4288 3403 4353 confutare,

1814 4369 1925 4424 Deo
1946 4371 2260 4437 auxiliante,
2290 4382 2537 4441 paratum
2578 4375 2835 4430 existere.
2887 4375 3080 4431 Sedem
3120 4392 3250 4431 vero
3298 4377 3402 4431 Re-

1817 4479 2057 4518 iueusem
2085 4475 2270 4519 notum
2308 4467 2505 4522 habeat
2524 4470 2591 4521 ab
2623 4471 3059 4524 antecessoribus
3104 4471 3218 4524 suis
3239 4472 3402 4541 (deest

1816 4559 1945 4627 prie)
1997 4559 2177 4627 potius
2226 4558 2519 4615 Gallicanis
2578 4563 2828 4616 omnibus
2892 4563 3149 4618 Ecclesiis
3191 4580 3408 4634 semper

1818 4649 1983 4702 fuisse
2010 4649 2355 4714 honoratam,
2403 4659 2585 4718 utpote
2640 4667 2761 4704 cum
2808 4653 3015 4721 primus
3042 4654 3405 4724 apostolorum

1816 4738 2008 4792 beatus
2038 4737 2231 4792 Petrus
2277 4740 2509 4808 primum
2560 4740 2914 4795 destinaverit
2962 4744 3086 4797 huic
3116 4744 3233 4796 urbi
3284 4760 3406 4798 san-

1819 4840 1965 4882 ctum
1995 4828 2207 4883 Sixtum
2231 4831 2565 4899 episcopum,
2598 4839 2653 4885 et
2677 4831 2841 4885 totius
2881 4833 3171 4887 Gallicana:
3226 4834 3405 4901 regio-

1821 4919 1906 4972 uis
1946 4918 2157 4973 dederit
2206 4919 2253 4973 ei
2303 4920 2617 4989 primatum.
2671 4919 2957 4976 llormistla
3008 4936 3223 4992 quoque
3272 4938 3409 4992 papa

1818 5016 2008 5064 sancto
2059 5010 2307 5080 Remigio
2359 5012 2503 5068 vices
2553 5027 2681 5070 suas
2721 5012 2775 5065 in
2828 5012 3125 5071 Galliarum
3170 5015 3414 5082 partibus

2001 5101 2145 5122 ἶινλμῗι
2214 5100 2319 5122 Ι.--
2382 5102 2451 5122 ειν
2484 5120 2489 5121 γ
2662 5117 2764 5122 --α-
3210 5118 3217 5119 κ
3336 5105 3348 5120 Ι

1823 5115 2073 5124 αλιιὶηοληινλ
