3904 5396
480 337 587 410 s63

1545 354 1933 412 FLODOARDI
1974 353 2292 412 CANONlCl
2335 353 2676 411 MiMENSIS

3662 357 3760 415 θαι

485 466 635 520 urbis
664 461 1122 519 excommunicari
1155 483 1167 517 :
1203 464 1397 534 quibus
1435 465 1678 520 eamdem
1703 465 2072 520 excommuni-
2101 472 2148 528 Α
2180 473 2306 529 tate,
2345 466 2394 519 id
2418 475 2580 520 etiam
2623 467 3015 530 removeretur,
3041 466 3184 538 quod
3209 467 3505 523 necessitas
3537 470 3762 538 impera-

485 557 755 611 cationcm
779 555 1171 618 differentibus,
1205 556 1345 610 idem
1368 571 1658 625 persuasor
1700 557 1876 614 adhuc
1911 567 2066 626 rapta

485 647 810 719 possidebat.
842 645 1010 714 _Unde
1051 648 1187 716 petit
1228 656 1286 700 ιιι
1312 647 1604 716 apostolica
1635 646 1702 700 ab
1740 648 1856 716 ipso
1911 645 2073 701 feria-

485 755 571 799 tur
601 744 890 807 sententia,
920 744 1302 813 praecipiatque
1342 744 1430 798 hic
1458 759 1593 813 papa
1634 743 1872 814 praefatis
1895 743 2074 798 archi-

483 835 771 904 episc0pis,
823 849 892 888 ne
933 833 1095 886 ullam
1154 835 1206 888 in
1252 834 1503 888 eumdem
1553 833 2073 888 excommunicando

483 924 712 980 'all'erant
741 923 974 994 amplius
1001 924 1338 979 dilationem.
1367 923 1442 980 De
1466 925 1786 995 quibusdam
1813 932 2072 994 praeterea

484 1018 648 1072 rebus
674 1017 959 1072 Bernensis
978 1017 1242 1082 ecclesia,
1287 1033 1422 1087 quas
1472 1020 1690 1088 quidam
1741 1018 2074 1073 abstulerant

487 1109 788 1173 invasores,
823 1109 1016 1178 poscit,
1065 1117 1123 1162 ut
1171 1109 1287 1179 ipse
1315 1123 1452 1179 papa
1480 1116 1737 1180 suggerat
1759 1109 2071 1179 imperatori

486 1195 682 1250 Karolo
713 1196 927 1264 (Crasso
979 1198 1245 1267 cognom.)
1299 1197 1389 1266 qui
1417 1196 1530 1266 jam
1580 1213 1830 1268 magnam
1878 1213 1944 1252 ex
1990 1199 2074 1253 his

485 1297 696 1357 partem
731 1289 1058 1354 restituerat,
1091 1298 1149 1344 ut
1182 1290 1380 1344 bonum
1431 1290 1575 1360 quod
1611 1293 1775 1360 erepit
1815 1290 1930 1360 ejus
1951 1306 2073 1361 pre-

484 1388 609 1434 catu
631 1380 901 1448 perﬁciat,
923 1391 977 1434 et
997 1381 1064 1435 de
1089 1381 1172 1435 his
1194 1397 1315 1450 quae
1339 1383 1450 1452 egit
1472 1383 1584 1452 ipse
1611 1385 1813 1452 gratias
1835 1385 1883 1439 ei
1913 1399 2075 1455 agere

486 1471 766 1542 dignetur,
793 1480 848 1526 et
878 1481 1095 1527 ctetera.
1135 1473 1217 1526 Ad
1249 1489 1368 1543 qua:
1398 1474 1483 1529 ille
1511 1477 1842 1544 respondens
1877 1477 2076 1531 asserit

487 1561 686 1630 oppido
710 1576 771 1616 se
794 1560 962 1616 fuisse
983 1561 1244 1627 hetatum,
1273 1563 1418 1633 quod
1447 1579 1570 1627 eum
1602 1565 1745 1618 circa
1777 1565 1920 1618 sedis
1947 1580 2078 1634 apo-

491 1651 694 1708 stolica:
721 1654 1080 1707 reverentiam
1109 1654 1428 1723 cognoverit
1465 1654 1742 1718 anhelare,
1769 1656 1993 1709 hortans
2019 1664 2078 1710 ut

484 1742 540 1796 in
563 1742 665 1798 bac
692 1742 982 1798 dilectione
1007 1759 1220 1814 semper
1245 1744 1527 1799 ardentius
1569 1745 1915 1799 accendatur.
1966 1746 2076 1800 Me-

2174 567 2278 609 rat.
2347 557 2496 617 Unde
2549 556 2796 627 prazcipit
2852 556 2940 611 hie
2971 571 3108 627 papa
3163 557 3474 626 Stephanus
3527 558 3760 629 prmfatis

2172 648 2618 718 archiepiscopis,
2654 659 2713 702 ut
2741 650 2807 703 ad
2831 650 3104 719 propriam
3133 651 3315 705 sedem
3340 651 3490 704 illum
3517 666 3757 706 remeare

2171 738 2514 806 compellant.
2541 739 2693 804 Quod
2723 739 2767 793 si
2800 740 3104 809 apostolicis
3135 741 3353 796 monitis
3374 740 3593 797 obedire
3636 757 3762 796 eon-

2175 829 2474 898 tempserit,
2507 832 2756 885 noverint
2792 847 2917 887 eum
2942 831 3116 886 sancti
3149 831 3384 901 Spiritus
3405 833 3614 902 judicio
3641 845 3757 902 per-

2172 922 2347 990 petuis
2398 922 2759 977 anathematis
2822 922 3053 978 vinculis
3093 924 3428 978 innodatum.
3479 922 3618 978 Item
3674 939 3762 994 pro

2173 1013 2513 1068 Theutholdo
2561 1012 2886 1084 Lingonensi
2941 1015 3216 1084 episcopo,
3265 1014 3584 1084 signiﬁcans
3615 1014 3764 1067 adst:

2177 1105 2335 1173 hujus
2357 1105 2710 1176 Lingouensis
2736 1106 2988 1161 Ecclesia:
3009 1108 3403 1177 querimoniam
3431 1109 3758 1177 pervenisse,

2174 1197 2315 1266 quod
2347 1196 2576 1251 obeunte
2604 1195 2755 1252 lsaac
2782 1197 3054 1267 episcopo,
3087 1197 3389 1253 inconsulto
3417 1199 3566 1254 clero
3595 1208 3644 1254 et
3675 1215 3762 1269 po-

2175 1286 2321 1357 pnlo.
2358 1286 2632 1357 Egilonem
2679 1287 2966 1356 quemdam
3012 1289 3336 1342 monachum
3367 1304 3543 1357 nuper
3574 1290 3641 1344 de
3674 1305 3763 1343 52e-

2176 1378 2298 1431 cnlo
2330 1378 2642 1431 venientem
2676 1378 2728 1431 in
2757 1377 3066 1446 episcopum
3091 1378 3415 1432 Aurelianus
3443 1361 3764 1448 Lugdunen-

2176 1469 2250 1524 sis
2288 1469 2645 1531 ordinaverit,
2673 1470 2860 1538 eisque
2892 1469 3041 1523 illata
3089 1471 3163 1534 vi,
3187 1471 3551 1540 pra'posuerit
3587 1471 3763 1525 nolen—

2179 1562 2338 1622 tibus.
2364 1562 2481 1629 Quo
2510 1562 2694 1616 divina
2725 1562 3009 1616 vocatione
3047 1563 3319 1616 hominem
3351 1564 3676 1625 excedente,
3704 1575 3763 1618 ne

2180 1653 2234 1706 in
2276 1653 2505 1722 idipsum
2556 1654 2916 1718 incurrerent,
2972 1653 3228 1708 concordi
3283 1662 3407 1706 voto
3461 1653 3675 1715 clerus,
3717 1661 3764 1705 et

2178 1743 2410 1813 populus
2436 1743 2794 1799 Teutboldum
2829 1744 2992 1814 ipsius
3042 1744 3298 1799 Ecclesiae
3352 1745 3642 1800 diaconem
3681 1745 3764 1798 cli-

483 1833 716 1889 tnoriam
741 1849 957 1904 quoque
984 1833 1232 1889 Widouis
1257 1835 1409 1888 ducis
1439 1835 1752 1904 gratissime
1797 1850 1856 1889 se
1885 1850 2069 1891 susce-
2105 1829 2148 1886 B
2177 1844 2384 1906 gentes,
2414 1836 2484 1890 ab
2505 1836 2621 1904 ipso
2643 1850 2777 1904 papa
2799 1835 3015 1889 sibimet
3043 1836 3096 1888 in
3122 1849 3436 1904 episcopum
3459 1835 3762 1890 consecrari

483 1924 648 1996 pisse,
675 1940 836 1993 quem
876 1925 1036 1978 unico
1072 1923 1191 1979 loco
1248 1924 1339 1978 ﬁlii
1396 1940 1453 1979 se
1501 1931 1686 1978 tenere
1747 1923 1966 1979 fatetur.
2001 1925 2076 1982 De

493 2013 950 2082 Nortmannorum
985 2014 1352 2079 iuit-statione,
1393 2031 1553 2082 quam
1584 2031 1804 2085 regnum
1833 2025 2073 2070 nostrum

488 2107 815 2175 patiebatur,
853 2107 1036 2162 dolere
1075 2109 1148 2161 uti
1181 2109 1430 2177 propria;
1471 2109 1748 2176 Deumque
1799 2108 2076 2178 deprecari

489 2213 589 2269 pro
619 2196 776 2266 hujus
805 2198 985 2268 pepuli
1019 2198 1334 2253 defensione
1360 2213 1458 2268 per
1486 2199 1850 2268 apostolorum
1879 2199 2078 2268 princi-

489 2303 616 2357 putn
649 2287 1124 2353 iutervcntionem,
1148 2296 1202 2342 et
1232 2297 1288 2342 ut
1315 2289 1598 2343 incolumis
1621 2289 1709 2344 hic
1735 2288 1926 2358 praesul
1959 2304 2078 2357 per-

489 2379 720 2436 ducatur
748 2381 814 2434 ad
839 2379 1203 2450 apostolorum
1228 2379 1413 2434 limina
1437 2395 1452 2444 ;
1479 2388 1747 2449 quatenus
1765 2380 1928 2433 etiam
1951 2395 2074 2434 cor-

489 2471 670 2542 poreis
699 2485 821 2525 eum
856 2469 1030 2524 Valeat
1051 2469 1192 2525 ulnis
1219 2470 1494 2540 amplecti,
1523 2479 1578 2525 et
1603 2468 1850 2526 conferre
1874 2469 1940 2523 de
1967 2469 2078 2538 pri-

488 2562 718 2632 vilegiis.
744 2562 811 2616 de
838 2561 1034 2631 quibus
1067 2562 1170 2616 sibi
1197 2562 1508 2632 scripserat.
1539 2562 1619 2616 Ad
1644 2561 2077 2631 archiepiscopus

487 2655 678 2718 etiam,
708 2669 843 2722 quos
878 2656 1106 2724 petierat
1129 2639 1341 2710 litteras
1367 2671 1427 2710 se
1445 2656 1708 2710 direxisse
1739 2674 1752 2708 :
1777 2670 1982 2711 necnon
2008 2656 2076 2710 ad

489 2747 867 2816 imperatorem
897 2761 996 2816 pro
1041 2745 1324 2802 Bernensis
1373 2747 1622 2802 Ecclesiae
1646 2745 1852 2814 justitia
1879 2747 2074 2816 depre-

490 2836 744 2900 catorias,
783 2845 840 2891 et
865 2852 962 2906 pro
987 2836 1180 2890 collata
1209 2837 1542 2907 benignitate
1592 2846 1774 2906 grates
1820 2835 1896 2890 illi
1938 2834 2076 2890 refe-

489 2945 618 2984 rens
644 2929 781 2999 (ἐϋ).

566 3020 696 3074 Item
725 3019 936 3074 litteras
960 3019 1101 3075 idem
1135 3019 1330 3091 praesul
1360 3021 1425 3075 ad
1449 3021 1696 3077 eumdem
1723 3035 1917 3090 papam
1944 3019 2076 3074 dit-io

487 3125 644 3180 gens,
681 3111 840 3165 aede
883 3111 1246 3180 prosperitate
1300 3111 1469 3180 ipsius
1513 3111 1776 3166 lzrtiﬁcari
1833 3127 1891 3166 se
1933 3113 2076 3166 inter

494 3201 692 3257 multas
740 3201 1167 3267 tribulationum,
1201 3217 1335 3272 quas
1367 3219 1396 3257 a
1461 3204 1685 3274 paganis
1733 3204 2076 3272 patiebantur

493 3293 797 3364 angustias,
829 3303 1040 3363 petens.
1073 3295 1278 3363 pra-fati
1331 3309 1546 3363 quoque
1585 3293 1833 3349 Widonis
1883 3294 2077 3364 satagit

488 3384 875 3443 commendare
938 3383 1198 3439 favorem.
1250 3385 1328 3440 De
1385 3386 1772 3454 prae-nominata
1800 3426 1814 3447 ,
1865 3401 2074 3440 necnon

489 3472 1252 3543 Erminftidoquerimoniam
1283 3487 1548 3545 repetens.
1590 3477 1681 3546 qui
1709 3478 2016 3531 admonitus
2045 3491 2077 3530 a

492 3568 924 3640 przememo-ratis
971 3567 1394 3638 archiepiscopis
1431 3569 1746 3624 inobedieus
1771 3569 2074 3632 exstiterat,

493 3658 719 3726 flagitat,
753 3669 819 3714 aut
853 3660 1047 3713 iterum
1077 3669 1528 3715 commoueantur
1553 3662 1621 3714 ab
1643 3660 1964 3715 auctoritate
1988 3675 2082 3730 pa-

489 3764 574 3818 pa:
603 3749 990 3818 archiepiscopi
1020 3750 1161 3804 hunc
1190 3750 1436 3820 asperius
1461 3751 1763 3821 increpare,
1800 3760 1854 3806 et
1881 3751 1926 3804 si
1958 3765 2080 3820 pero

497 3856 626 3894 vasa
653 3856 756 3896 non
789 3842 1104 3906 reddiderit,
1160 3842 1531 3898 ecclesiastico
1575 3841 1809 3898 feriatur
1851 3841 2077 3912 judicio.

497 3931 792 4001 lntcrrogat
846 3941 1134 4002 praetcrea,
1175 3933 1384 4001 sibique
1434 3934 1740 3988 remandari
1783 3934 1981 4004 poscit,
2034 3933 2081 3988 si

497 4025 602 4078 rite
627 4023 802 4078 valeat
853 4026 1231 4094 episcoporum
1282 4025 1401 4079 ﬁeri
1437 4025 1708 4081 ordinatio
1785 4026 1838 4080 in
1905 4022 2082 4093 quali-

495 4115 587 4168 bet
609 4124 920 4169 sanctorum
956 4115 1272 4179 festivitate,
1305 4115 1406 4169 nisi
1437 4123 1642 4170 tantum
1669 4115 1946 4171 Dominica
1973 4114 2080 4180 die,

491 4213 605 4264 cie.
631 4202 712 4258 Ad
745 4204 856 4256 luce
871 4203 1032 4256 etiam
1057 4203 1364 4257 rescribens
1391 4203 1531 4258 idem
1561 4219 1718 4274 papa,
1747 4206 1952 4274 gratias
1977 4203 2087 4272 agit

500 4307 596 4363 pro
617 4293 796 4360 ipsius
819 4307 945 4362 erga
980 4295 1164 4347 sedem
1201 4292 1548 4363 apostolicam
1580 4294 1868 4356 charitatc.
1891 4305 1945 4350 et
1973 4295 2084 4351 sol-

498 4384 797 4446 licitudine,
851 4384 1142 4449 condoleus
1204 4385 1270 4440 de
1317 4385 1484 4454 ipsius
1531 4384 1845 4452 afﬂictione,
1883 4404 1947 4443 ac
1985 4405 2083 4458 pro

499 4478 668 4547 ipsius
695 4492 885 4547 preces
915 4493 974 4532 se
1004 4478 1233 4532 Domino
1267 4479 1492 4534 fundere
1547 4479 1830 4549 pollicetur
1886 4482 2084 4537 alleva-

501 4571 674 4632 t'one,
695 4567 1116 4633 eLconfortans,
1145 4578 1325 4624 monet
1351 4571 1402 4623 in
1428 4570 1635 4625 Domini
1660 4572 1927 4627 conﬁdere
1949 4588 2081 4627 con-

500 4660 780 4714 solatione.
811 4658 940 4712 Item
993 4660 1185 4716 scribit
1238 4661 1415 4716 eidem
1467 4663 1687 4732 prazsul,
1720 4679 1820 4733 pro
1847 4664 2078 4734 quodam

502 4750 780 4804 Donninieo
809 4766 838 4802 a
881 4750 1005 4806 ﬁliis
1034 4761 1088 4806 et
1115 4754 1363 4823 cognatis
1388 4755 1619 4824 pr0priis
1663 4772 1946 4826 oppresso,
1998 4757 2081 4812 vel

500 4840 740 4908 expulso,
784 4839 1009 4895 hortans
1033 4850 1090 4894 ut
1128 4843 1181 4896 id
1234 4842 1522 4914 diligenter
1575 4845 1830 4916 inquirat,
1871 4857 1926 4901 et
1966 4847 2084 4917 ejus

501 4926 626 4981 inde
666 4927 879 4996 adjutor
903 4929 1120 4984 existat.
1153 4930 1284 4986 ltem
1318 4948 1418 5002 pro
1486 4937 1843 5002 quorumdam
1895 4953 2084 4993 susce-

503 5018 688 5076 Dtione
715 5019 1032 5076 Anglorum.
1063 5021 1194 5076 Item
1223 5023 1547 5076 eidem‘cum
1570 5026 1825 5076 Aumlinn
1877 5029 2090 5076 Iamdiu-

2176 1926 2455 1996 petierint.
2492 1924 2600 1980 Sed
2639 1926 2726 1980 ille
2779 1925 3202 1996 uniuscujusque
3241 1924 3498 1981 Ecclesia:
3551 1925 3765 1994 pritic-

2175 2017 2318 2087 gium
2345 2016 2723 2072 inconcussum
2746 2029 2964 2071 servare
2986 2015 3198 2080 volens,
3221 2016 3273 2070 id
3293 2030 3455 2086 agere
3469 2016 3760 2078 distulerit,

2175 2123 2406 2178 eumque
2458 2108 2684 2178 przefato
2730 2107 3022 2162 Aureliano
3072 2108 3349 2171 direxerit,
3404 2108 3660 2163 scribens
3704 2107 3762 2160 ad

2177 2214 2323 2263 eum,
2355 2209 2416 2253 ut
2439 2200 2482 2254 si
2509 2199 2638 2254 cleri
2669 2198 2959 2270 populique
2982 2208 3100 2252 vota
3127 2198 3180 2253 in
3202 2215 3324 2254 eum
3346 2199 3761 2265 concordarcnt,

2176 2300 2234 2346 et
2258 2290 2400 2346 sacri
2431 2305 2669 2346 canones
2693 2289 2766 2344 illi
2797 2305 2905 2344 non
2931 2287 3238 2352 obviarent,
3271 2303 3465 2343 manus
3500 2289 3633 2343 huic
3674 2287 3765 2341 im-

2177 2396 2377 2452 ponere
2404 2397 2746 2452 nequaquam
2769 2379 3028 2437 diﬁ‘erret.
3061 2380 3212 2448 Quod
3239 2378 3353 2435 ﬁeri
3383 2381 3427 2435 si
3473 2380 3622 2434 ratio
3651 2394 3765 2447 pri»

2178 2473 2410 2538 biberet,
2439 2482 2494 2528 et
2524 2472 2754 2542 idipsmn
2786 2471 2890 2527 sibi
2933 2471 3258 2526 rescriberet
3287 2487 3300 2524 :
3340 2471 3560 2525 interim
3597 2480 3763 2525 tamen

2177 2563 2404 2618 alterum
2454 2564 2585 2619 inibi
2632 2564 2886 2619 ordinare
2935 2563 3084 2618 nullo
3115 2563 3294 2630 modo,
3325 2577 3384 2618 se
3441 2563 3760 2625 inconsulto,

2176 2665 2527 2726 prtesumeret
2577 2654 2842 2724 simulque
2889 2663 2942 2709 et
2969 2653 3269 2709 Oiramnuu
3307 2653 3760 2724 Senogallteusent

2176 2749 2487 2819 episcopum
2520 2764 2550 2803 a
2580 2763 2678 2804 suo
2720 2748 2888 2804 latere
2925 2747 3124 2803 direxit
3162 2758 3562 2804 exsecutorem.
3602 2751 3761 2816 Quem

2177 2839 2436 2894 deludens
2495 2839 2820 2894 Aurelianus
2872 2839 2941 2893 ad
3001 2839 3397 2910 Lingonensem
3443 2839 3762 2909 prmanserit

2177 2931 2385 2993 urbem,
2434 2929 2701 2999 pollicitus
2746 2945 2805 2985 se
2845 2930 3108 2985 citissime
3157 2931 3605 2986 subsceuturum.
3659 2931 3762 2995 Quo

2177 3035 2302 3075 eum
2325 3021 2414 3074 ditt
2437 3030 2868 3088 exspectaretur,
2894 3035 2993 3075 nec
3015 3020 3129 3090 ipse
3155 3021 3458 3085 advenerit,
3483 3035 3586 3076 nec
3613 3032 3761 3076 morze

2181 3125 2294 3166 sua:
2315 3125 2533 3165 causam
2589 3110 2949 3176 innotescere,
2986 3111 3069 3166 vel
3108 3127 3256 3181 papa:
3283 3113 3615 3166 remandare
3641 3125 3762 3182 pne-

2101 3179 2146 3244 C
2177 3201 2373 3257 viderit
2401 3201 2517 3275 [pro
2559 3202 2894 3275 providerit].
2935 3179 3201 3269 Quocirca
3251 3203 3445 3257 iterato
3495 3179 3678 3257 clerus
3718 3207 3764 3254 ct

2184 3293 2412 3364 populus
2441 3309 2564 3348 cum
2593 3294 2813 3349 decreto
2862 3295 3102 3348 on‘mium
3152 3295 3426 3356 roborato,
3484 3294 3763 3365 praefatum

2179 3387 2418 3448 electum
2462 3387 2688 3442 Romam
2720 3388 3064 3452 remiserunt,
3111 3388 3309 3443 obnixe
3350 3389 3574 3443 sibimet
3629 3387 3764 3442 illum

2178 3471 2773 3545 consecrari'petentes.
2803 3475 2909 3531 Sed
2941 3491 3039 3532 nec
3069 3486 3198 3532 tunc
3225 3478 3276 3531 id
3299 3491 3464 3548 agere
3489 3477 3766 3548 acquiereo

2179 3565 2272 3630 rit,
2295 3567 2480 3621 volens
2504 3566 2848 3636 Lugdunensi
2873 3569 3128 3623 Ecclesia:
3151 3569 3406 3624 collatum
3431 3569 3763 3641 privilegium

2181 3655 2564 3712 imnmtilatum
2603 3659 2936 3725 consistere;
2968 3659 3196 3730 ideoque
3239 3661 3354 3730 jam
3407 3661 3556 3715 dicto
3603 3663 3764 3715 Aure-

2181 3745 2325 3800 liano
2375 3747 2572 3802 iterato
2609 3748 2914 3804 rescribens
2968 3750 3326 3814 mandaverit,
3385 3759 3442 3804 ut
3499 3753 3632 3822 quia
3655 3765 3765 3803 conc

2181 3840 2332 3897 cordi
2363 3849 2488 3894 voto
2516 3842 2694 3896 clerus
2734 3853 2791 3897 et
2829 3843 3056 3912 populus
3081 3841 3196 3910 jatu
3235 3844 3436 3898 dictum
3490 3845 3764 3898 diaconem

2183 3929 2489 3999 expetebat,
2517 3941 2610 3985 aut
2657 3932 2833 4000 ipsum
2885 3943 3252 3998 consecraret,
3305 3945 3400 3988 aut
3449 3935 3583 4003 quid
3613 3934 3664 3986 in
3709 3945 3765 3984 eo

2183 4021 2911 4092 reprehensibilejuilicaret,
2956 4023 3261 4078 rescribere
3304 4031 3624 4078 maturaret.
3670 4021 3764 4075 Sed

2186 4110 2236 4164 is
2266 4110 2433 4178 priori
2490 4110 2872 4166 inobedientiae
2925 4113 3323 4166 contumaciam
3355 4113 3638 4181 atljiciens,
3670 4125 3764 4166 non

2185 4198 2358 4253 solum
2393 4199 2636 4254 oblatum
2660 4214 3005 4264 consecrare,
3037 4215 3130 4254 seu
3157 4202 3285 4271 quid
3309 4201 3362 4256 in
3390 4217 3456 4257 eo
3487 4205 3764 4273 reprehen-

2184 4290 2626 4359 sibilejudicaret
2654 4291 2756 4346 sibi
2796 4293 3101 4347 rescribere
3145 4295 3558 4364 contempserit,
3594 4307 3763 4349 verum

2185 4385 2349 4443 etiam
2373 4395 2560 4438 contra
2596 4384 2905 4449 interdicta,
2933 4394 2990 4439 et
3043 4401 3323 4441 sacrorum
3356 4404 3626 4442 canonum
3661 4396 3760 4442 stac

2190 4482 2298 4528 tuta
2321 4475 2605 4543 quemdam
2626 4484 2966 4542 extraneum,
3014 4486 3070 4532 et
3097 4479 3270 4532 eidem
3302 4479 3564 4534 Ecclesiae
3626 4481 3762 4550 igno-

2188 4574 2322 4630 tum,
2363 4566 2414 4618 in
2446 4564 2642 4634 angulo
2677 4565 3006 4630 ordinatum,
3039 4566 3145 4621 illis
3197 4568 3447 4638 ingerere
3501 4571 3601 4623 niti
3633 4584 3760 4641 prter

2187 4657 2498 4725 sumpserit.
2531 4657 2603 4710 At
2639 4656 2690 4709 hi
2715 4658 2894 4725 potius
2920 4658 3160 4714 laborem
3199 4660 3404 4725 subire,
3449 4676 3612 4730 quam
3655 4660 3762 4715 sub-

2181 4745 2274 4816 jici
2302 4749 2484 4818 ignoto
2516 4749 2799 4819 eligentes,
2827 4751 2892 4804 ad
2919 4765 2976 4804 se
3010 4752 3292 4816 redierint,
3325 4749 3676 4822 implorantes
3703 4765 3760 4807 ne

2189 4850 2468 4910 pateretur
2519 4840 2887 4895 ecclesiastica
2925 4841 3048 4911 jura
3104 4843 3316 4897 violari.
3355 4864 3374 4896 ‹
3414 4844 3525 4900 Nos
3574 4856 3757 4907 autem,

2191 4931 2384 5000 inquit.
2405 4932 2496 5000 qui
2520 4931 2759 4986 omnium
2783 4933 3148 4988 Ecclesiarum
3177 4936 3230 4990 in
3263 4936 3425 4992 beato
3445 4937 3609 4993 Petro
3651 4953 3762 5008 apo-

2191 5025 2449 5076 stolorum
2476 5026 2718 5076 nrincine
2747 5043 2932 5076 curam
2960 5030 3298 5076 snscmimne
3322 5073 3332 5076 _
3371 5033 3606 5076 animum
3636 5036 3759 5076 ῖιιιρν
