  <div class='ocr_page' id='page_1' title='image "/cluster/home/n/w/nwhite01/storage/ocr_20150623/135/hvd.32044015471758/138.png"; bbox 0 0 3904 5396; ppageno 0'>
   <div class='ocr_carea' id='block_1_1' title="bbox 132 329 1653 405">
    <p class='ocr_par' dir='ltr' id='par_1_1' title="bbox 132 329 1653 391">
     <span class='ocr_line' id='line_1_1' title="bbox 132 329 1653 391; baseline -0.001 -1"><span class='ocrx_word' id='word_1_1' title='bbox 132 335 218 391; x_wconf 71' lang='lat'><strong>!65</strong></span> <span class='ocrx_word' id='word_1_2' title='bbox 678 329 1017 388; x_wconf 65' lang='lat' dir='ltr'><strong>HISTORUZ</strong></span> <span class='ocrx_word' id='word_1_3' title='bbox 1061 331 1407 388; x_wconf 66' lang='lat' dir='ltr'><strong>ECCHISIxE</strong></span> <span class='ocrx_word' id='word_1_4' title='bbox 1449 333 1653 388; x_wconf 68' lang='lat' dir='ltr'><strong>REMEI</strong></span> 
     </span>
    </p>
   </div>
   <div class='ocr_carea' id='block_1_2' title="bbox 1756 329 2772 405">
    <p class='ocr_par' dir='ltr' id='par_1_2' title="bbox 1756 335 2772 405">
     <span class='ocr_line' id='line_1_2' title="bbox 1756 335 2772 405; baseline 0.001 -17"><span class='ocrx_word' id='word_1_5' title='bbox 1756 335 1788 388; x_wconf 83' lang='lat' dir='ltr'>S</span> <span class='ocrx_word' id='word_1_6' title='bbox 1829 336 2002 390; x_wconf 79' lang='lat' dir='ltr'><strong>LIBRI</strong></span> <span class='ocrx_word' id='word_1_7' title='bbox 2043 339 2488 405; x_wconf 72' lang='lat' dir='ltr'><strong>Qll.\TUOll.-</strong></span> <span class='ocrx_word' id='word_1_8' title='bbox 2518 337 2642 392; x_wconf 74' lang='lat' dir='ltr'><strong>Lm.</strong></span> <span class='ocrx_word' id='word_1_9' title='bbox 2687 337 2772 390; x_wconf 76' lang='lat' dir='ltr'><strong>IV.</strong></span> 
     </span>
    </p>
   </div>
   <div class='ocr_carea' id='block_1_3' title="bbox 3234 339 3339 394">
    <p class='ocr_par' dir='ltr' id='par_1_3' title="bbox 3234 339 3339 394">
     <span class='ocr_line' id='line_1_3' title="bbox 3234 339 3339 394; baseline -0.01 0"><span class='ocrx_word' id='word_1_10' title='bbox 3234 339 3339 394; x_wconf 73' lang='lat'><strong>208</strong></span> 
     </span>
    </p>
   </div>
   <div class='ocr_carea' id='block_1_4' title="bbox 129 436 3315 519">
    <p class='ocr_par' dir='ltr' id='par_1_4' title="bbox 129 436 3315 519">
     <span class='ocr_line' id='line_1_4' title="bbox 129 436 3315 519; baseline -0.002 -13"><span class='ocrx_word' id='word_1_11' title='bbox 129 450 300 507; x_wconf 75' lang='lat' dir='ltr'><strong>nostris</strong></span> <span class='ocrx_word' id='word_1_12' title='bbox 323 445 621 515; x_wconf 55' lang='lat' dir='ltr'><strong>apostolicTs</strong></span> <span class='ocrx_word' id='word_1_13' title='bbox 651 436 843 500; x_wconf 87' lang='lat' dir='ltr'><strong>litteris</strong></span> <span class='ocrx_word' id='word_1_14' title='bbox 873 447 1164 514; x_wconf 82' lang='lat' dir='ltr'><strong>perceptis,</strong></span> <span class='ocrx_word' id='word_1_15' title='bbox 1188 455 1480 515; x_wconf 86' lang='lat' dir='ltr'><strong>postposita</strong></span> <span class='ocrx_word' id='word_1_16' title='bbox 1526 447 1660 499; x_wconf 82' lang='lat' dir='ltr'><strong>dila-</strong></span> <span class='ocrx_word' id='word_1_17' title='bbox 1687 454 1733 510; x_wconf 76' lang='grc' dir='ltr'><strong>Α</strong></span> <span class='ocrx_word' id='word_1_18' title='bbox 1765 465 1967 502; x_wconf 77' lang='lat' dir='ltr'><strong>necnon</strong></span> <span class='ocrx_word' id='word_1_19' title='bbox 2024 461 2077 503; x_wconf 86' lang='lat' dir='ltr'><strong>et</strong></span> <span class='ocrx_word' id='word_1_20' title='bbox 2128 454 2373 504; x_wconf 88' lang='lat' dir='ltr'><strong>emndcm</strong></span> <span class='ocrx_word' id='word_1_21' title='bbox 2421 451 2759 518; x_wconf 79' lang='lat' dir='ltr'><strong>Adelgarium</strong></span> <span class='ocrx_word' id='word_1_22' title='bbox 2826 463 3112 502; x_wconf 87' lang='lat' dir='ltr'><strong>occurrere</strong></span> <span class='ocrx_word' id='word_1_23' title='bbox 3167 449 3315 519; x_wconf 69' lang='lat' dir='ltr'><strong>jussu.</strong></span> 
     </span>
    </p>
   </div>
   <div class='ocr_carea' id='block_1_5' title="bbox 129 537 1660 606">
    <p class='ocr_par' dir='ltr' id='par_1_5' title="bbox 129 537 1660 606">
     <span class='ocr_line' id='line_1_5' title="bbox 129 537 1660 606; baseline -0.005 -10"><span class='ocrx_word' id='word_1_24' title='bbox 129 544 254 597; x_wconf 83' lang='lat' dir='ltr'><strong>tione</strong></span> <span class='ocrx_word' id='word_1_25' title='bbox 277 541 336 591; x_wconf 83' lang='lat' dir='ltr'><strong>ad</strong></span> <span class='ocrx_word' id='word_1_26' title='bbox 371 538 757 606; x_wconf 80' lang='lat' dir='ltr'><strong>Lingonensein</strong></span> <span class='ocrx_word' id='word_1_27' title='bbox 807 538 1033 590; x_wconf 76' lang='lat' dir='ltr'><strong>accedas</strong></span> <span class='ocrx_word' id='word_1_28' title='bbox 1063 537 1383 600; x_wconf 79' lang='lat' dir='ltr'><strong>Ecclesium,</strong></span> <span class='ocrx_word' id='word_1_29' title='bbox 1413 545 1467 589; x_wconf 88' lang='lat' dir='ltr'><strong>et</strong></span> <span class='ocrx_word' id='word_1_30' title='bbox 1508 552 1660 590; x_wconf 85' lang='lat' dir='ltr'><strong>cum-</strong></span> 
     </span>
    </p>
   </div>
   <div class='ocr_carea' id='block_1_6' title="bbox 128 626 1656 685">
    <p class='ocr_par' dir='ltr' id='par_1_6' title="bbox 128 626 1656 685">
     <span class='ocr_line' id='line_1_6' title="bbox 128 626 1656 685; baseline -0.005 0"><span class='ocrx_word' id='word_1_31' title='bbox 128 635 226 685; x_wconf 81' lang='lat' dir='ltr'><strong>dem</strong></span> <span class='ocrx_word' id='word_1_32' title='bbox 271 627 652 681; x_wconf 81' lang='lat' dir='ltr'><strong>&#39;l&#39;eutliboldum</strong></span> <span class='ocrx_word' id='word_1_33' title='bbox 683 644 709 680; x_wconf 88' lang='lat' dir='ltr'><strong>a</strong></span> <span class='ocrx_word' id='word_1_34' title='bbox 748 626 902 680; x_wconf 88' lang='lat' dir='ltr'><strong>nobis</strong></span> <span class='ocrx_word' id='word_1_35' title='bbox 928 626 1244 681; x_wconf 88' lang='lat' dir='ltr'><strong>solemniter</strong></span> <span class='ocrx_word' id='word_1_36' title='bbox 1284 636 1656 680; x_wconf 87' lang='lat' dir='ltr'><strong>consecratum</strong></span> 
     </span>
    </p>
   </div>
   <div class='ocr_carea' id='block_1_7' title="bbox 125 716 1658 788">
    <p class='ocr_par' dir='ltr' id='par_1_7' title="bbox 125 716 1658 788">
     <span class='ocr_line' id='line_1_7' title="bbox 125 716 1658 788; baseline -0.001 -18"><span class='ocrx_word' id='word_1_37' title='bbox 125 719 415 788; x_wconf 77' lang='lat' dir='ltr'><strong>episcopum,</strong></span> <span class='ocrx_word' id='word_1_38' title='bbox 441 717 632 769; x_wconf 75' lang='lat' dir='ltr'><strong>exinde</strong></span> <span class='ocrx_word' id='word_1_39' title='bbox 685 717 962 778; x_wconf 87' lang='lat' dir='ltr'><strong>revestias,</strong></span> <span class='ocrx_word' id='word_1_40' title='bbox 994 716 1348 784; x_wconf 86' lang='lat' dir='ltr'><strong>omnibusque</strong></span> <span class='ocrx_word' id='word_1_41' title='bbox 1390 718 1658 784; x_wconf 83' lang='lat' dir='ltr'><strong>archiepi-</strong></span> 
     </span>
    </p>
   </div>
   <div class='ocr_carea' id='block_1_8' title="bbox 123 808 1659 879">
    <p class='ocr_par' dir='ltr' id='par_1_8' title="bbox 123 808 1659 879">
     <span class='ocr_line' id='line_1_8' title="bbox 123 808 1659 879; baseline -0.003 -14"><span class='ocrx_word' id='word_1_42' title='bbox 123 813 272 879; x_wconf 80' lang='lat' dir='ltr'><strong>scopis</strong></span> <span class='ocrx_word' id='word_1_43' title='bbox 295 818 343 861; x_wconf 88' lang='lat' dir='ltr'><strong>ct</strong></span> <span class='ocrx_word' id='word_1_44' title='bbox 364 810 628 876; x_wconf 70' lang='lat' dir='ltr'><strong>episcopis</strong></span> <span class='ocrx_word' id='word_1_45' title='bbox 654 808 976 870; x_wconf 81' lang='lat' dir='ltr'><strong>innotescas,</strong></span> <span class='ocrx_word' id='word_1_46' title='bbox 1007 823 1104 876; x_wconf 91' lang='lat' dir='ltr'><strong>pro</strong></span> <span class='ocrx_word' id='word_1_47' title='bbox 1128 817 1290 860; x_wconf 69' lang='lat' dir='ltr'><strong>tantae</strong></span> <span class='ocrx_word' id='word_1_48' title='bbox 1310 809 1659 860; x_wconf 68' lang='lat' dir='ltr'><strong>contumaciae</strong></span> 
     </span>
    </p>
   </div>
   <div class='ocr_carea' id='block_1_9' title="bbox 123 896 1657 965">
    <p class='ocr_par' dir='ltr' id='par_1_9' title="bbox 123 896 1657 965">
     <span class='ocr_line' id='line_1_9' title="bbox 123 896 1657 965; baseline -0.003 -11"><span class='ocrx_word' id='word_1_49' title='bbox 123 902 294 954; x_wconf 89' lang='lat' dir='ltr'><strong>ultione</strong></span> <span class='ocrx_word' id='word_1_50' title='bbox 339 899 575 964; x_wconf 81' lang='lat' dir='ltr'><strong>ejusdem</strong></span> <span class='ocrx_word' id='word_1_51' title='bbox 622 896 877 951; x_wconf 67' lang='lat' dir='ltr'><strong>Ecclesiae</strong></span> <span class='ocrx_word' id='word_1_52' title='bbox 916 898 1202 965; x_wconf 86' lang='lat' dir='ltr'><strong>specialem</strong></span> <span class='ocrx_word' id='word_1_53' title='bbox 1245 897 1657 951; x_wconf 71' lang='lat' dir='ltr'><strong>sollicitudinem</strong></span> 
     </span>
    </p>
   </div>
   <div class='ocr_carea' id='block_1_10' title="bbox 123 991 1660 1061">
    <p class='ocr_par' dir='ltr' id='par_1_10' title="bbox 123 991 1660 1061">
     <span class='ocr_line' id='line_1_10' title="bbox 123 991 1660 1061; baseline -0.003 -13"><span class='ocrx_word' id='word_1_54' title='bbox 123 995 406 1061; x_wconf 85' lang='lat' dir='ltr'><strong>suscepisse,</strong></span> <span class='ocrx_word' id='word_1_55' title='bbox 431 1008 530 1060; x_wconf 89' lang='lat' dir='ltr'><strong>pro</strong></span> <span class='ocrx_word' id='word_1_56' title='bbox 559 992 690 1045; x_wconf 87' lang='lat' dir='ltr'><strong>tanti</strong></span> <span class='ocrx_word' id='word_1_57' title='bbox 715 992 914 1046; x_wconf 87' lang='lat' dir='ltr'><strong>laboris</strong></span> <span class='ocrx_word' id='word_1_58' title='bbox 945 991 1329 1055; x_wconf 73' lang='lat' dir='ltr'><strong>maceratione,</strong></span> <span class='ocrx_word' id='word_1_59' title='bbox 1355 1000 1410 1044; x_wconf 90' lang='lat' dir='ltr'><strong>et</strong></span> <span class='ocrx_word' id='word_1_60' title='bbox 1440 1006 1660 1059; x_wconf 84' lang='lat' dir='ltr'><strong>oppres-</strong></span> 
     </span>
    </p>
   </div>
   <div class='ocr_carea' id='block_1_11' title="bbox 121 1079 1660 1149">
    <p class='ocr_par' dir='ltr' id='par_1_11' title="bbox 121 1079 1660 1149">
     <span class='ocr_line' id='line_1_11' title="bbox 121 1079 1660 1149; baseline -0.004 -12"><span class='ocrx_word' id='word_1_61' title='bbox 121 1086 257 1137; x_wconf 83' lang='lat' dir='ltr'><strong>siouis</strong></span> <span class='ocrx_word' id='word_1_62' title='bbox 278 1083 432 1136; x_wconf 77' lang='lat' dir='ltr'><strong>illata:</strong></span> <span class='ocrx_word' id='word_1_63' title='bbox 467 1081 808 1134; x_wconf 89' lang='lat' dir='ltr'><strong>relevatioue.</strong></span> <span class='ocrx_word' id='word_1_64' title='bbox 839 1080 1106 1149; x_wconf 82' lang='lat' dir='ltr'><strong>Quidquid</strong></span> <span class='ocrx_word' id='word_1_65' title='bbox 1135 1088 1313 1132; x_wconf 91' lang='lat' dir='ltr'><strong>autem</strong></span> <span class='ocrx_word' id='word_1_66' title='bbox 1341 1079 1477 1134; x_wconf 80' lang='lat' dir='ltr'><strong>idem</strong></span> <span class='ocrx_word' id='word_1_67' title='bbox 1502 1093 1660 1132; x_wconf 85' lang='lat' dir='ltr'><strong>vene-</strong></span> 
     </span>
    </p>
   </div>
   <div class='ocr_carea' id='block_1_12' title="bbox 122 1171 1657 1244">
    <p class='ocr_par' dir='ltr' id='par_1_12' title="bbox 122 1171 1657 1244">
     <span class='ocr_line' id='line_1_12' title="bbox 122 1171 1657 1244; baseline -0.004 -14"><span class='ocrx_word' id='word_1_68' title='bbox 122 1177 271 1230; x_wconf 82' lang='lat' dir='ltr'><strong>rabilis</strong></span> <span class='ocrx_word' id='word_1_69' title='bbox 295 1175 573 1244; x_wconf 84' lang='lat' dir='ltr'><strong>cpiscopus</strong></span> <span class='ocrx_word' id='word_1_70' title='bbox 610 1171 978 1226; x_wconf 86' lang='lat' dir='ltr'><strong>Teutbboldus</strong></span> <span class='ocrx_word' id='word_1_71' title='bbox 1005 1172 1155 1225; x_wconf 81' lang='lat' dir='ltr'><strong>vobis</strong></span> <span class='ocrx_word' id='word_1_72' title='bbox 1200 1187 1263 1224; x_wconf 77' lang='lat' dir='ltr'><strong>ex</strong></span> <span class='ocrx_word' id='word_1_73' title='bbox 1295 1182 1476 1225; x_wconf 87' lang='lat' dir='ltr'><strong>nostra</strong></span> <span class='ocrx_word' id='word_1_74' title='bbox 1508 1180 1657 1240; x_wconf 90' lang='lat' dir='ltr'><strong>parte</strong></span> 
     </span>
    </p>
   </div>
   <div class='ocr_carea' id='block_1_13' title="bbox 122 1261 1660 1330">
    <p class='ocr_par' dir='ltr' id='par_1_13' title="bbox 122 1261 1660 1330">
     <span class='ocr_line' id='line_1_13' title="bbox 122 1261 1660 1330; baseline -0.003 -12"><span class='ocrx_word' id='word_1_75' title='bbox 122 1265 326 1320; x_wconf 80' lang='lat' dir='ltr'><strong>retulerit</strong></span> <span class='ocrx_word' id='word_1_76' title='bbox 368 1263 596 1326; x_wconf 87' lang='lat' dir='ltr'><strong>credite,</strong></span> <span class='ocrx_word' id='word_1_77' title='bbox 653 1272 707 1316; x_wconf 85' lang='lat' dir='ltr'><strong>et</strong></span> <span class='ocrx_word' id='word_1_78' title='bbox 749 1261 960 1316; x_wconf 73' lang='lat' dir='ltr'><strong>elfectui</strong></span> <span class='ocrx_word' id='word_1_79' title='bbox 995 1263 1306 1330; x_wconf 80' lang='lat' dir='ltr'><strong>mancipare</strong></span> <span class='ocrx_word' id='word_1_80' title='bbox 1335 1261 1479 1315; x_wconf 91' lang='lat' dir='ltr'><strong>nullo</strong></span> <span class='ocrx_word' id='word_1_81' title='bbox 1503 1263 1660 1314; x_wconf 91' lang='lat' dir='ltr'><strong>modo</strong></span> 
     </span>
    </p>
   </div>
   <div class='ocr_carea' id='block_1_14' title="bbox 117 1353 1660 1424">
    <p class='ocr_par' dir='ltr' id='par_1_14' title="bbox 117 1353 1660 1424">
     <span class='ocr_line' id='line_1_14' title="bbox 117 1353 1660 1424; baseline -0.003 -14"><span class='ocrx_word' id='word_1_82' title='bbox 117 1357 373 1424; x_wconf 74' lang='lat' dir='ltr'><strong>ambigue:</strong></span> <span class='ocrx_word' id='word_1_83' title='bbox 411 1362 600 1423; x_wconf 84' lang='lat' dir='ltr'><strong>utpote</strong></span> <span class='ocrx_word' id='word_1_84' title='bbox 623 1363 766 1407; x_wconf 88' lang='lat' dir='ltr'><strong>tuam</strong></span> <span class='ocrx_word' id='word_1_85' title='bbox 784 1354 1142 1406; x_wconf 79' lang='lat' dir='ltr'><strong>reverentiam</strong></span> <span class='ocrx_word' id='word_1_86' title='bbox 1190 1354 1336 1407; x_wconf 83' lang='lat' dir='ltr'><strong>circa</strong></span> <span class='ocrx_word' id='word_1_87' title='bbox 1375 1368 1474 1406; x_wconf 91' lang='lat' dir='ltr'><strong>nos</strong></span> <span class='ocrx_word' id='word_1_88' title='bbox 1499 1353 1660 1406; x_wconf 84' lang='lat' dir='ltr'><strong>devo-</strong></span> 
     </span>
    </p>
   </div>
   <div class='ocr_carea' id='block_1_15' title="bbox 117 1445 907 1501">
    <p class='ocr_par' dir='ltr' id='par_1_15' title="bbox 117 1445 907 1501">
     <span class='ocr_line' id='line_1_15' title="bbox 117 1445 907 1501; baseline -0.004 -1"><span class='ocrx_word' id='word_1_89' title='bbox 117 1457 202 1501; x_wconf 83' lang='lat' dir='ltr'><strong>tam</strong></span> <span class='ocrx_word' id='word_1_90' title='bbox 225 1446 519 1500; x_wconf 81' lang='lat' dir='ltr'><strong>consistere</strong></span> <span class='ocrx_word' id='word_1_91' title='bbox 553 1445 844 1501; x_wconf 89' lang='lat' dir='ltr'><strong>credimus.</strong></span> <span class='ocrx_word' id='word_1_92' title='bbox 888 1463 907 1497; x_wconf 76' lang='grc' dir='ltr'><strong>ι</strong></span> 
     </span>
    </p>
   </div>
   <div class='ocr_carea' id='block_1_16' title="bbox 171 1534 1658 1605">
    <p class='ocr_par' dir='ltr' id='par_1_16' title="bbox 171 1534 1658 1605">
     <span class='ocr_line' id='line_1_16' title="bbox 171 1534 1658 1605; baseline -0.001 -14"><span class='ocrx_word' id='word_1_93' title='bbox 171 1538 235 1591; x_wconf 78' lang='lat' dir='ltr'><strong>Ad</strong></span> <span class='ocrx_word' id='word_1_94' title='bbox 263 1538 366 1590; x_wconf 69' lang='lat' dir='ltr'><strong>brec</strong></span> <span class='ocrx_word' id='word_1_95' title='bbox 395 1536 540 1589; x_wconf 87' lang='lat' dir='ltr'><strong>idem</strong></span> <span class='ocrx_word' id='word_1_96' title='bbox 571 1534 763 1605; x_wconf 70' lang='lat' dir='ltr'><strong>pnesnl</strong></span> <span class='ocrx_word' id='word_1_97' title='bbox 791 1535 952 1588; x_wconf 82' lang='lat' dir='ltr'><strong>Fulco</strong></span> <span class='ocrx_word' id='word_1_98' title='bbox 976 1535 1298 1599; x_wconf 78' lang='lat' dir='ltr'><strong>resrribens,</strong></span> <span class='ocrx_word' id='word_1_99' title='bbox 1326 1546 1526 1605; x_wconf 83' lang='lat' dir='ltr'><strong>gratias</strong></span> <span class='ocrx_word' id='word_1_100' title='bbox 1547 1537 1658 1604; x_wconf 78' lang='lat' dir='ltr'><strong>agit</strong></span> 
     </span>
    </p>
   </div>
   <div class='ocr_carea' id='block_1_17' title="bbox 116 1627 1658 1697">
    <p class='ocr_par' dir='ltr' id='par_1_17' title="bbox 116 1627 1658 1697">
     <span class='ocr_line' id='line_1_17' title="bbox 116 1627 1658 1697; baseline 0 -15"><span class='ocrx_word' id='word_1_101' title='bbox 116 1645 191 1697; x_wconf 88' lang='lat' dir='ltr'><strong>pro</strong></span> <span class='ocrx_word' id='word_1_102' title='bbox 237 1627 604 1682; x_wconf 80' lang='lat' dir='ltr'><strong>consolatione</strong></span> <span class='ocrx_word' id='word_1_103' title='bbox 657 1627 956 1680; x_wconf 91' lang='lat' dir='ltr'><strong>litterarum</strong></span> <span class='ocrx_word' id='word_1_104' title='bbox 1025 1627 1234 1695; x_wconf 85' lang='lat' dir='ltr'><strong>ipsius,</strong></span> <span class='ocrx_word' id='word_1_105' title='bbox 1297 1642 1548 1682; x_wconf 87' lang='lat' dir='ltr'><strong>asserens</strong></span> <span class='ocrx_word' id='word_1_106' title='bbox 1597 1643 1658 1682; x_wconf 87' lang='lat' dir='ltr'><strong>se</strong></span> 
     </span>
    </p>
   </div>
   <div class='ocr_carea' id='block_1_18' title="bbox 116 1719 1656 1790">
    <p class='ocr_par' dir='ltr' id='par_1_18' title="bbox 116 1719 1656 1790">
     <span class='ocr_line' id='line_1_18' title="bbox 116 1719 1656 1790; baseline 0.002 -19"><span class='ocrx_word' id='word_1_107' title='bbox 116 1729 317 1789; x_wconf 80' lang='lat' dir='ltr'><strong>paratum</strong></span> <span class='ocrx_word' id='word_1_108' title='bbox 339 1719 530 1782; x_wconf 82' lang='lat' dir='ltr'><strong>fuisse,</strong></span> <span class='ocrx_word' id='word_1_109' title='bbox 553 1727 610 1772; x_wconf 90' lang='lat' dir='ltr'><strong>et</strong></span> <span class='ocrx_word' id='word_1_110' title='bbox 630 1734 750 1773; x_wconf 87' lang='lat' dir='ltr'><strong>esse</strong></span> <span class='ocrx_word' id='word_1_111' title='bbox 763 1733 1096 1788; x_wconf 61' lang='lat' dir='ltr'><strong>quacunque</strong></span> <span class='ocrx_word' id='word_1_112' title='bbox 1117 1719 1218 1773; x_wconf 89' lang='lat' dir='ltr'><strong>sibi</strong></span> <span class='ocrx_word' id='word_1_113' title='bbox 1236 1719 1302 1773; x_wconf 87' lang='lat' dir='ltr'><strong>ab</strong></span> <span class='ocrx_word' id='word_1_114' title='bbox 1322 1720 1487 1788; x_wconf 83' lang='lat' dir='ltr'><strong>ipsius</strong></span> <span class='ocrx_word' id='word_1_115' title='bbox 1505 1735 1656 1790; x_wconf 81' lang='lat' dir='ltr'><strong>papae</strong></span> 
     </span>
    </p>
   </div>
   <div class='ocr_carea' id='block_1_19' title="bbox 1766 539 3338 610">
    <p class='ocr_par' dir='ltr' id='par_1_19' title="bbox 1766 539 3338 610">
     <span class='ocr_line' id='line_1_19' title="bbox 1766 539 3338 610; baseline 0.002 -19"><span class='ocrx_word' id='word_1_116' title='bbox 1766 549 1884 599; x_wconf 81' lang='lat' dir='ltr'><strong>rat,</strong></span> <span class='ocrx_word' id='word_1_117' title='bbox 1923 549 2184 608; x_wconf 75' lang='lat' dir='ltr'><strong>quatenus</strong></span> <span class='ocrx_word' id='word_1_118' title='bbox 2223 541 2350 609; x_wconf 81' lang='lat' dir='ltr'><strong>quid</strong></span> <span class='ocrx_word' id='word_1_119' title='bbox 2402 541 2593 610; x_wconf 80' lang='lat' dir='ltr'><strong>cuique</strong></span> <span class='ocrx_word' id='word_1_120' title='bbox 2629 540 2888 594; x_wconf 87' lang='lat' dir='ltr'><strong>debeatur</strong></span> <span class='ocrx_word' id='word_1_121' title='bbox 2939 539 3164 610; x_wconf 81' lang='lat' dir='ltr'><strong>diligens</strong></span> <span class='ocrx_word' id='word_1_122' title='bbox 3211 557 3338 594; x_wconf 66' lang='lat' dir='ltr'><strong>esa-</strong></span> 
     </span>
    </p>
   </div>
   <div class='ocr_carea' id='block_1_20' title="bbox 1761 630 3336 701">
    <p class='ocr_par' dir='ltr' id='par_1_20' title="bbox 1761 630 3336 701">
     <span class='ocr_line' id='line_1_20' title="bbox 1761 630 3336 701; baseline 0.004 -21"><span class='ocrx_word' id='word_1_123' title='bbox 1761 630 1984 682; x_wconf 82' lang='lat' dir='ltr'><strong>tninatio</strong></span> <span class='ocrx_word' id='word_1_124' title='bbox 2010 631 2320 684; x_wconf 77' lang='lat' dir='ltr'><strong>declararet.</strong></span> <span class='ocrx_word' id='word_1_125' title='bbox 2359 631 2533 684; x_wconf 75' lang='lat' dir='ltr'><strong>Monet</strong></span> <span class='ocrx_word' id='word_1_126' title='bbox 2561 633 2722 685; x_wconf 79' lang='lat' dir='ltr'><strong>etiam</strong></span> <span class='ocrx_word' id='word_1_127' title='bbox 2749 631 3137 686; x_wconf 79' lang='lat' dir='ltr'><strong>fraternitatem</strong></span> <span class='ocrx_word' id='word_1_128' title='bbox 3169 633 3336 701; x_wconf 80' lang='lat' dir='ltr'><strong>ipsius</strong></span> 
     </span>
    </p>
   </div>
   <div class='ocr_carea' id='block_1_21' title="bbox 1761 717 3338 790">
    <p class='ocr_par' dir='ltr' id='par_1_21' title="bbox 1761 717 3338 790">
     <span class='ocr_line' id='line_1_21' title="bbox 1761 717 3338 790; baseline 0.004 -21"><span class='ocrx_word' id='word_1_129' title='bbox 1761 717 1940 770; x_wconf 88' lang='lat' dir='ltr'><strong>donmi</strong></span> <span class='ocrx_word' id='word_1_130' title='bbox 1975 717 2261 783; x_wconf 77' lang='lat' dir='ltr'><strong>Fulcouis,</strong></span> <span class='ocrx_word' id='word_1_131' title='bbox 2321 735 2388 773; x_wconf 89' lang='lat' dir='ltr'><strong>ne</strong></span> <span class='ocrx_word' id='word_1_132' title='bbox 2431 719 2528 773; x_wconf 83' lang='lat' dir='ltr'><strong>sibi</strong></span> <span class='ocrx_word' id='word_1_133' title='bbox 2578 735 2730 772; x_wconf 88' lang='lat' dir='ltr'><strong>suam</strong></span> <span class='ocrx_word' id='word_1_134' title='bbox 2773 720 3056 788; x_wconf 85' lang='lat' dir='ltr'><strong>specialem</strong></span> <span class='ocrx_word' id='word_1_135' title='bbox 3102 737 3338 790; x_wconf 53' lang='lat' dir='ltr'><strong>pirosen.</strong></span> 
     </span>
    </p>
   </div>
   <div class='ocr_carea' id='block_1_22' title="bbox 1761 808 3335 880">
    <p class='ocr_par' dir='ltr' id='par_1_22' title="bbox 1761 808 3335 880">
     <span class='ocr_line' id='line_1_22' title="bbox 1761 808 3335 880; baseline 0.004 -20"><span class='ocrx_word' id='word_1_136' title='bbox 1761 808 1890 861; x_wconf 87' lang='lat' dir='ltr'><strong>tiam</strong></span> <span class='ocrx_word' id='word_1_137' title='bbox 1915 849 1928 871; x_wconf 91' lang='lat'><strong>,</strong></span> <span class='ocrx_word' id='word_1_138' title='bbox 1961 809 2004 862; x_wconf 90' lang='lat' dir='ltr'><strong>si</strong></span> <span class='ocrx_word' id='word_1_139' title='bbox 2053 811 2376 864; x_wconf 85' lang='lat' dir='ltr'><strong>omnimodis</strong></span> <span class='ocrx_word' id='word_1_140' title='bbox 2417 811 2532 863; x_wconf 82' lang='lat' dir='ltr'><strong>tieri</strong></span> <span class='ocrx_word' id='word_1_141' title='bbox 2557 812 2766 880; x_wconf 85' lang='lat' dir='ltr'><strong>possit,</strong></span> <span class='ocrx_word' id='word_1_142' title='bbox 2817 811 3072 865; x_wconf 71' lang='lat' dir='ltr'><strong>exhibere</strong></span> <span class='ocrx_word' id='word_1_143' title='bbox 3105 825 3226 866; x_wconf 91' lang='lat' dir='ltr'><strong>cum</strong></span> <span class='ocrx_word' id='word_1_144' title='bbox 3256 815 3335 868; x_wconf 88' lang='lat' dir='ltr'><strong>eis</strong></span> 
     </span>
    </p>
   </div>
   <div class='ocr_carea' id='block_1_23' title="bbox 1760 900 3338 973">
    <p class='ocr_par' dir='ltr' id='par_1_23' title="bbox 1760 900 3338 973">
     <span class='ocr_line' id='line_1_23' title="bbox 1760 900 3338 973; baseline 0.003 -21"><span class='ocrx_word' id='word_1_145' title='bbox 1760 903 2137 968; x_wconf 83' lang='lat' dir='ltr'><strong>quoquomodo</strong></span> <span class='ocrx_word' id='word_1_146' title='bbox 2171 900 2420 965; x_wconf 75' lang='lat' dir='ltr'><strong>differat;</strong></span> <span class='ocrx_word' id='word_1_147' title='bbox 2461 902 2714 970; x_wconf 76' lang='lat' dir='ltr'><strong>quoniam</strong></span> <span class='ocrx_word' id='word_1_148' title='bbox 2743 913 2793 954; x_wconf 86' lang='lat' dir='ltr'><strong>et</strong></span> <span class='ocrx_word' id='word_1_149' title='bbox 2829 903 2973 966; x_wconf 71' lang='lat' dir='ltr'><strong>lucc,</strong></span> <span class='ocrx_word' id='word_1_150' title='bbox 3007 911 3060 954; x_wconf 87' lang='lat' dir='ltr'><strong>et</strong></span> <span class='ocrx_word' id='word_1_151' title='bbox 3089 902 3188 955; x_wconf 87' lang='lat' dir='ltr'><strong>alia</strong></span> <span class='ocrx_word' id='word_1_152' title='bbox 3219 918 3338 973; x_wconf 69' lang='lat' dir='ltr'><strong>qua:</strong></span> 
     </span>
    </p>
   </div>
   <div class='ocr_carea' id='block_1_24' title="bbox 1759 993 3338 1062">
    <p class='ocr_par' dir='ltr' id='par_1_24' title="bbox 1759 993 3338 1062">
     <span class='ocr_line' id='line_1_24' title="bbox 1759 993 3338 1062; baseline 0.001 -17"><span class='ocrx_word' id='word_1_153' title='bbox 1759 993 2115 1046; x_wconf 74' lang='lat' dir='ltr'><strong>imminebant</strong></span> <span class='ocrx_word' id='word_1_154' title='bbox 2148 993 2510 1046; x_wconf 81' lang='lat' dir='ltr'><strong>ecclesiastica</strong></span> <span class='ocrx_word' id='word_1_155' title='bbox 2555 993 2764 1062; x_wconf 83' lang='lat' dir='ltr'><strong>negotia</strong></span> <span class='ocrx_word' id='word_1_156' title='bbox 2793 1009 2911 1044; x_wconf 85' lang='lat' dir='ltr'><strong>cum</strong></span> <span class='ocrx_word' id='word_1_157' title='bbox 2955 994 3072 1060; x_wconf 87' lang='lat' dir='ltr'><strong>ipso</strong></span> <span class='ocrx_word' id='word_1_158' title='bbox 3100 1002 3338 1047; x_wconf 82' lang='lat' dir='ltr'><strong>tractan-</strong></span> 
     </span>
    </p>
   </div>
   <div class='ocr_carea' id='block_1_25' title="bbox 1755 1079 3340 1150">
    <p class='ocr_par' dir='ltr' id='par_1_25' title="bbox 1755 1079 3340 1150">
     <span class='ocr_line' id='line_1_25' title="bbox 1755 1079 3340 1150; baseline 0.003 -18"><span class='ocrx_word' id='word_1_159' title='bbox 1755 1079 1864 1142; x_wconf 88' lang='lat' dir='ltr'><strong>da,</strong></span> <span class='ocrx_word' id='word_1_160' title='bbox 1915 1079 2138 1150; x_wconf 83' lang='lat' dir='ltr'><strong>ejusque</strong></span> <span class='ocrx_word' id='word_1_161' title='bbox 2191 1082 2525 1135; x_wconf 82' lang='lat' dir='ltr'><strong>terminanda</strong></span> <span class='ocrx_word' id='word_1_162' title='bbox 2586 1082 2829 1135; x_wconf 87' lang='lat' dir='ltr'><strong>consultu</strong></span> <span class='ocrx_word' id='word_1_163' title='bbox 2883 1083 3234 1150; x_wconf 77' lang='lat' dir='ltr'><strong>pioviderat:</strong></span> <span class='ocrx_word' id='word_1_164' title='bbox 3275 1085 3340 1137; x_wconf 86' lang='lat' dir='ltr'><strong>de</strong></span> 
     </span>
    </p>
   </div>
   <div class='ocr_carea' id='block_1_26' title="bbox 1757 1172 3340 1244">
    <p class='ocr_par' dir='ltr' id='par_1_26' title="bbox 1757 1172 3340 1244">
     <span class='ocr_line' id='line_1_26' title="bbox 1757 1172 3340 1244; baseline 0.004 -22"><span class='ocrx_word' id='word_1_165' title='bbox 1757 1186 1868 1241; x_wconf 91' lang='lat' dir='ltr'><strong>quo</strong></span> <span class='ocrx_word' id='word_1_166' title='bbox 1895 1172 2100 1226; x_wconf 88' lang='lat' dir='ltr'><strong>scilicet</strong></span> <span class='ocrx_word' id='word_1_167' title='bbox 2127 1172 2294 1239; x_wconf 73' lang='lat' dir='ltr'><strong>ipsius</strong></span> <span class='ocrx_word' id='word_1_168' title='bbox 2321 1174 2551 1227; x_wconf 87' lang='lat' dir='ltr'><strong>adventu</strong></span> <span class='ocrx_word' id='word_1_169' title='bbox 2581 1173 2712 1227; x_wconf 86' lang='lat' dir='ltr'><strong>satis</strong></span> <span class='ocrx_word' id='word_1_170' title='bbox 2735 1173 3126 1244; x_wconf 82' lang='lat' dir='ltr'><strong>gratularetur,</strong></span> <span class='ocrx_word' id='word_1_171' title='bbox 3157 1173 3340 1229; x_wconf 84' lang='lat' dir='ltr'><strong>volens</strong></span> 
     </span>
    </p>
   </div>
   <div class='ocr_carea' id='block_1_27' title="bbox 1759 1260 3342 1335">
    <p class='ocr_par' dir='ltr' id='par_1_27' title="bbox 1759 1260 3342 1335">
     <span class='ocr_line' id='line_1_27' title="bbox 1759 1260 3342 1335; baseline 0.005 -23"><span class='ocrx_word' id='word_1_172' title='bbox 1759 1260 1824 1313; x_wconf 89' lang='lat' dir='ltr'><strong>ad</strong></span> <span class='ocrx_word' id='word_1_173' title='bbox 1849 1261 2205 1316; x_wconf 89' lang='lat' dir='ltr'><strong>ecclesiastica</strong></span> <span class='ocrx_word' id='word_1_174' title='bbox 2232 1262 2575 1317; x_wconf 87' lang='lat' dir='ltr'><strong>deliberanda</strong></span> <span class='ocrx_word' id='word_1_175' title='bbox 2602 1263 2812 1333; x_wconf 72' lang='lat' dir='ltr'><strong>negotia</strong></span> <span class='ocrx_word' id='word_1_176' title='bbox 2843 1265 2958 1333; x_wconf 88' lang='lat' dir='ltr'><strong>ejus</strong></span> <span class='ocrx_word' id='word_1_177' title='bbox 2981 1265 3181 1319; x_wconf 85' lang='lat' dir='ltr'><strong>habere</strong></span> <span class='ocrx_word' id='word_1_178' title='bbox 3205 1279 3342 1335; x_wconf 62' lang='lat' dir='ltr'><strong>prro</strong></span> 
     </span>
    </p>
   </div>
   <div class='ocr_carea' id='block_1_28' title="bbox 1760 1353 3342 1426">
    <p class='ocr_par' dir='ltr' id='par_1_28' title="bbox 1760 1353 3342 1426">
     <span class='ocr_line' id='line_1_28' title="bbox 1760 1353 3342 1426; baseline 0.004 -22"><span class='ocrx_word' id='word_1_179' title='bbox 1760 1353 2006 1406; x_wconf 81' lang='lat' dir='ltr'><strong>sentiam.</strong></span> <span class='ocrx_word' id='word_1_180' title='bbox 2035 1353 2284 1422; x_wconf 79' lang='lat' dir='ltr'><strong>Alioquin</strong></span> <span class='ocrx_word' id='word_1_181' title='bbox 2317 1365 2498 1408; x_wconf 86' lang='lat' dir='ltr'><strong>monet</strong></span> <span class='ocrx_word' id='word_1_182' title='bbox 2523 1395 2537 1419; x_wconf 88' lang='lat'><strong>,</strong></span> <span class='ocrx_word' id='word_1_183' title='bbox 2571 1365 2626 1407; x_wconf 90' lang='lat' dir='ltr'><strong>ut</strong></span> <span class='ocrx_word' id='word_1_184' title='bbox 2652 1356 2953 1410; x_wconf 86' lang='lat' dir='ltr'><strong>assertione</strong></span> <span class='ocrx_word' id='word_1_185' title='bbox 2981 1357 3214 1410; x_wconf 81' lang='lat' dir='ltr'><strong>veridica</strong></span> <span class='ocrx_word' id='word_1_186' title='bbox 3246 1373 3342 1426; x_wconf 82' lang='lat' dir='ltr'><strong>per</strong></span> 
     </span>
    </p>
   </div>
   <div class='ocr_carea' id='block_1_29' title="bbox 1755 1444 3344 1517">
    <p class='ocr_par' dir='ltr' id='par_1_29' title="bbox 1755 1444 3344 1517">
     <span class='ocr_line' id='line_1_29' title="bbox 1755 1444 3344 1517; baseline 0.003 -21"><span class='ocrx_word' id='word_1_187' title='bbox 1755 1454 2036 1496; x_wconf 83' lang='lat' dir='ltr'><strong>strenuum</strong></span> <span class='ocrx_word' id='word_1_188' title='bbox 2066 1444 2384 1513; x_wconf 85' lang='lat' dir='ltr'><strong>episcopalis</strong></span> <span class='ocrx_word' id='word_1_189' title='bbox 2427 1444 2635 1499; x_wconf 86' lang='lat' dir='ltr'><strong>ordinis</strong></span> <span class='ocrx_word' id='word_1_190' title='bbox 2679 1447 2852 1499; x_wconf 90' lang='lat' dir='ltr'><strong>virum</strong></span> <span class='ocrx_word' id='word_1_191' title='bbox 2901 1462 3003 1499; x_wconf 91' lang='lat' dir='ltr'><strong>una</strong></span> <span class='ocrx_word' id='word_1_192' title='bbox 3043 1462 3164 1501; x_wconf 91' lang='lat' dir='ltr'><strong>cum</strong></span> <span class='ocrx_word' id='word_1_193' title='bbox 3214 1448 3344 1517; x_wconf 79' lang='lat' dir='ltr'><strong>ipsis</strong></span> 
     </span>
    </p>
   </div>
   <div class='ocr_carea' id='block_1_30' title="bbox 1759 1534 3336 1604">
    <p class='ocr_par' dir='ltr' id='par_1_30' title="bbox 1759 1534 3336 1604">
     <span class='ocr_line' id='line_1_30' title="bbox 1759 1534 3336 1604; baseline 0.003 -18"><span class='ocrx_word' id='word_1_194' title='bbox 1759 1534 2046 1588; x_wconf 87' lang='lat' dir='ltr'><strong>abeuntem</strong></span> <span class='ocrx_word' id='word_1_195' title='bbox 2103 1534 2341 1587; x_wconf 80' lang='lat' dir='ltr'><strong>notiticct</strong></span> <span class='ocrx_word' id='word_1_196' title='bbox 2402 1534 2637 1604; x_wconf 84' lang='lat' dir='ltr'><strong>qualiter</strong></span> <span class='ocrx_word' id='word_1_197' title='bbox 2680 1549 2738 1589; x_wconf 83' lang='lat' dir='ltr'><strong>se</strong></span> <span class='ocrx_word' id='word_1_198' title='bbox 2785 1551 2948 1604; x_wconf 82' lang='lat' dir='ltr'><strong>super</strong></span> <span class='ocrx_word' id='word_1_199' title='bbox 2995 1537 3098 1591; x_wconf 80' lang='lat' dir='ltr'><strong>ltoc</strong></span> <span class='ocrx_word' id='word_1_200' title='bbox 3137 1537 3336 1591; x_wconf 72' lang='lat' dir='ltr'><strong>veritas</strong></span> 
     </span>
    </p>
   </div>
   <div class='ocr_carea' id='block_1_31' title="bbox 1757 1624 3340 1694">
    <p class='ocr_par' dir='ltr' id='par_1_31' title="bbox 1757 1624 3340 1694">
     <span class='ocr_line' id='line_1_31' title="bbox 1757 1624 3340 1694; baseline 0.004 -17"><span class='ocrx_word' id='word_1_201' title='bbox 1757 1624 1974 1678; x_wconf 75' lang='lat' dir='ltr'><strong>habent.</strong></span> <span class='ocrx_word' id='word_1_202' title='bbox 2004 1625 2210 1691; x_wconf 81' lang='lat' dir='ltr'><strong>Quibus</strong></span> <span class='ocrx_word' id='word_1_203' title='bbox 2248 1625 2292 1679; x_wconf 90' lang='lat' dir='ltr'><strong>si</strong></span> <span class='ocrx_word' id='word_1_204' title='bbox 2341 1627 2584 1681; x_wconf 85' lang='lat' dir='ltr'><strong>veniendi</strong></span> <span class='ocrx_word' id='word_1_205' title='bbox 2629 1627 2857 1682; x_wconf 80' lang='lat' dir='ltr'><strong>facultas</strong></span> <span class='ocrx_word' id='word_1_206' title='bbox 2907 1629 3138 1682; x_wconf 73' lang='lat' dir='ltr'><strong>defuerit</strong></span> <span class='ocrx_word' id='word_1_207' title='bbox 3164 1670 3178 1694; x_wconf 91' lang='lat'><strong>,</strong></span> <span class='ocrx_word' id='word_1_208' title='bbox 3211 1645 3340 1684; x_wconf 84' lang='lat' dir='ltr'><strong>suos</strong></span> 
     </span>
    </p>
   </div>
   <div class='ocr_carea' id='block_1_32' title="bbox 1757 1714 3339 1785">
    <p class='ocr_par' dir='ltr' id='par_1_32' title="bbox 1757 1714 3339 1785">
     <span class='ocr_line' id='line_1_32' title="bbox 1757 1714 3339 1785; baseline 0.003 -17"><span class='ocrx_word' id='word_1_209' title='bbox 1757 1729 1882 1768; x_wconf 86' lang='lat' dir='ltr'><strong>cum</strong></span> <span class='ocrx_word' id='word_1_210' title='bbox 1933 1728 2000 1766; x_wconf 90' lang='lat' dir='ltr'><strong>eo</strong></span> <span class='ocrx_word' id='word_1_211' title='bbox 2047 1714 2286 1784; x_wconf 78' lang='lat' dir='ltr'><strong>dirigant</strong></span> <span class='ocrx_word' id='word_1_212' title='bbox 2333 1714 2578 1785; x_wconf 82' lang='lat' dir='ltr'><strong>legatos,</strong></span> <span class='ocrx_word' id='word_1_213' title='bbox 2617 1717 2708 1772; x_wconf 88' lang='lat' dir='ltr'><strong>oui</strong></span> <span class='ocrx_word' id='word_1_214' title='bbox 2754 1729 2940 1771; x_wconf 80' lang='lat' dir='ltr'><strong>eorum</strong></span> <span class='ocrx_word' id='word_1_215' title='bbox 2985 1719 3339 1773; x_wconf 82' lang='lat' dir='ltr'><strong>vicariatioue</strong></span> 
     </span>
    </p>
   </div>
   <div class='ocr_carea' id='block_1_33' title="bbox 114 1801 3341 1882">
    <p class='ocr_par' dir='ltr' id='par_1_33' title="bbox 114 1801 3341 1882">
     <span class='ocr_line' id='line_1_33' title="bbox 114 1801 3341 1882; baseline 0.002 -21"><span class='ocrx_word' id='word_1_216' title='bbox 114 1811 645 1880; x_wconf 65' lang='lat' dir='ltr'><strong>thlslludlﬂeilljﬂﬂClﬂ</strong></span> <span class='ocrx_word' id='word_1_217' title='bbox 662 1809 868 1865; x_wconf 79' lang='lat' dir='ltr'><strong>fuerint</strong></span> <span class='ocrx_word' id='word_1_218' title='bbox 890 1812 1200 1881; x_wconf 87' lang='lat' dir='ltr'><strong>adimplere;</strong></span> <span class='ocrx_word' id='word_1_219' title='bbox 1230 1811 1506 1882; x_wconf 61' lang='lat' dir='ltr'><strong>praefatam</strong></span> <span class='ocrx_word' id='word_1_220' title='bbox 1530 1829 1657 1867; x_wconf 91' lang='lat' dir='ltr'><strong>vero</strong></span> <span class='ocrx_word' id='word_1_221' title='bbox 1691 1801 1732 1860; x_wconf 83' lang='grc' dir='ltr'><strong><em>Β</em></strong></span> <span class='ocrx_word' id='word_1_222' title='bbox 1761 1806 2047 1876; x_wconf 82' lang='lat' dir='ltr'><strong>perfuncti,</strong></span> <span class='ocrx_word' id='word_1_223' title='bbox 2073 1806 2407 1877; x_wconf 81' lang='lat' dir='ltr'><strong>disceptandi</strong></span> <span class='ocrx_word' id='word_1_224' title='bbox 2432 1819 2486 1865; x_wconf 90' lang='lat' dir='ltr'><strong>et</strong></span> <span class='ocrx_word' id='word_1_225' title='bbox 2524 1811 2854 1866; x_wconf 85' lang='lat' dir='ltr'><strong>deliberandi</strong></span> <span class='ocrx_word' id='word_1_226' title='bbox 2886 1813 3186 1868; x_wconf 85' lang='lat' dir='ltr'><strong>libertatem</strong></span> <span class='ocrx_word' id='word_1_227' title='bbox 3219 1829 3341 1882; x_wconf 83' lang='lat' dir='ltr'><strong>pos-</strong></span> 
     </span>
    </p>
   </div>
   <div class='ocr_carea' id='block_1_34' title="bbox 113 1901 1660 1971">
    <p class='ocr_par' dir='ltr' id='par_1_34' title="bbox 113 1901 1660 1971">
     <span class='ocr_line' id='line_1_34' title="bbox 113 1901 1660 1971; baseline 0 -15"><span class='ocrx_word' id='word_1_228' title='bbox 113 1903 480 1970; x_wconf 66' lang='lat' dir='ltr'><strong>pneeeptiouem</strong></span> <span class='ocrx_word' id='word_1_229' title='bbox 506 1905 576 1956; x_wconf 87' lang='lat' dir='ltr'><strong>de</strong></span> <span class='ocrx_word' id='word_1_230' title='bbox 614 1901 986 1956; x_wconf 81' lang='lat' dir='ltr'><strong>Thentliboldo</strong></span> <span class='ocrx_word' id='word_1_231' title='bbox 1008 1903 1260 1971; x_wconf 86' lang='lat' dir='ltr'><strong>episcopo</strong></span> <span class='ocrx_word' id='word_1_232' title='bbox 1298 1903 1512 1971; x_wconf 84' lang='lat' dir='ltr'><strong>explere</strong></span> <span class='ocrx_word' id='word_1_233' title='bbox 1543 1905 1660 1958; x_wconf 81' lang='lat' dir='ltr'><strong>sine</strong></span> 
     </span>
    </p>
   </div>
   <div class='ocr_carea' id='block_1_35' title="bbox 112 1992 1660 2063">
    <p class='ocr_par' dir='ltr' id='par_1_35' title="bbox 112 1992 1660 2063">
     <span class='ocr_line' id='line_1_35' title="bbox 112 1992 1660 2063; baseline 0.002 -18"><span class='ocrx_word' id='word_1_234' title='bbox 112 2007 233 2046; x_wconf 79' lang='lat' dir='ltr'><strong>mora</strong></span> <span class='ocrx_word' id='word_1_235' title='bbox 278 1994 544 2057; x_wconf 83' lang='lat' dir='ltr'><strong>voluisse,</strong></span> <span class='ocrx_word' id='word_1_236' title='bbox 587 1994 683 2048; x_wconf 83' lang='lat' dir='ltr'><strong>sed</strong></span> <span class='ocrx_word' id='word_1_237' title='bbox 735 1992 939 2046; x_wconf 88' lang='lat' dir='ltr'><strong>Odonis</strong></span> <span class='ocrx_word' id='word_1_238' title='bbox 979 1995 1119 2063; x_wconf 76' lang='lat' dir='ltr'><strong>regis</strong></span> <span class='ocrx_word' id='word_1_239' title='bbox 1169 1993 1249 2047; x_wconf 89' lang='lat' dir='ltr'><strong>sui</strong></span> <span class='ocrx_word' id='word_1_240' title='bbox 1299 1994 1541 2047; x_wconf 85' lang='lat' dir='ltr'><strong>consultu</strong></span> <span class='ocrx_word' id='word_1_241' title='bbox 1579 1995 1660 2048; x_wconf 85' lang='lat' dir='ltr'><strong>iit-</strong></span> 
     </span>
    </p>
   </div>
   <div class='ocr_carea' id='block_1_36' title="bbox 117 2084 1658 2153">
    <p class='ocr_par' dir='ltr' id='par_1_36' title="bbox 117 2084 1658 2153">
     <span class='ocr_line' id='line_1_36' title="bbox 117 2084 1658 2153; baseline 0.003 -17"><span class='ocrx_word' id='word_1_242' title='bbox 117 2084 236 2136; x_wconf 84' lang='lat' dir='ltr'><strong>:erim</strong></span> <span class='ocrx_word' id='word_1_243' title='bbox 278 2085 693 2148; x_wconf 85' lang='lat' dir='ltr'><strong>intermissum,</strong></span> <span class='ocrx_word' id='word_1_244' title='bbox 753 2085 881 2138; x_wconf 88' lang='lat' dir='ltr'><strong>dum</strong></span> <span class='ocrx_word' id='word_1_245' title='bbox 937 2099 1026 2137; x_wconf 70' lang='lat' dir='ltr'><strong>res</strong></span> <span class='ocrx_word' id='word_1_246' title='bbox 1087 2085 1224 2138; x_wconf 91' lang='lat' dir='ltr'><strong>idem</strong></span> <span class='ocrx_word' id='word_1_247' title='bbox 1283 2100 1408 2139; x_wconf 84' lang='lat' dir='ltr'><strong>suos</strong></span> <span class='ocrx_word' id='word_1_248' title='bbox 1457 2084 1658 2153; x_wconf 77' lang='lat' dir='ltr'><strong>legatos</strong></span> 
     </span>
    </p>
   </div>
   <div class='ocr_carea' id='block_1_37' title="bbox 114 2173 1658 2244">
    <p class='ocr_par' dir='ltr' id='par_1_37' title="bbox 114 2173 1658 2244">
     <span class='ocr_line' id='line_1_37' title="bbox 114 2173 1658 2244; baseline 0.004 -20"><span class='ocrx_word' id='word_1_249' title='bbox 114 2173 164 2224; x_wconf 82' lang='lat' dir='ltr'><strong>ad</strong></span> <span class='ocrx_word' id='word_1_250' title='bbox 204 2175 431 2226; x_wconf 88' lang='lat' dir='ltr'><strong>euuulem</strong></span> <span class='ocrx_word' id='word_1_251' title='bbox 477 2190 674 2242; x_wconf 84' lang='lat' dir='ltr'><strong>papam</strong></span> <span class='ocrx_word' id='word_1_252' title='bbox 730 2174 1019 2243; x_wconf 80' lang='lat' dir='ltr'><strong>dirigeret,</strong></span> <span class='ocrx_word' id='word_1_253' title='bbox 1075 2190 1138 2227; x_wconf 90' lang='lat' dir='ltr'><strong>ac</strong></span> <span class='ocrx_word' id='word_1_254' title='bbox 1188 2190 1283 2244; x_wconf 88' lang='lat' dir='ltr'><strong>per</strong></span> <span class='ocrx_word' id='word_1_255' title='bbox 1329 2191 1423 2229; x_wconf 91' lang='lat' dir='ltr'><strong>eos</strong></span> <span class='ocrx_word' id='word_1_256' title='bbox 1460 2174 1658 2242; x_wconf 69' lang='lat' dir='ltr'><strong>iussio.</strong></span> 
     </span>
    </p>
   </div>
   <div class='ocr_carea' id='block_1_38' title="bbox 109 2263 1656 2335">
    <p class='ocr_par' dir='ltr' id='par_1_38' title="bbox 109 2263 1656 2335">
     <span class='ocr_line' id='line_1_38' title="bbox 109 2263 1656 2335; baseline 0.003 -21"><span class='ocrx_word' id='word_1_257' title='bbox 109 2279 207 2315; x_wconf 77' lang='lat' dir='ltr'><strong>acui</strong></span> <span class='ocrx_word' id='word_1_258' title='bbox 227 2263 382 2331; x_wconf 80' lang='lat' dir='ltr'><strong>ipsius</strong></span> <span class='ocrx_word' id='word_1_259' title='bbox 411 2265 722 2318; x_wconf 78' lang='lat' dir='ltr'><strong>certissime</strong></span> <span class='ocrx_word' id='word_1_260' title='bbox 752 2273 1122 2335; x_wconf 77' lang='lat' dir='ltr'><strong>cognosceret.</strong></span> <span class='ocrx_word' id='word_1_261' title='bbox 1163 2265 1336 2334; x_wconf 86' lang='lat' dir='ltr'><strong>Super</strong></span> <span class='ocrx_word' id='word_1_262' title='bbox 1367 2266 1450 2319; x_wconf 83' lang='lat' dir='ltr'><strong>liis</strong></span> <span class='ocrx_word' id='word_1_263' title='bbox 1477 2277 1656 2318; x_wconf 86' lang='lat' dir='ltr'><strong>autem</strong></span> 
     </span>
    </p>
   </div>
   <div class='ocr_carea' id='block_1_39' title="bbox 107 2354 1656 2425">
    <p class='ocr_par' dir='ltr' id='par_1_39' title="bbox 107 2354 1656 2425">
     <span class='ocr_line' id='line_1_39' title="bbox 107 2354 1656 2425; baseline 0.005 -21"><span class='ocrx_word' id='word_1_264' title='bbox 107 2367 204 2420; x_wconf 77' lang='lat' dir='ltr'><strong>qua:</strong></span> <span class='ocrx_word' id='word_1_265' title='bbox 229 2354 403 2409; x_wconf 69' lang='lat' dir='ltr'><strong>litterze</strong></span> <span class='ocrx_word' id='word_1_266' title='bbox 435 2356 613 2424; x_wconf 87' lang='lat' dir='ltr'><strong>ipsius</strong></span> <span class='ocrx_word' id='word_1_267' title='bbox 655 2371 803 2425; x_wconf 70' lang='lat' dir='ltr'><strong>papa:</strong></span> <span class='ocrx_word' id='word_1_268' title='bbox 839 2367 1136 2425; x_wconf 68' lang='lat' dir='ltr'><strong>prosecutae</strong></span> <span class='ocrx_word' id='word_1_269' title='bbox 1181 2366 1305 2411; x_wconf 84' lang='lat' dir='ltr'><strong>sunt</strong></span> <span class='ocrx_word' id='word_1_270' title='bbox 1327 2399 1344 2425; x_wconf 87' lang='lat'><strong>,</strong></span> <span class='ocrx_word' id='word_1_271' title='bbox 1384 2358 1519 2413; x_wconf 85' lang='lat' dir='ltr'><strong>velle</strong></span> <span class='ocrx_word' id='word_1_272' title='bbox 1549 2358 1656 2413; x_wconf 83' lang='lat' dir='ltr'><strong>sci-</strong></span> 
     </span>
    </p>
   </div>
   <div class='ocr_carea' id='block_1_40' title="bbox 114 2443 1657 2518">
    <p class='ocr_par' dir='ltr' id='par_1_40' title="bbox 114 2443 1657 2518">
     <span class='ocr_line' id='line_1_40' title="bbox 114 2443 1657 2518; baseline 0.005 -24"><span class='ocrx_word' id='word_1_273' title='bbox 114 2443 209 2498; x_wconf 85' lang='lat' dir='ltr'><strong>licet</strong></span> <span class='ocrx_word' id='word_1_274' title='bbox 244 2459 294 2498; x_wconf 89' lang='lat' dir='ltr'><strong>se</strong></span> <span class='ocrx_word' id='word_1_275' title='bbox 329 2447 587 2501; x_wconf 85' lang='lat' dir='ltr'><strong>omnibus</strong></span> <span class='ocrx_word' id='word_1_276' title='bbox 636 2447 894 2501; x_wconf 67' lang='lat' dir='ltr'><strong>Ecolesiis</strong></span> <span class='ocrx_word' id='word_1_277' title='bbox 942 2463 1038 2502; x_wconf 83' lang='lat' dir='ltr'><strong>sua</strong></span> <span class='ocrx_word' id='word_1_278' title='bbox 1089 2448 1334 2501; x_wconf 85' lang='lat' dir='ltr'><strong>instituta</strong></span> <span class='ocrx_word' id='word_1_279' title='bbox 1393 2457 1448 2503; x_wconf 84' lang='lat' dir='ltr'><strong>et</strong></span> <span class='ocrx_word' id='word_1_280' title='bbox 1491 2448 1657 2518; x_wconf 84' lang='lat' dir='ltr'><strong>privi-</strong></span> 
     </span>
    </p>
   </div>
   <div class='ocr_carea' id='block_1_41' title="bbox 112 2533 1657 2603">
    <p class='ocr_par' dir='ltr' id='par_1_41' title="bbox 112 2533 1657 2603">
     <span class='ocr_line' id='line_1_41' title="bbox 112 2533 1657 2603; baseline 0.005 -17"><span class='ocrx_word' id='word_1_281' title='bbox 112 2533 218 2603; x_wconf 75' lang='lat' dir='ltr'><strong>logia</strong></span> <span class='ocrx_word' id='word_1_282' title='bbox 260 2536 307 2588; x_wconf 87' lang='lat' dir='ltr'><strong>in</strong></span> <span class='ocrx_word' id='word_1_283' title='bbox 341 2537 574 2592; x_wconf 83' lang='lat' dir='ltr'><strong>confuso</strong></span> <span class='ocrx_word' id='word_1_284' title='bbox 617 2538 810 2592; x_wconf 87' lang='lat' dir='ltr'><strong>ordine</strong></span> <span class='ocrx_word' id='word_1_285' title='bbox 857 2539 1173 2592; x_wconf 83' lang='lat' dir='ltr'><strong>intemerata</strong></span> <span class='ocrx_word' id='word_1_286' title='bbox 1214 2553 1470 2601; x_wconf 82' lang='lat' dir='ltr'><strong>servare,</strong></span> <span class='ocrx_word' id='word_1_287' title='bbox 1506 2539 1657 2593; x_wconf 75' lang='lat' dir='ltr'><strong>valde</strong></span> 
     </span>
    </p>
   </div>
   <div class='ocr_carea' id='block_1_42' title="bbox 111 2628 1654 2698">
    <p class='ocr_par' dir='ltr' id='par_1_42' title="bbox 111 2628 1654 2698">
     <span class='ocr_line' id='line_1_42' title="bbox 111 2628 1654 2698; baseline 0.005 -21"><span class='ocrx_word' id='word_1_288' title='bbox 111 2628 280 2693; x_wconf 79' lang='lat' dir='ltr'><strong>gavisos</strong></span> <span class='ocrx_word' id='word_1_289' title='bbox 314 2629 604 2683; x_wconf 85' lang='lat' dir='ltr'><strong>universos</strong></span> <span class='ocrx_word' id='word_1_290' title='bbox 643 2629 925 2698; x_wconf 78' lang='lat' dir='ltr'><strong>episcopos</strong></span> <span class='ocrx_word' id='word_1_291' title='bbox 948 2669 962 2693; x_wconf 92' lang='lat'><strong>,</strong></span> <span class='ocrx_word' id='word_1_292' title='bbox 1007 2630 1060 2682; x_wconf 89' lang='lat' dir='ltr'><strong>in</strong></span> <span class='ocrx_word' id='word_1_293' title='bbox 1099 2644 1327 2698; x_wconf 85' lang='lat' dir='ltr'><strong>quorum</strong></span> <span class='ocrx_word' id='word_1_294' title='bbox 1363 2631 1654 2698; x_wconf 70' lang='lat' dir='ltr'><strong>prtesentia</strong></span> 
     </span>
    </p>
   </div>
   <div class='ocr_carea' id='block_1_43' title="bbox 111 2719 1654 2790">
    <p class='ocr_par' dir='ltr' id='par_1_43' title="bbox 111 2719 1654 2790">
     <span class='ocr_line' id='line_1_43' title="bbox 111 2719 1654 2790; baseline 0.002 -16"><span class='ocrx_word' id='word_1_295' title='bbox 111 2720 197 2774; x_wconf 61' lang='lat' dir='ltr'><strong>hac</strong></span> <span class='ocrx_word' id='word_1_296' title='bbox 237 2722 439 2776; x_wconf 88' lang='lat' dir='ltr'><strong>recitari</strong></span> <span class='ocrx_word' id='word_1_297' title='bbox 491 2721 727 2776; x_wconf 75' lang='lat' dir='ltr'><strong>fecerat.</strong></span> <span class='ocrx_word' id='word_1_298' title='bbox 774 2721 1020 2776; x_wconf 89' lang='lat' dir='ltr'><strong>Consulit</strong></span> <span class='ocrx_word' id='word_1_299' title='bbox 1077 2731 1255 2775; x_wconf 85' lang='lat' dir='ltr'><strong>autem</strong></span> <span class='ocrx_word' id='word_1_300' title='bbox 1301 2719 1417 2790; x_wconf 80' lang='lat' dir='ltr'><strong>ejus</strong></span> <span class='ocrx_word' id='word_1_301' title='bbox 1464 2731 1654 2778; x_wconf 80' lang='lat' dir='ltr'><strong>aucto-</strong></span> 
     </span>
    </p>
   </div>
   <div class='ocr_carea' id='block_1_44' title="bbox 111 2813 1656 2885">
    <p class='ocr_par' dir='ltr' id='par_1_44' title="bbox 111 2813 1656 2885">
     <span class='ocr_line' id='line_1_44' title="bbox 111 2813 1656 2885; baseline 0.005 -21"><span class='ocrx_word' id='word_1_302' title='bbox 111 2813 282 2869; x_wconf 83' lang='lat' dir='ltr'><strong>ritatem</strong></span> <span class='ocrx_word' id='word_1_303' title='bbox 321 2816 626 2885; x_wconf 88' lang='lat' dir='ltr'><strong>deposcens</strong></span> <span class='ocrx_word' id='word_1_304' title='bbox 652 2855 668 2880; x_wconf 93' lang='lat'><strong>,</strong></span> <span class='ocrx_word' id='word_1_305' title='bbox 701 2823 760 2868; x_wconf 96' lang='grc' dir='ltr'><strong>ιιι</strong></span> <span class='ocrx_word' id='word_1_306' title='bbox 787 2815 886 2869; x_wconf 82' lang='lat' dir='ltr'><strong>sibi</strong></span> <span class='ocrx_word' id='word_1_307' title='bbox 930 2814 1207 2883; x_wconf 89' lang='lat' dir='ltr'><strong>rescriptis</strong></span> <span class='ocrx_word' id='word_1_308' title='bbox 1251 2816 1533 2868; x_wconf 86' lang='lat' dir='ltr'><strong>remandet</strong></span> <span class='ocrx_word' id='word_1_309' title='bbox 1558 2855 1573 2880; x_wconf 91' lang='lat'><strong>,</strong></span> <span class='ocrx_word' id='word_1_310' title='bbox 1610 2817 1656 2871; x_wconf 89' lang='lat' dir='ltr'><strong>si</strong></span> 
     </span>
    </p>
   </div>
   <div class='ocr_carea' id='block_1_45' title="bbox 108 2902 1654 2976">
    <p class='ocr_par' dir='ltr' id='par_1_45' title="bbox 108 2902 1654 2976">
     <span class='ocr_line' id='line_1_45' title="bbox 108 2902 1654 2976; baseline 0.004 -22"><span class='ocrx_word' id='word_1_311' title='bbox 108 2902 232 2958; x_wconf 69' lang='lat' dir='ltr'><strong>liceat</strong></span> <span class='ocrx_word' id='word_1_312' title='bbox 254 2908 591 2976; x_wconf 76' lang='lat' dir='ltr'><strong>coepiscopis</strong></span> <span class='ocrx_word' id='word_1_313' title='bbox 621 2905 973 2975; x_wconf 80' lang='lat' dir='ltr'><strong>suﬂ&#39;raganeis</strong></span> <span class='ocrx_word' id='word_1_314' title='bbox 998 2905 1110 2959; x_wconf 87' lang='lat' dir='ltr'><strong>suis</strong></span> <span class='ocrx_word' id='word_1_315' title='bbox 1136 2944 1151 2966; x_wconf 88' lang='lat'><strong><em>.</em></strong></span> <span class='ocrx_word' id='word_1_316' title='bbox 1177 2905 1267 2974; x_wconf 93' lang='lat' dir='ltr'><strong>qni</strong></span> <span class='ocrx_word' id='word_1_317' title='bbox 1304 2905 1354 2958; x_wconf 91' lang='lat' dir='ltr'><strong>in</strong></span> <span class='ocrx_word' id='word_1_318' title='bbox 1381 2903 1496 2972; x_wconf 82' lang='lat' dir='ltr'><strong>ejus</strong></span> <span class='ocrx_word' id='word_1_319' title='bbox 1523 2905 1654 2960; x_wconf 72' lang='lat' dir='ltr'><strong>dim-</strong></span> 
     </span>
    </p>
   </div>
   <div class='ocr_carea' id='block_1_46' title="bbox 104 2995 1653 3067">
    <p class='ocr_par' dir='ltr' id='par_1_46' title="bbox 104 2995 1653 3067">
     <span class='ocr_line' id='line_1_46' title="bbox 104 2995 1653 3067; baseline 0.002 -20"><span class='ocrx_word' id='word_1_320' title='bbox 104 2999 188 3049; x_wconf 79' lang='lat' dir='ltr'><strong>cesi</strong></span> <span class='ocrx_word' id='word_1_321' title='bbox 217 3000 548 3063; x_wconf 89' lang='lat' dir='ltr'><strong>consistunt,</strong></span> <span class='ocrx_word' id='word_1_322' title='bbox 601 2997 994 3051; x_wconf 81' lang='lat' dir='ltr'><strong>ordinationem</strong></span> <span class='ocrx_word' id='word_1_323' title='bbox 1041 2995 1122 3051; x_wconf 83' lang='lat' dir='ltr'><strong>vel</strong></span> <span class='ocrx_word' id='word_1_324' title='bbox 1177 2996 1353 3067; x_wconf 73' lang='lat' dir='ltr'><strong>regis,</strong></span> <span class='ocrx_word' id='word_1_325' title='bbox 1407 2996 1492 3051; x_wconf 90' lang='lat' dir='ltr'><strong>vel</strong></span> <span class='ocrx_word' id='word_1_326' title='bbox 1549 2995 1653 3050; x_wconf 86' lang='lat' dir='ltr'><strong>ali-</strong></span> 
     </span>
    </p>
   </div>
   <div class='ocr_carea' id='block_1_47' title="bbox 106 3088 1654 3162">
    <p class='ocr_par' dir='ltr' id='par_1_47' title="bbox 106 3088 1654 3162">
     <span class='ocr_line' id='line_1_47' title="bbox 106 3088 1654 3162; baseline 0.003 -22"><span class='ocrx_word' id='word_1_327' title='bbox 106 3088 228 3156; x_wconf 82' lang='lat' dir='ltr'><strong>cujus</strong></span> <span class='ocrx_word' id='word_1_328' title='bbox 249 3092 462 3146; x_wconf 86' lang='lat' dir='ltr'><strong>alterius</strong></span> <span class='ocrx_word' id='word_1_329' title='bbox 489 3105 745 3162; x_wconf 79' lang='lat' dir='ltr'><strong>personze</strong></span> <span class='ocrx_word' id='word_1_330' title='bbox 797 3089 912 3144; x_wconf 88' lang='lat' dir='ltr'><strong>sine</strong></span> <span class='ocrx_word' id='word_1_331' title='bbox 958 3105 1054 3143; x_wconf 87' lang='lat' dir='ltr'><strong>sua</strong></span> <span class='ocrx_word' id='word_1_332' title='bbox 1109 3088 1323 3143; x_wconf 90' lang='lat' dir='ltr'><strong>licentia</strong></span> <span class='ocrx_word' id='word_1_333' title='bbox 1381 3100 1436 3144; x_wconf 90' lang='lat' dir='ltr'><strong>et</strong></span> <span class='ocrx_word' id='word_1_334' title='bbox 1463 3089 1654 3144; x_wconf 83' lang='lat' dir='ltr'><strong>conni-</strong></span> 
     </span>
    </p>
   </div>
   <div class='ocr_carea' id='block_1_48' title="bbox 1761 1899 3342 1974">
    <p class='ocr_par' dir='ltr' id='par_1_48' title="bbox 1761 1899 3342 1974">
     <span class='ocr_line' id='line_1_48' title="bbox 1761 1899 3342 1974; baseline 0.003 -22"><span class='ocrx_word' id='word_1_335' title='bbox 1761 1899 2009 1963; x_wconf 82' lang='lat' dir='ltr'><strong>sideant,</strong></span> <span class='ocrx_word' id='word_1_336' title='bbox 2065 1909 2122 1952; x_wconf 91' lang='lat' dir='ltr'><strong>ut</strong></span> <span class='ocrx_word' id='word_1_337' title='bbox 2172 1900 2316 1954; x_wconf 87' lang='lat' dir='ltr'><strong>nullo</strong></span> <span class='ocrx_word' id='word_1_338' title='bbox 2347 1901 2568 1957; x_wconf 89' lang='lat' dir='ltr'><strong>ulterius</strong></span> <span class='ocrx_word' id='word_1_339' title='bbox 2612 1911 2890 1973; x_wconf 87' lang='lat' dir='ltr'><strong>tempore,</strong></span> <span class='ocrx_word' id='word_1_340' title='bbox 2943 1914 3190 1974; x_wconf 85' lang='lat' dir='ltr'><strong>percepta</strong></span> <span class='ocrx_word' id='word_1_341' title='bbox 3221 1905 3342 1958; x_wconf 52' lang='lat' dir='ltr'><strong>lini.</strong></span> 
     </span>
    </p>
   </div>
   <div class='ocr_carea' id='block_1_49' title="bbox 1758 1991 3340 2057">
    <p class='ocr_par' dir='ltr' id='par_1_49' title="bbox 1758 1991 3340 2057">
     <span class='ocr_line' id='line_1_49' title="bbox 1758 1991 3340 2057; baseline 0.006 -15"><span class='ocrx_word' id='word_1_342' title='bbox 1758 1991 1866 2043; x_wconf 86' lang='lat' dir='ltr'><strong>tiva</strong></span> <span class='ocrx_word' id='word_1_343' title='bbox 1918 1994 2224 2057; x_wconf 88' lang='lat' dir='ltr'><strong>sententia,</strong></span> <span class='ocrx_word' id='word_1_344' title='bbox 2279 1995 2344 2048; x_wconf 82' lang='lat' dir='ltr'><strong>de</strong></span> <span class='ocrx_word' id='word_1_345' title='bbox 2390 1995 2492 2049; x_wconf 84' lang='lat' dir='ltr'><strong>bac</strong></span> <span class='ocrx_word' id='word_1_346' title='bbox 2521 2009 2581 2049; x_wconf 84' lang='lat' dir='ltr'><strong>re</strong></span> <span class='ocrx_word' id='word_1_347' title='bbox 2625 2009 2992 2050; x_wconf 79' lang='lat' dir='ltr'><strong>necessarium</strong></span> <span class='ocrx_word' id='word_1_348' title='bbox 3021 1997 3095 2052; x_wconf 88' lang='lat' dir='ltr'><strong>sit</strong></span> <span class='ocrx_word' id='word_1_349' title='bbox 3130 2007 3340 2051; x_wconf 78' lang='lat' dir='ltr'><strong>vertete</strong></span> 
     </span>
    </p>
   </div>
   <div class='ocr_carea' id='block_1_50' title="bbox 1755 2083 2134 2148">
    <p class='ocr_par' dir='ltr' id='par_1_50' title="bbox 1755 2083 2134 2148">
     <span class='ocr_line' id='line_1_50' title="bbox 1755 2083 2134 2148; baseline 0.003 -17"><span class='ocrx_word' id='word_1_350' title='bbox 1755 2092 1926 2148; x_wconf 67' lang='lat' dir='ltr'><strong>quaest</strong></span> <span class='ocrx_word' id='word_1_351' title='bbox 1937 2083 2134 2136; x_wconf 87' lang='lat' dir='ltr'><strong>ionem.</strong></span> 
     </span>
    </p>
   </div>
   <div class='ocr_carea' id='block_1_51' title="bbox 1830 2168 3343 2247">
    <p class='ocr_par' dir='ltr' id='par_1_51' title="bbox 1830 2168 3343 2247">
     <span class='ocr_line' id='line_1_51' title="bbox 1830 2168 3343 2247; baseline 0.004 -25"><span class='ocrx_word' id='word_1_352' title='bbox 1830 2168 2004 2238; x_wconf 87' lang='lat' dir='ltr'><strong>Super</strong></span> <span class='ocrx_word' id='word_1_353' title='bbox 2032 2170 2114 2224; x_wconf 87' lang='lat' dir='ltr'><strong>his</strong></span> <span class='ocrx_word' id='word_1_354' title='bbox 2135 2188 2348 2241; x_wconf 88' lang='lat' dir='ltr'><strong>quoque</strong></span> <span class='ocrx_word' id='word_1_355' title='bbox 2374 2173 2672 2228; x_wconf 83' lang='lat' dir='ltr'><strong>successori</strong></span> <span class='ocrx_word' id='word_1_356' title='bbox 2709 2175 2868 2244; x_wconf 85' lang='lat' dir='ltr'><strong>hujus</strong></span> <span class='ocrx_word' id='word_1_357' title='bbox 2894 2174 3156 2231; x_wconf 81' lang='lat' dir='ltr'><strong>Formoso</strong></span> <span class='ocrx_word' id='word_1_358' title='bbox 3177 2175 3343 2247; x_wconf 74' lang='lat' dir='ltr'><strong>(For-</strong></span> 
     </span>
    </p>
   </div>
   <div class='ocr_carea' id='block_1_52' title="bbox 1757 2262 3340 2336">
    <p class='ocr_par' dir='ltr' id='par_1_52' title="bbox 1757 2262 3340 2336">
     <span class='ocr_line' id='line_1_52' title="bbox 1757 2262 3340 2336; baseline 0.005 -26"><span class='ocrx_word' id='word_1_359' title='bbox 1757 2275 1934 2312; x_wconf 71' lang='lat' dir='ltr'><strong>manu</strong></span> <span class='ocrx_word' id='word_1_360' title='bbox 1975 2263 2136 2329; x_wconf 82' lang='lat' dir='ltr'><strong>papa)</strong></span> <span class='ocrx_word' id='word_1_361' title='bbox 2169 2262 2399 2318; x_wconf 84' lang='lat' dir='ltr'><strong>domnus</strong></span> <span class='ocrx_word' id='word_1_362' title='bbox 2425 2263 2610 2318; x_wconf 81' lang='lat' dir='ltr'><strong>&#39;Fulco</strong></span> <span class='ocrx_word' id='word_1_363' title='bbox 2647 2265 2858 2319; x_wconf 89' lang='lat' dir='ltr'><strong>litteras</strong></span> <span class='ocrx_word' id='word_1_364' title='bbox 2911 2267 3166 2328; x_wconf 83' lang='lat' dir='ltr'><strong>mittens,</strong></span> <span class='ocrx_word' id='word_1_365' title='bbox 3203 2284 3340 2336; x_wconf 78' lang='lat' dir='ltr'><strong>qua-</strong></span> 
     </span>
    </p>
   </div>
   <div class='ocr_carea' id='block_1_53' title="bbox 1757 2346 3339 2425">
    <p class='ocr_par' dir='ltr' id='par_1_53' title="bbox 1757 2346 3339 2425">
     <span class='ocr_line' id='line_1_53' title="bbox 1757 2346 3339 2425; baseline 0.008 -26"><span class='ocrx_word' id='word_1_366' title='bbox 1757 2346 1881 2400; x_wconf 85' lang='lat' dir='ltr'><strong>liter</strong></span> <span class='ocrx_word' id='word_1_367' title='bbox 1926 2350 2039 2404; x_wconf 77' lang='lat' dir='ltr'><strong>lnec</strong></span> <span class='ocrx_word' id='word_1_368' title='bbox 2070 2368 2098 2402; x_wconf 75' lang='grc' dir='ltr'><strong>ιι</strong></span> <span class='ocrx_word' id='word_1_369' title='bbox 2131 2352 2356 2419; x_wconf 82' lang='lat' dir='ltr'><strong>praefato</strong></span> <span class='ocrx_word' id='word_1_370' title='bbox 2409 2352 2687 2423; x_wconf 84' lang='lat' dir='ltr'><strong>Stephano</strong></span> <span class='ocrx_word' id='word_1_371' title='bbox 2741 2371 2879 2425; x_wconf 89' lang='lat' dir='ltr'><strong>papa</strong></span> <span class='ocrx_word' id='word_1_372' title='bbox 2931 2357 3032 2410; x_wconf 85' lang='lat' dir='ltr'><strong>sibi</strong></span> <span class='ocrx_word' id='word_1_373' title='bbox 3092 2358 3204 2412; x_wconf 84' lang='lat' dir='ltr'><strong>sint</strong></span> <span class='ocrx_word' id='word_1_374' title='bbox 3249 2359 3339 2412; x_wconf 81' lang='lat' dir='ltr'><strong>in-</strong></span> 
     </span>
    </p>
   </div>
   <div class='ocr_carea' id='block_1_54' title="bbox 1751 2435 3338 2509">
    <p class='ocr_par' dir='ltr' id='par_1_54' title="bbox 1751 2435 3338 2509">
     <span class='ocr_line' id='line_1_54' title="bbox 1751 2435 3338 2509; baseline 0.008 -18"><span class='ocrx_word' id='word_1_375' title='bbox 1751 2435 1940 2506; x_wconf 87' lang='lat' dir='ltr'><strong>juncta</strong></span> <span class='ocrx_word' id='word_1_376' title='bbox 1965 2478 1980 2501; x_wconf 86' lang='lat'><strong>,</strong></span> <span class='ocrx_word' id='word_1_377' title='bbox 2013 2440 2341 2509; x_wconf 75' lang='lat' dir='ltr'><strong>signiﬁcavit</strong></span> <span class='ocrx_word' id='word_1_378' title='bbox 2365 2483 2378 2505; x_wconf 93' lang='lat'><strong>,</strong></span> <span class='ocrx_word' id='word_1_379' title='bbox 2427 2453 2482 2498; x_wconf 90' lang='lat' dir='ltr'><strong>et</strong></span> <span class='ocrx_word' id='word_1_380' title='bbox 2518 2453 2576 2497; x_wconf 93' lang='lat' dir='ltr'><strong>ut</strong></span> <span class='ocrx_word' id='word_1_381' title='bbox 2618 2445 2722 2498; x_wconf 69' lang='grc' dir='ltr'><strong>διὺί</strong></span> <span class='ocrx_word' id='word_1_382' title='bbox 2755 2447 3091 2501; x_wconf 81' lang='lat' dir='ltr'><strong>auctoritatis</strong></span> <span class='ocrx_word' id='word_1_383' title='bbox 3137 2463 3250 2503; x_wconf 69' lang='lat' dir='ltr'><strong>sua:</strong></span> <span class='ocrx_word' id='word_1_384' title='bbox 3287 2450 3338 2503; x_wconf 90' lang='lat' dir='ltr'><strong>in</strong></span> 
     </span>
    </p>
   </div>
   <div class='ocr_carea' id='block_1_55' title="bbox 1754 2529 3344 2607">
    <p class='ocr_par' dir='ltr' id='par_1_55' title="bbox 1754 2529 3344 2607">
     <span class='ocr_line' id='line_1_55' title="bbox 1754 2529 3344 2607; baseline 0.006 -24"><span class='ocrx_word' id='word_1_385' title='bbox 1754 2529 1843 2584; x_wconf 83' lang='lat' dir='ltr'><strong>his</strong></span> <span class='ocrx_word' id='word_1_386' title='bbox 1891 2533 2252 2599; x_wconf 76' lang='lat' dir='ltr'><strong>exsequendis</strong></span> <span class='ocrx_word' id='word_1_387' title='bbox 2305 2534 2506 2603; x_wconf 84' lang='lat' dir='ltr'><strong>scripta</strong></span> <span class='ocrx_word' id='word_1_388' title='bbox 2555 2535 2847 2606; x_wconf 71' lang='lat' dir='ltr'><strong>dirigeret,</strong></span> <span class='ocrx_word' id='word_1_389' title='bbox 2895 2538 3139 2607; x_wconf 74' lang='lat' dir='ltr'><strong>expetiit.</strong></span> <span class='ocrx_word' id='word_1_390' title='bbox 3187 2536 3344 2593; x_wconf 81' lang='lat' dir='ltr'><strong>Unde</strong></span> 
     </span>
    </p>
   </div>
   <div class='ocr_carea' id='block_1_56' title="bbox 1756 2623 3338 2692">
    <p class='ocr_par' dir='ltr' id='par_1_56' title="bbox 1756 2623 3338 2692">
     <span class='ocr_line' id='line_1_56' title="bbox 1756 2623 3338 2692; baseline 0.006 -19"><span class='ocrx_word' id='word_1_391' title='bbox 1756 2630 1813 2674; x_wconf 88' lang='lat' dir='ltr'><strong>et</strong></span> <span class='ocrx_word' id='word_1_392' title='bbox 1835 2623 2032 2675; x_wconf 87' lang='lat' dir='ltr'><strong>iterum</strong></span> <span class='ocrx_word' id='word_1_393' title='bbox 2067 2623 2316 2677; x_wconf 84' lang='lat' dir='ltr'><strong>scribens</strong></span> <span class='ocrx_word' id='word_1_394' title='bbox 2338 2663 2355 2689; x_wconf 89' lang='lat'><strong>,</strong></span> <span class='ocrx_word' id='word_1_395' title='bbox 2387 2626 2732 2680; x_wconf 73' lang='lat' dir='ltr'><strong>vehementer</strong></span> <span class='ocrx_word' id='word_1_396' title='bbox 2779 2628 3039 2683; x_wconf 85' lang='lat' dir='ltr'><strong>admirari</strong></span> <span class='ocrx_word' id='word_1_397' title='bbox 3082 2639 3142 2684; x_wconf 82' lang='lat' dir='ltr'><strong>se</strong></span> <span class='ocrx_word' id='word_1_398' title='bbox 3175 2631 3338 2692; x_wconf 86' lang='lat' dir='ltr'><strong>dicit,</strong></span> 
     </span>
    </p>
   </div>
   <div class='ocr_carea' id='block_1_57' title="bbox 1753 2712 3336 2790">
    <p class='ocr_par' dir='ltr' id='par_1_57' title="bbox 1753 2712 3336 2790">
     <span class='ocr_line' id='line_1_57' title="bbox 1753 2712 3336 2790; baseline 0.006 -25"><span class='ocrx_word' id='word_1_399' title='bbox 1753 2712 1802 2765; x_wconf 85' lang='lat' dir='ltr'><strong>si</strong></span> <span class='ocrx_word' id='word_1_400' title='bbox 1825 2713 2016 2767; x_wconf 68' lang='lat' dir='ltr'><strong>litterae</strong></span> <span class='ocrx_word' id='word_1_401' title='bbox 2045 2729 2156 2768; x_wconf 75' lang='lat' dir='ltr'><strong>sua:</strong></span> <span class='ocrx_word' id='word_1_402' title='bbox 2200 2716 2266 2768; x_wconf 88' lang='lat' dir='ltr'><strong>ad</strong></span> <span class='ocrx_word' id='word_1_403' title='bbox 2289 2713 2406 2782; x_wconf 85' lang='lat' dir='ltr'><strong>ejus</strong></span> <span class='ocrx_word' id='word_1_404' title='bbox 2430 2717 2764 2785; x_wconf 55' lang='lat' dir='ltr'><strong>praesentiam</strong></span> <span class='ocrx_word' id='word_1_405' title='bbox 2797 2720 3139 2787; x_wconf 78' lang='lat' dir='ltr'><strong>pervenerint</strong></span> <span class='ocrx_word' id='word_1_406' title='bbox 3159 2760 3174 2784; x_wconf 94' lang='lat'><strong>,</strong></span> <span class='ocrx_word' id='word_1_407' title='bbox 3203 2723 3336 2790; x_wconf 81' lang='lat' dir='ltr'><strong>quid</strong></span> 
     </span>
    </p>
   </div>
   <div class='ocr_carea' id='block_1_58' title="bbox 1755 2803 3336 2878">
    <p class='ocr_par' dir='ltr' id='par_1_58' title="bbox 1755 2803 3336 2878">
     <span class='ocr_line' id='line_1_58' title="bbox 1755 2803 3336 2878; baseline 0.005 -21"><span class='ocrx_word' id='word_1_408' title='bbox 1755 2818 1932 2857; x_wconf 73' lang='lat' dir='ltr'><strong>cauam</strong></span> <span class='ocrx_word' id='word_1_409' title='bbox 1964 2803 2125 2858; x_wconf 85' lang='lat' dir='ltr'><strong>fuerit</strong></span> <span class='ocrx_word' id='word_1_410' title='bbox 2187 2820 2284 2859; x_wconf 91' lang='lat' dir='ltr'><strong>cur</strong></span> <span class='ocrx_word' id='word_1_411' title='bbox 2338 2806 2465 2859; x_wconf 86' lang='lat' dir='ltr'><strong>hinc</strong></span> <span class='ocrx_word' id='word_1_412' title='bbox 2513 2821 2829 2876; x_wconf 87' lang='lat' dir='ltr'><strong>responsum</strong></span> <span class='ocrx_word' id='word_1_413' title='bbox 2864 2807 3021 2878; x_wconf 79' lang='lat' dir='ltr'><strong>hujus</strong></span> <span class='ocrx_word' id='word_1_414' title='bbox 3049 2822 3202 2878; x_wconf 79' lang='lat' dir='ltr'><strong>papa.-</strong></span> <span class='ocrx_word' id='word_1_415' title='bbox 3231 2827 3336 2865; x_wconf 82' lang='lat' dir='ltr'><strong>non</strong></span> 
     </span>
    </p>
   </div>
   <div class='ocr_carea' id='block_1_59' title="bbox 1755 2894 3340 2967">
    <p class='ocr_par' dir='ltr' id='par_1_59' title="bbox 1755 2894 3340 2967">
     <span class='ocr_line' id='line_1_59' title="bbox 1755 2894 3340 2967; baseline 0.004 -22"><span class='ocrx_word' id='word_1_416' title='bbox 1755 2895 2016 2948; x_wconf 86' lang='lat' dir='ltr'><strong>meruerit</strong></span> <span class='ocrx_word' id='word_1_417' title='bbox 2043 2894 2300 2964; x_wconf 88' lang='lat' dir='ltr'><strong>recipere.</strong></span> <span class='ocrx_word' id='word_1_418' title='bbox 2351 2895 2543 2948; x_wconf 87' lang='lat' dir='ltr'><strong>Grates</strong></span> <span class='ocrx_word' id='word_1_419' title='bbox 2574 2895 2714 2949; x_wconf 87' lang='lat' dir='ltr'><strong>inter</strong></span> <span class='ocrx_word' id='word_1_420' title='bbox 2743 2896 2856 2950; x_wconf 77' lang='lat' dir='ltr'><strong>haec</strong></span> <span class='ocrx_word' id='word_1_421' title='bbox 2890 2896 3159 2963; x_wconf 83' lang='lat' dir='ltr'><strong>referens,</strong></span> <span class='ocrx_word' id='word_1_422' title='bbox 3197 2899 3340 2967; x_wconf 75' lang='lat' dir='ltr'><strong>quod</strong></span> 
     </span>
    </p>
   </div>
   <div class='ocr_carea' id='block_1_60' title="bbox 1757 2984 3341 3056">
    <p class='ocr_par' dir='ltr' id='par_1_60' title="bbox 1757 2984 3341 3056">
     <span class='ocr_line' id='line_1_60' title="bbox 1757 2984 3341 3056; baseline 0.003 -20"><span class='ocrx_word' id='word_1_423' title='bbox 1757 2984 1839 3036; x_wconf 91' lang='lat' dir='ltr'><strong>sui</strong></span> <span class='ocrx_word' id='word_1_424' title='bbox 1891 2984 2204 3038; x_wconf 85' lang='lat' dir='ltr'><strong>memoriam</strong></span> <span class='ocrx_word' id='word_1_425' title='bbox 2253 2984 2504 3052; x_wconf 76' lang='lat' dir='ltr'><strong>dignatus</strong></span> <span class='ocrx_word' id='word_1_426' title='bbox 2552 2985 2622 3039; x_wconf 88' lang='lat' dir='ltr'><strong>sit</strong></span> <span class='ocrx_word' id='word_1_427' title='bbox 2673 2985 2914 3050; x_wconf 79' lang='lat' dir='ltr'><strong>habere,</strong></span> <span class='ocrx_word' id='word_1_428' title='bbox 2945 2997 3000 3040; x_wconf 91' lang='lat' dir='ltr'><strong>et</strong></span> <span class='ocrx_word' id='word_1_429' title='bbox 3045 2999 3144 3056; x_wconf 82' lang='lat' dir='ltr'><strong>per</strong></span> <span class='ocrx_word' id='word_1_430' title='bbox 3170 2990 3341 3041; x_wconf 54' lang='lat' dir='ltr'><strong>abba-</strong></span> 
     </span>
    </p>
   </div>
   <div class='ocr_carea' id='block_1_61' title="bbox 1759 3075 3342 3136">
    <p class='ocr_par' dir='ltr' id='par_1_61' title="bbox 1759 3075 3342 3136">
     <span class='ocr_line' id='line_1_61' title="bbox 1759 3075 3342 3136; baseline 0.005 -8"><span class='ocrx_word' id='word_1_431' title='bbox 1759 3080 1946 3129; x_wconf 53' lang='lat' dir='ltr'><strong>tissam</strong></span> <span class='ocrx_word' id='word_1_432' title='bbox 2001 3075 2254 3130; x_wconf 87' lang='lat' dir='ltr'><strong>Bertbam</strong></span> <span class='ocrx_word' id='word_1_433' title='bbox 2311 3079 2472 3130; x_wconf 87' lang='lat' dir='ltr'><strong>verba</strong></span> <span class='ocrx_word' id='word_1_434' title='bbox 2533 3087 2737 3132; x_wconf 78' lang='lat' dir='ltr'><strong>sancite</strong></span> <span class='ocrx_word' id='word_1_435' title='bbox 2794 3079 3179 3134; x_wconf 86' lang='lat' dir='ltr'><strong>consolationis</strong></span> <span class='ocrx_word' id='word_1_436' title='bbox 3233 3081 3342 3136; x_wconf 78' lang='lat' dir='ltr'><strong>sibi</strong></span> 
     </span>
    </p>
   </div>
   <div class='ocr_carea' id='block_1_62' title="bbox 109 3147 1653 3254">
    <p class='ocr_par' dir='ltr' id='par_1_62' title="bbox 109 3180 1649 3254">
     <span class='ocr_line' id='line_1_62' title="bbox 109 3180 1649 3254; baseline 0.003 -23"><span class='ocrx_word' id='word_1_437' title='bbox 109 3183 249 3236; x_wconf 77' lang='lat' dir='ltr'><strong>rentia</strong></span> <span class='ocrx_word' id='word_1_438' title='bbox 275 3182 388 3254; x_wconf 63' lang='grc' dir='ltr'><strong>[ηις.</strong></span> <span class='ocrx_word' id='word_1_439' title='bbox 440 3200 512 3246; x_wconf 85' lang='lat' dir='ltr'><strong>c.,</strong></span> <span class='ocrx_word' id='word_1_440' title='bbox 547 3180 906 3252; x_wconf 84' lang='lat' dir='ltr'><strong>cohibentia],</strong></span> <span class='ocrx_word' id='word_1_441' title='bbox 939 3195 1032 3236; x_wconf 90' lang='lat' dir='ltr'><strong>seu</strong></span> <span class='ocrx_word' id='word_1_442' title='bbox 1068 3181 1421 3250; x_wconf 84' lang='lat' dir='ltr'><strong>permissione</strong></span> <span class='ocrx_word' id='word_1_443' title='bbox 1451 3196 1612 3252; x_wconf 83' lang='lat' dir='ltr'><strong>agere</strong></span> <span class='ocrx_word' id='word_1_444' title='bbox 1633 3222 1649 3247; x_wconf 93' lang='lat'><strong>,</strong></span> 
     </span>
    </p>
   </div>
   <div class='ocr_carea' id='block_1_63' title="bbox 1756 3147 3341 3254">
    <p class='ocr_par' dir='ltr' id='par_1_63' title="bbox 1757 3168 3341 3238">
     <span class='ocr_line' id='line_1_63' title="bbox 1757 3168 3341 3238; baseline 0.006 -19"><span class='ocrx_word' id='word_1_445' title='bbox 1757 3168 2016 3222; x_wconf 85' lang='lat' dir='ltr'><strong>mandare</strong></span> <span class='ocrx_word' id='word_1_446' title='bbox 2038 3209 2053 3232; x_wconf 95' lang='lat'><strong>,</strong></span> <span class='ocrx_word' id='word_1_447' title='bbox 2084 3184 2317 3238; x_wconf 85' lang='lat' dir='ltr'><strong>eninque</strong></span> <span class='ocrx_word' id='word_1_448' title='bbox 2365 3185 2427 3224; x_wconf 86' lang='lat' dir='ltr'><strong>se</strong></span> <span class='ocrx_word' id='word_1_449' title='bbox 2457 3169 2639 3224; x_wconf 82' lang='lat' dir='ltr'><strong>videre</strong></span> <span class='ocrx_word' id='word_1_450' title='bbox 2685 3170 2820 3226; x_wconf 81' lang='lat' dir='ltr'><strong>velle</strong></span> <span class='ocrx_word' id='word_1_451' title='bbox 2841 3209 2859 3235; x_wconf 88' lang='lat'><strong>,</strong></span> <span class='ocrx_word' id='word_1_452' title='bbox 2907 3181 2962 3227; x_wconf 90' lang='lat' dir='ltr'><strong>et</strong></span> <span class='ocrx_word' id='word_1_453' title='bbox 3007 3173 3198 3227; x_wconf 75' lang='lat' dir='ltr'><strong>collato</strong></span> <span class='ocrx_word' id='word_1_454' title='bbox 3227 3189 3341 3228; x_wconf 67' lang='grc' dir='ltr'><strong>δεμ</strong></span> 
     </span>
    </p>
   </div>
   <div class='ocr_carea' id='block_1_64' title="bbox 105 3273 1648 3345">
    <p class='ocr_par' dir='ltr' id='par_1_64' title="bbox 105 3273 1648 3345">
     <span class='ocr_line' id='line_1_64' title="bbox 105 3273 1648 3345; baseline 0.003 -23"><span class='ocrx_word' id='word_1_455' title='bbox 105 3273 170 3324; x_wconf 58' lang='grc' dir='ltr'><strong>ιρι</strong></span> <span class='ocrx_word' id='word_1_456' title='bbox 211 3274 337 3328; x_wconf 85' lang='lat' dir='ltr'><strong>aliud</strong></span> <span class='ocrx_word' id='word_1_457' title='bbox 385 3275 593 3345; x_wconf 87' lang='lat' dir='ltr'><strong>aliquid</strong></span> <span class='ocrx_word' id='word_1_458' title='bbox 622 3314 639 3340; x_wconf 89' lang='lat'><strong>,</strong></span> <span class='ocrx_word' id='word_1_459' title='bbox 695 3274 995 3328; x_wconf 87' lang='lat' dir='ltr'><strong>inconsulto</strong></span> <span class='ocrx_word' id='word_1_460' title='bbox 1043 3289 1142 3328; x_wconf 90' lang='lat' dir='ltr'><strong>suo</strong></span> <span class='ocrx_word' id='word_1_461' title='bbox 1196 3274 1648 3343; x_wconf 83' lang='lat' dir='ltr'><strong>metropolitano,</strong></span> 
     </span>
    </p>
   </div>
   <div class='ocr_carea' id='block_1_65' title="bbox 105 3363 1652 3436">
    <p class='ocr_par' dir='ltr' id='par_1_65' title="bbox 105 3363 1652 3436">
     <span class='ocr_line' id='line_1_65' title="bbox 105 3363 1652 3436; baseline 0.002 -21"><span class='ocrx_word' id='word_1_462' title='bbox 105 3375 176 3415; x_wconf 81' lang='lat' dir='ltr'><strong>aut</strong></span> <span class='ocrx_word' id='word_1_463' title='bbox 195 3377 360 3421; x_wconf 75' lang='lat' dir='ltr'><strong>contra</strong></span> <span class='ocrx_word' id='word_1_464' title='bbox 410 3365 702 3421; x_wconf 84' lang='lat' dir='ltr'><strong>interdicta</strong></span> <span class='ocrx_word' id='word_1_465' title='bbox 749 3365 829 3419; x_wconf 89' lang='lat' dir='ltr'><strong>sui</strong></span> <span class='ocrx_word' id='word_1_466' title='bbox 876 3365 1122 3436; x_wconf 87' lang='lat' dir='ltr'><strong>primatis</strong></span> <span class='ocrx_word' id='word_1_467' title='bbox 1153 3379 1496 3434; x_wconf 67' lang='lat' dir='ltr'><strong>praesumere.</strong></span> <span class='ocrx_word' id='word_1_468' title='bbox 1530 3363 1652 3418; x_wconf 78' lang='lat' dir='ltr'><strong>Pri-</strong></span> 
     </span>
    </p>
   </div>
   <div class='ocr_carea' id='block_1_66' title="bbox 108 3454 1648 3528">
    <p class='ocr_par' dir='ltr' id='par_1_66' title="bbox 108 3454 1648 3528">
     <span class='ocr_line' id='line_1_66' title="bbox 108 3454 1648 3528; baseline 0.003 -24"><span class='ocrx_word' id='word_1_469' title='bbox 108 3454 311 3525; x_wconf 75' lang='lat' dir='ltr'><strong>vilegium</strong></span> <span class='ocrx_word' id='word_1_470' title='bbox 354 3459 588 3528; x_wconf 88' lang='lat' dir='ltr'><strong>denique</strong></span> <span class='ocrx_word' id='word_1_471' title='bbox 638 3472 668 3510; x_wconf 89' lang='lat' dir='ltr'><strong>a</strong></span> <span class='ocrx_word' id='word_1_472' title='bbox 719 3457 846 3511; x_wconf 88' lang='lat' dir='ltr'><strong>sede</strong></span> <span class='ocrx_word' id='word_1_473' title='bbox 886 3457 1126 3510; x_wconf 75' lang='lat' dir='ltr'><strong>Romana</strong></span> <span class='ocrx_word' id='word_1_474' title='bbox 1177 3457 1462 3524; x_wconf 81' lang='lat' dir='ltr'><strong>qmesittnn</strong></span> <span class='ocrx_word' id='word_1_475' title='bbox 1509 3454 1648 3510; x_wconf 90' lang='lat' dir='ltr'><strong>idem</strong></span> 
     </span>
    </p>
   </div>
   <div class='ocr_carea' id='block_1_67' title="bbox 104 3547 1651 3617">
    <p class='ocr_par' dir='ltr' id='par_1_67' title="bbox 104 3547 1651 3617">
     <span class='ocr_line' id='line_1_67' title="bbox 104 3547 1651 3617; baseline 0.001 -19"><span class='ocrx_word' id='word_1_476' title='bbox 104 3559 208 3614; x_wconf 66' lang='lat' dir='ltr'><strong>papa</strong></span> <span class='ocrx_word' id='word_1_477' title='bbox 253 3549 367 3602; x_wconf 90' lang='lat' dir='ltr'><strong>Imic</strong></span> <span class='ocrx_word' id='word_1_478' title='bbox 392 3549 716 3614; x_wconf 86' lang='lat' dir='ltr'><strong>concessit,</strong></span> <span class='ocrx_word' id='word_1_479' title='bbox 770 3547 1138 3617; x_wconf 87' lang='lat' dir='ltr'><strong>scriptumque</strong></span> <span class='ocrx_word' id='word_1_480' title='bbox 1187 3548 1484 3600; x_wconf 86' lang='lat' dir='ltr'><strong>transimsit</strong></span> <span class='ocrx_word' id='word_1_481' title='bbox 1514 3562 1651 3616; x_wconf 75' lang='lat' dir='ltr'><strong>prte-</strong></span> 
     </span>
    </p>
   </div>
   <div class='ocr_carea' id='block_1_68' title="bbox 109 3636 1648 3709">
    <p class='ocr_par' dir='ltr' id='par_1_68' title="bbox 109 3636 1648 3709">
     <span class='ocr_line' id='line_1_68' title="bbox 109 3636 1648 3709; baseline 0.002 -21"><span class='ocrx_word' id='word_1_482' title='bbox 109 3636 182 3690; x_wconf 80' lang='lat' dir='ltr'><strong>soli</strong></span> <span class='ocrx_word' id='word_1_483' title='bbox 215 3653 360 3709; x_wconf 86' lang='lat' dir='ltr'><strong>super</strong></span> <span class='ocrx_word' id='word_1_484' title='bbox 399 3642 565 3696; x_wconf 87' lang='lat' dir='ltr'><strong>rebus</strong></span> <span class='ocrx_word' id='word_1_485' title='bbox 611 3639 996 3694; x_wconf 84' lang='lat' dir='ltr'><strong>ecclesiasticis</strong></span> <span class='ocrx_word' id='word_1_486' title='bbox 1027 3639 1151 3692; x_wconf 89' lang='lat' dir='ltr'><strong>lmic</strong></span> <span class='ocrx_word' id='word_1_487' title='bbox 1180 3637 1429 3692; x_wconf 82' lang='lat' dir='ltr'><strong>Remeusi</strong></span> <span class='ocrx_word' id='word_1_488' title='bbox 1462 3637 1648 3692; x_wconf 85' lang='lat' dir='ltr'><strong>Eccle-</strong></span> 
     </span>
    </p>
   </div>
   <div class='ocr_carea' id='block_1_69' title="bbox 107 3727 1649 3797">
    <p class='ocr_par' dir='ltr' id='par_1_69' title="bbox 107 3727 1649 3797">
     <span class='ocr_line' id='line_1_69' title="bbox 107 3727 1649 3797; baseline 0.002 -18"><span class='ocrx_word' id='word_1_489' title='bbox 107 3727 178 3781; x_wconf 68' lang='lat' dir='ltr'><strong>sia</strong></span> <span class='ocrx_word' id='word_1_490' title='bbox 205 3731 438 3797; x_wconf 89' lang='lat' dir='ltr'><strong>collatis,</strong></span> <span class='ocrx_word' id='word_1_491' title='bbox 495 3732 580 3787; x_wconf 80' lang='lat' dir='ltr'><strong>vel</strong></span> <span class='ocrx_word' id='word_1_492' title='bbox 629 3732 972 3786; x_wconf 71' lang='lat' dir='ltr'><strong>conlerendis</strong></span> <span class='ocrx_word' id='word_1_493' title='bbox 999 3771 1015 3796; x_wconf 93' lang='lat'><strong>,</strong></span> <span class='ocrx_word' id='word_1_494' title='bbox 1073 3739 1130 3784; x_wconf 91' lang='lat' dir='ltr'><strong>ut</strong></span> <span class='ocrx_word' id='word_1_495' title='bbox 1179 3746 1336 3785; x_wconf 89' lang='lat' dir='ltr'><strong>nemo</strong></span> <span class='ocrx_word' id='word_1_496' title='bbox 1380 3745 1474 3784; x_wconf 86' lang='lat' dir='ltr'><strong>eas</strong></span> <span class='ocrx_word' id='word_1_497' title='bbox 1504 3731 1649 3784; x_wconf 85' lang='lat' dir='ltr'><strong>inva-</strong></span> 
     </span>
    </p>
   </div>
   <div class='ocr_carea' id='block_1_70' title="bbox 106 3819 1649 3894">
    <p class='ocr_par' dir='ltr' id='par_1_70' title="bbox 106 3819 1649 3894">
     <span class='ocr_line' id='line_1_70' title="bbox 106 3819 1649 3894; baseline -0.001 -18"><span class='ocrx_word' id='word_1_498' title='bbox 106 3819 236 3890; x_wconf 76' lang='lat' dir='ltr'><strong>dere,</strong></span> <span class='ocrx_word' id='word_1_499' title='bbox 275 3825 352 3880; x_wconf 80' lang='lat' dir='ltr'><strong>vel</strong></span> <span class='ocrx_word' id='word_1_500' title='bbox 403 3826 660 3881; x_wconf 86' lang='lat' dir='ltr'><strong>detinere</strong></span> <span class='ocrx_word' id='word_1_501' title='bbox 706 3831 1093 3894; x_wconf 65' lang='lat' dir='ltr'><strong>praesumeret,</strong></span> <span class='ocrx_word' id='word_1_502' title='bbox 1146 3832 1199 3876; x_wconf 91' lang='lat' dir='ltr'><strong>et</strong></span> <span class='ocrx_word' id='word_1_503' title='bbox 1253 3831 1311 3875; x_wconf 92' lang='lat' dir='ltr'><strong>ut</strong></span> <span class='ocrx_word' id='word_1_504' title='bbox 1364 3829 1483 3892; x_wconf 91' lang='lat' dir='ltr'><strong>post</strong></span> <span class='ocrx_word' id='word_1_505' title='bbox 1533 3821 1649 3890; x_wconf 87' lang='lat' dir='ltr'><strong>ejus</strong></span> 
     </span>
    </p>
   </div>
   <div class='ocr_carea' id='block_1_71' title="bbox 107 3908 1645 3982">
    <p class='ocr_par' dir='ltr' id='par_1_71' title="bbox 107 3908 1645 3982">
     <span class='ocr_line' id='line_1_71' title="bbox 107 3908 1645 3982; baseline 0.004 -23"><span class='ocrx_word' id='word_1_506' title='bbox 107 3908 339 3968; x_wconf 53' lang='lat' dir='ltr'><strong>ile-cessum</strong></span> <span class='ocrx_word' id='word_1_507' title='bbox 392 3916 542 3969; x_wconf 91' lang='lat' dir='ltr'><strong>nullo</strong></span> <span class='ocrx_word' id='word_1_508' title='bbox 581 3916 746 3968; x_wconf 85' lang='lat' dir='ltr'><strong>modo</strong></span> <span class='ocrx_word' id='word_1_509' title='bbox 799 3913 992 3982; x_wconf 86' lang='lat' dir='ltr'><strong>aliquis</strong></span> <span class='ocrx_word' id='word_1_510' title='bbox 1044 3914 1185 3967; x_wconf 86' lang='lat' dir='ltr'><strong>hunc</strong></span> <span class='ocrx_word' id='word_1_511' title='bbox 1237 3914 1645 3982; x_wconf 84' lang='lat' dir='ltr'><strong>episcopatum,</strong></span> 
     </span>
    </p>
   </div>
   <div class='ocr_carea' id='block_1_72' title="bbox 103 4003 1650 4076">
    <p class='ocr_par' dir='ltr' id='par_1_72' title="bbox 103 4003 1650 4076">
     <span class='ocr_line' id='line_1_72' title="bbox 103 4003 1650 4076; baseline -0.001 -19"><span class='ocrx_word' id='word_1_512' title='bbox 103 4003 168 4055; x_wconf 68' lang='grc' dir='ltr'>τιι</span> <span class='ocrx_word' id='word_1_513' title='bbox 184 4006 417 4076; x_wconf 84' lang='lat' dir='ltr'><strong>episcopii</strong></span> <span class='ocrx_word' id='word_1_514' title='bbox 436 4022 524 4063; x_wconf 87' lang='lat' dir='ltr'><strong>res</strong></span> <span class='ocrx_word' id='word_1_515' title='bbox 555 4020 830 4075; x_wconf 88' lang='lat' dir='ltr'><strong>occupare</strong></span> <span class='ocrx_word' id='word_1_516' title='bbox 857 4005 1039 4059; x_wconf 86' lang='lat' dir='ltr'><strong>illicite</strong></span> <span class='ocrx_word' id='word_1_517' title='bbox 1066 4003 1308 4066; x_wconf 83' lang='lat' dir='ltr'><strong>auderet,</strong></span> <span class='ocrx_word' id='word_1_518' title='bbox 1338 4021 1460 4058; x_wconf 92' lang='lat' dir='ltr'><strong>cum</strong></span> <span class='ocrx_word' id='word_1_519' title='bbox 1488 4003 1650 4057; x_wconf 83' lang='lat' dir='ltr'><strong>inter-</strong></span> 
     </span>
    </p>
   </div>
   <div class='ocr_carea' id='block_1_73' title="bbox 106 4095 1646 4168">
    <p class='ocr_par' dir='ltr' id='par_1_73' title="bbox 106 4095 1646 4168">
     <span class='ocr_line' id='line_1_73' title="bbox 106 4095 1646 4168; baseline 0.002 -25"><span class='ocrx_word' id='word_1_520' title='bbox 106 4095 350 4153; x_wconf 84' lang='lat' dir='ltr'><strong>minatioue</strong></span> <span class='ocrx_word' id='word_1_521' title='bbox 389 4101 506 4154; x_wconf 63' lang='lat' dir='ltr'><strong>haec</strong></span> <span class='ocrx_word' id='word_1_522' title='bbox 538 4099 795 4152; x_wconf 85' lang='lat' dir='ltr'><strong>inhibens</strong></span> <span class='ocrx_word' id='word_1_523' title='bbox 829 4097 1136 4168; x_wconf 68' lang='lat' dir='ltr'><strong>apostolicae</strong></span> <span class='ocrx_word' id='word_1_524' title='bbox 1195 4096 1337 4151; x_wconf 87' lang='lat' dir='ltr'><strong>sedis</strong></span> <span class='ocrx_word' id='word_1_525' title='bbox 1384 4109 1646 4150; x_wconf 70' lang='lat' dir='ltr'><strong>censum.</strong></span> 
     </span>
    </p>
   </div>
   <div class='ocr_carea' id='block_1_74' title="bbox 107 4174 1648 4258">
    <p class='ocr_par' dir='ltr' id='par_1_74' title="bbox 107 4174 1648 4258">
     <span class='ocr_line' id='line_1_74' title="bbox 107 4174 1648 4258; baseline 0.004 -24"><span class='ocrx_word' id='word_1_526' title='bbox 107 4182 205 4239; x_wconf 75' lang='lat' dir='ltr'><strong>luun</strong></span> <span class='ocrx_word' id='word_1_527' title='bbox 243 4191 421 4244; x_wconf 86' lang='lat' dir='ltr'><strong>scribit</strong></span> <span class='ocrx_word' id='word_1_528' title='bbox 462 4189 648 4244; x_wconf 88' lang='lat' dir='ltr'><strong>eidem</strong></span> <span class='ocrx_word' id='word_1_529' title='bbox 678 4229 694 4255; x_wconf 91' lang='lat'><strong>,</strong></span> <span class='ocrx_word' id='word_1_530' title='bbox 721 4174 843 4258; x_wconf 26' lang='lat' dir='ltr'><strong>.pro</strong></span> <span class='ocrx_word' id='word_1_531' title='bbox 901 4187 1250 4242; x_wconf 82' lang='lat' dir='ltr'><strong>altercatione</strong></span> <span class='ocrx_word' id='word_1_532' title='bbox 1297 4200 1419 4256; x_wconf 73' lang='lat' dir='ltr'><strong>qua:</strong></span> <span class='ocrx_word' id='word_1_533' title='bbox 1467 4199 1648 4240; x_wconf 81' lang='lat' dir='ltr'><strong>versa-</strong></span> 
     </span>
    </p>
   </div>
   <div class='ocr_carea' id='block_1_75' title="bbox 106 4269 1644 4347">
    <p class='ocr_par' dir='ltr' id='par_1_75' title="bbox 106 4269 1644 4347">
     <span class='ocr_line' id='line_1_75' title="bbox 106 4269 1644 4347; baseline 0.004 -22"><span class='ocrx_word' id='word_1_534' title='bbox 106 4269 230 4330; x_wconf 78' lang='lat' dir='ltr'><strong>batur</strong></span> <span class='ocrx_word' id='word_1_535' title='bbox 271 4278 404 4335; x_wconf 90' lang='lat' dir='ltr'><strong>inter</strong></span> <span class='ocrx_word' id='word_1_536' title='bbox 437 4279 838 4335; x_wconf 84' lang='lat' dir='ltr'><strong>Herimannum</strong></span> <span class='ocrx_word' id='word_1_537' title='bbox 867 4277 1240 4333; x_wconf 83' lang='lat' dir='ltr'><strong>Coloniensem</strong></span> <span class='ocrx_word' id='word_1_538' title='bbox 1277 4277 1644 4347; x_wconf 81' lang='lat' dir='ltr'><strong>archiepisco-</strong></span> 
     </span>
    </p>
   </div>
   <div class='ocr_carea' id='block_1_76' title="bbox 107 4367 1649 4441">
    <p class='ocr_par' dir='ltr' id='par_1_76' title="bbox 107 4367 1649 4441">
     <span class='ocr_line' id='line_1_76' title="bbox 107 4367 1649 4441; baseline -0.002 -15"><span class='ocrx_word' id='word_1_539' title='bbox 107 4377 236 4430; x_wconf 71' lang='lat' dir='ltr'><strong>Ptuu,</strong></span> <span class='ocrx_word' id='word_1_540' title='bbox 284 4378 336 4424; x_wconf 86' lang='lat' dir='ltr'><strong>et</strong></span> <span class='ocrx_word' id='word_1_541' title='bbox 374 4370 732 4441; x_wconf 76' lang='lat' dir='ltr'><strong>Adelgarium</strong></span> <span class='ocrx_word' id='word_1_542' title='bbox 774 4367 1263 4438; x_wconf 74' lang='lat' dir='ltr'><strong>Amburgurensem</strong></span> <span class='ocrx_word' id='word_1_543' title='bbox 1329 4378 1385 4423; x_wconf 90' lang='lat' dir='ltr'><strong>et</strong></span> <span class='ocrx_word' id='word_1_544' title='bbox 1450 4369 1649 4424; x_wconf 86' lang='lat' dir='ltr'><strong>Brene-</strong></span> 
     </span>
    </p>
   </div>
   <div class='ocr_carea' id='block_1_77' title="bbox 109 4459 1644 4533">
    <p class='ocr_par' dir='ltr' id='par_1_77' title="bbox 109 4459 1644 4533">
     <span class='ocr_line' id='line_1_77' title="bbox 109 4459 1644 4533; baseline 0.017 -30"><span class='ocrx_word' id='word_1_545' title='bbox 109 4468 298 4512; x_wconf 72' lang='lat' dir='ltr'><strong>incusem</strong></span> <span class='ocrx_word' id='word_1_546' title='bbox 350 4460 436 4533; x_wconf 67' lang='grc' dir='ltr'><strong>υ,</strong></span> <span class='ocrx_word' id='word_1_547' title='bbox 488 4461 843 4515; x_wconf 84' lang='lat' dir='ltr'><strong>Bremensem</strong></span> <span class='ocrx_word' id='word_1_548' title='bbox 870 4459 892 4531; x_wconf 66' lang='grc' dir='ltr'><strong>ἰ</strong></span> <span class='ocrx_word' id='word_1_549' title='bbox 956 4459 1306 4528; x_wconf 84' lang='lat' dir='ltr'><strong>episcopum,</strong></span> <span class='ocrx_word' id='word_1_550' title='bbox 1383 4474 1480 4529; x_wconf 73' lang='lat' dir='ltr'><strong>pro</strong></span> <span class='ocrx_word' id='word_1_551' title='bbox 1539 4474 1644 4528; x_wconf 71' lang='grc' dir='ltr'>(ιυει</span> 
     </span>
    </p>
   </div>
   <div class='ocr_carea' id='block_1_78' title="bbox 1753 3265 3342 3334">
    <p class='ocr_par' dir='ltr' id='par_1_78' title="bbox 1753 3265 3342 3334">
     <span class='ocr_line' id='line_1_78' title="bbox 1753 3265 3342 3334; baseline 0.005 -18"><span class='ocrx_word' id='word_1_552' title='bbox 1753 3278 1913 3318; x_wconf 84' lang='lat' dir='ltr'><strong>mone</strong></span> <span class='ocrx_word' id='word_1_553' title='bbox 1964 3273 2151 3318; x_wconf 90' lang='lat' dir='ltr'><strong>mutuo</strong></span> <span class='ocrx_word' id='word_1_554' title='bbox 2205 3265 2366 3318; x_wconf 88' lang='lat' dir='ltr'><strong>verba</strong></span> <span class='ocrx_word' id='word_1_555' title='bbox 2429 3267 2696 3322; x_wconf 80' lang='lat' dir='ltr'><strong>conferre.</strong></span> <span class='ocrx_word' id='word_1_556' title='bbox 2756 3269 2928 3334; x_wconf 79' lang='lat' dir='ltr'><strong>Quam</strong></span> <span class='ocrx_word' id='word_1_557' title='bbox 2977 3284 3089 3322; x_wconf 84' lang='lat' dir='ltr'><strong>rem</strong></span> <span class='ocrx_word' id='word_1_558' title='bbox 3137 3269 3342 3324; x_wconf 72' lang='lat' dir='ltr'><strong>fatetur</strong></span> 
     </span>
    </p>
   </div>
   <div class='ocr_carea' id='block_1_79' title="bbox 1753 3353 3338 3430">
    <p class='ocr_par' dir='ltr' id='par_1_79' title="bbox 1753 3353 3338 3430">
     <span class='ocr_line' id='line_1_79' title="bbox 1753 3353 3338 3430; baseline 0.007 -23"><span class='ocrx_word' id='word_1_559' title='bbox 1753 3353 2075 3408; x_wconf 83' lang='lat' dir='ltr'><strong>immensum</strong></span> <span class='ocrx_word' id='word_1_560' title='bbox 2113 3355 2214 3409; x_wconf 90' lang='lat' dir='ltr'><strong>sibi</strong></span> <span class='ocrx_word' id='word_1_561' title='bbox 2257 3358 2530 3426; x_wconf 84' lang='lat' dir='ltr'><strong>peperisse</strong></span> <span class='ocrx_word' id='word_1_562' title='bbox 2565 3359 2853 3428; x_wconf 73' lang='lat' dir='ltr'><strong>gaudium,</strong></span> <span class='ocrx_word' id='word_1_563' title='bbox 2893 3369 2948 3415; x_wconf 91' lang='lat' dir='ltr'><strong>ut</strong></span> <span class='ocrx_word' id='word_1_564' title='bbox 2993 3363 3162 3430; x_wconf 77' lang='lat' dir='ltr'><strong>magis</strong></span> <span class='ocrx_word' id='word_1_565' title='bbox 3195 3364 3338 3418; x_wconf 82' lang='lat' dir='ltr'><strong>desi-</strong></span> 
     </span>
    </p>
   </div>
   <div class='ocr_carea' id='block_1_80' title="bbox 1753 3442 3334 3518">
    <p class='ocr_par' dir='ltr' id='par_1_80' title="bbox 1753 3442 3334 3518">
     <span class='ocr_line' id='line_1_80' title="bbox 1753 3442 3334 3518; baseline 0.007 -23"><span class='ocrx_word' id='word_1_566' title='bbox 1753 3442 1905 3498; x_wconf 86' lang='lat' dir='ltr'><strong>deret</strong></span> <span class='ocrx_word' id='word_1_567' title='bbox 1947 3442 2064 3511; x_wconf 87' lang='lat' dir='ltr'><strong>ejus</strong></span> <span class='ocrx_word' id='word_1_568' title='bbox 2101 3444 2282 3499; x_wconf 84' lang='lat' dir='ltr'><strong>videre</strong></span> <span class='ocrx_word' id='word_1_569' title='bbox 2313 3447 2689 3514; x_wconf 70' lang='lat' dir='ltr'><strong>praesentiam,</strong></span> <span class='ocrx_word' id='word_1_570' title='bbox 2727 3449 2987 3518; x_wconf 83' lang='lat' dir='ltr'><strong>adjiciens</strong></span> <span class='ocrx_word' id='word_1_571' title='bbox 3019 3451 3121 3507; x_wconf 87' lang='lat' dir='ltr'><strong>sibi</strong></span> <span class='ocrx_word' id='word_1_572' title='bbox 3152 3452 3222 3506; x_wconf 91' lang='lat' dir='ltr'><strong>ab</strong></span> <span class='ocrx_word' id='word_1_573' title='bbox 3265 3468 3334 3508; x_wconf 86' lang='lat' dir='ltr'><strong>eo</strong></span> 
     </span>
    </p>
   </div>
   <div class='ocr_carea' id='block_1_81' title="bbox 1753 3537 3335 3615">
    <p class='ocr_par' dir='ltr' id='par_1_81' title="bbox 1753 3537 3335 3615">
     <span class='ocr_line' id='line_1_81' title="bbox 1753 3537 3335 3615; baseline 0.004 -25"><span class='ocrx_word' id='word_1_574' title='bbox 1753 3541 1965 3604; x_wconf 86' lang='lat' dir='ltr'><strong>tempus</strong></span> <span class='ocrx_word' id='word_1_575' title='bbox 1994 3552 2101 3608; x_wconf 83' lang='lat' dir='ltr'><strong>quo</strong></span> <span class='ocrx_word' id='word_1_576' title='bbox 2131 3537 2197 3592; x_wconf 86' lang='lat' dir='ltr'><strong>ad</strong></span> <span class='ocrx_word' id='word_1_577' title='bbox 2227 3552 2352 3592; x_wconf 85' lang='lat' dir='ltr'><strong>eum</strong></span> <span class='ocrx_word' id='word_1_578' title='bbox 2390 3539 2598 3604; x_wconf 76' lang='lat' dir='ltr'><strong>veniat,</strong></span> <span class='ocrx_word' id='word_1_579' title='bbox 2642 3544 2947 3596; x_wconf 88' lang='lat' dir='ltr'><strong>remandari</strong></span> <span class='ocrx_word' id='word_1_580' title='bbox 2974 3585 2988 3606; x_wconf 93' lang='lat'><strong>,</strong></span> <span class='ocrx_word' id='word_1_581' title='bbox 3022 3545 3335 3615; x_wconf 78' lang='lat' dir='ltr'><strong>locumque,</strong></span> 
     </span>
    </p>
   </div>
   <div class='ocr_carea' id='block_1_82' title="bbox 1750 3627 3340 3708">
    <p class='ocr_par' dir='ltr' id='par_1_82' title="bbox 1750 3627 3340 3708">
     <span class='ocr_line' id='line_1_82' title="bbox 1750 3627 3340 3708; baseline 0.006 -25"><span class='ocrx_word' id='word_1_582' title='bbox 1750 3639 1806 3683; x_wconf 88' lang='lat' dir='ltr'><strong>et</strong></span> <span class='ocrx_word' id='word_1_583' title='bbox 1832 3627 1949 3698; x_wconf 86' lang='lat' dir='ltr'><strong>ejus</strong></span> <span class='ocrx_word' id='word_1_584' title='bbox 1988 3641 2199 3698; x_wconf 80' lang='lat' dir='ltr'><strong>sataget</strong></span> <span class='ocrx_word' id='word_1_585' title='bbox 2224 3633 2509 3702; x_wconf 69' lang='lat' dir='ltr'><strong>praeceptis</strong></span> <span class='ocrx_word' id='word_1_586' title='bbox 2534 3634 2926 3702; x_wconf 84' lang='lat' dir='ltr'><strong>obtemperare.</strong></span> <span class='ocrx_word' id='word_1_587' title='bbox 2954 3635 3218 3691; x_wconf 67' lang='lat' dir='ltr'><strong>Prmterea</strong></span> <span class='ocrx_word' id='word_1_588' title='bbox 3249 3653 3340 3708; x_wconf 37' lang='lat' dir='ltr'><strong>pos</strong></span> 
     </span>
    </p>
   </div>
   <div class='ocr_carea' id='block_1_83' title="bbox 1751 3719 3337 3790">
    <p class='ocr_par' dir='ltr' id='par_1_83' title="bbox 1751 3719 3337 3790">
     <span class='ocr_line' id='line_1_83' title="bbox 1751 3719 3337 3790; baseline 0.006 -18"><span class='ocrx_word' id='word_1_589' title='bbox 1751 3719 1946 3782; x_wconf 89' lang='lat' dir='ltr'><strong>stulat,</strong></span> <span class='ocrx_word' id='word_1_590' title='bbox 1980 3726 2037 3772; x_wconf 91' lang='lat' dir='ltr'><strong>ut</strong></span> <span class='ocrx_word' id='word_1_591' title='bbox 2065 3720 2406 3790; x_wconf 72' lang='lat' dir='ltr'><strong>privilegium</strong></span> <span class='ocrx_word' id='word_1_592' title='bbox 2434 3722 2686 3776; x_wconf 68' lang='lat' dir='ltr'><strong>Ecclesiae</strong></span> <span class='ocrx_word' id='word_1_593' title='bbox 2734 3722 2986 3780; x_wconf 78' lang='lat' dir='ltr'><strong>Remensi</strong></span> <span class='ocrx_word' id='word_1_594' title='bbox 3037 3728 3118 3780; x_wconf 88' lang='lat' dir='ltr'><strong>sui</strong></span> <span class='ocrx_word' id='word_1_595' title='bbox 3165 3732 3337 3782; x_wconf 89' lang='lat' dir='ltr'><strong>nomi-</strong></span> 
     </span>
    </p>
   </div>
   <div class='ocr_carea' id='block_1_84' title="bbox 1750 3808 3335 3884">
    <p class='ocr_par' dir='ltr' id='par_1_84' title="bbox 1750 3808 3335 3884">
     <span class='ocr_line' id='line_1_84' title="bbox 1750 3808 3335 3884; baseline 0.006 -22"><span class='ocrx_word' id='word_1_596' title='bbox 1750 3808 1835 3863; x_wconf 86' lang='lat' dir='ltr'><strong>nis</strong></span> <span class='ocrx_word' id='word_1_597' title='bbox 1878 3811 2203 3864; x_wconf 86' lang='lat' dir='ltr'><strong>auctoritate</strong></span> <span class='ocrx_word' id='word_1_598' title='bbox 2253 3811 2366 3864; x_wconf 86' lang='lat' dir='ltr'><strong>lieri</strong></span> <span class='ocrx_word' id='word_1_599' title='bbox 2412 3810 2633 3880; x_wconf 86' lang='lat' dir='ltr'><strong>jubeat.</strong></span> <span class='ocrx_word' id='word_1_600' title='bbox 2663 3813 2804 3866; x_wconf 87' lang='lat' dir='ltr'><strong>sicut</strong></span> <span class='ocrx_word' id='word_1_601' title='bbox 2831 3816 2992 3869; x_wconf 86' lang='lat' dir='ltr'><strong>etiam</strong></span> <span class='ocrx_word' id='word_1_602' title='bbox 3033 3819 3335 3884; x_wconf 74' lang='lat' dir='ltr'><strong>praedeces-</strong></span> 
     </span>
    </p>
   </div>
   <div class='ocr_carea' id='block_1_85' title="bbox 1750 3902 3332 3978">
    <p class='ocr_par' dir='ltr' id='par_1_85' title="bbox 1750 3902 3332 3978">
     <span class='ocr_line' id='line_1_85' title="bbox 1750 3902 3332 3978; baseline 0.006 -25"><span class='ocrx_word' id='word_1_603' title='bbox 1750 3915 1902 3960; x_wconf 82' lang='lat' dir='ltr'><strong>sores</strong></span> <span class='ocrx_word' id='word_1_604' title='bbox 1948 3917 2077 3956; x_wconf 80' lang='lat' dir='ltr'><strong>suos</strong></span> <span class='ocrx_word' id='word_1_605' title='bbox 2105 3902 2300 3955; x_wconf 81' lang='lat' dir='ltr'><strong>fecisse</strong></span> <span class='ocrx_word' id='word_1_606' title='bbox 2324 3911 2538 3956; x_wconf 87' lang='lat' dir='ltr'><strong>constat</strong></span> <span class='ocrx_word' id='word_1_607' title='bbox 2567 3921 2579 3955; x_wconf 90' lang='lat'><strong>:</strong></span> <span class='ocrx_word' id='word_1_608' title='bbox 2605 3912 2660 3956; x_wconf 89' lang='lat' dir='ltr'><strong>et</strong></span> <span class='ocrx_word' id='word_1_609' title='bbox 2684 3919 2774 3958; x_wconf 90' lang='lat' dir='ltr'><strong>res</strong></span> <span class='ocrx_word' id='word_1_610' title='bbox 2803 3906 2926 3960; x_wconf 84' lang='lat' dir='ltr'><strong>huic</strong></span> <span class='ocrx_word' id='word_1_611' title='bbox 2954 3907 3206 3962; x_wconf 68' lang='lat' dir='ltr'><strong>Ecclesia!</strong></span> <span class='ocrx_word' id='word_1_612' title='bbox 3233 3923 3332 3978; x_wconf 84' lang='lat' dir='ltr'><strong>per</strong></span> 
     </span>
    </p>
   </div>
   <div class='ocr_carea' id='block_1_86' title="bbox 1750 3994 3339 4065">
    <p class='ocr_par' dir='ltr' id='par_1_86' title="bbox 1750 3994 3339 4065">
     <span class='ocr_line' id='line_1_86' title="bbox 1750 3994 3339 4065; baseline 0.003 -15"><span class='ocrx_word' id='word_1_613' title='bbox 1750 4008 1904 4050; x_wconf 78' lang='lat' dir='ltr'><strong>suam</strong></span> <span class='ocrx_word' id='word_1_614' title='bbox 1934 3994 2290 4049; x_wconf 86' lang='lat' dir='ltr'><strong>humilitatem</strong></span> <span class='ocrx_word' id='word_1_615' title='bbox 2324 3996 2618 4063; x_wconf 89' lang='lat' dir='ltr'><strong>acquisitas</strong></span> <span class='ocrx_word' id='word_1_616' title='bbox 2639 4008 2892 4065; x_wconf 86' lang='lat' dir='ltr'><strong>perpetua</strong></span> <span class='ocrx_word' id='word_1_617' title='bbox 2926 3998 3179 4054; x_wconf 77' lang='lat' dir='ltr'><strong>ﬁrmitate</strong></span> <span class='ocrx_word' id='word_1_618' title='bbox 3208 4016 3339 4054; x_wconf 84' lang='lat' dir='ltr'><strong>con-</strong></span> 
     </span>
    </p>
   </div>
   <div class='ocr_carea' id='block_1_87' title="bbox 1752 4085 3330 4161">
    <p class='ocr_par' dir='ltr' id='par_1_87' title="bbox 1752 4085 3330 4161">
     <span class='ocr_line' id='line_1_87' title="bbox 1752 4085 3330 4161; baseline 0.004 -22"><span class='ocrx_word' id='word_1_619' title='bbox 1752 4093 1834 4139; x_wconf 90' lang='lat' dir='ltr'><strong>tra</strong></span> <span class='ocrx_word' id='word_1_620' title='bbox 1859 4100 2046 4140; x_wconf 88' lang='lat' dir='ltr'><strong>omnes</strong></span> <span class='ocrx_word' id='word_1_621' title='bbox 2083 4085 2424 4140; x_wconf 83' lang='lat' dir='ltr'><strong>adversarios</strong></span> <span class='ocrx_word' id='word_1_622' title='bbox 2453 4085 2678 4139; x_wconf 88' lang='lat' dir='ltr'><strong>muniat.</strong></span> <span class='ocrx_word' id='word_1_623' title='bbox 2716 4087 2950 4142; x_wconf 75' lang='lat' dir='ltr'><strong>Aduolat</strong></span> <span class='ocrx_word' id='word_1_624' title='bbox 2972 4090 3134 4142; x_wconf 86' lang='lat' dir='ltr'><strong>etiam</strong></span> <span class='ocrx_word' id='word_1_625' title='bbox 3152 4129 3166 4150; x_wconf 88' lang='lat'><strong>,</strong></span> <span class='ocrx_word' id='word_1_626' title='bbox 3195 4106 3330 4161; x_wconf 89' lang='lat' dir='ltr'><strong>qna-</strong></span> 
     </span>
    </p>
   </div>
   <div class='ocr_carea' id='block_1_88' title="bbox 1750 4173 3330 4248">
    <p class='ocr_par' dir='ltr' id='par_1_88' title="bbox 1750 4173 3330 4248">
     <span class='ocr_line' id='line_1_88' title="bbox 1750 4173 3330 4248; baseline 0.004 -20"><span class='ocrx_word' id='word_1_627' title='bbox 1750 4173 1873 4229; x_wconf 88' lang='lat' dir='ltr'><strong>liter</strong></span> <span class='ocrx_word' id='word_1_628' title='bbox 1903 4175 2170 4229; x_wconf 81' lang='lat' dir='ltr'><strong>Evrardus</strong></span> <span class='ocrx_word' id='word_1_629' title='bbox 2197 4175 2439 4229; x_wconf 84' lang='lat' dir='ltr'><strong>marcbio</strong></span> <span class='ocrx_word' id='word_1_630' title='bbox 2464 4175 2638 4229; x_wconf 88' lang='lat' dir='ltr'><strong>sancti</strong></span> <span class='ocrx_word' id='word_1_631' title='bbox 2689 4176 2884 4232; x_wconf 75' lang='lat' dir='ltr'><strong>Calixti</strong></span> <span class='ocrx_word' id='word_1_632' title='bbox 2913 4191 3065 4248; x_wconf 74' lang='lat' dir='ltr'><strong>papa:</strong></span> <span class='ocrx_word' id='word_1_633' title='bbox 3100 4188 3160 4233; x_wconf 87' lang='lat' dir='ltr'><strong>et</strong></span> <span class='ocrx_word' id='word_1_634' title='bbox 3183 4196 3330 4236; x_wconf 85' lang='lat' dir='ltr'><strong>mar-</strong></span> 
     </span>
    </p>
   </div>
   <div class='ocr_carea' id='block_1_89' title="bbox 1751 4263 3326 4338">
    <p class='ocr_par' dir='ltr' id='par_1_89' title="bbox 1751 4263 3326 4338">
     <span class='ocr_line' id='line_1_89' title="bbox 1751 4263 3326 4338; baseline 0.002 -20"><span class='ocrx_word' id='word_1_635' title='bbox 1751 4264 1884 4334; x_wconf 81' lang='lat' dir='ltr'><strong>tyris</strong></span> <span class='ocrx_word' id='word_1_636' title='bbox 1913 4263 2214 4319; x_wconf 87' lang='lat' dir='ltr'><strong>venerabile</strong></span> <span class='ocrx_word' id='word_1_637' title='bbox 2240 4277 2436 4334; x_wconf 87' lang='lat' dir='ltr'><strong>corpus</strong></span> <span class='ocrx_word' id='word_1_638' title='bbox 2465 4280 2493 4318; x_wconf 88' lang='lat' dir='ltr'><strong>a</strong></span> <span class='ocrx_word' id='word_1_639' title='bbox 2523 4265 2762 4320; x_wconf 70' lang='lat' dir='ltr'><strong>ﬂuuiana</strong></span> <span class='ocrx_word' id='word_1_640' title='bbox 2780 4269 2910 4322; x_wconf 83' lang='lat' dir='ltr'><strong>sede</strong></span> <span class='ocrx_word' id='word_1_641' title='bbox 2936 4269 3326 4338; x_wconf 82' lang='lat' dir='ltr'><strong>impetraverit,</strong></span> 
     </span>
    </p>
   </div>
   <div class='ocr_carea' id='block_1_90' title="bbox 1749 4358 3330 4432">
    <p class='ocr_par' dir='ltr' id='par_1_90' title="bbox 1749 4358 3330 4432">
     <span class='ocr_line' id='line_1_90' title="bbox 1749 4358 3330 4432; baseline 0.004 -21"><span class='ocrx_word' id='word_1_642' title='bbox 1749 4367 1913 4426; x_wconf 85' lang='lat' dir='ltr'><strong>atque</strong></span> <span class='ocrx_word' id='word_1_643' title='bbox 1945 4358 1996 4411; x_wconf 93' lang='lat' dir='ltr'><strong>in</strong></span> <span class='ocrx_word' id='word_1_644' title='bbox 2017 4359 2133 4427; x_wconf 84' lang='lat' dir='ltr'><strong>ejus</strong></span> <span class='ocrx_word' id='word_1_645' title='bbox 2151 4358 2355 4412; x_wconf 87' lang='lat' dir='ltr'><strong>honore</strong></span> <span class='ocrx_word' id='word_1_646' title='bbox 2384 4359 2768 4414; x_wconf 71' lang='lat' dir='ltr'><strong>monasterium</strong></span> <span class='ocrx_word' id='word_1_647' title='bbox 2791 4359 2903 4429; x_wconf 74' lang='lat'><strong>(2|)</strong></span> <span class='ocrx_word' id='word_1_648' title='bbox 2935 4361 2986 4415; x_wconf 92' lang='lat' dir='ltr'><strong>in</strong></span> <span class='ocrx_word' id='word_1_649' title='bbox 3017 4363 3214 4432; x_wconf 72' lang='lat' dir='ltr'><strong>praedio</strong></span> <span class='ocrx_word' id='word_1_650' title='bbox 3230 4379 3330 4417; x_wconf 82' lang='lat' dir='ltr'><strong>suo</strong></span> 
     </span>
    </p>
   </div>
   <div class='ocr_carea' id='block_1_91' title="bbox 1749 4447 3372 4518">
    <p class='ocr_par' dir='ltr' id='par_1_91' title="bbox 1749 4447 3372 4518">
     <span class='ocr_line' id='line_1_91' title="bbox 1749 4447 3372 4518; baseline 0.002 -15"><span class='ocrx_word' id='word_1_651' title='bbox 1749 4449 2110 4503; x_wconf 86' lang='lat' dir='ltr'><strong>constituerit.</strong></span> <span class='ocrx_word' id='word_1_652' title='bbox 2155 4447 2309 4515; x_wconf 80' lang='lat' dir='ltr'><strong>Quod</strong></span> <span class='ocrx_word' id='word_1_653' title='bbox 2363 4448 2623 4516; x_wconf 67' lang='lat' dir='ltr'><strong>prmdium</strong></span> <span class='ocrx_word' id='word_1_654' title='bbox 2682 4460 2808 4518; x_wconf 89' lang='lat' dir='ltr'><strong>post</strong></span> <span class='ocrx_word' id='word_1_655' title='bbox 2857 4449 2976 4518; x_wconf 75' lang='lat' dir='ltr'><strong>ejus</strong></span> <span class='ocrx_word' id='word_1_656' title='bbox 3014 4451 3220 4506; x_wconf 80' lang='lat' dir='ltr'><strong>obitum</strong></span> <span class='ocrx_word' id='word_1_657' title='bbox 3261 4455 3372 4506; x_wconf 20' lang='lat' dir='ltr'><strong>ad.</strong></span> 
     </span>
    </p>
   </div>
   <div class='ocr_carea' id='block_1_92' title="bbox 109 4516 3336 4620">
    <p class='ocr_par' dir='ltr' id='par_1_92' title="bbox 109 4516 3336 4620">
     <span class='ocr_line' id='line_1_92' title="bbox 109 4516 3336 4620; baseline 0.002 -32"><span class='ocrx_word' id='word_1_658' title='bbox 109 4516 641 4607; x_wconf 49' lang='lat' dir='ltr'><strong>nerimanngg&#39;mem</strong></span> <span class='ocrx_word' id='word_1_659' title='bbox 691 4563 839 4620; x_wconf 49' lang='lat' dir='ltr'><strong>papa</strong></span> <span class='ocrx_word' id='word_1_660' title='bbox 873 4516 1026 4604; x_wconf 57' lang='grc' dir='ltr'><strong>ξας.ςῇ</strong></span> <span class='ocrx_word' id='word_1_661' title='bbox 1073 4516 1344 4609; x_wconf 64' lang='grc' dir='ltr'><strong>άίιῖθχοιιξη</strong></span> <span class='ocrx_word' id='word_1_662' title='bbox 1368 4516 1470 4615; x_wconf 67' lang='grc' dir='ltr'><strong>,ἐι</strong></span> <span class='ocrx_word' id='word_1_663' title='bbox 1496 4516 1646 4620; x_wconf 56' lang='grc' dir='ltr'><strong>νάει-</strong></span> <span class='ocrx_word' id='word_1_664' title='bbox 1677 4516 1722 4575; x_wconf 81' lang='lat' dir='ltr'><strong>D</strong></span> <span class='ocrx_word' id='word_1_665' title='bbox 1751 4537 1918 4592; x_wconf 81' lang='lat' dir='ltr'><strong>filium</strong></span> <span class='ocrx_word' id='word_1_666' title='bbox 1958 4539 2124 4606; x_wconf 84' lang='lat' dir='ltr'><strong>ipsius</strong></span> <span class='ocrx_word' id='word_1_667' title='bbox 2152 4531 2439 4591; x_wconf 75' lang='lat' dir='ltr'><strong>Rodulfum</strong></span> <span class='ocrx_word' id='word_1_668' title='bbox 2464 4516 2710 4592; x_wconf 83' lang='lat' dir='ltr'><strong>abbatem</strong></span> <span class='ocrx_word' id='word_1_669' title='bbox 2739 4516 3078 4595; x_wconf 61' lang='lat' dir='ltr'><strong>hereditario</strong></span> <span class='ocrx_word' id='word_1_670' title='bbox 3093 4542 3215 4610; x_wconf 79' lang='lat' dir='ltr'><strong>jure</strong></span> <span class='ocrx_word' id='word_1_671' title='bbox 3237 4543 3336 4596; x_wconf 79' lang='lat' dir='ltr'><strong>de-</strong></span> 
     </span>
    </p>
   </div>
   <div class='ocr_carea' id='block_1_93' title="bbox 109 4638 1650 4711">
    <p class='ocr_par' dir='ltr' id='par_1_93' title="bbox 109 4638 1650 4711">
     <span class='ocr_line' id='line_1_93' title="bbox 109 4638 1650 4711; baseline 0.005 -24"><span class='ocrx_word' id='word_1_672' title='bbox 109 4638 280 4693; x_wconf 70' lang='lat' dir='ltr'><strong>niodnm</strong></span> <span class='ocrx_word' id='word_1_673' title='bbox 307 4658 398 4711; x_wconf 88' lang='lat' dir='ltr'><strong>per</strong></span> <span class='ocrx_word' id='word_1_674' title='bbox 426 4643 789 4711; x_wconf 87' lang='lat' dir='ltr'><strong>semetipsum</strong></span> <span class='ocrx_word' id='word_1_675' title='bbox 817 4650 1121 4694; x_wconf 82' lang='lat' dir='ltr'><strong>accesserat</strong></span> <span class='ocrx_word' id='word_1_676' title='bbox 1147 4681 1162 4704; x_wconf 89' lang='lat'><strong>,</strong></span> <span class='ocrx_word' id='word_1_677' title='bbox 1205 4641 1549 4710; x_wconf 84' lang='lat' dir='ltr'><strong>proclamans</strong></span> <span class='ocrx_word' id='word_1_678' title='bbox 1574 4641 1650 4694; x_wconf 87' lang='lat' dir='ltr'><strong>ab</strong></span> 
     </span>
    </p>
   </div>
   <div class='ocr_carea' id='block_1_94' title="bbox 112 4721 1648 4802">
    <p class='ocr_par' dir='ltr' id='par_1_94' title="bbox 112 4721 1648 4802">
     <span class='ocr_line' id='line_1_94' title="bbox 112 4721 1648 4802; baseline 0.008 -27"><span class='ocrx_word' id='word_1_679' title='bbox 112 4721 386 4788; x_wconf 80' lang='lat' dir='ltr'><strong>Herimanno</strong></span> <span class='ocrx_word' id='word_1_680' title='bbox 412 4732 686 4790; x_wconf 66' lang='lat' dir='ltr'><strong>Ecclesia:</strong></span> <span class='ocrx_word' id='word_1_681' title='bbox 713 4745 825 4785; x_wconf 63' lang='lat' dir='ltr'><strong>suae</strong></span> <span class='ocrx_word' id='word_1_682' title='bbox 855 4731 1130 4801; x_wconf 77' lang='lat' dir='ltr'><strong>privilegia</strong></span> <span class='ocrx_word' id='word_1_683' title='bbox 1157 4731 1346 4785; x_wconf 85' lang='lat' dir='ltr'><strong>violari</strong></span> <span class='ocrx_word' id='word_1_684' title='bbox 1371 4771 1386 4793; x_wconf 90' lang='lat'><strong>,</strong></span> <span class='ocrx_word' id='word_1_685' title='bbox 1417 4731 1648 4802; x_wconf 84' lang='lat' dir='ltr'><strong>ideoque</strong></span> 
     </span>
    </p>
   </div>
   <div class='ocr_carea' id='block_1_95' title="bbox 110 4817 1643 4895">
    <p class='ocr_par' dir='ltr' id='par_1_95' title="bbox 110 4817 1643 4895">
     <span class='ocr_line' id='line_1_95' title="bbox 110 4817 1643 4895; baseline 0.007 -28"><span class='ocrx_word' id='word_1_686' title='bbox 110 4817 150 4868; x_wconf 90' lang='lat' dir='ltr'><strong>iu</strong></span> <span class='ocrx_word' id='word_1_687' title='bbox 184 4836 311 4877; x_wconf 83' lang='lat' dir='ltr'><strong>suam</strong></span> <span class='ocrx_word' id='word_1_688' title='bbox 358 4825 710 4895; x_wconf 61' lang='lat' dir='ltr'><strong>praisentiam</strong></span> <span class='ocrx_word' id='word_1_689' title='bbox 766 4831 1172 4878; x_wconf 85' lang='lat' dir='ltr'><strong>commonoerat</strong></span> <span class='ocrx_word' id='word_1_690' title='bbox 1220 4831 1509 4890; x_wconf 84' lang='lat' dir='ltr'><strong>utrumque</strong></span> <span class='ocrx_word' id='word_1_691' title='bbox 1546 4837 1643 4877; x_wconf 80' lang='lat' dir='ltr'><strong>ve-</strong></span> 
     </span>
    </p>
   </div>
   <div class='ocr_carea' id='block_1_96' title="bbox 112 4907 1647 4984">
    <p class='ocr_par' dir='ltr' id='par_1_96' title="bbox 112 4907 1647 4984">
     <span class='ocr_line' id='line_1_96' title="bbox 112 4907 1647 4984; baseline 0.008 -29"><span class='ocrx_word' id='word_1_692' title='bbox 112 4907 214 4962; x_wconf 83' lang='lat' dir='ltr'><strong>nire.</strong></span> <span class='ocrx_word' id='word_1_693' title='bbox 251 4912 347 4968; x_wconf 81' lang='lat' dir='ltr'><strong>Sed</strong></span> <span class='ocrx_word' id='word_1_694' title='bbox 374 4916 636 4984; x_wconf 87' lang='lat' dir='ltr'><strong>quoniam</strong></span> <span class='ocrx_word' id='word_1_695' title='bbox 684 4913 968 4982; x_wconf 78' lang='lat' dir='ltr'><strong>Adelgario</strong></span> <span class='ocrx_word' id='word_1_696' title='bbox 995 4915 1242 4968; x_wconf 87' lang='lat' dir='ltr'><strong>veniente</strong></span> <span class='ocrx_word' id='word_1_697' title='bbox 1286 4912 1647 4968; x_wconf 86' lang='lat' dir='ltr'><strong>llerimannus</strong></span> 
     </span>
    </p>
   </div>
   <div class='ocr_carea' id='block_1_97' title="bbox 1749 4627 3338 4702">
    <p class='ocr_par' dir='ltr' id='par_1_97' title="bbox 1749 4627 3338 4702">
     <span class='ocr_line' id='line_1_97' title="bbox 1749 4627 3338 4702; baseline 0.004 -24"><span class='ocrx_word' id='word_1_698' title='bbox 1749 4628 1996 4683; x_wconf 86' lang='lat' dir='ltr'><strong>venerit;</strong></span> <span class='ocrx_word' id='word_1_699' title='bbox 2027 4627 2118 4696; x_wconf 91' lang='lat' dir='ltr'><strong>qui</strong></span> <span class='ocrx_word' id='word_1_700' title='bbox 2147 4641 2232 4682; x_wconf 85' lang='lat' dir='ltr'><strong>res</strong></span> <span class='ocrx_word' id='word_1_701' title='bbox 2258 4627 2400 4697; x_wconf 84' lang='lat' dir='ltr'><strong>ipsas</strong></span> <span class='ocrx_word' id='word_1_702' title='bbox 2431 4627 2589 4681; x_wconf 84' lang='lat' dir='ltr'><strong>simul</strong></span> <span class='ocrx_word' id='word_1_703' title='bbox 2613 4641 2736 4686; x_wconf 80' lang='lat' dir='ltr'><strong>cum</strong></span> <span class='ocrx_word' id='word_1_704' title='bbox 2769 4631 3044 4684; x_wconf 83' lang='lat' dir='ltr'><strong>memorati</strong></span> <span class='ocrx_word' id='word_1_705' title='bbox 3080 4632 3338 4702; x_wconf 59' lang='lat' dir='ltr'><strong>Inartyris</strong></span> 
     </span>
    </p>
   </div>
   <div class='ocr_carea' id='block_1_98' title="bbox 1749 4717 3324 4788">
    <p class='ocr_par' dir='ltr' id='par_1_98' title="bbox 1749 4717 3324 4788">
     <span class='ocr_line' id='line_1_98' title="bbox 1749 4717 3324 4788; baseline 0.003 -18"><span class='ocrx_word' id='word_1_706' title='bbox 1749 4717 1902 4788; x_wconf 70' lang='lat' dir='ltr'><strong>gleba</strong></span> <span class='ocrx_word' id='word_1_707' title='bbox 1932 4718 2054 4772; x_wconf 73' lang='lat' dir='ltr'><strong>vita:</strong></span> <span class='ocrx_word' id='word_1_708' title='bbox 2081 4731 2191 4774; x_wconf 71' lang='lat' dir='ltr'><strong>suae</strong></span> <span class='ocrx_word' id='word_1_709' title='bbox 2215 4717 2406 4772; x_wconf 86' lang='lat' dir='ltr'><strong>diebus</strong></span> <span class='ocrx_word' id='word_1_710' title='bbox 2425 4717 2630 4786; x_wconf 62' lang='lat' dir='ltr'><strong>absque</strong></span> <span class='ocrx_word' id='word_1_711' title='bbox 2655 4717 2757 4772; x_wconf 89' lang='lat' dir='ltr'><strong>ulla</strong></span> <span class='ocrx_word' id='word_1_712' title='bbox 2792 4720 3218 4775; x_wconf 85' lang='lat' dir='ltr'><strong>contradictione</strong></span> <span class='ocrx_word' id='word_1_713' title='bbox 3253 4731 3324 4775; x_wconf 82' lang='lat' dir='ltr'><strong>te-</strong></span> 
     </span>
    </p>
   </div>
   <div class='ocr_carea' id='block_1_99' title="bbox 1751 4807 3336 4878">
    <p class='ocr_par' dir='ltr' id='par_1_99' title="bbox 1751 4807 3336 4878">
     <span class='ocr_line' id='line_1_99' title="bbox 1751 4807 3336 4878; baseline 0.003 -14"><span class='ocrx_word' id='word_1_714' title='bbox 1751 4811 1952 4874; x_wconf 89' lang='lat' dir='ltr'><strong>nuerit,</strong></span> <span class='ocrx_word' id='word_1_715' title='bbox 2001 4819 2057 4863; x_wconf 89' lang='lat' dir='ltr'><strong>ct</strong></span> <span class='ocrx_word' id='word_1_716' title='bbox 2097 4809 2165 4866; x_wconf 94' lang='lat' dir='ltr'><strong>de</strong></span> <span class='ocrx_word' id='word_1_717' title='bbox 2215 4807 2412 4863; x_wconf 81' lang='lat' dir='ltr'><strong>saeculo</strong></span> <span class='ocrx_word' id='word_1_718' title='bbox 2454 4809 2783 4878; x_wconf 83' lang='lat' dir='ltr'><strong>migraturus</strong></span> <span class='ocrx_word' id='word_1_719' title='bbox 2827 4810 3041 4866; x_wconf 86' lang='lat' dir='ltr'><strong>easdem</strong></span> <span class='ocrx_word' id='word_1_720' title='bbox 3081 4826 3168 4867; x_wconf 81' lang='lat' dir='ltr'><strong>res</strong></span> <span class='ocrx_word' id='word_1_721' title='bbox 3212 4827 3336 4868; x_wconf 85' lang='lat' dir='ltr'><strong>cum</strong></span> 
     </span>
    </p>
   </div>
   <div class='ocr_carea' id='block_1_100' title="bbox 1753 4899 3340 4968">
    <p class='ocr_par' dir='ltr' id='par_1_100' title="bbox 1753 4899 3340 4968">
     <span class='ocr_line' id='line_1_100' title="bbox 1753 4899 3340 4968; baseline 0.001 -12"><span class='ocrx_word' id='word_1_722' title='bbox 1753 4900 2082 4956; x_wconf 86' lang='lat' dir='ltr'><strong>monasterio</strong></span> <span class='ocrx_word' id='word_1_723' title='bbox 2129 4908 2186 4953; x_wconf 89' lang='lat' dir='ltr'><strong>et</strong></span> <span class='ocrx_word' id='word_1_724' title='bbox 2224 4913 2454 4968; x_wconf 83' lang='lat' dir='ltr'><strong>corpore</strong></span> <span class='ocrx_word' id='word_1_725' title='bbox 2513 4916 2672 4957; x_wconf 72' lang='lat' dir='ltr'><strong>sacro</strong></span> <span class='ocrx_word' id='word_1_726' title='bbox 2708 4899 2960 4955; x_wconf 81' lang='lat' dir='ltr'><strong>Retnensi</strong></span> <span class='ocrx_word' id='word_1_727' title='bbox 3003 4911 3202 4957; x_wconf 62' lang='lat' dir='ltr'><strong>sancta</strong></span> <span class='ocrx_word' id='word_1_728' title='bbox 3245 4903 3340 4959; x_wconf 84' lang='lat' dir='ltr'><strong>Dei</strong></span> 
     </span>
    </p>
   </div>
   <div class='ocr_carea' id='block_1_101' title="bbox 111 4993 3338 5072">
    <p class='ocr_par' dir='ltr' id='par_1_101' title="bbox 111 4993 3338 5072">
     <span class='ocr_line' id='line_1_101' title="bbox 111 4993 3338 5072; baseline 0 -21"><span class='ocrx_word' id='word_1_729' title='bbox 111 4997 273 5066; x_wconf 78' lang='lat' dir='ltr'><strong>deluit,</strong></span> <span class='ocrx_word' id='word_1_730' title='bbox 323 5015 481 5061; x_wconf 58' lang='lat' dir='ltr'><strong>tanta:</strong></span> <span class='ocrx_word' id='word_1_731' title='bbox 533 5006 617 5059; x_wconf 88' lang='lat' dir='ltr'><strong>liti</strong></span> <span class='ocrx_word' id='word_1_732' title='bbox 675 5007 837 5057; x_wconf 85' lang='lat' dir='ltr'><strong>linem</strong></span> <span class='ocrx_word' id='word_1_733' title='bbox 890 5019 1162 5070; x_wconf 80' lang='lat' dir='ltr'><strong>imponere</strong></span> <span class='ocrx_word' id='word_1_734' title='bbox 1211 5017 1346 5072; x_wconf 86' lang='lat' dir='ltr'><strong>papa</strong></span> <span class='ocrx_word' id='word_1_735' title='bbox 1395 5003 1642 5067; x_wconf 85' lang='lat' dir='ltr'><strong>distulit,</strong></span> <span class='ocrx_word' id='word_1_736' title='bbox 1745 4995 2036 5052; x_wconf 84' lang='lat' dir='ltr'><strong>Genitricis</strong></span> <span class='ocrx_word' id='word_1_737' title='bbox 2071 4993 2316 5048; x_wconf 81' lang='lat' dir='ltr'><strong>ecclesia:</strong></span> <span class='ocrx_word' id='word_1_738' title='bbox 2364 4993 2729 5066; x_wconf 80' lang='lat' dir='ltr'><strong>delegaverit.</strong></span> <span class='ocrx_word' id='word_1_739' title='bbox 2765 4996 3114 5066; x_wconf 84' lang='lat' dir='ltr'><strong>eamdemque</strong></span> <span class='ocrx_word' id='word_1_740' title='bbox 3153 5012 3338 5052; x_wconf 78' lang='lat' dir='ltr'><strong>rerum</strong></span> 
     </span>
    </p>
   </div>
   <div class='ocr_carea' id='block_1_102' title="bbox 115 5092 1645 5120">
    <p class='ocr_par' dir='ltr' id='par_1_102' title="bbox 115 5092 1645 5120">
     <span class='ocr_line' id='line_1_102' title="bbox 115 5092 1645 5120; baseline 0 0"><span class='ocrx_word' id='word_1_741' title='bbox 115 5100 163 5120; x_wconf 71' lang='grc' dir='ltr'><strong>Ιιο</strong></span> <span class='ocrx_word' id='word_1_742' title='bbox 193 5094 380 5120; x_wconf 57' lang='grc' dir='ltr'>ιιιιῖιιαι..</span> <span class='ocrx_word' id='word_1_743' title='bbox 391 5112 436 5120; x_wconf 62' lang='grc' dir='ltr'><strong>..δ</strong></span> <span class='ocrx_word' id='word_1_744' title='bbox 485 5106 842 5120; x_wconf 57' lang='grc' dir='ltr'><strong>οι--ὶ“.1,“ι“Α-Δ</strong></span> <span class='ocrx_word' id='word_1_745' title='bbox 883 5092 1055 5120; x_wconf 61' lang='grc' dir='ltr'>ςιιιίζηιι</span> <span class='ocrx_word' id='word_1_746' title='bbox 1066 5106 1121 5120; x_wconf 65' lang='grc' dir='ltr'><strong>’Δ</strong></span> <span class='ocrx_word' id='word_1_747' title='bbox 1173 5093 1446 5120; x_wconf 61' lang='grc' dir='ltr'>ιιζιιηκιιιιι-</span> <span class='ocrx_word' id='word_1_748' title='bbox 1506 5096 1645 5120; x_wconf 64' lang='grc' dir='ltr'>ιιηιΙΑ</span> 
     </span>
    </p>
   </div>
   <div class='ocr_carea' id='block_1_103' title="bbox 1747 5083 2594 5120">
    <p class='ocr_par' dir='ltr' id='par_1_103' title="bbox 1747 5083 2594 5120">
     <span class='ocr_line' id='line_1_103' title="bbox 1747 5083 2594 5120; baseline 0 0"><span class='ocrx_word' id='word_1_749' title='bbox 1747 5101 1842 5120; x_wconf 78' lang='lat' dir='ltr'><strong>mm</strong></span> <span class='ocrx_word' id='word_1_750' title='bbox 1854 5100 1968 5120; x_wconf 74' lang='lat' dir='ltr'><strong>nam</strong></span> <span class='ocrx_word' id='word_1_751' title='bbox 2000 5085 2262 5120; x_wconf 72' lang='lat' dir='ltr'><strong>Ivnrnilnin</strong></span> <span class='ocrx_word' id='word_1_752' title='bbox 2299 5083 2444 5120; x_wconf 60' lang='lat' dir='ltr'><strong>intulit</strong></span> <span class='ocrx_word' id='word_1_753' title='bbox 2459 5085 2594 5120; x_wconf 72' lang='lat' dir='ltr'><strong>nul-il</strong></span> 
     </span>
    </p>
   </div>
   <div class='ocr_carea' id='block_1_104' title="bbox 2666 5084 3340 5120">
    <p class='ocr_par' dir='ltr' id='par_1_104' title="bbox 2666 5084 3340 5120">
     <span class='ocr_line' id='line_1_104' title="bbox 2666 5084 3340 5120; baseline 0 0"><span class='ocrx_word' id='word_1_754' title='bbox 2666 5084 2816 5120; x_wconf 68' lang='lat' dir='ltr'><strong>Tuan</strong></span> <span class='ocrx_word' id='word_1_755' title='bbox 2861 5100 2990 5120; x_wconf 68' lang='grc' dir='ltr'>ναι-η</span> <span class='ocrx_word' id='word_1_756' title='bbox 3038 5085 3340 5120; x_wconf 61' lang='lat' dir='ltr'><strong>nul-(alain-</strong></span> 
     </span>
    </p>
   </div>
  </div>
