3904 5396
553 309 658 366 267

1615 305 2004 363 l-‘LODOARDI
2042 306 2356 364 CANONICI
2396 305 2762 368 Il'ZMENSlS.
2835 361 2840 366 .

3659 347 3670 359 -
3719 319 3804 376 res

555 420 1128 486 cresimmunicatimtis
1154 420 1356 476 ultione
1394 422 1670 492 percellat.
1709 421 2028 492 Scrupulum
2051 422 2140 475 de-
2175 433 2216 486 Α
2247 434 2301 480 et
2329 440 2390 478 ea
2439 440 2554 494 qua:
2595 426 2822 478 tlonmus
2869 426 3008 480 idean
3051 426 3213 482 Fulco
3241 443 3339 496 per
3375 431 3650 499 preca‘rias
3675 433 3802 486 obti-

557 515 720 584 nique
747 513 848 568 sibi
873 512 1008 568 dixit
1047 527 1112 568 ac
1141 512 1434 582 singultum
1465 527 1702 575 movere,
1728 512 1869 581 quod
1905 512 2150 566 audierat

554 622 586 662 a
609 605 950 676 quibusdam,
983 613 1224 660 sanctam
1259 604 1554 658 llontanam
1587 603 1886 658 Ecclesiam
1919 603 2147 666 turbari,

555 707 912 767 paratumque
941 709 1000 750 se
1029 697 1154 750 totis
1183 694 1390 750 viribus
1417 711 1514 764 pro
1553 695 1718 764 ipsius
1748 695 1950 749 honore
1976 695 2150 748 omni-

553 787 730 842 modis
775 788 1075 853 decertare,
1115 795 1170 838 et
1213 786 1388 840 cidem
1445 802 1596 855 papa:
1647 784 1808 840 veluti
1863 785 2060 838 domno
2099 793 2153 838 ct

552 880 814 948 magistro
837 879 890 932 in
915 878 1124 932 cunctis
1149 878 1540 934 obsecundare.
1567 877 1849 934 Subuectit
1887 878 2052 932 etiam
2087 879 2153 932 de

489 1017 494 1022 .
553 970 876 1040 quibusdam
928 970 1196 1039 episcopis
1245 969 1574 1034 Galliarum,
1621 970 1710 1038 qui
1769 970 1872 1024 sibi
1931 969 2150 1040 pallium

557 1045 794 1116 indebite
831 1079 861 1114 a
897 1059 1136 1115 Romana
1172 1061 1466 1131 poscebant
1507 1059 1657 1125 sede,
1705 1059 2152 1129 metropolitanos

555 1167 684 1210 auos
708 1152 796 1206 tali
821 1162 1142 1221 spernentes
1165 1161 1374 1216 tenore,
1393 1166 1644 1206 asserens
1665 1152 1808 1220 quod
1833 1167 1916 1206 res
1941 1150 2149 1214 eadem,

557 1245 662 1300 nisi
703 1245 948 1314 prudenti
979 1253 1250 1314 praecauta
1285 1243 1426 1298 foret
1462 1243 1844 1307 sollicitudine,
1875 1241 2152 1298 confusio-

557 1352 678 1390 nem
707 1352 812 1390 non
853 1336 1180 1390 mediocrem.
1220 1344 1498 1404 generaret
1547 1333 1822 1400 Ecclesiae,
1869 1350 2152 1404 maguum-

553 1443 660 1498 que
700 1428 950 1484 charilati
995 1428 1330 1497 dispendium
1361 1427 1570 1481 valeret
1601 1426 1820 1480 inferre.
1853 1424 2002 1480 Unde
2044 1435 2150 1478 tam

555 1536 616 1576 se
665 1537 830 1589 quam
878 1535 1090 1574 omnem
1135 1519 1342 1588 precari
1390 1519 1523 1574 dicit
1563 1517 1888 1583 Ecclesium,
1919 1533 1988 1572 ne
2015 1517 2151 1571 scito

555 1613 780 1680 alicujus
811 1611 1160 1666 irrationabili
1193 1612 1457 1680 petitioni,
1489 1611 1606 1665 sine
1647 1611 1884 1680 generali
1921 1625 2148 1664 assensu

509 1725 518 1728 ελ
557 1712 614 1756 et
637 1702 834 1758 litteris
857 1703 1180 1766 consentiat,
1217 1718 1283 1756 ne
1311 1717 1408 1772 per
1437 1703 1536 1754 hoc
1565 1702 1950 1756 ecclesiasticae
1978 1701 2152 1772 digiti-

2253 528 2464 576 nucrat.
2495 517 2806 571 [ludentium
2839 519 3088 574 videlicet
3127 531 3182 573 et
3217 520 3474 592 Margoliu
3503 541 3554 586 a,
3583 522 3792 578 Laslenr

2255 621 2400 672 nam,
2439 615 2495 662 et
2539 605 2862 678 Guigleium,
2893 619 3057 678 atque
3096 609 3394 677 Virtudem,
3429 627 3634 668 necnon
3669 615 3807 670 abba-

2256 700 2384 753 liam
2413 715 2538 768 qua:
2565 701 2762 754 dicitur
2789 700 3098 770 Catupeliis,
3131 705 3335 759 Atteias
3359 707 3526 759 etiam
3551 717 3606 760 et
3633 706 3806 760 Munia-

2254 806 2396 852 eum,
2430 791 2670 859 aliaSque
2705 808 2788 845 res
2817 809 2936 860 quae
2967 794 3166 847 dudum
3199 795 3411 860 ablatm,
3445 805 3574 850 tunc
3615 799 3702 852 red
3725 801 3807 854 :iue

2255 877 2470 932 fuerant
2521 878 2776 934 Ecclesiae
2833 879 3118 946 Remensi,
3177 885 3458 938 restitutas
3517 889 3806 940 auctoritate

2255 971 2542 1022 Continuat
2588 968 2904 1037 apostolica.
2935 979 2993 1024 ut
3039 987 3154 1036 cas,
3197 973 3278 1026 vel
3327 983 3556 1028 (‘tlilCl‘tIS
3598 973 3806 1042 ejusdem

2255 1059 2534 1126 Ecclesiae,
2573 1062 2942 1130 possessiones
2977 1079 3136 1118 nemo
3166 1076 3457 1134 pra-sumat
3499 1067 3722 1128 auferre,
3744 1069 3808 1120 vel

2255 1149 2532 1204 invadere.
2567 1151 2828 1206 Sanciens
2870 1152 3094 1222 insuper
3138 1156 3469 1212 auctoritate
3511 1157 3650 1211 beati
3689 1157 3809 1211 Petri

2257 1250 2316 1296 ut
2354 1257 2514 1296 neruo
2559 1258 2776 1311 regum,
2823 1244 3000 1298 nullus
3043 1246 3382 1311 antistitum,
3417 1262 3580 1300 nemo
3619 1249 3812 1317 quilibet

2254 1335 2630 1399 (lin-istiauus,
2676 1335 2970 1388 detedentc
3009 1334 3297 1390 [tenuiorum
3353 1337 3638 1408 episcopo,
3665 1341 3808 1409 ipsum

2255 1425 2649 1495 episcopatum,
2681 1425 2764 1480 vel
2809 1441 2898 1480 res
2943 1427 3111 1498 ipsius
3142 1428 3396 1484 Ecclesiae
3431 1431 3546 1484 suis
3583 1448 3810 1500 compen-

2255 1517 2362 1572 diis
2387 1519 2637 1589 applicet.
2670 1534 2844 1586 neque
2877 1521 2976 1574 sub
3019 1535 3116 1573 suo
3143 1521 3383 1576 dominio
3415 1531 3616 1586 teneat,
3646 1536 3812 1592 praater

2254 1609 2427 1679 ipsius
2453 1609 2691 1664 civitatis
2717 1611 3052 1678 episcopum.
3083 1611 3190 1664 Sed
3219 1621 3273 1664 et
3296 1611 3542 1666 eamdem
3574 1623 3812 1682 metrum-

2255 1702 2350 1756 lim
2387 1717 2494 1757 non
2523 1703 2662 1756 ultra
2695 1702 3136 1758 constitutionem
3164 1705 3500 1766 canonicam,
3531 1704 3646 1758 sine
3677 1721 3810 1771 regu-

555 1795 682 1850 tatis
719 1796 890 1848 honor
916 1794 1174 1849 vilescere
1221 1794 1464 1862 incipiant,
1511 1794 1558 1848 si
1601 1809 1688 1848 res
1729 1794 1990 1860 indebita,
2033 1809 2154 1864 quae
2185 1810 2228 1868 Β
2258 1797 2320 1851 lis
2349 1797 2733 1852 ecclesiasticis
2763 1798 3120 1851 conveniente
3149 1807 3365 1866 pastore
3393 1811 3616 1852 manere
3641 1805 3810 1866 cogat:

485 1925 488 1928 η
559 1896 762 1940 temere
782 1884 1084 1951 aﬂ‘cctalur,
1117 1885 1420 1940 inconsulte
1453 1885 1718 1939 tradatur.

1189 1997 1416 2054 CAPUT
1461 1999 1521 2053 Il.

559 2085 694 2150 Qum
724 2084 1012 2142 Formosus
1040 2103 1176 2158 papa
1215 2087 1457 2152 Ettlcoui,
1503 2089 1577 2143 rel
1607 2087 1808 2143 Kurolo
1851 2090 1958 2160 regi
1997 2099 2150 2160 atque

623 2205 626 2208 ι
1139 2159 1310 2214 Udoni
1337 2163 1563 2230 scripsit.

629 2247 726 2304 Cui
759 2251 1066 2306 rescribcns
1097 2252 1235 2306 idem
1287 2269 1420 2322 papa
1461 2254 1772 2318 Formosus,
1814 2265 1996 2310 monet
2027 2271 2148 2309 cum

555 2340 792 2410 compali
839 2342 1037 2396 debere
1065 2342 1320 2398 Romana:
1350 2345 1620 2410 Ecclesiae,
1649 2355 1812 2416 atque
1849 2347 2151 2402 imminenti

483 2463 494 2474 ι
557 2433 675 2499 ejus
703 2431 993 2487 subvenire
1039 2435 1228 2500 l‘ttilltl‘,
1275 2451 1376 2490 nec
1411 2438 1458 2490 ei
1498 2453 1648 2491 suam
1687 2440 2029 2509 praesentiam
2061 2439 2151 2492 de-

479 2563 482 2566 .
553 2535 752 2592 negare
789 2540 802 2576 :
835 2523 1132 2595 adjungens
1181 2525 1412 2582 haereses
1457 2529 1690 2597 undique
1741 2545 1807 2585 ac
1855 2530 2150 2586 schismata

551 2613 838 2684 pullulare,
870 2631 970 2670 nec
1013 2616 1104 2686 qui
1135 2617 1200 2670 ad
1241 2619 1598 2673 resistenlum
1637 2631 1969 2682 occurreret,
2010 2639 2149 2676 esse.

555 2705 801 2775 Dicitque
845 2705 1002 2776 longo
1031 2717 1298 2764 retroacto
1325 2718 1566 2778 tempore
1609 2712 1940 2780 perniciosas
1979 2714 2153 2767 haere-

555 2809 646 2858 ses
693 2795 969 2852 Orientem
1009 2797 1361 2862 confundere,
1405 2816 1460 2854 et
1499 2803 2150 2871 Constantinopolitanam

485 2909 488 2912 '
555 2887 856 2950 Ecclesiam
885 2891 1074 2944 nociva
1103 2890 1394 2946 schismata
1428 2901 1773 2962 perturbare;
1801 2895 2150 2955 simuletiam

553 2979 793 3048 regionis
819 2979 1090 3036 Africanae
1129 2982 1338 3054 legatos
1377 2984 1644 3046 insistere,
1684 3000 1937 3054 responsa
1967 2995 2151 3054 peten—

555 3077 640 3124 tes
663 3084 762 3138 pro
789 3069 992 3124 dudum
1019 3083 1210 3127 exorto
1254 3073 1393 3128 inter
1423 3074 1708 3144 episcopos
1751 3076 1990 3144 ipsarutn
2029 3092 2152 3146 pri.»

551 3158 857 3214 vinciarum
905 3161 1217 3216 schismate.
1263 3163 1608 3218 Diversarum
1650 3181 1865 3235 quoque
1912 3181 1977 3234 pa
2011 3165 2146 3220 tium
2177 3161 2220 3220 C

553 3248 852 3320 legationes
897 3252 1108 3307 diversa
1139 3270 1394 3326 responsa
1431 3268 1674 3325 petentes
1721 3259 1941 3313 instare.
1985 3258 2152 3328 Cujus

473 3373 482 3378 -
556 3343 638 3397 rei
685 3343 856 3413 gratia
907 3345 1212 3414 generalem
1275 3349 1538 3419 synodum
1587 3349 1794 3420 (conril.
1841 3351 2024 3416 llam”
2058 3370 2147 3406 an.

556 3433 684 3502 895)
711 3435 796 3490 die
836 3435 1194 3492 Kalendarum
1239 3438 1580 3506 Martiarum,
1629 3442 1936 3498 intlictionis
1978 3443 2150 3497 unde-

499 3545 514 3560 τ
557 3527 716 3582 cimze
759 3541 818 3582 se
859 3528 1120 3582 inchoare
1163 3529 1513 3601 disposuisse,
1557 3533 1624 3586 ad
1669 3547 1830 3602 quam
1877 3534 2148 3599 eunnlem,

499 3645 502 3648 -
557 3627 768 3674 remota
795 3621 942 3675 omni
973 3619 1250 3688 dilatione,
1300 3624 1557 3679 admonet
1597 3622 1874 3687 festinare,
1903 3637 1960 3680 ut
1988 3627 2150 3681 collo-

557 3712 790 3780 quendo,
816 3711 1015 3782 largius
1041 3714 1109 3768 de
1131 3713 1216 3768 his
1241 3713 1450 3768 valeant
1475 3726 1827 3786 pertractare,
1850 3725 1904 3772 et
1927 3715 2150 3773 allluen-

556 3801 666 3854 tius
710 3801 776 3854 ad
813 3803 1060 3857 consulta
1106 3804 1313 3874 singula
1360 3808 1704 3875 respondere.
1747 3808 2150 3864 Nortmannicze

557 3895 733 3964 gentis
773 3895 1036 3964 procellas
1062 3935 1078 3962 ,
1123 3899 1316 3966 quibus
1359 3899 1636 3953 asserebat
1688 3915 1748 3954 se
1800 3903 2105 3969 perturbari
2131 3945 2146 3970 ,

555 3985 846 4056 plurimum
875 3987 1077 4051 dolere,
1109 3995 1164 4040 et
1192 3996 1250 4040 ut
1277 4003 1369 4043 eos
1397 3987 1602 4043 Excelsi
1627 3989 1846 4057 dextera
1869 3993 2146 4061 reprimat,

557 4078 924 4146 apostolorum
971 4081 1274 4151 principum
1325 4083 1596 4152 sullragiis
1637 4084 2146 4148 intervenientibus,

477 4207 480 4210 ι
528 4209 530 4212 .
559 4169 871 4237 implorare.
899 4172 1132 4227 Litteras
1161 4189 1289 4228 vero
1311 4189 1445 4244 quas
1480 4177 1884 4244 signiﬁcaverat
1919 4177 1986 4232 ad
2025 4193 2146 4232 eum

554 4277 654 4333 per
681 4264 940 4334 quasdam
969 4280 1233 4334 personas
1268 4268 1498 4336 primum
1535 4281 1594 4322 se
1621 4267 1909 4333 direxisse,
1959 4269 2026 4321 ad
2073 4269 2150 4337 ip—

557 4369 678 4410 sum
707 4357 926 4412 minime
943 4359 1273 4428 pervenisse.
1305 4357 1522 4414 Miserat
1545 4359 1680 4414 alias
1702 4360 1890 4426 etiam,
1923 4375 2020 4430 pro
2045 4361 2150 4414 hac

467 4477 472 4482 -
505 4489 508 4492 .
557 4445 748 4501 eadem
801 4449 1008 4518 synodo
1037 4447 1376 4504 celebranda
1403 4490 1418 4513 ,
1479 4450 1688 4519 pridem
1717 4451 1869 4504 huic
1929 4465 2146 4521 quoque

2256 1905 2430 1960 neque
2461 1891 2619 1944 aliter
2656 1889 2852 1943 ibidem
2884 1889 3219 1958 episcopum,
3253 1888 3356 1942 nisi
3395 1896 3456 1942 ut
3493 1887 3636 1942 sacri
3675 1903 3813 1942 eam»

2255 1999 2352 2035 nes
2393 1979 2604 2048 jubent,
2637 1979 2895 2034 constitui
2942 1979 3126 2032 l‘aciat.
3177 1977 3534 2048 Promulgans
3579 1978 3728 2032 etiam
3761 1991 3816 2030 ac

2253 2083 2519 2137 statuens,
2549 2082 2609 2126 ut
2641 2087 2704 2126 ea
2733 2087 2853 2140 qua:
2897 2071 3038 2126 idem
3075 2070 3398 2125 venerabilis
3440 2070 3634 2139 praesul
3673 2069 3816 2123 Falco

2251 2167 2318 2219 de
2345 2167 2482 2220 villis
2505 2165 2665 2236 hujus
2691 2163 2944 2218 Ecclesia
2966 2178 3030 2217 ac
3049 2162 3400 2218 facultatibus
3422 2179 3634 2224 earum,
3655 2162 3818 2216 usibus

2251 2255 2745 2312 ccclesiasticorntn
2797 2263 3276 2316 ornamentorum,
3325 2251 3408 2305 vel
3462 2251 3814 2312 luminarium,

2255 2363 2348 2404 seu
2392 2345 2492 2402 sub
2535 2345 2818 2415 stipendiis
2853 2342 3271 2405 canonicornm,
3297 2355 3384 2404 ,ae
3433 2341 3814 2396 monachorum.

2253 2449 2416 2508 atque
2467 2434 2991 2497 sanctimonialium,
3045 2449 3140 2490 seu
3207 2432 3717 2492 matriculariorum,
3772 2440 3818 2480 et

2255 2531 2548 2600 hospitum,
2581 2528 2662 2582 vel
2705 2543 2998 2598 pauperum
3038 2526 3418 2588 emistituerat,
3457 2533 3710 2594 perpetuo
3749 2523 3816 2575 in-

2254 2621 2510 2678 convulsa
2547 2627 2923 2689 permaneant,
2950 2617 3090 2672 hanc
3131 2616 3478 2670 autoritatem
3517 2613 3599 2668 sui
3639 2613 3820 2668 decreti

2253 2715 2354 2768 sub
2413 2710 2779 2766 anathematis
2851 2707 3066 2762 vinculo
3147 2706 3507 2761 violatoribus
3571 2705 3820 2760 inundatis

2254 2805 2636 2858 corroborans.
2684 2801 3070 2871 Imperatorem
3115 2815 3330 2868 quoque
3365 2797 3650 2853 Widonem
3681 2813 3818 2852 coro-

2256 2906 2438 2950 nattnn
2479 2894 2668 2948 eodem
2715 2907 2856 2945 anno
2897 2891 3243 2960 signiﬁcans,
3287 2889 3586 2943 indictione
3613 2887 3816 2942 decima.

2255 2986 2384 3040 Item
2415 2986 2480 3038 ad
2506 2985 2674 3053 ipsius
2697 2983 2877 3036 domui
2905 2981 3156 3035 Fnleonis
3179 2981 3496 3050 petitionem
3531 2979 3674 3034 misit
3698 2977 3818 3031 aliud

2255 3081 2428 3132 vilem
2473 3076 2832 3146 privilegium,
2857 3089 2956 3142 pro
2987 3072 3314 3126 nitntasterio
3341 3073 3654 3134 Avennaco,
3679 3082 3818 3140 atque

2253 3185 2351 3236 pro
2389 3183 2453 3220 eo
2485 3165 2836 3228 monasterio,
2865 3166 3006 3231 quod
3053 3161 3313 3216 llotlulfus
3347 3163 3518 3216 abbas
3554 3165 3604 3215 in
3639 3163 3819 3216 honore

2253 3257 2420 3312 sancti
2471 3255 2667 3312 Calixti
2714 3255 2970 3323 martyris
3029 3263 3085 3308 et
3146 3269 3296 3323 papae
3366 3267 3432 3306 ex
3501 3252 3822 3308 litereditario

2253 3348 2599 3419 proprietatis
2650 3361 2760 3400 sine
2801 3344 2924 3414 jure
2983 3353 3357 3399 constructum
3415 3343 3546 3397 huic
3591 3342 3818 3398 Remensi

2253 3449 2596 3496 concesserat
2645 3437 2930 3502 Eurlesitc,
2987 3445 3096 3490 tam
3144 3436 3330 3492 eadem
3380 3437 3630 3490 cmuohia
3681 3450 3820 3504 quam

2251 3546 2440 3590 omnes
2487 3530 2859 3600 possessiones
2895 3529 3224 3584 liberalitate
3265 3527 3452 3598 regali,
3495 3527 3581 3582 vel
3617 3528 3822 3582 aliorum

2251 3625 2695 3678 Christicolarum
2727 3620 3099 3676 munificentia
3125 3621 3378 3675 Remensi
3407 3621 3637 3676 collatas
3659 3621 3822 3675 Eccle-

2250 3718 2363 3778 siae,
2389 3717 2503 3769 sive
2529 3731 2665 3784 quas
2701 3714 2838 3768 idem
2865 3713 3062 3782 praesul
3091 3713 3436 3783 acquisierat.
3473 3722 3568 3767 aut
3595 3713 3822 3781 deinceps

2251 3807 2616 3874 acquisiturus
2639 3815 2778 3869 erat,
2811 3804 2986 3858 eidem
3017 3803 3272 3859 Ecclesiae
3313 3804 3612 3874 apostolica
3658 3819 3822 3858 corro-

2249 3898 2450 3952 borans
2481 3905 2536 3951 et
2574 3894 2852 3948 stabiliens
2883 3903 3166 3963 potestate.
3201 3895 3300 3950 llic
3327 3911 3546 3964 quoque
3575 3893 3820 3950 Lamber-

2253 3997 2364 4040 tum
2389 3984 2678 4056 (Lambert.
2728 3985 2937 4055 imper.)
2965 3983 3134 4038 tilium
3165 3984 3411 4040 Widonis
3436 4000 3582 4040 anno
3607 3986 3822 4042 secundo

2251 4079 2464 4148 imperii
2513 4078 2686 4146 patris
2735 4077 2904 4146 ipsius
2953 4093 3152 4132 novum
3204 4080 3590 4148 imperatorem
3641 4079 3818 4133 factum

2249 4175 2416 4228 fuisse
2466 4173 2730 4244 designat.
2783 4173 2916 4226 Item
2975 4189 3073 4242 pro
3124 4175 3491 4230 diuzcesaneis
3551 4177 3820 4246 provincia:

2249 4265 2534 4320 Bernensis
2561 4263 2856 4333 episcopis,
2883 4264 3024 4332 quod
3059 4265 3330 4329 audierat,
3353 4281 3545 4320 eorum
3581 4267 3818 4334 quosdam

2250 4359 2408 4424 hujus
2465 4355 2864 4424 archiepiscopi
2931 4355 3012 4408 sui
3076 4355 3406 4410 audientiam
3471 4368 3818 4416 contemnere,

2247 4451 2492 4520 scribens
2511 4448 2711 4511 eidem,
2737 4456 2796 4501 ut
2821 4463 2948 4502 suos
2969 4449 3658 4519 conveniatcoepiscopos,
3681 4460 3820 4502 caete-

557 4536 776 4604 praesuli
819 4515 1006 4593 nostro
1047 4537 1276 4604 litteras,
1303 4515 1816 4610 quam—decrevisse
1847 4555 1908 4595 se
1947 4515 2146 4596 asserit
2177 4515 2222 4573 θ
2251 4517 2432 4594 rerum
2457 4549 2670 4608 quoque
2693 4551 2831 4608 quos
2857 4539 3030 4608 ipsqu
3060 4538 3234 4612 visum
3263 4515 3430 4594 fuerit
3462 4515 3818 4610 episcoporum

465 4673 508 4679 ..
555 4627 798 4700 incipere
865 4631 1137 4686 mediante
1197 4631 1338 4688 Maio
1397 4647 1623 4697 mense,
1687 4633 1996 4688 indictionis
2052 4634 2146 4688 de-

555 4723 734 4777 cimae.
774 4722 1072 4794 lii-quibus
1125 4726 1324 4782 litteris
1383 4726 1586 4782 fatetur
1627 4726 1829 4781 Italiam
1879 4735 2005 4781 tunc
2055 4742 2143 4780 se-

509 4827 512 4830 '
555 4815 663 4868 mel
691 4825 748 4868 et
783 4817 1282 4872 secundohorriila
1335 4819 1472 4874 bella
1519 4833 1864 4890 perpessam,
1915 4827 1966 4873 et
2007 4825 2144 4890 pene

555 4916 954 4974 eorrsumptam.
1029 4908 1382 4964 Orientalium
1445 4923 1574 4965 vero
1633 4912 1862 4980 partium
1931 4927 1990 4965 se
2045 4912 2142 4965 de-

471 5009 476 5014 '
557 4993 689 5048 ﬂere
741 5007 994 5052 vesanam
1039 4999 1287 5054 haeresim
1345 5003 1398 5054 in
1439 5001 1710 5057 Christum
1765 5003 1950 5059 Jesum
2001 5005 2154 5059 blas-

557 5084 832 5153 phemiam
895 5091 1260 5146 continentem
1321 5091 1404 5164 [j,
1475 5093 1907 5165 conjicientem].
1981 5093 2144 5149 Mittit

555 5191 604 5245 ei
655 5189 918 5250 praeterea
971 5185 1200 5254 petitum
1255 5199 1418 5253 super
1475 5185 1796 5256 quihusdam
1845 5187 2144 5254 praestariis

553 5279 1368 5354 privilegium,commemorans
1408 5280 1624 5331 beatum
1661 5276 1960 5346 Remigium
1996 5275 2140 5345 genti

2247 4633 2532 4702 collegium
2573 4633 2869 4686 convenire
2911 4631 3211 4694 denuntiet,
3237 4639 3296 4684 ιιι
3317 4633 3386 4684 de
3414 4642 3570 4688 tanto
3601 4633 3820 4702 neglectu

2247 4722 2489 4794 synodali
2517 4722 2678 4778 simul
2704 4723 2919 4777 actione
2943 4725 3281 4792 perquirunt,
3305 4733 3358 4778 et
3391 4726 3658 4794 quidquid
3677 4737 3820 4794 opor-

2249 4819 2412 4872 tuerit
2448 4815 2707 4871 canonica
2747 4825 2912 4884 atque
2951 4815 3244 4884 apostolica
3281 4817 3476 4870 muniti
3513 4811 3824 4872 auctoritate

2247 4907 2562 4970 decernant,
2599 4904 2917 4974 subjiciens,
2946 4914 3006 4958 ut
3045 4921 3204 4960 nemo
3233 4921 3262 4958 a
3296 4917 3402 4960 tam
3435 4903 3548 4961 Deo
3583 4908 3738 4978 digno
3773 4921 3824 4958 se

2249 4998 2532 5052 subtrahat
2581 5013 2778 5068 opere,
2827 4997 2920 5067 qui
2969 4997 3286 5067 apostolica:
3339 4997 3512 5066 ipsius
3569 5001 3822 5068 particeps

2248 5089 2479 5143 voluerit
2528 5089 2925 5144 communionis
2975 5089 3228 5142 existere.
3281 5088 3415 5142 Item
3465 5103 3566 5158 pro
3597 5092 3817 5144 erectio-

2249 5195 2316 5234 ne
2341 5179 2520 5233 [(aroli
2547 5179 2660 5251 (2‘2)
2685 5181 2752 5233 ad
2781 5181 3020 5249 regimen
3054 5180 3224 5248 regni,
3251 5193 3412 5246 quem
3439 5181 3672 5235 domnus
3693 5183 3818 5234 idem

2251 5269 2414 5324 Falco
2445 5272 2510 5323 ad
2545 5273 2747 5340 regium
2789 5273 2998 5326 culmen
3031 5273 3208 5325 adlmc
3234 5287 3461 5340 puerum
3491 5283 3814 5342 provexerat.

2755 5363 2792 5376 Λ
2819 5363 2830 5376 I
