3904 5396
181 319 269 376 269

705 311 1049 371 HISTORHZ
1091 308 1445 368 ECCLESIE
1489 307 1736 367 BEMEN!

1870 306 2050 365 unm
2088 307 2445 391 nonnon.
2486 343 2557 354 —
2594 310 2727 370 Lm.
2768 314 2859 370 tv.

3287 322 3394 380 εἴθ

185 445 337 506 regem
360 430 588 486 Odonem
619 430 830 484 litteras
863 445 988 482 suas
1029 428 1171 482 idem
1200 441 1336 497 papa
1367 424 1715 494 delegaverit.
1747 435 1794 492 Α
1822 423 1968 476 rolns
1998 440 2121 479 cum
2160 425 2335 481 valido
2359 427 2632 481 exercitus
2662 438 2919 498 apparatu
2949 428 3246 488 adveniens
3274 448 3399 491 eum

184 535 231 579 ut
261 525 322 579 ab
350 516 544 577 illicitis
588 521 877 581 recederet,
904 536 1003 574 nec
1043 521 1293 573 eumdem
1333 532 1513 587 regem
1551 515 1722 570 Κειτο-

184 615 293 677 lum,
321 612 396 665 vel
420 626 643 682 quaeque
677 610 844 679 ipsius
863 617 1071 673 essent.
1116 607 1419 674 infestaret,
1450 606 1725 662 inducias-

183 722 269 775 que
290 704 398 759 belli
428 702 719 757 dill‘erendo
744 700 919 764 daret.
946 701 1119 755 donec
1156 700 1296 754 idem
1329 698 1526 771 prresul
1557 698 1722 753 Falco

182 796 375 856 scilicet.
401 793 743 863 apostolicam
771 792 955 846 sedem
985 790 1133 845 adire
1157 790 1420 845 studeret.

752 898 984 959 CAPUT
1018 896 1104 955 lii.

239 996 354 1065 Qui:
400 992 643 1050 Franciw
700 994 1038 1116 quipiam:an
1075 986 1407 1062 primatibus
1455 990 1650 1061 scripta

815 1079 1015 1116 convert
1045 1100 1060 1116 .

815 1079 1060 1134 egerem.

236 1158 349 1212 Item
376 1157 440 1211 ad
469 1155 927 1225 archiepiscopus.
952 1164 1003 1207 et
1034 1161 1261 1208 cmteros
1285 1153 1568 1225 episcopos
1598 1152 1726 1208 Gal-

183 1248 366 1309 liarttm.
401 1261 628 1300 monens
672 1253 730 1297 ut
772 1242 1095 1297 conveniant
1140 1251 1302 1312 atque
1342 1251 1726 1298 comntnncant

180 1339 393 1394 eumdem
421 1349 600 1408 regem
626 1335 890 1397 Odonem,
929 1348 997 1387 ne
1023 1333 1206 1389 illicita
1245 1344 1644 1403 perpetrentur.
1672 1343 1727 1391 et

180 1446 236 1483 ne
258 1429 412 1483 aliena
445 1436 793 1495 usurpentur.
819 1424 913 1479 sed
949 1424 1148 1479 bellum
1187 1427 1427 1488 sedetur,
1458 1435 1514 1479 et
1548 1427 1727 1482 omnis

181 1519 363 1574 hostilis
386 1518 674 1573 commotio
700 1516 964 1585 sopiatnr,
992 1516 1077 1571 vel
1104 1516 1344 1571 inducia:
1381 1518 1526 1582 belli,
1558 1519 1727 1573 donec

183 1606 317 1662 Falco
352 1606 574 1661 Romam
595 1647 609 1669 ,
657 1620 754 1659 ceu
800 1604 1006 1659 dictum
1050 1613 1156 1669 est,
1188 1607 1370 1669 adeat.
1405 1606 1723 1672 edicantur;

182 1698 356 1767 ipsique
388 1697 640 1751 studeant
679 1695 896 1749 interim
940 1703 1137 1749 cuncta
1182 1693 1420 1754 dili‘erre.
1447 1706 1506 1751 et
1536 1711 1724 1767 pacem

1822 513 1893 567 ab
1939 516 2159 571 obsessa
2219 516 2437 572 civitate
2491 520 2801 590 depelleret.
2855 520 3177 593 Signiﬁcans
3232 526 3400 581 etiam

1822 606 1963 675 quod
1992 605 2263 662 Robcrtus
2287 607 2448 662 homo
2476 610 2679 665 Amulli
2708 627 2773 666 ex
2803 614 3054 681 parochia
3088 616 3398 672 Herimanni

1821 697 2162 752 Coloniensis
2207 700 2467 769 episcopi,
2505 714 2590 754 res
2643 700 2800 769 lnq’ns
2847 703 3101 761 Ecclesia:
3145 706 3406 764 inrasetit

1822 801 1888 842 ac
1928 787 2234 856 diripuerit,
2263 791 2438 843 donec
2483 805 2605 844 eum
2633 791 2682 844 vi
2722 808 2786 844 ac
2836 795 2879 846 si
2915 809 3104 849 canem
3159 798 3402 853 rabidum

1823 879 1891 931 ab
1965 894 2159 932 earnm
2229 880 2600 935 devastationc
2673 884 2949 952 repuicrit.
3007 885 3081 940 De
3138 903 3244 957 quo
3307 905 3407 959 pe-

1825 966 1910 1031 tit,
1938 977 1997 1021 ttt
2019 968 2123 1022 nisi
2148 969 2458 1023 admonitus
2489 972 2797 1041 resipncrit.
2826 978 3165 1031 auctoritatis
3193 989 3407 1048 aposto-

1823 1055 1942 1112 lica:
1966 1060 2237 1113 sententia
2264 1058 2507 1114 feriatur.
2532 1060 2627 1117 llis
2649 1077 2707 1117 se
2730 1065 3223 1132 pertttrbationitms
3252 1070 3400 1138 regni

1825 1147 2126 1213 obsessum,
2169 1149 2500 1219 impossibile
2540 1152 2657 1207 fore
2696 1154 3010 1222 significans
3037 1156 3103 1209 ad
3131 1156 3248 1224 ejus
3275 1174 3408 1228 apo-

1826 1240 2072 1296 stolicam
2098 1256 2155 1296 se
2181 1258 2479 1311 properare
2515 1246 2879 1314 prasentiam,
2906 1248 3033 1300 dum
3068 1262 3284 1317 semper
3311 1264 3409 1303 ex.

1826 1341 2098 1400 spectetur
2121 1332 2339 1396 bellum,
2369 1349 2467 1387 nec
2495 1334 2651 1388 aliter
2674 1351 2832 1406 posse
2866 1352 2952 1390 res
2972 1338 3120 1409 regni
3158 1338 3407 1407 componi

1826 1420 2118 1476 credantur
2166 1421 2187 1494 [
2202 1422 2255 1492 j.
2290 1424 2583 1497 credatur]
2613 1443 2627 1479 :
2656 1428 2751 1480 sed
2796 1426 2907 1496 ipse
2949 1443 3165 1498 semper
3207 1429 3402 1483 bellum

1827 1509 2117 1577 distulerit,
2151 1527 2259 1567 non
2292 1516 2435 1584 quod
2463 1516 2769 1581 inferiores,
2800 1520 2880 1573 vel
2923 1522 3157 1590 impares
3187 1520 3407 1584 fuerint,

1829 1609 1923 1654 aut
1948 1602 2014 1656 de
2040 1601 2238 1671 injusta
2265 1620 2429 1661 eausa
2455 1608 2838 1685 dubitaverint,
2867 1614 2961 1666 scd
2988 1628 3058 1667 ne
3089 1614 3231 1669 vires
3259 1616 3410 1685 regni

1829 1690 1986 1746 bellis
2015 1694 2234 1757 attritas.
2260 1684 2591 1765 paganorum
2620 1700 2977 1768 proderentur
3019 1684 3408 1759 invasiouibns.

180 1804 233 1842 ac
281 1787 640 1843 unanimitatis
688 1784 1034 1841 concordiam
1091 1800 1364 1841 recreare.
1413 1785 1547 1841 Item
1603 1786 1727 1841 huic
1758 1796 1801 1854 Β
1831 1779 1984 1836 Unde
2013 1784 2139 1839 dato
2179 1784 2380 1854 placito
2412 1788 2550 1842 inter
2580 1805 2636 1844 se
2676 1791 2898 1846 dextras
2938 1795 3248 1848 securitatis
3274 1794 3412 1849 invi-

179 1894 359 1950 quoque
387 1879 491 1949 regi
522 1877 747 1941 Karolo,
787 1892 1082 1947 congruam
1124 1876 1365 1948 dirigens
1403 1876 1730 1932 admonitio-

183 1986 302 2032 nem.
327 1970 540 2038 ejusque
584 1967 970 2037 congratulans
1013 1968 1323 2023 eininentia:
1363 1978 1526 2037 atque
1566 1967 1729 2023 devo-

182 2061 307 2124 tioni,
329 2076 481 2131 quant
519 2075 618 2114 rex
659 2058 801 2113 idem
836 2073 895 2113 se
931 2057 1336 2128 signiﬁcaverat
1375 2072 1501 2129 erga
1543 2059 1728 2113 sedem

184 2150 498 2220 apostolicam
528 2163 744 2221 gerere,
776 2146 1016 2217 qualiter
1053 2148 1104 2202 ei
1149 2148 1222 2202 sit
1269 2148 1321 2201 in
1363 2162 1531 2216 regno
1565 2162 1730 2217 agen-

183 2246 285 2297 dmu
340 2244 650 2305 succincte,
716 2240 1002 2310 lncideque
1082 2237 1421 2305 demonstrat
1484 2256 1498 2268 ·
1570 2254 1729 2307 quem

184 2335 396 2400 petierat,
421 2332 467 2388 ei
505 2346 704 2403 panem
739 2330 1081 2385 benedictum
1111 2343 1210 2397 pro
1238 2329 1462 2398 pignore
1488 2328 1730 2393 mittens,

181 2424 300 2477 etde
333 2425 518 2479 itinere
560 2420 772 2494 praefati
818 2420 1066 2491 praesulis
1099 2420 1270 2473 nostri
1295 2419 1365 2472 ad
1388 2418 1571 2472 sedem
1597 2432 1731 2488 apo-

182 2515 388 2569 stolicam
426 2531 681 2570 monens.

236 2606 398 2662 Eidem
439 2622 663 2679 quoque
699 2608 900 2663 domno
941 2604 1163 2660 Fulccni
1207 2604 1420 2659 litteras
1451 2620 1577 2658 suas
1606 2602 1731 2658 diri-

182 2713 314 2767 gens.
362 2700 470 2755 inec
524 2700 839 2769 supradicta
893 2699 960 2752 ad
1009 2698 1321 2768 przcmissas
1368 2713 1631 2768 personas
1676 2712 1735 2751 se

183 2792 444 2845 destinasse
494 2792 703 2860 scripta
762 2799 1191 2852 cmnmemorat,
1252 2790 1423 2861 ipsius
1483 2788 1736 2843 videlicet

182 2886 508 2953 suggestione,
538 2885 611 2938 de
641 2898 774 2954 pace
799 2883 880 2937 vel
906 2882 1142 2937 induciis
1164 2881 1292 2936 belli
1326 2881 1468 2936 inter
1492 2879 1733 2937 Odonem

182 2986 223 3029 et
248 2976 482 3031 liarolnm
524 2967 840 3031 dill‘eieudz.
869 2975 1003 3029 item
1039 2973 1230 3029 scribit
1268 2973 1369 3043 ipsi
1401 2987 1497 3043 pro
1530 2974 1738 3028 discor-

183 3070 250 3122 dia
288 3069 529 3134 sedanda,
570 3062 736 3138 quam
775 3068 1018 3122 audierat
1051 3065 1411 3121 insurrexisse
1439 3080 1537 3134 pro
1564 3064 1737 3119 Mani-

1825 1886 1946 1927 cem
1992 1890 2161 1945 usque
2206 1877 2272 1931 ad
2317 1886 2527 1949 tempus
2562 1880 2883 1950 praefinitum
2928 1884 3196 1949 dederint,
3224 1896 3276 1938 et
3312 1902 3418 1940 ca:-

1830 1970 1965 2016 tera.
2007 1962 2139 2018 item
2191 1980 2292 2034 pro
2336 1968 2529 2022 eodem
2578 1984 2703 2039 rege
2747 1968 2945 2024 Kamlo
2988 1981 3042 2026 et
3088 1973 3415 2043 imperatore

1827 2052 2126 2111 Lantberto
2163 2056 2302 2128 (25),
2333 2060 2632 2128 gratiarum
2684 2059 2924 2118 referens
2963 2063 3225 2131 actiones,
3256 2067 3412 2135 quod

1830 2146 2193 2204 notilicaverit
2220 2150 2322 2205 sibi
2355 2153 2421 2206 de
2454 2150 2572 2222 ipso
2598 2150 2915 2218 Lantberto,
2946 2157 3117 2223 patris
3142 2170 3200 2235 se
3229 2172 3414 2213 curam

1833 2238 2054 2300 habere.
2090 2239 2291 2310 filiique
2321 2242 2630 2297 cbarissimi
2663 2243 2784 2299 loco
2820 2260 2941 2298 eum
2982 2245 3229 2314 diligere,
3255 2261 3420 2319 atque

1833 2328 2200 2387 inviolabilem
2235 2347 2359 2387 cum
2400 2348 2470 2389 eo
2511 2334 2853 2389 concordiam
2895 2351 2957 2390 se
2997 2338 3133 2391 velle
3172 2354 3414 2406 servare.

1833 2433 2111 2483 asserens,
2137 2423 2285 2491 quod
2321 2438 2426 2476 non
2458 2423 2609 2477 illum
2643 2432 2847 2478 tantum
2875 2425 3124 2494 diligeret
3155 2444 3254 2498 pro
3283 2443 3416 2484 con-

1832 2512 2210 2582 sanguinitatis
2241 2514 2661 2579 necessitudine,
2692 2532 2796 2587 qua
2831 2517 2905 2571 illi
2940 2520 3223 2575 devinctus
3253 2521 3420 2575 habe-

1834 2603 2025 2668 batur;
2062 2594 2249 2660 verum
2290 2605 2457 2660 multo
2493 2607 2684 2677 magis,
2717 2611 2840 2676 quia
2879 2607 3040 2679 lntjus
3073 2625 3223 2680 papa:
3261 2625 3421 2666 vene-

1839 2704 1988 2745 ratur
2013 2702 2069 2748 et
2098 2703 2308 2750 amator
2345 2696 2624 2751 existeret.
2668 2696 2929 2753 Precatur
2956 2709 3157 2767 autem,
3190 2710 3249 2755 ut
3276 2701 3419 2757 idem

1838 2781 2074 2838 Karolus
2120 2799 2217 2840 rex
2258 2800 2380 2840 cum
2432 2786 2691 2855 praedicto
2739 2787 3031 2844 Lantberto
3080 2790 3133 2845 in
3185 2792 3422 2847 amicitia

1830 2874 2167 2945 iungeretur,
2211 2886 2267 2930 et
2314 2875 2521 2943 Odoni,
2570 2878 2653 2932 vel
2709 2880 3023 2948 proceribus
3058 2883 3226 2954 regni
3245 2904 3267 2946 .-
3318 2899 3417 2954 pro

1836 2980 1998 3018 causa
2049 2966 2197 3036 pacis
2247 2981 2383 3036 papa
2432 2969 2725 3033 rescribat,
2777 2987 2885 3040 quo
2932 2971 3159 3027 Karolus
3207 2976 3275 3029 ad
3339 2991 3422 3028 rc-

1838 3069 2002 3123 gnum
2064 3055 2409 3110 ltmreditario
2476 3057 2577 3111 sibi
2646 3056 2770 3127 jure
2838 3061 3079 3115 debitum
3155 3066 3418 3131 prolleiat.

182 3157 296 3227 guldi
343 3159 407 3214 ab
451 3159 705 3215 Alberico
750 3164 1062 3229 perpetrata
1114 3156 1549 3225 imeremptione.
1602 3156 1732 3210 ltcm

1842 3145 1906 3198 Et
1978 3144 2225 3211 quamvis
2295 3161 2436 3201 nunc
2508 3145 2643 3219 [πη.
2698 3149 2767 3218 j.
2843 3148 3005 3223 tunc]
3054 3160 3240 3207 totum
3316 3171 3423 3208 non

183 3260 338 3317 petens
373 3251 621 3306 eumdem
662 3265 759 3320 pro
800 3248 1080 3317 cujusdam
1119 3246 1401 3303 Grimlaici
1433 3246 1608 3303 dilecti
1641 3246 1744 3302 sibi
1780 3266 1783 3267 '

187 3341 454 3396 sacerdotis
497 3340 566 3394 ad
613 3340 1003 3410 episcopatum,
1032 3336 1124 3392 ubi
1157 3351 1218 3390 se
1256 3335 1404 3390 locus
1438 3335 1742 3400 obtulisset,

185 3432 505 3498 promotione.
562 3430 711 3484 Idem
766 3444 982 3501 quoque
1028 3426 1224 3498 prtcsul
1273 3425 1438 3481 Fulco
1484 3424 1744 3480 nonnulla

183 3522 375 3589 pra-fato
413 3538 564 3594 papzc
608 3531 806 3593 prazter
847 3520 1121 3591 praemissa
1173 3517 1439 3586 reperitur
1477 3516 1743 3571 direxisse

181 3614 371 3685 scripta.
402 3623 512 3669 tam
565 3627 668 3684 pro
714 3627 810 3668 sua
856 3610 1158 3674 vocatione,
1189 3624 1293 3678 qua
1338 3606 1634 3663 vocabatur
1675 3606 1743 3661 ab

183 3705 279 3771 ipso
315 3706 375 3759 ad
422 3706 611 3761 sedem
651 3702 1019 3773 apostolicam,
1055 3716 1217 3770 quam
1261 3716 1358 3770 pro
1396 3699 1742 3755 contentione

182 3810 282 3865 qtae
318 3796 637 3852 versabatur
701 3796 841 3849 inter
890 3808 1044 3864 reges
1085 3791 1325 3848 Odonem
1364 3801 1422 3847 et
1464 3791 1740 3856 Karolum,

186 3901 361 3941 necnon
387 3905 484 3959 pro
511 3887 888 3958 oppressione,
923 3902 1084 3956 quam
1114 3885 1398 3939 lletnensis
1436 3885 1743 3953 patiebatur

184 3978 414 4045 Ecclesia,
451 3993 644 4052 petens
678 3989 736 4035 ut
775 3997 931 4052 popa.
964 3981 1182 4050 regibus
1216 3979 1522 4043 scribendo,
1555 3993 1740 4047 pacem

182 4071 460 4142 imperaret.
486 4073 720 4129 Arnulfo
739 4088 951 4144 quoque
970 4071 1399 4127 Transrltenensi
1421 4071 1743 4126 auctoritate

184 4165 445 4230 apostoiica
471 4164 816 4237 prmciperet,
843 4179 910 4218 ne
936 4161 1114 4218 Κειτοιί
1144 4176 1363 4230 regnum
1395 4154 1747 4230 inquietaret,

186 4256 293 4320 quin
318 4258 493 4326 potius
522 4256 576 4311 ei
620 4254 823 4310 auxilio
850 4263 1011 4315 esset.
1046 4261 1105 4307 ut
1141 4252 1498 4323 propinquum
1526 4242 1747 4322 propin¥

184 4360 277 4412 quo
300 4346 528 4403 deceret.
554 4343 733 4401 Odoni
782 4359 910 4400 vero
942 4333 1224 4399 mandaret
1250 4359 1317 4398 ne
1348 4356 1570 4414 regnum
1601 4341 1744 4398 istud

187 4433 415 4491 invadere
444 4444 537 4491 aut
574 4432 868 4505 deprzedari
898 4441 1252 4503 praesumeret
1282 4449 1296 4485 :
1323 4432 1466 4502 quod
1498 4431 1542 4486 si
1580 4430 1744 4486 aude-

187 4526 275 4588 τθιὲ
301 4527 605 4596 apostolica:
634 4525 779 4581 sedis
807 4525 1129 4581 sententiam
1169 4522 1563 4578 reformidaret.
1607 4506 1819 4578 item‘D

188 4613 291 4681 quia
333 4628 450 4688 post
493 4615 917 4673 admonitionem
963 4613 1130 4684 ipsius
1163 4626 1317 4683 papae
1351 4626 1449 4666 nec
1484 4610 1741 4667 Arnulfus

189 4708 272 4759 arb
292 4709 381 4763 tati
422 4705 605 4764 Κειτοιί
647 4705 937 4763 subvenire
972 4703 1160 4768 voluit.
1187 4714 1292 4758 nec
1330 4700 1445 4757 Odb
1485 4717 1515 4756 a
1551 4704 1753 4773 perva-'

191 4796 319 4851 sione
345 4800 517 4867 regni.
549 4797 773 4869 rapinis,
804 4810 867 4851 ac
895 4794 1306 4865 depopulatione
1340 4797 1591 4849 cessavit.
1634 4796 1741 4851 Sed

190 4897 237 4941 et
267 4888 514 4946 Arnulfns
559 4904 644 4945 res
694 4888 948 4944 Ecclesiae
978 4886 1264 4941 “emensis
1310 4893 1420 4938 tam
1458 4900 1571 4950 eas,
1606 4900 1741 4955 quas

192 4976 474 5049 aliquandiu
526 4978 721 5046 injuste
768 4977 1012 5033 sublatas
1055 4976 1152 5047 ipsi
1200 4975 1542 5038 restituerat.
1582 4992 1743 5046 quam

193 5077 270 5116 eas
287 5067 465 5133 etiam,
493 5083 612 5137 qme
655 5058 933 5136 nunquam
980 5064 1128 5133 prius
1169 5065 1462 5120 subtracta:
1507 5063 1741 5131 fuerant,

196 5152 407 5218 abstulit.
432 5156 503 5210 ob
550 5157 599 5211 id
638 5153 1039 5219 tantummodo,
1078 5154 1201 5222 quia
1242 5153 1585 5207 temerariam
1627 5152 1744 5222 ejus

196 5241 499 5301 inversionem
551 5246 778 5319 [Papir.,
813 5242 1138 5313 jussioncm)
1165 5244 1251 5299 hic
1276 5241 1473 5313 prtesul
1505 5243 1745 5313 recipere

196 5337 395 5366 ῇΑΙ-...β-ξ.
449 5341 512 5366 ι’.
550 5346 674 5366 ιαμ-Δ
705 5342 825 5366 n1-
866 5336 1033 5366 1|:Iv:‘l:

1056 5354 1135 5366 nm
1165 5339 1206 5366 π
1218 5355 1297 5366 ...ιε
1308 5351 1489 5366 Αηοιιιὶὶ
1522 5337 1718 5366 σι’-ρηιὶη
1728 5363 1746 5366 Α

449 5341 512 5366 ι’.
550 5346 674 5366 Α-.-]
705 5342 825 5366 n1-
866 5338 1047 5366 ιιῗυζιοῗι

1842 3249 2024 3309 posset
2065 3240 2342 3309 suscipere
2391 3255 2648 3310 regnum,
2687 3241 2879 3298 saltem
2930 3256 3136 3314 partem
3186 3247 3421 3317 aliquam

1843 3329 2035 3385 honori
2081 3345 2181 3386 suo
2228 3332 2590 3403 condignam,
2648 3334 2995 3398 concorditer
3039 3345 3096 3391 et
3137 3335 3286 3407 juste
3341 3356 3428 3392 re-

1841 3436 2007 3492 gnum
2049 3421 2355 3485 dividendo,
2398 3424 2475 3479 illi
2513 3436 2858 3483 conservent.
2901 3428 3241 3500 Subjungcns
3277 3440 3426 3485 actu-

1843 3527 1962 3566 rum
2014 3528 2073 3568 se
2110 3514 2254 3583 quod
2304 3514 2405 3570 sibi
2453 3517 2782 3586 apostolicus
2825 3519 2967 3573 idem
3012 3518 3246 3588 pontifex
3288 3536 3428 3589 pra»

1842 3613 2063 3673 ceperat
2112 3620 2277 3676 super
2332 3612 2828 3677 transgtcssoribus
2879 3619 2936 3665 et
2988 3628 3264 3667 sacrorum
3312 3615 3429 3668 vio-

1843 3692 2109 3749 latoribus
2173 3695 2477 3762 lliclrardo,
2548 3698 2826 3765 latrasse,
2902 3710 3061 3772 atque
3126 3703 3424 3773 llatnponc.

1843 3802 1963 3843 mox
2019 3800 2075 3841 nt
2125 3790 2473 3859 coepiscopos
2531 3807 2658 3847 suos
2697 3796 2750 3846 in
2810 3809 2976 3847 untun
3033 3795 3422 3861 potucritcon-

1842 3894 2085 3948 gregare.
2162 3879 2217 3932 ιιι
2291 3889 2499 3934 tantum
2579 3896 2713 3951 papa
2780 3883 3094 3948 rcmandet,
3167 3887 3421 3954 quoniam

1840 3977 2043 4023 aeterno
2081 3967 2200 4024 illos
2216 3970 2588 4024 .anatbematis
2616 3971 2831 4025 vinculo
2876 3974 3249 4040 innodaverat.
3286 3978 3330 4031 si
3361 3976 3428 4031 li-

1842 4068 1962 4114 ceat
2004 4060 2083 4114 eis
2112 4060 2180 4115 ad
2214 4060 2587 4130 ptenitentiam
2630 4065 2910 4118 conversis
2949 4065 3151 4133 aliquid
3184 4067 3425 4137 impendi

1842 4138 2247 4219 misericordias,
2291 4152 2376 4207 vel
2420 4167 2515 4209 eos
2546 4154 2615 4207 ad
2659 4155 3030 4223 paenitentiam
3075 4159 3294 4229 suscipi.
3327 4142 3425 4215 seu

1843 4246 1967 4316 quis
1994 4246 2189 4315 modus
2220 4246 2388 4317 ipsius
2417 4260 2539 4303 esse
2564 4246 2757 4303 debeat
2786 4249 3134 4319 poenitentiae.
3169 4251 3245 4305 De
3264 4250 3430 4307 liam-

1842 4354 1984 4411 pone
2009 4354 2140 4395 vero
2169 4349 2466 4400 asseverat.
2493 4340 2618 4411 quia
2651 4339 2704 4395 in
2730 4340 2900 4398 solum
2929 4340 3283 4398 Teutboidum
3313 4345 3428 4416 epi-

1844 4445 2065 4501 scopum
2089 4446 2215 4486 reus
2242 4431 2522 4495 existeret,
2546 4430 2675 4486 nihil
2715 4431 2887 4502 culpa:
2908 4433 2962 4487 in
2991 4431 3289 4490 Walterum
3333 4435 3432 4492 Se-

1846 4536 2136 4578 nonensem
2181 4521 2497 4587 admiserat,
2552 4524 2619 4577 ad
2667 4536 2827 4591 quem
2868 4525 3428 4604 comprehendendum

1846 4631 1947 4670 nec
1967 4627 2204 4684 presens
2226 4610 2428 4677 fuerat,
2445 4627 2544 4667 nec
2563 4615 2910 4684 adjutorium,
2926 4616 3007 4670 vel
3024 4632 3345 4674 consensum
3362 4620 3431 4674 ad

1848 4705 1899 4760 id
1929 4705 2194 4775 agendum
2220 4702 2539 4775 praebuerat.
2572 4703 2703 4757 Item
2747 4719 2843 4773 pro
2886 4704 3172 4763 Herilando
3209 4707 3433 4763 Tama-

1846 4797 1998 4853 nensi
2028 4796 2302 4866 episcopo.
2332 4795 2485 4865 cujus
2511 4794 2787 4865 episcopio
2827 4813 2857 4851 a
2884 4796 3233 4853 Nortmannis
3262 4800 3420 4868 depo.

1850 4888 2052 4961 palato.
2091 4902 2216 4941 eum
2256 4886 2579 4943 necessitate
2623 4894 2847 4956 cogente
2885 4888 2953 4943 ad
3001 4904 3060 4945 se
3104 4891 3434 4952 venientem,

1847 4981 1987 5036 sicut
2034 4978 2350 5049 oportebat,
2404 4987 2742 5048 susceperat,
2790 4992 3063 5049 quemque
3102 4980 3436 5037 visitatorem

1847 5069 2058 5125 cuidam
2099 5068 2333 5125 viduatae
2381 5066 2638 5124 Ecclesia:
2664 5068 3047 5137 constituerat,
3068 5062 3144 5123 ἷιι
3170 5068 3445 5123 visitando

1848 5158 2297 5216 sustentationem
2353 5159 2592 5226 interim.
2620 5160 2747 5214 dum
2795 5161 3080 5231 cpiscopus
3108 5159 3178 5215 ibi
3210 5158 3433 5211 ordina-

1848 5261 2022 5314 retur,
2042 5265 2109 5304 ex
2135 5249 2224 5305 illa
2250 5258 2489 5322 caperet.
2518 5249 2588 5305 At
2616 5251 2740 5321 quia
2769 5249 3015 5305 homines
3037 5244 3270 5320 praefata:
3309 5243 3441 5298 Taro

3391 5334 3400 5344 Ι

1850 5339 2115 5366 -..Ασιηυιιιξη
2164 5339 2435 5366 κη-Αηιιεω
2468 5338 2763 5366 Ιιη-Ι.....2ιι..ε
2800 5337 3117 5366 .-:.l..l.nno.uo
3142 5346 3263 5366 ΔΩΩΛ
3304 5331 3400 5366 far,
