3904 5396
459 296 571 376 (τι
1090 296 1093 297 ί
1523 314 1911 373 ιἰυυοειιιιη
1953 320 2019 373 ω

2122 315 2268 372 mea
2308 314 2647 390 acamas
3620 324 3710 380 ετξ
3852 296 3863 443 ‘I

460 404 539 501 sia
563 409 878 507 subrogare,
916 429 1007 505 qui
1052 429 1327 500 acceptior
1348 432 1585 500 propter
1632 430 1964 501 parentelam
1992 440 2049 486 et
2076 434 2120 493 Α
2153 432 2466 497 termiserit,
2487 434 2804 488 cononicam
2853 435 2906 489 in
2949 448 3072 490 eum
3104 436 3245 493 ferre
3279 447 3600 495 sententiam
3630 441 3711 494 Itll-
3854 404 3863 513 ἶ

2145 519 2291 582 nime
2329 524 2661 579 retractabit.
2697 524 3022 581 Rescribens
3046 537 3229 582 antem
3271 529 3361 583 hic
3400 530 3710 586 venerabilis

458 524 714 597 linguam,
743 522 794 577 in
839 520 1027 578 eodem
1056 519 1176 576 loco
1199 529 1377 590 posset
1424 522 1679 577 existere.
1721 522 1871 593 idem
1913 537 2046 576 vero

457 626 591 689 papa
624 612 930 667 rescribens
977 612 1048 675 ei,
1075 611 1325 668 laudibus
1371 611 1569 666 attollit
1610 611 1861 667 eumdem
1906 628 2043 668 con-

456 703 734 779 gratulans
761 702 877 773 ejus
914 703 1183 758 dilectioni
1233 714 1397 775 atque
1444 702 1793 759 sollicitudini
1825 743 1841 768 ,
1880 718 2044 774 quam

455 794 680 867 gerebat
727 811 854 865 erga
908 795 1258 867 Lantbertum
1310 795 1733 866 imperatorem,
1774 796 1841 851 de
1888 794 2044 865 cujus

458 888 716 949 ﬁdelitate
740 898 793 943 et
822 887 1117 942 stabilitate
1146 896 1328 943 monet
1356 902 1480 942 eum
1518 902 1735 958 semper
1764 886 1879 951 ﬁeri
1903 887 2045 942 solli-

456 979 647 1040 citum,
675 977 839 1033 veluti
873 978 1359 1048 consanguinitatis
1381 979 1768 1048 pr-Opinqnutn,
1791 994 2043 1045 asserens

456 1066 515 1129 se
550 1082 672 1122 cum
696 1068 811 1139 ipso
843 1078 1046 1122 tantam
1077 1068 1227 1136 pacis
1250 1077 1305 1123 et
1337 1068 1642 1124 dilectionis
1673 1069 1873 1124 habere
1912 1084 2043 1126 con-

453 1159 716 1224 cordiam,
748 1167 800 1211 nt
833 1168 1101 1227 nequeant
1144 1158 1321 1229 aliqua
1344 1158 1455 1227 jam
1486 1158 1555 1214 ab
1598 1160 1827 1215 invicem
1863 1161 2042 1230 pravi-

454 1256 564 1303 tate
590 1248 815 1318 scjungi.
847 1247 1098 1315 Notilicat
1125 1265 1337 1319 quoque
1367 1248 1716 1313 llichardum,
1744 1249 2038 1307 Manasscm

452 1346 615 1406 atque
646 1335 976 1411 Rantiponem
1008 1340 1503 1409 excommunicatos
1544 1357 1572 1394 a
1607 1355 1690 1405 se,
1726 1349 1888 1409 atque
1917 1355 2041 1410 per-

450 1438 613 1503 petuo
645 1429 836 1503 ligatos
883 1430 1249 1493 anathemate,
1281 1445 1380 1498 pro
1411 1445 1480 1484 eo
1507 1430 1650 1499 quod
1697 1440 1807 1485 tam
1843 1429 2037 1485 nefan-

450 1502 667 1579 dissima
700 1518 1145 1593 perpetravcrint,
1194 1532 1251 1577 ut
1296 1522 1633 1576 Teuthl.ol.lo
1672 1521 1817 1595 [ms.,
1863 1522 2038 1577 Theo-

445 1612 647 1687 baldoj.
674 1613 995 1685 Lingoneusi
1018 1614 1288 1684 episcopo,
1315 1613 1503 1668 oculos
1530 1614 1795 1678 eruerint,
1828 1613 2035 1667 Walta-

445 1705 584 1761 rium
616 1705 1010 1771 Senonensem,
1036 1707 1249 1776 propria
1281 1707 1568 1777 depulsum
1600 1710 1751 1771 sede,
1777 1709 2035 1765 custodite

2145 609 2336 680 praesul
2380 611 2574 677 eidem,
2630 629 2792 685 quam
2827 630 3041 686 semper
3087 617 3336 672 habuerit
3389 619 3710 676 devotionem

2144 698 2287 752 circa
2314 699 2603 769 gloriosam
2645 704 2906 773 principis
2947 705 3311 776 apostolormn
3360 707 3564 769 sedem,
3588 709 3713 779 ejus-

2143 804 2249 858 que
2279 801 2499 847 sanctos
2535 794 2824 864 pnesules.
2856 796 3093 865 pandere
3138 797 3350 863 nititur,
3391 812 3642 854 asserens
3664 814 3714 855 se

2146 888 2274 935 tunc
2299 882 2467 937 variis
2510 883 2952 953 oppressionibus
2992 899 3375 956 aggravatum,
3404 904 3469 944 ac
3506 892 3716 947 diversis

2142 971 2426 1026 astrictum
2492 974 3028 1043 perturbationibus,
3102 980 3386 1047 praesentia
3463 984 3714 1050 corporali

2141 1062 2386 1129 eamdem
2417 1062 2570 1118 adire
2598 1065 2781 1119 sedem
2831 1082 2936 1120 non
2980 1066 3246 1135 valuisse;
3284 1070 3512 1126 dilectos
3550 1086 3713 1129 autem

2143 1150 2281 1207 ﬁlios
2328 1152 2487 1220 hujus
2536 1154 2789 1210 Ecclesiae
2846 1156 2978 1215 illnc
3021 1159 3353 1225 destinasse,
3401 1163 3469 1216 ad
3522 1163 3717 1219 itineris

2140 1244 2222 1299 sui
2254 1246 2587 1301 enarrandas
2612 1248 3080 1306 incommoditates
3109 1251 3227 1305 viva
3257 1268 3408 1308 voce.
3432 1254 3717 1320 Quetmlam

2139 1351 2357 1407 quoque
2399 1340 2841 1394 consacerdotem
2884 1357 3044 1395 suum
3096 1341 3165 1397 ad
3212 1341 3267 1398 id
3319 1347 3715 1415 exsequendum

2139 1442 2197 1485 se
2227 1428 2510 1484 direxisse.
2543 1428 2701 1483 Plura
2750 1445 2809 1484 se
2852 1429 3090 1486 scribere
3142 1446 3247 1486 non
3297 1436 3715 1504 praesumpsisse,

2137 1517 2263 1586 quia
2292 1520 2522 1574 senserit
2551 1520 2602 1574 in
2628 1520 2852 1590 epistola
2885 1520 2984 1575 sibi
3012 1522 3079 1576 ab
3107 1522 3220 1590 ipso
3256 1523 3466 1579 directa
3509 1526 3642 1579 dura
3666 1543 3717 1582 se

2137 1592 2270 1665 satis
2298 1607 2600 1663 invecaione
2624 1608 2905 1664 multatum
2937 1627 2949 1663 :
2976 1621 3028 1664 et
3055 1612 3154 1666 hoc
3183 1610 3283 1665 sibi
3321 1627 3426 1666 non
3457 1614 3715 1669 modicum

2137 1698 2434 1753 incussisse
2484 1698 2821 1763 miraculum,
2871 1702 3014 1771 quod
3055 1702 3127 1756 ita
3171 1712 3296 1756 tunc
3330 1704 3522 1774 primae
3562 1705 3717 1773 ipsius

445 1798 893 1867 mancipaverint,
925 1799 1187 1851 mandans
1210 1808 1265 1852 nt
1291 1813 1473 1852 sectum
1504 1798 1569 1852 de
1611 1798 1694 1852 bis
1730 1799 1945 1863 sentiat,
1976 1807 2032 1854 et
2059 1796 2108 1855 B
2135 1788 2328 1851 lillerzn
2381 1792 2618 1863 graviter
2664 1808 2786 1846 eum
2839 1793 3201 1863 perculerint,
3236 1810 3359 1849 cum
3386 1805 3617 1850 eatenus
3657 1796 3717 1851 ab

441 1888 754 1955 convocatis
772 1888 1025 1942 omnibus
1046 1884 1398 1958 snllraganeis
1421 1889 1533 1943 suis
1555 1889 1841 1958 episc0pis,
1868 1887 2033 1944 cauo.

443 1976 626 2030 nicum
642 1991 818 2049 super
835 1976 914 2031 eis
944 1977 1085 2046 quod
1110 1988 1431 2032 exercuerat
1447 1977 1709 2045 judicium
1732 1978 1848 2048 pari
1873 1981 2032 2041 modo

441 2070 781 2123 determinet.
836 2069 968 2139 Item
1018 2069 1207 2124 scribit
1256 2069 1431 2129 cidem
1481 2071 1887 2140 archiepiscopo
1936 2088 2032 2141 pro

440 2152 731 2229 Bertbario
751 2161 983 2230 quodam
1023 2162 1359 2232 presbytero,
1388 2177 1548 2231 quem
1592 2161 1770 2218 clerus
1798 2172 1850 2217 et
1880 2163 2032 2233 plebs

439 2237 689 2333 Ecclesia}
730 2252 1139 2319 Catalauncnsis
1200 2269 1467 2317 consensu
1519 2255 1663 2324 regis
1706 2254 1907 2311 Odonis
1961 2257 2029 2312 ad

434 2345 802 2414 episcopatum
852 2344 1133 2400 dicebatur
1182 2346 1453 2415 elegisse,
1510 2362 1838 2404 succensens
1884 2350 2027 2420 quod

433 2439 580 2492 hunc
610 2445 857 2503 vocatum
889 2437 1152 2501 canonice
1196 2436 1429 2493 noluert
1469 2454 1813 2504 consecrare,
1846 2441 1940 2495 sed
1971 2441 2026 2497 in

434 2529 661 2583 transitu
687 2527 921 2583 defuncti
942 2528 1179 2598 episcopi
1204 2527 1505 2583 Ecclesiam
1534 2528 1705 2598 ipsam
1734 2527 2028 2587 Herilando

434 2613 787 2687 Tarwanensi
818 2618 1072 2688 episcopo
1098 2618 1396 2674 beneﬁciali
1428 2635 1579 2676 more
1601 2619 1874 2677 ferebatur
1901 2636 2027 2677 cono

436 2696 645 2775 tulisse.
679 2705 873 2767 Postea
914 2708 1199 2775 queindam
1230 2707 1565 2765 Mancionem
1602 2710 1875 2767 nonnullis
1916 2711 2029 2768 cri-

433 2796 669 2851 minibus
702 2794 971 2860 irretitum
1015 2798 1068 2851 in
1114 2798 1303 2853 eadem
1333 2800 1601 2869 Ecclesia,
1623 2803 1776 2869 quasi
1807 2802 2021 2872 episco-

430 2898 558 2956 pum
592 2886 943 2952 ordinaverit,
972 2901 1203 2957 cumque
1244 2889 1665 2957 pmnominatus
1706 2890 2021 2946 Bertbarius

432 2978 780 3047 apostolicam
812 2980 1149 3050 praesentiam
1187 2979 1342 3034 vellet
1381 2982 1551 3047 adire,
1595 2984 2017 3053 comprehensus

430 3069 501 3124 sit
528 3082 556 3121 a
576 3070 812 3137 quodam
834 3069 1077 3124 Conrado
1100 3071 1257 3140 lmjns
1274 3072 1454 3127 domui
1478 3072 1735 3128 Fulcouis
1759 3074 2012 3137 vassallo,

2137 1882 2222 1951 ipa
2254 1883 2381 1935 sede
2423 1881 2559 1936 nihil
2587 1881 2729 1937 aliud
2764 1883 2863 1938 nisi
2898 1884 3156 1939 mellitum
3188 1900 3252 1940 ac
3292 1885 3470 1949 dulce,
3514 1889 3717 1955 prado-

2134 1971 2441 2027 ccssoribus
2470 1973 2584 2028 suis
2611 1972 2713 2028 sibi
2739 1975 3118 2039 scribentibus,
3144 1975 3331 2030 venire
3354 1977 3717 2035 consueverit.

2134 2062 2288 2131 Quod
2317 2064 2553 2134 peccatis
2582 2076 2760 2119 tamen
2793 2064 2908 2121 suis
2944 2065 3234 2137 imputans,
3266 2076 3325 2121 ut
3352 2067 3420 2123 de
3451 2069 3597 2123 malo
3630 2084 3719 2125 suo

2133 2172 2192 2210 se
2223 2157 2416 2211 merito
2445 2158 2793 2223 contristari,
2838 2159 2918 2213 sic
2967 2160 3032 2213 de
3077 2162 3419 2229 correptione
3465 2162 3639 2233 ipsius
3665 2178 3718 2221 se

2134 2247 2338 2303 fatetur
2367 2248 2628 2305 lmtilicari
2668 2268 2681 2304 :
2714 2250 2994 2306 revolvens
3025 2252 3137 2306 fieri
3166 2254 3424 2322 potuisse,
3454 2269 3555 2309 ceu
3589 2271 3716 2326 quo-

2133 2338 2257 2393 dam
2289 2339 2535 2410 designat
2576 2341 2643 2395 ad
2678 2355 2737 2396 se
2769 2342 3033 2412 perlatum
3067 2360 3305 2409 rumore,
3332 2354 3391 2400 ut
3431 2361 3463 2400 a
3493 2348 3715 2417 quibus-

2132 2432 2255 2485 dam
2301 2432 2476 2487 minus
2514 2434 2782 2489 charitate
2810 2435 3029 2505 repletis
3067 2437 3224 2492 aliter
3255 2438 3323 2493 de
3361 2454 3424 2495 se
3457 2443 3717 2509 audisset,

2129 2536 2291 2591 quam
2344 2524 2546 2578 veritas
2598 2540 2657 2581 se
2703 2525 2947 2581 haberet.
3001 2526 3151 2583 Unde
3198 2531 3365 2599 petit,
3427 2547 3497 2586 ne
3560 2532 3718 2588 facile

2128 2611 2497 2678 hujuscemodi
2532 2614 2780 2684 personis
2807 2630 2992 2671 aurem
3021 2622 3410 2688 accommodet,
3439 2622 3619 2679 donec
3641 2624 3721 2694 (ut

2126 2704 2384 2774 scriptum
2413 2703 2519 2776 est)
2551 2721 2664 2761 rem
2693 2722 2854 2777 quam
2898 2709 3070 2764 nescit
3111 2710 3525 2782 diligentissime
3568 2714 3717 2770 inve-

2126 2795 2285 2863 eliget
2326 2795 2444 2866 (Job
2473 2798 2646 2863 xxix).
2681 2796 2991 2854 Adneetens
3018 2800 3357 2871 simpliciter,
3382 2807 3459 2859 uti
3486 2805 3557 2861 ab
3586 2806 3716 2876 ipsis

2124 2900 2261 2954 pene
2290 2884 2571 2939 cunabulis
2598 2886 2858 2942 educatus
2883 2889 3163 2946 canonicis
3198 2889 3364 2948 fuerit
3385 2892 3713 2966 disciplinis,

2123 2980 2293 3032 «linteo
2336 2994 2366 3031 a
2404 2979 2639 3049 glorioso
2684 2994 2808 3053 rege
2848 2979 3043 3035 Karolo
3073 2982 3419 3053 imperatoris
3455 2985 3717 3043 Ludovici

2125 3070 2256 3135 lilio,
2285 3070 2338 3123 in
2387 3070 2638 3139 palatinis
2681 3085 2746 3125 ac
2784 3072 3097 3128 thIIleSllClS
3136 3071 3253 3142 ejus
3281 3075 3353 3129 sit
3395 3087 3715 3146 assumptus

434 3159 499 3212 de
538 3157 773 3213 Ecclesia
804 3168 1027 3225 tractus,
1073 3172 1130 3227 et
1174 3162 1227 3216 in
1268 3162 1517 3217 exsilium
1545 3179 1641 3232 per
1670 3181 1832 3221 unum
1862 3180 2015 3221 men-
2043 3148 2092 3211 C
2121 3161 2411 3232 obsequiis.
2447 3161 2642 3232 Sicque
2672 3163 2724 3217 in
2756 3164 2875 3217 aula
2915 3162 3097 3234 palatii
3136 3180 3496 3236 perseverans
3540 3184 3715 3240 usque

433 3266 544 3309 sem
570 3240 863 3321 delegatus.
900 3250 1052 3307 Uade
1082 3262 1137 3307 et
1157 3268 1392 3310 evocans
1439 3255 1582 3312 hunc
1607 3268 1851 3313 nostrum
1881 3273 2019 3327 pra:-

426 3342 618 3407 sulem,
648 3344 864 3401 mandat
888 3358 1168 3415 expresse,
1198 3347 1291 3401 sed
1318 3344 1574 3411 fraterne,
1612 3359 1668 3403 nt
1712 3365 1867 3405 suam
1916 3351 2014 3407 de-

429 3434 704 3491 nominato
735 3443 974 3503 tempore
1013 3451 1118 3490 non
1148 3434 1364 3491 dill‘crat
1402 3436 1452 3490 ei
1484 3437 1743 3493 exhibere
1772 3453 2015 3508 pnesene

429 3523 582 3589 tiam,
614 3525 819 3594 habens
860 3542 1045 3583 secum
1088 3528 1370 3598 prmlatum
1401 3528 1762 3595 Mancionem,
1803 3540 1860 3587 et
1897 3530 2012 3600 jant

424 3614 624 3669 dictum
679 3614 1019 3681 Conradum,
1075 3632 1198 3672 cum
1264 3618 1585 3686 quibusdam
1652 3620 2014 3679 dent-minatis

421 3705 756 3781 coepiscopis
783 3707 921 3772 suis,
952 3718 1007 3763 et
1036 3716 1256 3763 uetera.

1026 3816 1252 3874 CAPUT
1293 3817 1384 3873 ιν.

423 3901 555 3970 Qua:
585 3901 879 3974 Stephanus
914 3924 1049 3975 cura
1098 3905 1341 3989 Faltoni,
1389 3919 1438 3989 et
1463 3924 1582 3980 qua
1626 3908 1797 3965 Falco
1839 3913 2009 3967 (idem

949 3994 1101 4048 prima
1132 3991 1469 4049 rescripserit.

490 4063 764 4139 Stephano
793 4057 1079 4138 (Stephano
1111 4065 1243 4141 VII)
1286 4084 1502 4142 quoque
1554 4071 1715 4147 hujus
1757 4072 2005 4137 Formosi

419 4160 718 4235 successori
746 4161 990 4216 scribens
1019 4161 1161 4225 idem
1185 4161 1411 4221 ιιυιιιιιιιι
1446 4161 1632 4230 Falco,
1663 4164 2003 4235 devotionem

416 4265 581 4321 quam
605 4264 732 4321 erga
773 4249 1072 4323 Romanam
1101 4250 1285 4305 sedem
1324 4254 1548 4325 gerebat
1588 4256 1887 4317 conabatur
1909 4272 2004 4311 os-.-

419 4341 663 4415 tendere,
696 4348 754 4410 et
788 4342 943 4415 quod,
967 4341 1151 4417 limina
1197 4344 1529 4417 creberrime
1572 4344 1837 4417 cupiverit
1866 4362 1998 4417 apo-

414 4427 678 4503 stolorum
720 4418 890 4497 adire,
935 4431 1027 4486 sed
1071 4432 1298 4487 diversis
1345 4432 1685 4507 obstantibus
1721 4434 1992 4491 discrimi-

2123 3252 2191 3323 ad
2243 3264 2481 3323 tempora
2533 3252 2880 3323 Karlomanni
2934 3254 3110 3326 regis,
3163 3254 3428 3314 Ludovici
3474 3259 3714 3329 junioris

2117 3341 2236 3413 ﬁlii,
2269 3344 2478 3412 nepotis
2506 3344 2745 3414 ejusdem
2780 3343 2991 3411 Karoli,
3019 3346 3235 3417 quando
3276 3363 3305 3401 a
3347 3349 3557 3421 sapctis
3584 3365 3711 3420 pro-

2117 3435 2306 3490 vincia:
2343 3433 2626 3490 llemensis
2658 3435 2945 3507 episcopis,
2996 3451 3201 3491 necnon
3236 3453 3265 3492 a
3294 3437 3442 3494 clero
3467 3452 3523 3496 et
3551 3441 3713 3513 plebe

2117 3524 2275 3593 hujus
2314 3524 2461 3580 urbis
2490 3524 2693 3579 electus
2730 3524 2821 3590 sit,
2853 3534 2908 3579 et
2934 3525 3219 3601 episcopus
3261 3526 3571 3585 ordinatus.
3602 3530 3707 3587 Ubi

2111 3614 2347 3684 qualiter
2377 3613 2517 3670 bane
2546 3612 2839 3669 Ecclesiam
2870 3629 3202 3686 paganorum
3241 3614 3595 3675 inl‘estatione
3623 3622 3707 3675 la-

2111 3702 2391 3757 borantem
2421 3701 2701 3775 repererit,
2745 3710 2801 3756 et
2833 3710 2893 3757 ut
2933 3718 3031 3772 pro
3062 3718 3194 3772 pace
3222 3703 3395 3773 ipsius
3424 3706 3493 3760 ad
3542 3723 3712 3777 posse

2109 3792 2473 3858 dcsudavcrit,
2512 3791 2671 3862 legati
2698 3790 2805 3858 sui,
2854 3792 2937 3848 vel
2985 3792 3212 3848 aliorum
3258 3795 3374 3850 hzcc
3404 3798 3709 3854 scientiam

2108 3884 2243 3956 petit
2281 3883 2550 3955 explorari
2583 3883 2911 3940 narratione.
2959 3883 3291 3940 Asseverans
3321 3889 3607 3957 praemissa
3641 3906 3706 3946 so

2107 3990 2214 4037 non
2244 3976 2551 4046 arrogantia
2579 3975 2872 4047 erplicare,
2903 3977 2997 4031 sed
3028 3983 3087 4030 ut
3133 3977 3365 4047 noverit,
3391 3980 3705 4049 conjiciens

2104 4063 2230 4134 quia
2260 4065 2349 4134 qui
2394 4064 2474 4120 sic
2497 4065 2786 4130 enutritus,
2816 4048 2872 4119 et
2903 4064 3081 4121 taliter
3110 4065 3272 4123 fuerit
3312 4077 3442 4125 ante
3482 4048 3703 4142 episeo-

2102 4146 2285 4227 patum
2311 4164 2681 4221 conversatus,
2705 4155 2805 4210 hoc
2833 4154 2932 4210 sibi
2956 4155 3137 4228 potius
3164 4172 3302 4214 onus
3324 4175 3491 4230 quam
3522 4163 3702 4219 bono-

2104 4260 2255 4313 rcm,
2286 4260 2393 4303 non
2423 4246 2676 4307 elationis
2722 4245 3172 4314 instrumentum,
3225 4249 3320 4305 sed
3364 4251 3701 4311 humilitatis

2101 4356 2222 4397 esse
2270 4339 2569 4396 servitium.
2620 4338 2905 4395 Subnectit
2954 4351 3166 4406 autem,
3219 4344 3364 4414 quod
3411 4344 3461 4409 si
3505 4346 3697 4420 aliqua

2068 4484 2075 4490 ,
2103 4443 2269 4500 regno
2296 4430 2447 4505 quies
2473 4443 2727 4485 concessa
2757 4428 2940 4495 fuerit,
2968 4441 3024 4485 et
3052 4432 3120 4485 ab
3145 4429 3333 4489 Odone
3368 4450 3497 4515 rege
3521 4438 3574 4494 lic
3593 4455 3697 4495 ea-

413 4538 542 4595 ῃυιιι
584 4498 787 4588 causis,
846 4523 960 4579 ιιωο
1013 4533 1139 4594 your
1188 4502 1490 4594 nequiverit
1536 4526 1870 4597 adimplere;
1904 4528 1994 4583 ubi
2024 4498 2073 4558 θ
2100 4520 2227 4595 tiam
2276 4520 2569 4587 impetrare
2614 4518 2873 4586 valuerit,
2913 4518 2980 4574 ad
3012 4519 3181 4591 ipsius
3214 4508 3568 4591 beatitudinis
3598 4542 3701 4580 ve-

416 4617 683 4688 signitlcat
709 4616 949 4672 Odonem
974 4615 1309 4673 etKarclnm
1333 4632 1487 4689 reges
1529 4618 1582 4671 in
1606 4617 1753 4687 pacis
1781 4620 1993 4673 tandem

406 4707 727 4772 ωιιευτάὶιι,
752 4722 812 4761 se
835 4708 1104 4775 studente,
1134 4721 1423 4762 connexos.
1444 4707 1550 4762 Cui
1583 4708 1863 4761 remittens
1906 4710 1993 4764 hic

412 4811 547 4866 papa
579 4797 788 4851 litteras
807 4814 961 4861 suas,
981 4814 1009 4849 a
1038 4813 1097 4852 se
1119 4798 1422 4871 suscepisse
1446 4797 1667 4863 fatetur,
1694 4798 1862 4868 ipsius
1886 4816 1991 4854 non

410 4889 728 4961 admittens,
754 4904 863 4940 tmo
886 4890 1284 4956 reprehendens
1303 4891 1730 4964 excusationem,
1759 4905 1824 4944 co
1849 4892 1990 4961 quod

410 4977 503 5032 alii
552 4977 795 5045 homines
836 4979 1076 5039 eamdem
1122 4979 1304 5033 sedem
1341 4980 1573 5046 adirent,
1615 4990 1671 5035 et
1708 4982 1821 5052 ipse
1858 4980 1990 5037 late-

409 5078 562 5124 retur
607 5067 689 5122 las
732 5067 833 5123 sibi
880 5068 1106 5123 adeundi
1153 5085 1256 5123 non
1306 5068 1470 5124 fuisse
1518 5086 1855 5127 concessum.
1889 5070 1988 5126 De-

410 5159 626 5214 nuntiat
678 5171 806 5229 ergo
864 5159 1124 5228 synodum
1177 5175 1235 5214 se
1302 5175 1398 5231 per
1447 5178 1687 5216 mensem
1742 5163 1987 5231 Septem-

408 5250 561 5306 brem
608 5248 936 5316 imminentis
991 5248 1294 5305 indictionis
1338 5252 1539 5319 quinta:
1587 5253 1809 5308 decima:
1866 5270 1988 5309 cer-

410 5341 621 5396 tissime
641 5340 915 5393 celebrare
941 5338 1236 5396 statuisse:
1275 5343 1343 5396 ad
1384 5357 1544 5396 uuam
1577 5343 1848 5396 censendo
1894 5358 1987 5396 vo-

2096 4610 2257 4679 stigia
2306 4609 2518 4663 tandem
2566 4605 2856 4677 aliquando
2896 4623 3188 4691 properare
3235 4613 3515 4680 studebit,
3552 4616 3700 4672 dum

2095 4702 2197 4756 sibi
2229 4702 2327 4755 via:
2355 4700 2648 4772 patuerint,
2679 4714 2798 4769 qua:
2839 4709 2967 4756 tunc
2996 4703 3065 4757 ab
3094 4703 3440 4760 Zendeboldo
3470 4709 3692 4763 Arnnlll

2095 4792 2239 4861 regis
2271 4792 2378 4846 lilio
2422 4801 2579 4847 erant
2620 4792 2953 4846 obstructae:
2988 4793 3078 4861 qui
3128 4793 3422 4851 Eeclesiam
3463 4814 3703 4868 quoque,

2093 4882 2415 4937 Ilemcnsem
2462 4880 2643 4937 multis
2685 4880 2953 4952 allligebat
3002 4879 3231 4949 injuriis,
3288 4900 3376 4939 res
3432 4888 3692 4957 ejusdem

2091 4972 2207 5027 suis
2236 4970 2547 5040 impertiens
2591 4970 2837 5026 subditis.
2884 4971 3049 5041 Cujus
3080 4977 3417 5044 tyrannidem
3460 4991 3707 5047 aposto~~

2092 5062 2195 5116 lim
2241 5059 2375 5130 pctit
2417 5059 2740 5115 auctoritate
2785 5062 3039 5130 reprimi,
3073 5065 3290 5131 dicens,
3318 5070 3445 5137 quia
3477 5071 3528 5125 in
3561 5081 3693 5130 tam

2092 5150 2395 5221 periculoso
2449 5158 2505 5205 et
2551 5150 3037 5206 necessitudinibus
3094 5154 3253 5223 pleno
3321 5168 3561 5230 tempore
3620 5178 3692 5219 se

2092 5258 2242 5305 sna-.n
2277 5240 2566 5296 Ecclesiam
2592 5239 2810 5294 noxium
2834 5251 2978 5296 esset
3008 5243 3284 5301 deserere.
