3904 5396
165 389 266 445 973

719 391 1064 451 HISTORIA;
1103 394 1460 453 ECCLESIE
1498 397 2058 462 REMENSISLIBRI
2099 401 2457 469 QUATL'OR.
2495 433 2566 445 —
2601 403 2730 461 LIB.
2772 405 2858 462 IV.

3316 404 3423 466 274
3439 433 3442 436 λ

167 506 346 562 Carolo
371 508 510 573 (ξι),
539 511 682 579 regis
712 511 962 568 Ludovici
991 514 1454 573 Transrhenensis
1481 518 1612 582 ﬁlio,
1640 535 1738 590 pro
1766 524 1813 582 Α
1843 522 2039 576 asserit
2067 531 2284 578 secutos
2309 540 2368 578 se
2392 523 2559 580 fuisse
2583 525 2596 590 ς
2630 528 2888 597 quoniam
2918 543 3034 584 mos
3073 543 3288 599 semper
3311 530 3426 585 fue-

169 600 318 655 tutela
355 611 411 656 et
457 603 768 658 defensione
801 608 947 678 regni
994 608 1360 674 Francorum,
1389 613 1530 680 quod
1568 613 1619 666 in
1649 613 1735 667 his

168 693 393 764 partibus
423 710 452 747 a
495 693 841 752 Nortmannls
881 699 1249 770 multipliciter
1285 703 1733 771 opprimebatnr:

167 797 397 836 asserens
446 782 597 846 illud,
628 786 926 842 auxiliante
959 789 1096 850 Deo.
1127 790 1389 846 hactenus
1420 790 1584 846 fuisse
1611 807 1738 861 pro-

171 882 376 938 tei-tum,
407 877 646 944 quandiu
673 881 847 947 patrui
874 891 930 934 et
957 882 1216 950 arquiveci
1247 883 1384 952 ejus,
1409 899 1473 938 ac
1502 884 1733 940 ﬁliorum

167 967 317 1034 ipsius
345 968 636 1038 regebatur
679 971 1064 1027 dominatione.
1091 971 1246 1028 Tunc
1289 989 1416 1030 vero
1462 975 1568 1031 illis
1618 977 1738 1030 feli-

166 1056 286 1107 citer
333 1055 565 1108 humana
607 1060 1013 1123 excedentibus,
1059 1071 1338 1131 postquam
1379 1077 1438 1118 se
1483 1079 1735 1134 proceres

169 1145 299 1213 regni
325 1143 441 1212 ejus
467 1146 734 1216 imperiali
763 1152 1148 1206 conmiserant
1194 1153 1426 1218 tuitioni,
1456 1170 1550 1209 eos
1581 1131 1734 1210 undi-

168 1254 258 1305 que
285 1255 438 1294 secus
481 1244 632 1296 tntilti
663 1255 1117 1316 superaggravent
1156 1262 1333 1302 casus.
1368 1247 1735 1318 Meinoratque

167 1330 418 1384 civitatein
454 1331 810 1399 Parisiorum,
837 1351 998 1405 quam
1051 1347 1213 1406 caput
1241 1338 1439 1392 asserit
1473 1347 1524 1391 et
1554 1339 1738 1392 introi-

169 1431 263 1474 tum
294 1438 578 1492 regnorum
603 1424 867 1481 Neustriae
889 1439 1048 1495 atque
1075 1428 1425 1497 Burgundiaa.
1453 1429 1733 1482 barbarica

166 1514 290 1584 cingi
315 1515 616 1582 obsidione,
644 1519 859 1587 citoque
879 1520 1220 1588 capiendam,
1251 1521 1351 1574 nisi
1384 1521 1472 1574 Dei
1505 1522 1736 1575 subven-

169 1610 265 1654 tum
310 1603 476 1658 fuerit
522 1604 829 1660 clementia.
880 1607 1011 1675 Quae
1060 1609 1104 1662 si
1154 1621 1310 1679 capta
1345 1609 1525 1674 fuerit,
1571 1610 1737 1664 tutius

165 1697 483 1766 dispendium
514 1701 661 1772 regni
690 1717 749 1757 se
775 1715 1155 1772 perpessuros;
1187 1714 1404 1774 tamque
1435 1705 1736 1774 periculose

169 1792 266 1845 haec
286 1791 392 1858 jam
437 1793 580 1847 mala
610 1796 867 1861 grassari,
898 1805 956 1850 ut
998 1814 1026 1849 a
1071 1798 1328 1868 przcdicta
1374 1799 1506 1852 urbe
1534 1796 1734 1852 Remos

1840 613 1949 676 rit,
2003 623 2061 667 ut
2118 629 2244 685 rege
2287 615 2581 670 decedente
2622 617 2785 672 alium
2817 619 2883 674 de
2914 619 3057 690 regia
3099 621 3269 691 stirpe
3293 646 3311 685 ,-
3338 621 3426 676 vel

1836 704 2177 758 successione
2208 746 2222 768 ,
2255 705 2373 760 sine
2399 716 2644 776 respectu
2668 708 2752 762 vel
2791 709 3213 780 interrogatione
3238 703 3425 780 cujus-

1834 810 1997 866 quam
2029 794 2254 864 majoris
2282 838 2297 861 ,
2355 807 2450 850 aut
2477 799 2800 866 potentioris
2826 802 2968 870 regis
3001 802 3284 872 eligerent.
3311 800 3426 858 Hoc

1838 900 1988 940 more
2011 886 2151 940 hunc
2181 893 2361 957 regem
2414 887 2618 941 factum
2646 889 2813 959 ipsius
2843 889 3088 947 ﬁdelitati
3111 900 3165 946 et
3198 891 3427 946 consilio

1833 976 2179 1032 committere
2208 975 2483 1033 voluerint
2509 1017 2524 1041 ,
2553 987 2612 1032 ut
2637 979 2804 1048 ipsius
2825 980 3092 1050 adjutorio
3116 993 3173 1037 et
3199 981 3424 1037 consilio

1835 1076 2082 1122 uteretur
2135 1069 2188 1121 in
2235 1069 2490 1123 omnibus
2517 1108 2532 1132 ,
2586 1080 2640 1124 et
2675 1068 2792 1137 ejus
2819 1071 3142 1126 subderetur
3169 1081 3275 1126 tam
3302 1085 3422 1137 rex,-
3477 1139 3481 1143 ι

1835 1171 1994 1226 quam
2023 1158 2332 1213 universum
2389 1174 2610 1228 regnum
2649 1161 2934 1230 praeceptis
2963 1171 3020 1215 et
3057 1162 3418 1216 ordinationi-

1837 1249 1954 1302 bus.
1994 1247 2258 1302 Prteterca
2290 1249 2433 1316 quod
2484 1250 2733 1304 audierat
2777 1250 2901 1306 huic
2936 1251 3043 1321 regi
3087 1253 3419 1322 suggestum,

1834 1339 1957 1406 quia
1995 1348 2182 1392 contra
2214 1338 2526 1393 ﬁdelitatem
2560 1340 2729 1407 ipsius
2754 1379 2768 1405 ,
2827 1349 2884 1394 et
2905 1351 3130 1410 propter
3154 1341 3427 1410 privatum

1837 1428 1939 1482 hoc
1963 1427 2134 1498 egerit
2159 1427 2504 1482 commodum
2523 1468 2539 1492 ,
2568 1428 2730 1484 infert
2751 1430 2894 1500 quod
2924 1430 3252 1485 Aschericus
3283 1428 3421 1500 ipse.

1835 1519 1926 1587 qui
1983 1519 2098 1572 haec
2137 1516 2420 1586 jactitasse
2467 1519 2782 1584 videbatur,
2811 1531 3099 1589 antequam
3137 1520 3203 1573 de
3240 1534 3300 1574 re
3319 1520 3423 1574 hu-

1830 1609 2132 1678 juscemodi
2175 1609 2378 1680 aliquid
2418 1609 2560 1665 idem
2593 1611 3032 1681 archiepiscopus
3057 1625 3220 1682 agere
3261 1623 3428 1664 conao

1833 1713 2022 1766 retur,
2064 1702 2276 1758 venerit
2307 1705 2373 1757 ad
2405 1718 2465 1757 se
2487 1744 2500 1765 ,
2539 1703 2900 1772 praesentibus
2929 1701 3218 1757 Heribcrto
3243 1710 3296 1755 et
3323 1701 3426 1756 Ee-

1838 1794 1978 1850 frido
1997 1793 2146 1868 [ms.,
2173 1795 2416 1863 Exfrido,
2445 1795 2678 1868 Erfrido]
2709 1796 3016 1858 comitibus,
3044 1805 3098 1848 et
3120 1793 3428 1856 consilium,

169 1876 319 1952 usque
349 1884 485 1938 nihil
539 1895 712 1940 tutum
751 1889 1075 1942 remanserit
1115 1905 1130 1940 :
1172 1888 1313 1942 nulla
1365 1887 1466 1943 nisi
1517 1905 1734 1958 perver-
1764 1885 1810 1944 Β
1838 1885 2108 1955 simulque
2137 1885 2396 1940 auxilium
2422 1885 2698 1954 qtnesi‘crit
2721 1927 2734 1947 ,
2763 1885 2890 1955 quid
2923 1898 3086 1956 agere
3112 1884 3334 1938 deberet
3359 1883 3427 1944 de

169 1991 326 2029 sorutn
375 1978 808 2033 Christianorum
865 1980 1223 2049 barbarisque
1277 1982 1732 2036 consentientium

170 2080 334 2120 secura
364 2067 431 2121 sit
465 2068 750 2132 habitatio,
781 2083 1013 2138 quorum
1048 2070 1223 2136 multi,
1249 2071 1611 2125 Christianam
1643 2071 1736 2126 de-

167 2164 387 2209 serentes
431 2156 788 2226 religionem,
821 2173 1151 2228 paganorum
1199 2174 1256 2213 se
1304 2162 1549 2215 Societati
1602 2176 1736 2216 con-

166 2242 461 2311 iunxerant,
507 2262 571 2302 ac
621 2250 829 2304 tuitioni
881 2252 1250 2307 subdiderant.
1302 2253 1531 2324 Scripsit
1568 2261 1622 2308 et
1669 2255 1737 2309 ad

171 2336 392 2392 eumdem
444 2339 828 2408 imperatorem
875 2358 972 2412 pro
1009 2345 1354 2413 percipiendo
1399 2361 1427 2399 a
1473 2346 1600 2399 sede
1633 2346 1739 2399 lio-

173 2444 307 2484 ntana
354 2432 539 2500 pallio,
575 2434 1002 2504 roborandisque
1047 2437 1188 2490 datis
1235 2438 1363 2491 olim
1406 2454 1434 2492 a
1480 2437 1738 2493 Romanis

173 2521 493 2588 pontiﬁcibus
523 2524 566 2578 E
600 2524 778 2580 clesia:
805 2526 1056 2582 Remensi
1088 2529 1400 2599 privilegiis.

232 2611 448 2667 Arnull‘o
479 2615 594 2686 regi
640 2615 682 2669 Τ
690 2619 1072 2673 ransrhenensi
1100 2620 1312 2675 litteras
1345 2621 1564 2676 mittens
1591 2663 1605 2686 ,
1641 2637 1739 2691 pro

175 2717 315 2756 causa
357 2708 505 2775 regis
547 2706 725 2761 ΚητοΙί
753 2749 767 2774 ,
799 2725 958 2778 quem
990 2712 1269 2779 parvulum
1304 2713 1479 2768 adhuc
1511 2723 1736 2768 tinxerat

179 2791 222 2845 in
247 2807 413 2866 regem
445 2837 460 2860 ,
498 2798 671 2852 reddit
696 2814 888 2855 causas
913 2801 1030 2871 ejus
1066 2803 1429 2870 provectionis
1453 2845 1466 2866 ,
1504 2819 1569 2860 eo
1593 2806 1738 2874 quod

175 2889 396 2945 audierat
425 2901 634 2947 motum
663 2893 828 2949 fuisse
852 2896 1093 2950 animum
1122 2898 1289 2966 ipsius
1316 2899 1523 2953 Amulli
1548 2909 1737 2954 contra

173 2994 225 3033 se
251 2995 337 3049 pro
373 2984 476 3038 hac
509 2987 910 3056 perpetratione
952 3005 965 3041 :
1007 3003 1441 3045 commemorans
1471 2992 1613 3060 quod
1642 2992 1740 3047 dc-

177 3070 375 3127 cedente
405 3065 607 3128 Karolo
636 3077 980 3146 imperatore,
1015 3080 1174 3150 hujus
1218 3082 1424 3136 Arnulli
1452 3084 1737 3150 avunculo,

177 3159 220 3212 in
254 3162 410 3231 ipsius
432 3166 642 3220 Αιγιυηί
671 3168 950 3222 servitium
986 3169 1148 3225 fuerit
1168 3172 1442 3241 profectus
1471 3215 1483 3236 ,
1515 3175 1740 3242 cupiens

1831 1979 2166 2051 jussionibns
2219 1977 2425 2034 Otlonis
2456 2019 2471 2044 ,
2500 1979 2589 2048 qui
2625 1994 2711 2034 res
2761 1976 3130 2048 importabiles
3154 1977 3202 2031 ei
3234 1973 3425 2046 praeci-

1839 2073 2040 2142 piebat.
2068 2072 2148 2126 Ex
2179 2081 2336 2142 parte
2363 2085 2578 2142 quoque
2613 2070 2844 2124 ﬁliorum
2871 2069 3116 2124 Godfridi
3139 2067 3425 2124 consilium

1841 2167 2058 2236 petierit
2099 2166 2168 2220 de
2210 2165 2385 2230 malo,
2434 2164 2576 2234 quod
2629 2164 2710 2218 eis
2738 2162 2853 2217 Odo
2899 2161 3075 2217 facere
3103 2161 3429 2225 conabatur,

1840 2266 2277 2326 regaveruntque
2324 2269 2383 2311 ut
2424 2257 2528 2310 tale
2571 2265 2734 2324 caput
2762 2254 3034 2310 communi
3069 2253 3297 2309 COIlSiliO
3321 2262 3433 2307 sta-

1841 2363 2088 2408 tueretur
2110 2393 2125 2415 ,
2152 2367 2248 2422 per
2276 2351 2418 2422 quod
2449 2350 2624 2405 securi
2667 2358 2888 2418 possent
2918 2363 3040 2403 esse
3075 2347 3272 2401 subditi
3297 2386 3313 2410 ,
3342 2346 3428 2399 in-

1841 2445 2122 2498 tendentes
2145 2442 2228 2496 vel
2253 2443 2305 2496 in
2332 2441 2644 2503 Widonem,
2684 2441 2765 2492 vel
2794 2439 2847 2493 in
2878 2438 3020 2492 hunc
3045 2437 3208 2508 regiae
3236 2449 3426 2505 prosae

1841 2533 1942 2604 piae
1972 2531 2226 2585 Karolum
2255 2570 2270 2594 ,
2301 2539 2356 2584 et
2375 2529 2533 2584 simul
2561 2528 2970 2583 considerantes
2995 2525 3087 2595 qui
3113 2526 3420 2585 adfuerant,

1841 2623 1908 2677 ad
1941 2637 2101 2691 quem
2135 2621 2327 2676 melius
2353 2620 2631 2674 attendere
2659 2619 2956 2682 deberent,
2991 2617 3165 2670 visum
3191 2614 3292 2668 illis
3317 2622 3424 2677 est,

1843 2725 2126 2786 propterea
2174 2711 2561 2780 acquireudam
2605 2710 2754 2778 regni
2785 2709 3069 2762 utilitatem
3105 2747 3120 2772 ,
3165 2714 3221 2761 et
3253 2705 3424 2776 ipsius

1840 2804 2048 2860 Arnulli
2081 2803 2376 2857 cavendam
2426 2801 2913 2863 contrarietatem,
2968 2805 3300 2868 propterque
3345 2809 3431 2860 re»

1843 2907 1989 2950 ctum
2018 2935 2033 2959 ,
2077 2909 2482 2964 congruumque
2532 2892 2664 2961 regii
2693 2891 2904 2961 generis
2932 2890 3292 2960 principatutn
3316 2928 3330 2949 ,
3364 2896 3424 2943 ut

1844 2988 1911 3041 ad
1941 2989 2086 3042 hunc
2118 2987 2375 3041 Karolum
2421 3001 2480 3039 se
2506 2991 2888 3038 conuerterent
2919 3023 2932 3046 ,
2971 2983 3256 3036 credentes
3283 2978 3426 3049 quod

1843 3076 2105 3132 Arnulfus
2134 3078 2236 3130 hoc
2260 3075 2329 3128 de
2355 3074 2657 3144 propinquo
2706 3087 2804 3126 suo
2831 3081 3041 3142 gratum
3068 3070 3311 3131 haberet,
3344 3069 3423 3138 ip-

1844 3169 1999 3238 sique
2023 3177 2079 3222 ct
2104 3180 2268 3236 regno
2317 3164 2623 3235 prtesidium
2655 3161 2836 3217 ferret.
2878 3161 3039 3230 Quod
3063 3169 3241 3214 autem
3265 3158 3421 3227 jaeti-

177 3247 275 3316 ejus
299 3255 576 3324 suscipere
604 3256 900 3310 dominium
939 3267 993 3312 et
1025 3261 1467 3330 gubernationem
1500 3280 1513 3326 ;
1545 3265 1636 3316 sed
1663 3265 1738 3332 ip-
1765 3242 1812 3305 ο
1845 3269 2015 3314 tatum
2041 3259 2304 3320 audierat,
2337 3270 2502 3309 causa
2530 3253 2778 3308 Widonis
2806 3253 2910 3308 hoc
2940 3266 3062 3306 eum
3107 3251 3300 3306 fecisse
3323 3289 3338 3312 ,
3369 3260 3428 3303 ut

176 3353 228 3393 se
261 3357 342 3396 rex
374 3359 500 3398 eum
528 3345 646 3399 sine
686 3346 790 3400 n'lo
815 3349 1042 3402 consilio
1068 3350 1149 3404 vel
1191 3351 1560 3406 consolatione
1581 3353 1736 3406 dimi-

179 3435 306 3489 serit.
337 3437 492 3492 Unde
512 3454 640 3493 eum
665 3456 762 3495 nec
783 3442 840 3495 in
867 3456 934 3497 eo
957 3443 1060 3497 sibi
1089 3458 1212 3513 spes
1231 3444 1338 3498 ulla
1364 3447 1734 3513 remansisset,

177 3536 369 3580 coactus
391 3529 464 3582 sit
488 3527 608 3597 ejus
637 3529 890 3595 hominis,
927 3533 1176 3587 videlicet
1208 3533 1412 3589 OJoais
1438 3575 1452 3598 ,
1496 3535 1740 3589 domina-

178 3623 268 3668 uun
289 3619 583 3688 suscipere,
615 3621 706 3688 qui
750 3621 819 3674 ab
867 3622 1035 3692 stirpe
1059 3624 1202 3692 regia
1241 3625 1480 3680 existens
1506 3625 1736 3691 ahenus,

177 3708 316 3774 regali
364 3711 648 3780 tyrannica
699 3711 899 3767 abusus
953 3713 1113 3767 fuerit
1154 3725 1419 3784 potestate
1452 3755 1466 3779 ,
1503 3717 1657 3786 cujus
1685 3726 1741 3772 et

177 3795 348 3852 invitus
377 3801 644 3856 hactenus
680 3802 978 3858 dominium
1009 3807 1343 3860 sustinuerit.
1385 3807 1449 3861 Et
1485 3809 1739 3877 quoniam

175 3885 312 3954 hujus
354 3892 565 3946 Arnulﬁ
618 3892 952 3949 dominatum
998 3897 1403 3963 desideraverit,
1462 3898 1739 3954 idcircoin

173 3974 321 4045 ipsius
363 3981 649 4036 servitium
699 3984 970 4050 profectus
999 3984 1180 4039 fuerit.
1208 3987 1276 4038 At
1312 3996 1594 4057 postquam
1620 3987 1738 4041 uul-

173 4065 266 4122 lum
285 4073 562 4127 consilium
589 4074 641 4127 in
671 4075 785 4142 ipso
809 4076 1048 4145 reperire
1071 4077 1257 4143 valuit,
1279 4078 1376 4132 hoc
1403 4077 1574 4132 s-nlum
1601 4079 1742 4146 quod

177 4169 388 4222 restabat
433 4170 609 4240 egerit
644 4211 654 4231 ,
709 4170 914 4240 eligens
966 4185 1088 4224 eum
1120 4187 1295 4241 regem
1324 4173 1546 4236 habere,
1580 4186 1740 4240 quem

178 4255 324 4311 solum
351 4269 472 4328 post
509 4262 683 4329 ipsum
715 4261 783 4314 de
808 4262 950 4331 regia
975 4263 1143 4330 ipsius
1172 4264 1440 4317 habebant
1463 4263 1741 4334 progenie,

177 4356 221 4398 et
239 4349 375 4417 cujus
405 4352 834 4420 praedecessores
870 4368 933 4405 ac
983 4354 1176 4405 fratres
1205 4353 1526 4407 exstiterant
1570 4366 1739 4422 reges.

181 4434 243 4488 De
259 4439 348 4494 hoc
369 4441 559 4503 etiam,
581 4441 724 4507 quod
751 4441 890 4494 idem
916 4455 1007 4494 rex
1032 4441 1084 4494 in
1105 4441 1259 4511 culpa
1285 4443 1554 4505 trahebat,
1575 4456 1743 4510 quare

181 4539 268 4578 non
294 4528 339 4581 id
368 4541 493 4584 ante
524 4530 780 4584 fecissent
809 4570 823 4591 ,
850 4531 1024 4584 reddit
1062 4533 1322 4584 rationem
1354 4571 1368 4594 ,
1398 4531 1540 4600 quod
1566 4547 1742 4600 quan-

1848 3351 1950 3404 hac
1985 3359 2103 3404 arte
2155 3348 2304 3402 illurn
2348 3345 2820 3400 subintroduceret
2869 3345 2920 3396 in
2956 3357 3216 3412 regnum.
3263 3351 3318 3395 et
3345 3338 3425 3393 di-

1845 3440 2012 3494 misso
2039 3453 2206 3509 puero
2233 3435 2451 3502 Karolo,
2475 3450 2533 3490 se
2560 3443 2791 3489 verteret
2813 3434 2879 3488 ad
2907 3432 3188 3489 \Vidoucm
3222 3450 3235 3486 :
3267 3448 3418 3486 asse-

1845 3533 1917 3587 rit
1956 3532 2123 3586 livore
2143 3529 2394 3593 invidire,
2427 3538 2618 3584 contra
2656 3543 2716 3582 se
2737 3527 2975 3582 scienter
3006 3527 3118 3581 lucc
3146 3524 3281 3578 falso
3302 3519 3430 3578 filis-

1845 3639 1904 3678 se
1927 3621 2135 3690 iactata
2161 3661 2176 3687 ,
2205 3629 2299 3674 aut
2331 3620 2494 3672 etiam
2543 3618 2684 3689 quod
2706 3617 2880 3688 qualis
2908 3629 3025 3671 erat
3043 3617 3158 3686 ipse
3183 3615 3272 3685 qui
3298 3612 3429 3669 talia

1845 3713 2202 3777 dilfamabat,
2261 3710 2422 3765 talem
2484 3709 2734 3762 eumdem
2781 3721 2940 3776 posse
2973 3706 3084 3760 ﬁeri
3125 3705 3428 3768 sentiebat;

1848 3806 1962 3874 ipse
1991 3818 2119 3857 vero
2145 3817 2242 3856 nec
2269 3817 2326 3855 se
2370 3800 2528 3854 talem
2563 3798 2676 3852 fore
2705 3837 2720 3862 ,
2771 3813 2872 3852 nec
2898 3797 3094 3851 talibus
3118 3805 3297 3852 ortum
3325 3809 3428 3852 ua-

1848 3895 2044 3948 talilms
2081 3892 2520 3963 recognoscebat.
2558 3889 2992 3944 i’raedecessores
3021 3902 3234 3957 quoque
3257 3885 3429 3955 ipsius

1848 3986 1990 4056 regis
2045 3999 2384 4054 nequaquam
2443 3981 2569 4035 talia
2625 3979 2858 4054 ingenia,
2896 3979 2949 4032 in
2994 3976 3430 4048 progenitoribus

1847 4079 1960 4132 suis
2011 4076 2228 4144 experti
2272 4073 2534 4137 fuerant,
2585 4087 2723 4142 quos
2775 4073 2827 4126 iu
2861 4071 3007 4125 omni
3061 4070 3320 4126 fidelitate
3367 4084 3432 4124 ac

1849 4167 1998 4238 regni
2052 4167 2284 4220 utilitate
2336 4165 2604 4235 probatos»
2639 4164 2970 4230 habuerint;
3033 4163 3274 4233 ideoque.
3310 4161 3432 4232 illos

1847 4258 2147 4314 honoriﬁce
2179 4257 2606 4312 sublimaverint.
2641 4257 2981 4326 Quapropter
2997 4255 3428 4311 erubescendum

1847 4351 2023 4406 eidem
2056 4351 2166 4419 regi
2210 4348 2426 4414 inissa,
2471 4359 2527 4401 ut
2557 4351 2658 4403 hoc
2683 4352 2750 4403 de
2777 4363 2835 4404 se
2871 4351 3164 4411 crederet,
3190 4344 3436 4417 velinfo-

1847 4447 1955 4498 mia
1988 4459 2047 4499 se
2070 4443 2161 4497 tali
2191 4453 2422 4497 tmtaret.
2455 4442 2696 4510 Denique
2743 4443 2885 4512 quod
2937 4442 3184 4495 audierat
3208 4439 3437 4513 ipsLArc

1849 4535 2000 4590 nullo
2029 4535 2230 4590 dictum
2283 4535 2449 4588 fuisse
2479 4574 2494 4599 ,
2523 4535 2665 4602 quod
2697 4534 2784 4587 hic
2811 4532 3041 4587 Karolcs
3085 4532 3228 4586 ﬁlius
3264 4530 3418 4602 Ludo

182 4612 469 4673 doliarolus
493 4621 792 4689 imperator
816 4619 1051 4674 decessit
1079 4662 1092 4682 ,
1120 4631 1170 4674 et
1197 4620 1338 4672 idem
1363 4620 1619 4673 Arnulfus
1650 4635 1735 4673 re-
1770 4616 1817 4675 D
1845 4629 1945 4681 vici
1988 4643 2093 4680 non
2125 4626 2288 4679 fuerit
2314 4666 2327 4689 ,
2361 4636 2640 4679 asseverat
2665 4624 2933 4678 neminem
2972 4639 3030 4678 se
3057 4621 3432 4693 possecredc-

181 4709 332 4774 gimcn
357 4712 510 4782 hujus
552 4715 701 4782 regni
725 4713 1003 4780 suscipere
1038 4713 1206 4764 noluit
1231 4751 1245 4774 ,
1282 4712 1368 4764 hic
1391 4711 1621 4765 Karolus
1646 4712 1741 4765 ad—

183 4798 271 4853 huc
305 4804 583 4858 admodum
636 4819 864 4874 corpore
913 4803 1069 4858 simul
1121 4813 1177 4857 et
1222 4804 1442 4857 scientia
1487 4804 1742 4872 parvulus

184 4892 454 4960 t-xistebat,
497 4909 598 4951 nec
642 4898 793 4967 regni
826 4898 1206 4967 gubernaculis
1252 4897 1475 4952 idoneus
1502 4908 1624 4953 erat
1647 4940 1660 4961 ,
1689 4907 1742 4952 et

188 4977 392 5037 instante
437 4987 828 5041 immanissima
861 4985 1312 5040 Nortmanuorum
1347 4988 1740 5054 persecutione,

189 5071 509 5134 periculosum
541 5089 656 5132 erat
689 5089 820 5132 tunc
851 5093 974 5131 eam
1011 5077 1228 5146 eligere.
1265 5077 1331 5131 Ut
1368 5092 1495 5131 vero
1523 5079 1588 5131 ad
1623 5093 1741 5132 eam

220 5163 227 5170 ι

190 5163 400 5196 νηίου-ιιι·
457 5171 767 5196 πλε-..ιιηια--ιι
823 5177 1035 5196 mlulAann
1137 5169 1188 5196 :-\
1239 5185 1341 5196 οιιιιι
1387 5169 1600 5196 αηίιιιςυα
1638 5167 1739 5196 ιιζίιῖ

1846 4735 1905 4774 re
1934 4717 2049 4774 fore
2074 4759 2089 4783 ,
2121 4719 2213 4788 qui
2239 4733 2362 4771 eum
2393 4717 2437 4770 si
2472 4716 2668 4770 viderit
2696 4756 2710 4779 ,
2738 4726 2792 4769 et
2816 4725 3100 4784 parentum
3131 4713 3298 4782 ipsius
3322 4709 3433 4766 elli-

1845 4813 1986 4882 giem
2028 4811 2384 4882 cognoverit,
2439 4825 2546 4864 nou
2606 4816 2959 4877 recognoscat
3009 4807 3156 4860 illum
3188 4805 3253 4860 de
3288 4805 3433 4877 regia

1845 4906 2176 4974 processisse
2225 4903 2481 4973 progenie
2522 4919 2535 4956 :
2578 4904 2823 4972 quaedam
2879 4915 3096 4971 quoque
3141 4898 3310 4968 patris
3351 4895 3434 4952 sui

1844 4996 2100 5050 Ludovici
2145 4996 2300 5064 signa
2349 5003 2565 5064 gestare
2597 5035 2612 5058 ,
2671 4993 2868 5064 quibus
2916 5001 3242 5065 agnoscatur
3293 4989 3439 5047 ﬁlius

1846 5087 2014 5158 ipsius
2042 5086 2226 5142 fuisse.
2247 5086 2424 5140 Poscit
2446 5099 2579 5155 ergo
2606 5083 2814 5140 Arnulli
2839 5087 3046 5155 regiam
3075 5081 3434 5148 maiestatem,

1843 5187 1894 5196 _A.
1929 5177 1955 5196 I.
1977 5192 2038 5196 η,
2074 5191 2128 5196 κ--
2155 5194 2164 5195 κ
2225 5177 2270 5196 I’P
2335 5174 2522 5196 --Α..1,,-Ὶ
2569 5177 2600 5196 19
2693 5186 2835 5196 .,,--N
2863 5177 2974 5196 ..-,ε

2335 5174 2522 5196 ---_t..-1
2569 5177 2600 5196 19
2693 5186 2835 5196 ,κη-μ
2863 5177 3091 5196 ..-ςεηεα
3157 5170 3436 5196 ..ηιιηιη-ηιι
