3904 5396
117 335 203 390 277
661 332 1010 393 ΠΙδΤΟΒιιΕ
1053 334 1409 392 ΕϐϐιΕΞΙᾸΞ
1453 333 1683 390 ΒΕΜΕΝ

1791 361 1795 381 μ
1835 332 2010 389 LIBRI
2052 333 2405 402 QUATUOR.
2443 366 2513 378 -
2550 335 2675 392 LIB.
2716 336 2804 393 IV.

3259 340 3365 399 278

116 452 268 506 velitis
310 464 404 506 vos
453 450 508 506 in
554 459 816 507 :eternum
874 451 1218 523 pracipitare
1266 452 1577 510 interitum,
1623 457 1676 502 et
1705 452 1749 508 Α
1779 446 2026 516 deneget,
2076 462 2176 503 nec
2214 463 2336 504 eum
2377 461 2639 519 perpetuo
2675 453 3021 508 anathemate
3051 454 3365 511 inuodatum
3418 421 3428 429 -

117 540 228 597 mihi
255 542 591 612 eaterhque,
638 542 729 614 qui
761 544 1056 598 secundum
1090 541 1257 598 Deum
1303 543 1385 596 vol
1409 542 1455 595 is
1485 540 1670 595 ﬁdeles

117 641 241 699 sunt,
265 634 453 690 πίει-ιιί
479 633 680 689 doloris
706 633 904 689 afferre
932 632 1294 703 dispendium.
1320 631 1505 687 Melius
1526 634 1669 686 enim

115 726 266 781 fuerat
290 739 381 779 vos
427 740 536 779 non
583 726 750 788 nasci,
776 740 937 795 quam
972 722 1170 779 diaboli
1208 723 1510 794 patrocinio
1536 722 1672 777 velle

118 832 338 887 regnare,
371 825 427 870 et
476 816 599 870 illus
634 816 858 884 juvare,
885 831 1022 886 quos
1057 816 1326 870 deberetis
1366 831 1461 885 per
1488 814 1670 867 omnia

116 913 414 977 impugnare.
463 906 662 961 Sciatis
705 908 888 970 enim,
917 907 1042 974 quia
1074 907 1121 961 si
1168 906 1271 963 hoc
1318 906 1587 969 feceritis,
1618 914 1673 959 et

118 998 284 1051 talibus
310 996 552 1051 consiliis
582 995 986 1067 acquieveritis,
1018 1010 1291 1065 nunquam
1330 1010 1417 1050 me
1461 994 1669 1048 ﬁdelem

119 1086 376 1152 habebitis,
411 1086 510 1141 sed
538 1096 591 1139 et
619 1102 970 1156 quoscunque
1007 1095 1235 1156 potuero
1268 1100 1300 1139 a
1327 1094 1509 1139 vestra
1539 1085 1670 1138 fide-

119 1178 243 1232 litate
274 1178 570 1240 revocabo,
600 1184 657 1232 et
694 1192 815 1231 cum
864 1176 1116 1231 omnibus
1161 1175 1495 1245 coepiscopis
1537 1174 1673 1229 meis

118 1285 194 1323 vos
217 1280 265 1323 et
287 1282 477 1323 omnes
520 1276 732 1323 vestros
748 1268 1258 1332 excommunicans,
1305 1277 1512 1322 mteruo
1539 1283 1672 1319 ana-

119 1359 322 1415 themate
367 1359 770 1414 condemnabo.
818 1358 923 1414 Pro
990 1359 1244 1413 fidelitate
1305 1374 1467 1429 quam
1524 1360 1675 1415 vobis

119 1465 269 1516 servo,
302 1452 413 1504 haec
448 1451 822 1520 gemebundus
852 1451 1051 1513 scribo,
1090 1449 1345 1519 quoniam
1392 1450 1551 1519 cupio
1581 1465 1674 1501 vos

120 1542 375 1597 secundum
416 1540 587 1595 Deum
639 1552 693 1597 et
739 1542 995 1597 smculunt
1033 1557 1247 1611 semper
1276 1557 1397 1597 esse
1442 1543 1674 1596 honora-

122 1642 232 1697 tum,
263 1640 313 1686 et
339 1648 442 1688 non
476 1632 715 1698 Satanae,
743 1634 836 1688 sed
860 1631 1063 1688 Christi
1102 1630 1390 1700 adjatorio,
1422 1633 1488 1685 ad
1520 1632 1671 1686 tlebi~

122 1733 213 1777 tutu
255 1723 399 1778 vobis
442 1724 812 1778 conscendere
858 1723 1009 1793 regni
1066 1721 1363 1792 fastigium.
1429 1721 1672 1792 Regnum

1777 536 2272 606 irrecuperabiliter
2309 539 2489 607 perite
2524 544 2700 607 sinat;
2732 544 2829 597 sed
2872 557 3037 613 quam
3069 544 3364 614 illiplacet.
3420 562 3425 567 ·

1774 616 2155 698 paenitentiam
2176 638 2233 685 et
2253 632 2642 687 satisfactiouis
2664 648 2974 689 mensuram
2998 635 3071 690 illi
3102 634 3366 708 iuiungat.
3418 648 3421 653 ‘

1776 717 1940 773 Nobis
1966 721 2129 775 etiam
2164 730 2220 775 et
2246 722 2518 777 universis
2542 723 2727 784 italiaz,
2757 724 2839 778 vel
2866 724 3052 784 Gallire
3074 728 3364 797 episcopis.

1774 810 1971 878 quibus
2008 810 2076 866 de
2108 811 2227 882 ejus
2254 811 2603 869 damnatione
2629 814 2870 885 scripsit,
2901 815 3136 871 vicissim
3167 816 3236 871 de
3264 831 3368 872 sua

1775 901 2146 956 misericordia
2186 902 2314 971 quid
2342 903 2490 957 illum
2524 919 2706 973 agere,
2745 913 2800 960 et
2833 904 3065 974 quaiiter
3089 922 3211 964 esse
3231 923 3365 964 eon-

1775 992 1979 1057 veniat,
2009 994 2235 1049 rescribi
2266 994 2476 1064 jubeat.
2515 1015 2533 1047 ι

1845 1085 2080 1142 Albrado
2107 1087 2219 1158 regi
2251 1087 2639 1168 Transmariuo
2665 1089 2982 1145 amicabiles
3009 1089 3218 1145 litteras
3244 1092 3373 1146 mit-

1778 1183 1915 1235 tens.
1944 1185 2127 1247 grates
2158 1177 2343 1240 refert,
2378 1180 2504 1249 quia
2543 1189 2649 1235 tam
2690 1180 2889 1235 [mnum
2919 1183 3091 1237 virum
3120 1192 3176 1235 et
3202 1184 3371 1238 devo-

1779 1277 1890 1321 tmn
1930 1270 2420 1340 ccclesiastieisque
2460 1271 2658 1340 regulis
2699 1282 3085 1343 congruentem
3125 1273 3382 1330 destina-

1778 1359 1910 1413 verit
1971 1359 2283 1430 episcopum
2346 1362 2399 1417 in
2457 1364 2677 1419 civitate
2763 1364 3076 1434 Cantahurg
3133 1366 3374 1429 nomine.

1776 1450 2033 1504 Audierat
2072 1452 2239 1517 enim,
2289 1454 2431 1522 quod
2481 1455 2945 1524 perversissimam
2977 1455 3124 1528 [ms.,
3152 1470 3375 1527 perver-

1779 1541 2064 1614 tissimam]
2093 1552 2297 1599 sectam
2327 1545 2602 1615 paganicis
2634 1547 3211 1612 erroribus-exortam,
3237 1556 3290 1604 et
3326 1548 3380 1604 in

1776 1633 1864 1687 illa
1893 1644 2052 1705 gente
2082 1645 2209 1692 tunc
2245 1652 2417 1707 usque
2462 1638 2729 1700 relictam,
2759 1641 2910 1695 verbi
2948 1657 3207 1698 mucrone
3231 1651 3373 1698 sata--

1776 1733 1928 1792 geret
1983 1735 2285 1795 amputare.
2334 1726 2465 1794 Qum
2509 1740 2654 1784 secta
2703 1746 2993 1800 suggerere
3050 1731 3378 1789 videbatur:

121 1816 238 1869 enim
274 1815 408 1885 quod
439 1816 585 1870 Deus
627 1815 739 1881 dat,
785 1815 996 1870 ﬁrmum
1028 1816 1199 1883 habet
1226 1814 1670 1878 fundamentum;
1708 1801 1749 1860 Β
1778 1815 2046 1886 episcopis
2072 1827 2125 1872 et
2160 1820 2494 1891 presbyteris
2533 1822 2972 1877 subintroiluctas
3014 1824 3213 1879 habere
3250 1838 3380 1879 mu-

123 1908 238 1976 quod
285 1920 410 1962 vero
468 1922 572 1978 per
629 1906 949 1975 injustitiam
998 1916 1055 1962 et
1109 1907 1326 1977 rapinas
1375 1906 1677 1975 acquiritur

95 1998 346 2052 «aduentu
374 2006 481 2064 est,
510 2006 570 2053 et
598 1997 706 2053 cito
731 1997 1059 2063 decidivum,
1082 2010 1183 2052 nec
1207 1996 1407 2068 poterit
1436 1995 1527 2050 diu
1554 2010 1675 2065 per-

126 2105 324 2143 manere.
354 2109 374 2142 υ

182 2179 445 2234 Lamberto
472 2180 791 2249 imperatori
832 2177 1312 2250 congratulationis
1338 2178 1520 2248 apices
1547 2176 1679 2232 diri-

127 2287 245 2339 grus.
280 2269 518 2323 nutilicat
544 2270 674 2337 quid
705 2269 805 2323 sibi
838 2270 904 2323 de
950 2271 1064 2339 ipso
1095 2271 1324 2324 domnus
1368 2276 1505 2337 papa
1548 2268 1682 2322 For-

129 2379 278 2417 tuosus
309 2362 417 2418 suis
448 2362 653 2419 litteris
692 2362 1024 2416 intimaverit
1055 2380 1068 2414 :
1098 2361 1243 2431 quod
1273 2359 1484 2415 Scilicet
1527 2374 1680 2414 eunt-

130 2454 225 2507 dem
254 2455 631 2524 imperatorem
676 2451 903 2507 multum
943 2453 1220 2522 dirigeret,
1248 2463 1303 2505 et
1346 2452 1398 2506 in
1429 2450 1682 2504 omnibus

130 2547 167 2600 ei
187 2547 465 2610 consulere,
500 2546 623 2601 loco
664 2545 970 2600 cbarissinti
1019 2542 1134 2606 lilii,
1166 2553 1328 2612 atque
1366 2541 1682 2598 indissoeia-

131 2636 257 2691 hiem
287 2640 439 2695 vellet
482 2641 552 2693 ad
595 2654 720 2694 eum
766 2652 986 2693 servare
1016 2637 1386 2691 concordiam.
1419 2636 1678 2689 Ilortatur

135 2743 237 2798 ergo
270 2729 404 2785 hunc
441 2729 784 2799 principem,
829 2739 883 2781 et
928 2726 1270 2781 admonendo
1327 2723 1567 2793 ﬂagitat,
1625 2731 1684 2777 ut

135 2827 264 2874 bullat
290 2819 604 2890 benignitati
630 2818 869 2888 ejusdem
893 2831 1045 2886 papa:
1069 2826 1256 2887 gratus
1282 2817 1498 2869 existat.
1534 2814 1683 2867 illum

136 2919 180 2962 ut
231 2922 420 2979 patrem
469 2910 778 2979 piissimum
827 2909 1039 2978 diligat,
1075 2920 1399 2974 omnemque
1437 2904 1510 2959 illi
1557 2905 1685 2959 lide—

133 2999 315 3059 litatem.
347 3010 400 3054 et
456 3000 830 3055 obedientiam
890 3006 1111 3060 servet,
1153 2995 1379 3065 ejusque
1445 2995 1684 3060 monitis,

136 3099 180 3144 ιιι
194 3106 330 3147 verus
350 3091 511 3155 filius,
532 3073 898 3160 obtemperet,
920 3099 975 3144 et
999 3088 1180 3143 sedem
1203 3086 1501 3143 lloutanam
1525 3087 1684 3154 digna

1783 1904 1977 1971 lieres;
2007 1906 2073 1960 ad
2111 1908 2444 1977 propinquas
2487 1925 2702 1979 quoque
2753 1912 2967 1981 generis
3005 1913 3108 1977 sui,
3140 1913 3381 1983 quisque

1784 1996 1963 2061 vellet,
1999 1998 2258 2054 accedere
2288 2000 2510 2070 insuper
2544 2010 2599 2056 ct
2626 2014 2870 2057 sacratas
2906 2003 3015 2057 Deo
3039 2003 3270 2059 feminas
3296 2004 3383 2058 in-

1780 2097 2014 2148 cestare,
2045 2095 2098 2142 et
2152 2103 2378 2144 uxorem
2419 2091 2624 2147 habens
2668 2094 3026 2147 concubinam
3077 2095 3236 2149 simul
3284 2096 3384 2151 ha-

1783 2178 1934 2233 bere.
1976 2178 2108 2247 Quae
2152 2181 2358 2246 omnia,
2402 2197 2565 2252 quam
2621 2200 2767 2239 sana-
2826 2186 2947 2242 hdei
2992 2188 3102 2241 sint
3154 2189 3383 2245 adversa

1785 2272 2126 2327 documentis
2154 2273 2467 2329 manifestat
2496 2276 2935 2341 evidentissimis,
2968 2294 3034 2335 ex
3066 2288 3381 2335 sanctorum

1782 2360 2002 2416 Patrum
2054 2365 2297 2432 probatis
2344 2364 2475 2436 [ιιιε.
2519 2368 2568 2436 j,
2618 2369 2876 2440 prolatis]
2946 2371 3383 2426 auctoritatibus.

1785 2449 2075 2505 Richildim
2104 2453 2365 2522 reginam,
2389 2452 2472 2509 vel
2502 2455 2898 2524 imperatriccm
2924 2458 3120 2514 litteris
3141 2452 3384 2515 commo-

1786 2556 1922 2598 nens
1951 2551 2113 2611 atque
2152 2544 2499 2614 redargttens,
2529 2545 2715 2600 dolore
2745 2547 2915 2601 multo
2946 2562 3004 2601 sc
3035 2547 3235 2602 fatetur
3261 2561 3387 2607 esse

1785 2641 2114 2702 correptum,
2149 2648 2246 2702 pro
2296 2633 2433 2688 fama
2475 2650 2581 2690 non
2622 2635 2782 2701 bona,
2826 2653 2949 2708 qua:
2989 2638 3055 2693 ad
3102 2639 3277 2708 ipsum
3315 2638 3390 2695 de

1786 2720 1915 2779 vita,
1949 2719 2030 2772 vel
2061 2721 2274 2775 actibus
2314 2720 2554 2790 ejusdem
2601 2725 2798 2793 reginae
2844 2738 3166 2795 pervenerat
3197 2744 3212 2782 :
3240 2729 3390 2798 quod

1790 2813 1997 2867 scilicet
2024 2822 2170 2868 esset
2205 2813 2472 2878 diabolus,
2507 2815 2596 2869 ubi
2632 2816 2820 2872 fuisset
2864 2817 2977 2878 illa.
3015 2819 3193 2891 magis
3217 2833 3393 2888 quam

1790 2905 1952 2967 Deus,
1989 2921 2112 2958 cum
2160 2904 2341 2959 forent
2380 2905 2527 2959 circa
2576 2907 2724 2961 illaut
2762 2924 2883 2977 qua:
2918 2918 3110 2964 contra
3159 2910 3388 2965 salutem

1788 2992 2025 3048 militant
2073 2993 2287 3060 animm,
2340 2993 2393 3048 id
2446 3004 2555 3061 est,
2604 2996 2717 3062 irae,
2776 2998 2941 3064 rixaz,
2993 2999 3383 3065 dissensiones,

1790 3083 2060 3147 incendia,
2089 3084 2380 3140 homicidia
2421 3083 2669 3152 luxuriae,
2712 3088 2915 3156 rapinae
2939 3103 3156 3158 quoque
3188 3102 3394 3160 paupe-

138 3184 434 3238 veneratione
489 3159 743 3238 honoret.
795 3200 814 3233 ι
849 3181 923 3235 Ita
977 3180 1122 3235 enim
1175 3188 1444 3243 vestrum,
1491 3179 1685 3246 inquit,
1716 3159 1762 3221 C
1796 3190 1939 3239 rum,
1987 3174 2340 3245 pervasiones
2389 3176 2765 3234 ecclesiarum.
2810 3178 2886 3234 De
2917 3179 3113 3249 quibus
3138 3179 3393 3237 omnibus

136 3276 316 3340 perenni
365 3274 646 3328 soliditate
685 3272 990 3327 stabilietur
1042 3269 1350 3339 imperium,
1403 3277 1459 3323 et
1499 3281 1687 3325 contra

137 3379 287 3419 omnes
332 3366 607 3428 inimicos,
654 3375 709 3418 et
755 3364 937 3418 hostes
987 3371 1198 3416 vestros
1242 3360 1482 3415 divinum
1536 3360 1689 3414 vobis

136 3453 349 3512 auxilium
378 3453 787 3525 suﬂ’ragabitur,
830 3452 1027 3522 ﬁetque
1065 3463 1123 3504 ιιι
1153 3451 1403 3505 omnibus
1430 3450 1688 3503 adversa-

140 3543 230 3609 riis,
273 3547 447 3601 divino
496 3545 797 3614 atljutorio,
845 3557 1060 3614 semper
1102 3542 1349 3613 superior
1392 3549 1449 3595 et
1496 3538 1690 3594 fortior

139 3636 243 3692 sius.
261 3636 663 3704 Recordamiui,
685 3650 893 3707 quteso,
914 3633 1163 3690 avunculi
1182 3633 1344 3689 vestri
1358 3631 1685 3703 etatquivoci

141 3727 367 3788 Lamberti
409 3730 794 3795 illustrissimi,
830 3728 1006 3799 qualis
1044 3743 1169 3798 erga
1212 3735 1454 3783 sanctam
1491 3726 1687 3781 Romae

143 3837 239 3876 natu
281 3825 454 3880 sedem
510 3823 699 3889 fuerit,
758 3820 1082 3893 qualemque
1127 3820 1331 3875 exitum
1367 3826 1691 3874 consecutus

142 3916 212 3977 sit,
237 3928 284 3973 et
323 3929 475 3976 caute
523 3935 597 3975 ne
649 3918 704 3974 in
751 3918 891 3972 idem
927 3913 1234 3985 exemplum
1283 3910 1608 3975 deveniatis,
1642 3911 1689 3965 si

143 4007 305 4078 aliquid
329 4012 501 4067 simile
538 4025 707 4083 agere
741 4007 1038 4063 volueritis.
1071 4005 1337 4059 Domuum
1371 4003 1535 4058 etiam
1559 4016 1686 4071 apo-

143 4099 349 4158 stolicum
374 4104 767 4175 deprecamini.
794 4111 848 4156 ut
882 4115 1004 4155 eum
1032 4099 1289 4169 dignetur
1311 4094 1610 4161 absolvere,
1637 4101 1696 4149 et

145 4205 222 4256 pro
259 4193 339 4248 illo
379 4196 521 4266 apud
570 4195 741 4249 Deum
794 4191 1143 4248 intervenire.
1196 4188 1301 4242 Pro
1347 4201 1434 4241 me
1481 4200 1695 4255 quoque

145 4287 361 4341 azteutius
387 4289 624 4357 postulo,
652 4296 712 4340 ut
748 4284 866 4353 ejus
903 4283 1034 4339 mihi
1069 4280 1495 4338 benevolentiam
1516 4277 1698 4333 conci—

145 4372 280 4440 lictis,
323 4388 588 4448 quatenus
643 4385 751 4430 tam
793 4373 860 4429 de
914 4387 1023 4435 me,
1065 4387 1227 4442 quam
1272 4370 1435 4423 etiam
1476 4368 1543 4421 de
1573 4366 1700 4422 sede

148 4460 191 4515 ιι.
210 4468 356 4521 mensi
392 4467 702 4523 mercedem
731 4466 982 4535 dignetur
1019 4464 1238 4524 habere,
1268 4470 1324 4514 et
1356 4475 1453 4514 sua
1482 4458 1555 4512 illi
1588 4458 1699 4528 pri—

1792 3267 1976 3323 debita
2025 3267 2388 3324 sollicitudine
2433 3278 2491 3325 et.
2530 3269 2783 3340 pastorali
2830 3270 3106 3341 diligentia
3141 3285 3387 3326 commo—

1793 3368 1922 3416 neat
1946 3373 2089 3425 eam,
2117 3369 2178 3414 ut
2204 3359 2496 3416 transferat
2521 3375 2583 3415 se
2602 3361 2669 3416 de
2696 3362 2860 3419 tantis
2882 3362 3036 3418 malis
3057 3363 3123 3418 ad
3154 3361 3388 3418 fructum

1795 3460 2014 3507 atteram
2044 3452 2235 3507 salutis
2266 3470 2282 3507 :
2312 3466 2619 3523 proponens
2654 3453 2703 3508 ei
2745 3455 3110 3525 quadrivimu,
3140 3455 3223 3510 vel
3250 3470 3388 3525 qua-

1797 3542 2006 3613 drigam
2033 3544 2314 3608 virtutum,
2351 3559 2513 3615 quant
2560 3559 2846 3601 assumens
2885 3556 2941 3600 et
2975 3545 3272 3601 ascendere
3308 3545 3393 3601 nio

1799 3644 1942 3701 iens,
1987 3635 2358 3706 apprehendat
2403 3650 2468 3691 ca
2525 3651 2648 3707 qua:
2698 3647 2824 3693 sunt
2862 3638 3176 3707 sapientiae,
3229 3647 3394 3708 atque

1798 3721 2191 3798 sanctimoniae,
2219 3746 2283 3788 ac
2320 3732 2593 3789 felicitatis
2617 3742 2856 3789 aeternae.
2893 3733 3143 3789 Velamcu
3173 3747 3392 3803 quoque

1798 3824 2024 3890 Christi,
2060 3825 2203 3893 quod
2251 3834 2619 3896 assumpserat
2667 3825 2961 3885 viduitatis,
3016 3824 3390 3894 incorruptum

1800 3929 2020 3969 servare
2048 3915 2308 3980 studeret,
2343 3927 2400 3970 ut
2437 3915 2565 3969 illud
2594 3914 2908 3969 inviolatum
2941 3914 3051 3970 Deo
3090 3930 3393 3985 repraesen-

1803 4016 1920 4059 tare
1943 4013 2145 4074 posset,
2176 4020 2277 4060 nec
2306 4020 2602 4076 properare
2637 4003 2763 4060 velit
2795 4005 2862 4058 ad
2898 4005 3124 4071 inferos,
3156 4014 3215 4060 ut
3245 4005 3396 4060 iuve—

1803 4096 1917 4151 niat
1947 4096 2324 4151 inaestimabile
2353 4096 2551 4150 malum
2597 4096 2907 4160 multarum,
2938 4111 3078 4165 quas
3118 4096 3167 4152 ei
3198 4111 3397 4168 propa-

1802 4186 1915 4242 lare
1958 4187 2169 4251 nititur,
2225 4186 2587 4242 miseriarum.
2635 4184 2957 4255 Perpendat,
3005 4187 3049 4240 si
3096 4193 3181 4241 est
3216 4185 3395 4242 amica

1802 4278 1920 4344 Dei,
1949 4278 2034 4334 vel
2081 4293 2254 4333 soror.
2285 4276 2437 4346 Quod
2482 4278 2527 4334 si
2567 4294 2673 4334 non
2706 4286 2792 4332 est
2837 4278 2954 4333 sine
2995 4277 3397 4335 intermissione

1804 4373 1896 4427 det
1923 4385 2144 4442 operam
2167 4370 2295 4442 (Tit.
2327 4372 2411 4442 ιι),
2438 4383 2495 4426 ut
2523 4387 2642 4426 esse
2667 4372 2869 4443 possit,
2894 4371 2997 4427 etsi
3026 4387 3133 4426 non
3161 4371 3398 4431 candore

1806 4462 2160 4531 virginitatis,
2218 4464 2397 4517 studio
2452 4471 2633 4520 tamen
2697 4463 3048 4519 continentiae
3103 4462 3392 4525 salutaris,

147 4552 304 4624 tilegia
339 4557 722 4612 inviolabiliter
771 4551 1069 4615 custodire,
1112 4554 1250 4606 sicut
1280 4564 1484 4617 omnes
1520 4549 1693 4603 sancti
1728 4535 1774 4596 ο
1804 4562 1948 4607 rrcte
1980 4552 2270 4616 credendo,
2298 4552 2466 4607 Deum
2502 4568 2566 4607 ac
2604 4552 2908 4622 proximum
2931 4552 3221 4623 diligendo,
3277 4552 3394 4621 pie-

150 4643 527 4708 Pmlecessores
571 4644 744 4716 ipsius
782 4657 998 4713 semper
1041 4640 1237 4696 fecisse
1275 4646 1613 4693 noscuntur:
1643 4644 1700 4691 et

151 4735 186 4787 si
228 4736 403 4810 aliquis
425 4754 667 4810 unquam
702 4736 774 4811 Π,
800 4730 1167 4806 nequaquam]
1204 4745 1365 4785 aures
1397 4727 1700 4784 clementia:

155 4828 286 4893 ipsius
314 4833 632 4901 inquietare,
672 4840 729 4885 et
760 4828 826 4883 de
855 4827 1011 4882 nobis
1042 4822 1247 4880 sinistri
1274 4821 1476 4890 aliquid
1514 4820 1697 4874 dicere

156 4925 512 4992 l'mltmpserit
532 4967 545 4986 ,
577 4938 684 4979 non
711 4922 864 4993 prius
888 4916 1306 4988 obloquentibus
1331 4913 1577 4980 credere,
1603 4911 1699 4965 do-

159 5024 234 5064 uec
251 5028 335 5082 per
359 5028 459 5081 me,
488 5025 583 5069 aut
607 5022 756 5069 certe
786 5028 884 5080 per
914 5023 1095 5072 suum,
1137 5004 1221 5061 vel
1250 5019 1428 5059 meum
1452 5004 1703 5067 missum,

160 5102 270 5167 quod
312 5120 485 5159 verum
522 5106 616 5171 sit,
660 5103 833 5176 possit
876 5089 1191 5171 agnoscere.
1240 5097 1314 5152 De
1378 5105 1578 5151 cmtero
1605 5108 1699 5147 co-

153 5204 330 5216 1..--‘3
371 5203 433 5216 ἔγ--
466 5203 555 5216 .-.Y
601 5203 663 5216 I'»
719 5203 933 5218 ΙΖα-.ὀΙηΑ

1000 5200 1155 5218 οΛηΙ-ιι
1220 5189 1555 5218 ηιιηηὶηηηηι
1586 5199 1711 5218 ιιι-Λ..

1807 4644 1933 4696 tatis
1960 4656 2122 4709 opera
2165 4640 2433 4707 faciendo,
2461 4641 2642 4698 sobrie
2666 4651 2719 4698 et
2755 4638 2901 4709 juste
2947 4650 2999 4696 et
3039 4640 3125 4710 pie
3166 4641 3396 4693 vivendo

1805 4731 1993 4804 (Hebr.
2032 4734 2113 4800 ιιι)
2145 4749 2159 4796 ;
2190 4734 2430 4787 altendat
2469 4742 2527 4785 ut
2559 4733 2724 4786 vitam
2756 4731 2994 4800 corrigat
3025 4732 3197 4787 donec
3236 4728 3397 4785 hodie

1805 4826 2236 4894 cognominatur,
2288 4842 2355 4879 ne
2398 4823 2598 4879 incidat
2648 4822 2699 4878 iu
2760 4820 3011 4891 laqueum
3062 4818 3397 4876 confusionis

1803 4928 2043 4981 intentat,
2078 4919 2202 4971 dum
2239 4932 2342 4969 non
2379 4916 2639 4986 recogitat
2665 4929 2827 4986 quam
2863 4913 3124 4971 velociter
3161 4926 3404 4981 [theseus

1806 5009 1968 5067 hodie
2002 5018 2259 5062 transeat.
2290 5006 2488 5062 Pareat
2514 5008 2710 5064 auium:
2758 5020 2889 5069 sum,
2924 5014 2981 5065 et
3035 5000 3280 5063 attcudat
3331 5012 3387 5054 ut

1810 5097 1922 5153 Deo
1944 5097 2186 5166 proxima
2223 5098 2335 5160 fiat,
2361 5105 2418 5152 et
2438 5096 2701 5153 habeatur
2723 5094 2969 5150 colutnba
3011 5111 3109 5166 per
3133 5089 3398 5159 simplici-

1813 5197 1977 5220 Ιηιηηι
2005 5186 2106 5220 fano

2186 5187 2377 5220 1...Ιιηηι
2409 5185 2674 5220 nullusnqu
2709 5182 3135 5220 cinanlinilnlunsl
3169 5188 3215 5220 ul
3245 5180 3404 5220 innn.
