3904 5396
515 330 625 389 979

1547 333 1930 390 FLODOABDI
1969 335 2284 394 CANONlCl
2330 338 2673 402 REMENSIS

3671 353 3770 410 230

518 455 580 501 ut
608 460 737 499 vero
790 441 881 496 ﬁat
928 439 1135 511 regina,
1182 441 1431 497 ornando
1474 443 1765 499 virtutibus
1790 445 2101 499 viduitatem
2132 454 2178 506 Α
2210 448 2258 499 id
2290 460 2465 505 tamen
2515 454 2912 524 insnrgent’ilms
2944 456 3262 513 Not-(manui
3297 474 3343 515 ιιι
3386 463 3774 530 persecutionis

517 552 696 601 suam,
718 550 829 605 pra:
851 532 1026 587 oculis
1059 532 1264 587 habens
1292 531 1434 588 diem
1476 535 1686 596 mortis,
1719 534 1801 588 vel
1842 550 2099 593 resurre-.

517 629 713 684 o-tionis
758 641 892 690 stite,
925 624 1220 692 audiatque
1264 624 1582 695 Apostolum
1619 625 1926 682 dicentem:
1970 628 2099 681 Evi-

519 720 679 792 gilate
704 718 857 787 justi,
888 727 945 772 et
986 716 1151 771 nolite
1179 731 1404 787 peccare
1438 716 1506 787 (I
1539 717 1663 772 Cor.
1695 720 1819 791 xv).
1854 721 1952 776 Det
1977 730 2099 776 tan-

516 814 638 866 dem
692 811 802 866 Deo
847 826 947 865 suo
1000 809 1250 878 gloriam,
1306 816 1362 864 et
1409 802 1663 878 operetur
1696 808 1934 865 salutem
1974 827 2099 882 pro-

514 904 712 972 priam,
730 903 964 956 divertat
988 918 1015 952 a
1035 899 1192 963 malo,
1210 908 1263 954 et
1287 900 1448 955 faciat
1470 899 1669 955 bonum
1696 898 1868 972 (Psal.
1886 904 2095 971 xxxvi).

514 994 753 1062 Oratque
784 1001 1049 1060 exoptans
1072 1000 1130 1046 ut
1162 992 1435 1061 correptio
1458 1008 1553 1047 sua
1585 1002 1640 1047 et
1666 995 1975 1049 emendatio
2002 1011 2095 1050 ue-

514 1084 750 1139 ressaria
791 1080 1133 1153 salubrisque
1191 1085 1536 1152 compunctio
1584 1093 1771 1156 tangat
1821 1100 1918 1140 cor
1955 1085 2093 1155 ejus,

514 1186 575 1231 ut
600 1177 814 1230 tandem
837 1174 1127 1245 aliquando
1151 1175 1433 1245 resipiscat
1477 1174 1675 1231 diaboli
1693 1176 1932 1246 laqueis;
1972 1196 2099 1250 ενα-

516 1273 589 1325 tia
613 1284 828 1340 quoque
865 1268 958 1324 Dei
1004 1269 1289 1323 resuscitet
1310 1284 1427 1322 eam
1458 1266 1525 1323 de.
1557 1269 1819 1340 sepulcris
1847 1271 2100 1325 vitiorum

515 1359 601 1432 (ll
641 1361 776 1416 Tim.
811 1360 903 1433 ll),
940 1369 995 1416 et
1041 1368 1260 1416 caetera.
1314 1359 1741 1416 Febricitantem
1780 1377 1997 1433 quoque
2044 1364 2097 1417 in

516 1455 694 1517 malis,
724 1452 889 1508 faciat
913 1468 1032 1507 eam
1076 1452 1285 1507 lirmam
1332 1463 1383 1506 et
1422 1451 1670 1507 stabilem
1718 1453 1880 1520 Dens,
1914 1454 2103 1507 lixam-

513 1560 619 1615 ιιιιο
650 1544 703 1599 in
735 1544 913 1609 bonis,
944 1552 1001 1597 ut
1027 1541 1118 1598 hic
1139 1551 1193 1598 et
1224 1544 1275 1598 in
1301 1552 1502 1598 aeterna
1527 1545 1632 1598 vita
1664 1544 1834 1614 possit
1862 1546 2099 1614 gaudere

512 1652 635 1690 cum
685 1636 910 1690 sanctis.
956 1633 1111 1700 Quod
1158 1634 1205 1688 si
1257 1634 1534 1689 consilium
1596 1646 1856 1700 nostrum,
1904 1635 2100 1706 inquit,

512 1727 809 1790 audieritis,
837 1725 968 1780 tales
994 1726 1133 1780 vobis
1155 1726 1371 1790 erimus,
1396 1724 1575 1795 quales
1601 1742 1712 1780 esse
1747 1726 2014 1790 debemus,
2048 1727 2103 1781 iu

510 1818 652 1873 omni
685 1816 938 1887 ﬁdelitate
964 1826 1011 1870 et
1060 1818 1345 1871 reverentia
1376 1827 1533 1887 atque
1573 1818 1746 1871 debito
1788 1818 2016 1883 servitio,
2049 1828 2096 1873 et
2134 1795 2180 1852 Β

510 1910 650 1980 quod
680 1911 761 1964 his
790 1908 1026 1964 omnibus
1052 1907 1225 1978 majus
1255 1918 1350 1970 est,
1376 1909 1472 1963 erit
1499 1908 1640 1964 vobis
1666 1908 1801 1963 Deus
1823 1905 2099 1981 prapitius,

510 2004 646 2056 sicut
672 2013 932 2072 optainus,
962 2010 1008 2053 et
1041 2016 1274 2053 oramus.
1306 1998 1550 2069 Alioquin
1576 1999 1834 2064 volumus,
1869 2011 1925 2054 ut
1961 2003 2103 2054 scia-

515 2094 584 2147 tis
615 2108 788 2147 revera
816 2091 956 2161 quod
988 2105 1083 2155 pro
1120 2089 1257 2143 vobis
1287 2088 1529 2143 nolumus
1560 2090 1829 2147 incurrere
1858 2090 2104 2160 o/fensio-

515 2199 632 2237 nem
663 2182 780 2246 Dei,
828 2176 920 2236 sed
936 2181 1242 2257 secundum
1273 2180 1617 2234 ministerium
1650 2190 1905 2245 nostrum,
1946 2182 2106 2250 [αεὶεο

515 2292 631 2329 mus
661 2275 726 2328 de
756 2274 917 2337 vobis,
963 2268 1104 2346 quod
1132 2276 1385 2326 canonica
1415 2271 1562 2326 nobis
1604 2271 1751 2341 jubet
1793 2274 2100 2326 auctoritas.

517 2372 673 2448 Quod
700 2387 854 2439 quant
877 2370 1064 2424 invitus
1094 2368 1367 2439 faciemus,
1396 2367 1535 2423 Deus
1554 2368 1698 2422 testis
1721 2375 1819 2430 est,
1846 2381 1948 2418 non
1966 2365 2103 2418 enim

519 2480 612 2534 pos
643 2480 793 2517 umus
821 2463 1086 2517 discedere
1111 2461 1179 2516 ab
1218 2460 1489 2532 Apostolo,
1517 2462 1606 2533 qui
1634 2462 1761 2514 dicit
1790 2473 1809 2512 :
1853 2457 2104 2524 Quandiu

518 2552 795 2623 Apostolus
820 2568 936 2606 sum
965 2553 1216 2622 gentium,
1251 2551 1595 2606 ministerium
1643 2566 1813 2603 meum
1846 2547 2108 2615 honoriﬁ-

516 2642 847 2711 eabo-(Rom.
877 2642 989 2711 x1);
1019 2651 1111 2699 et:
1138 2643 1235 2696 Dei
1254 2642 1520 2714 adjutores
1547 2658 1724 2696 sumus
1749 2639 1799 2709 (l
1831 2642 1953 2695 Cor.
1986 2640 2102 2709 Ill);

520 2745 624 2790 et:
676 2734 819 2789 Deus
857 2745 954 2800 est,
985 2736 1074 2806 qui
1126 2747 1370 2805 operatur
1428 2735 1481 2787 in
1536 2734 1682 2787 nobis
1732 2731 1951 2803 (Philip.
2010 2733 2102 2799 II);

512 2839 605 2884 et:
637 2830 715 2882 Au
751 2830 1156 2899 experimentum
1186 2828 1419 2898 quwritis
1450 2825 1583 2895 ejus,
1628 2825 1717 2896 qui
1758 2825 1814 2878 in
1840 2840 1920 2878 me
1946 2823 2107 2893 loqui-

513 2934 591 2978 tm
626 2919 914 2975 Christus?
944 2917 1033 2991 (11
1073 2919 1196 2974 Cor.
1250 2920 1395 2985 xm.)
1444 2915 1592 2971 Unde
1638 2932 1819 2985 precor
1862 2915 2023 2970 Deum
2051 2915 2105 2968 in

515 3011 836 3073 conscientia
893 3028 1027 3076 mea,
1085 3020 1141 3065 ut
1195 3009 1498 3063 adhwreant
1542 3007 1688 3062 cordi
1735 3017 1904 3062 vestro
1953 3006 2104 3062 rerba

516 3121 653 3169 mea,
700 3113 750 3158 et
801 3104 908 3171 ipse
934 3102 1022 3175 qui
1070 3116 1164 3172 per
1191 3115 1273 3155 me
1326 3099 1575 3169 loquitur,
1621 3099 1732 3154 Ita'c
1779 3098 1832 3153 in
1887 3098 2103 3155 auribus

2203 541 2504 597 turbinibus
2540 543 2888 613 impediri.Ut
2929 558 3107 603 autem
3154 553 3532 620 opportunitas
3562 568 3625 606 se.
3652 563 3775 610 tem-

2199 632 2346 700 poris
2378 637 2668 704 aperuerit,
2703 648 2969 693 maturata
3000 638 3260 694 facilitate
3297 642 3602 715 adimplere
3629 661 3776 699 cona-

2163 746 2167 751 -
2202 721 2266 774 ri.
2299 722 2512 777 lutimat
2542 737 2801 795 praeterea
2841 742 2928 783 res
2964 729 3220 798 quasdam
3244 728 3499 786 Rcmensi
3530 731 3778 788 Ecclesia:

2203 810 2255 864 in
2287 812 2453 882 ipsius
2475 817 2728 884 parocbia
2766 832 3020 887 perverse
3042 817 3164 887 jure
3189 837 3217 873 a
3241 821 3580 889 quibusdam
3596 837 3778 892 pet-va-

2200 903 2413 959 soribus
2434 907 2713 974 possideri.
2743 908 2861 975 Qua
2882 910 2948 963 de
2971 925 3133 964 causa
3162 912 3462 980 expetierat
3499 913 3779 967 Arnulfnm

2205 1010 2384 1065 regem
2402 1000 2542 1066 apud
2573 1000 2959 1065 Warmaeiam,
2992 1008 3050 1055 ut
3087 1003 3201 1072 ipse
3226 1002 3557 1060 Willebcrto
3577 1007 3779 1074 pnesuli

2203 1084 2361 1153 hujus
2391 1090 2773 1158 prtedecessori
2796 1092 3128 1164 praeciperet,
3160 1104 3432 1165 quatenus
3464 1095 3590 1165 ipse
3631 1111 3783 1166 super

2205 1178 2307 1232 hoc
2348 1181 2584 1249 negotio,
2626 1185 2922 1239 secundum
2970 1187 3148 1241 edicta
3197 1202 3465 1243 canonum
3506 1198 3713 1259 ageret,
3742 1189 3780 1243 Α

2204 1284 2311 1337 quo
2339 1270 2543 1325 scilicet
2586 1287 2730 1344 rege,
2754 1273 2899 1328 idem
2920 1276 3085 1329 etiam
3110 1276 3479 1332 Herimannus
3505 1276 3797 1349 superbae

2205 1359 2321 1429 ipso
2346 1360 2573 1430 legatus,
2603 1364 2668 1416 ad
2707 1365 3045 1433 praemissum
3077 1369 3391 1438 episcopum
3423 1369 3611 1424 fuerat
3632 1362 3797 1424 destiJ

2205 1460 2384 1507 natus.
2432 1452 2537 1508 Sed
2578 1455 2701 1524 quia
2734 1455 2873 1512 idem
2904 1456 3254 1515 Willcbertus
3292 1471 3629 1533 prmeeptnm
3654 1464 3785 1531 regis

2206 1539 2259 1594 in
2289 1540 2392 1597 hoc
2421 1543 2712 1614 adimplere
2738 1562 2842 1602 non
2867 1548 3063 1619 potuit,
3091 1549 3232 1605 hunc
3276 1566 3504 1607 monens
3531 1562 3704 1623 rogat,
3733 1552 3797 1608 ut

2206 1632 2421 1687 eosdem
2461 1636 2805 1704 pervase‘res,
2841 1638 2922 1692 vel
2951 1640 3041 1710 qui
3069 1656 3155 1695 res
3185 1642 3327 1711 ipsas
3369 1644 3787 1712 inquietareco-

2209 1732 2426 1787 nautur,
2498 1725 2966 1782 animadversione
3040 1731 3301 1783 canonica
3360 1730 3547 1798 feriat,
3608 1732 3711 1786 nisi
3756 1748 3781 1784 ιι

2206 1822 2381 1882 empta
2412 1816 2829 1885 prtesumptione
2858 1818 3214 1886 .resipiseant.
3245 1821 3535 1875 Decretum
3586 1837 3784 1890 quoque

2206 1902 2518 1976 Symmachi
2547 1922 2696 1978 papa:
2729 1908 2901 1963 eidem
2939 1908 3266 1965 Herimanno
3296 1911 3501 1982 dirigit,
3531 1912 3623 1966 ubi
3670 1912 3783 1981 quid

2205 1997 2271 2050 de
2299 1995 2497 2052 talibus
2521 1998 2593 2054 sit
2631 2000 2896 2069 agendum
2942 2000 3377 2056 manifestissima
3408 2002 3587 2071 possit
3613 2018 3782 2057 asser-
3822 2016 3825 2019 λ

2206 2086 2352 2140 tione
2385 2101 2726 2157 cognoscere.
2760 2088 2889 2144 Item
2915 2090 3111 2154 eidem,
3144 2106 3242 2159 pro
3278 2091 3608 2160 quihusdam
3640 2094 3791 2147 rebus

2206 2175 2366 2245 hujus
2389 2176 2640 2233 Ecclesire
2663 2194 2826 2248 super
2851 2178 3094 2235 Rhenum
3126 2182 3265 2245 silis,
3298 2182 3352 2236 in
3386 2183 3505 2237 loro
3530 2184 3625 2251 qui
3655 2184 3776 2237 dici-

2207 2276 2294 2321 tur
2326 2266 2547 2322 Bothert
2576 2267 2655 2340 [j,
2701 2269 2967 2343 Bobert],
3010 2286 3145 2341 quas
3186 2272 3545 2344 Muingaudio
3568 2274 3653 2346 |'j,
3685 2274 3783 2327 Ma-

2206 2359 2496 2432 gnigaudo]
2520 2362 3026 2417 commendaverat:
3076 2379 3184 2432 quo
3215 2364 3488 2427 defuncto,
3553 2366 3686 2435 petit
3728 2376 3777 2417 ut

2207 2452 2347 2506 idem
2402 2453 2596 2523 praesul
2646 2451 3007 2508 llerimamlus
3054 2468 3148 2507 eas
3203 2455 3455 2509 tutamlas
3512 2456 3780 2525 suscipiat.

2207 2541 2509 2609 Quemdam
2549 2543 2712 2596 etiam
2740 2542 3071 2608 Wibcrtum,
3111 2543 3201 2614 qui
3236 2558 3324 2599 res
3349 2545 3484 2599 alias
3511 2545 3783 2601 Remeusis

2208 2632 2465 2686 Ecclesia:
2501 2641 2685 2686 tenere
2726 2630 3027 2697 videbatur,
3074 2634 3381 2696 admoneat,
3431 2643 3491 2686 ut
3534 2646 3633 2686 cas
3672 2644 3787 2685 cum

2207 2730 2446 2784 amicitia
2478 2728 2578 2783 sibi
2612 2728 2877 2781 restituat.
2912 2727 2985 2781 De
3037 2730 3197 2782 rebus
3245 2742 3461 2797 quoque
3508 2726 3781 2794 cujusdam

2209 2820 2438 2874 abbatiae
2466 2820 2567 2875 sibi
2591 2836 2619 2873 a
2650 2835 2774 2889 rege
2798 2833 3088 2880 concessae,
3121 2833 3241 2887 quae
3265 2818 3316 2871 iu
3357 2817 3610 2887 partibus
3632 2816 3783 2888 ipsius

2211 2907 2519 2963 lierimanni
2553 2908 2930 2979 conjacebaut,
2977 2917 3129 2978 rogat
3171 2918 3227 2962 ut
3256 2921 3350 2962 eas
3382 2909 3451 2961 ab
3503 2920 3781 2962 extranei»

2210 3013 2326 3052 rum
2354 2999 2672 3067 pervasione
2700 2997 2969 3063 defendat,
3018 3007 3077 3052 et-
3099 3006 3314 3052 etatem.
3345 2997 3598 3053 Waltero
3629 2998 3783 3052 Seno-

2211 3092 2391 3148 nensis
2421 3090 2676 3146 Ecclesia:
2718 3091 3145 3162 archiepiscopo,
3178 3106 3276 3160 pro
3300 3106 3465 3144 causa
3514 3089 3781 3155 Hildegar-

512 3198 696 3253 vestris
725 3157 830 3266 per"
864 3157 1089 3263 seipsum
1136 3193 1389 3263 loquatur
1440 3193 1494 3246 in
1538 3191 1693 3245 corde
1742 3201 1928 3245 vestro.
1965 3190 2102 3244 Deus
2131 3157 2176 3217 Ω
2207 3187 2292 3244 dis
2321 3185 2627 3249 abbatissa,
2658 3185 2723 3240 de
2755 3199 2857 3253 qua
2904 3184 3097 3252 placita
3130 3184 3373 3253 quaedam
3411 3185 3777 3244 constituerat,

520 3290 843 3359 omnipotens
887 3286 957 3340 ad
1006 3295 1123 3340 rota
1168 3293 1345 3339 nostra
1398 3299 1608 3338 manum
1657 3299 1806 3337 suam
1858 3285 1921 3336 de
1971 3282 2102 3345 alto,

519 3391 567 3433 et
636 3378 815 3432 liberet
877 3395 967 3432 vos
1032 3376 1097 3431 de
1159 3375 1446 3431 carnulenta
1513 3375 1672 3446 hujus
1736 3372 1913 3429 sa’cult
1977 3391 2101 3445 pro-

516 3472 703 3542 fundo.

1123 3559 1352 3616 CAPUT
1391 3557 1479 3613 Vl.

794 3649 926 3716 Quir
963 3649 1180 3712 diversis
1221 3648 1488 3720 scripserit
1527 3648 1801 3719 episcopis.

587 3739 829 3796 Diversis
855 3741 1016 3796 etiam
1048 3740 1370 3809 praesulibus
1406 3740 1616 3796 diversa
1654 3739 1921 3810 reperitur
1956 3739 2103 3795 dire-

519 3835 664 3890 uisse
691 3833 912 3904 scripta,
936 3833 1025 3904 pio
1046 3832 1159 3889 sale
1189 3847 1458 3903 respersa,
1490 3841 1544 3889 et
1584 3832 1781 3888 divinis
1807 3832 2104 3887 auctorita-

520 3927 660 3982 tibus
691 3925 909 3981 referza.
937 3925 1192 3981 Flothero
1233 3924 1639 3997 archiepiscopo
1668 3940 1767 3996 pro
1809 3924 1970 3979 rebus
1997 3923 2103 3984 Re-

519 4019 721 4075 mensis
748 4019 1003 4074 Ecclesiae
1033 4020 1086 4073 in
1133 4034 1227 4081 sua
1260 4018 1664 4087 conjacentibus
1702 4017 1946 4080 diceeesi,
1983 4032 2102 4087 qua:

520 4111 589 4166 ab
637 4111 979 4166 invasoribus
1029 4126 1134 4165 non
1193 4110 1460 4165 modicum
1510 4109 1855 4179 patiebantur
1891 4107 2105 4177 dispen«

519 4202 666 4258 dium
692 4221 705 4256 :
737 4216 962 4258 mouens
987 4210 1042 4257 et
1070 4215 1284 4270 rogans,
1312 4209 1373 4253 ut
1396 4214 1604 4254 memor
1625 4198 1913 4261 ministerii
1944 4198 2042 4251 sibi
2071 4211 2101 4255 tt

523 4292 632 4348 Deo
654 4292 859 4357 collati,
889 4304 943 4354 et
988 4291 1401 4362 apostolicorum
1431 4297 1840 4359 praeceptorum,
1870 4302 2099 4357 quorum

520 4384 672 4454 plura
700 4380 978 4454 subiungit
999 4381 1269 4452 exempla,
1310 4380 1395 4435 his
1424 4378 1837 4449 persuasoribus
1866 4378 2104 4433 attctori-

519 4486 628 4529 tate
659 4474 921 4538 canonica
943 4473 1244 4535 interdicat,
1274 4486 1342 4528 ne
1369 4471 1434 4525 de
1464 4470 1627 4525 rebus
1654 4468 1814 4537 hujus
1846 4469 2101 4526 Ecclesia:
2130 4507 2183 4567 Β

519 4569 755 4639 amplius
786 4581 1112 4636 praesumere
1140 4564 1392 4625 audeant,
1435 4562 1577 4618 sicut
1602 4560 1815 4633 [rectius
1845 4560 1913 4634 si]
1939 4560 2106 4616 offen-

523 4675 637 4715 sam
671 4657 894 4719 domini,
929 4665 1346 4725 sanctorumque
1399 4652 1569 4724 ipsius
1600 4654 1878 4708 incurrere
1910 4651 2099 4708 nolint.

526 4750 804 4823 Rostagno
851 4748 1248 4809 Arelatensium
1314 4744 1552 4817 prmsuli,
1607 4752 1789 4814 grates
1837 4743 2105 4809 referens,

521 4839 665 4913 quod
691 4854 814 4902 eum
849 4837 915 4893 de
958 4837 1117 4893 rebus
1168 4835 1424 4890 Ecclesia:
1468 4833 1755 4887 Remensis
1804 4831 2101 4886 sollicitum

520 4943 642 4985 esse
661 4935 1017 4997 compererat,
1046 4940 1180 4994 quas
1214 4923 1314 4979 sub
1344 4923 1515 4993 ipsius
1542 4921 1901 4991 providentia,
1933 4931 1986 4976 et
2016 4930 2101 4975 tu~

523 5021 628 5076 tela
682 5018 1074 5084 constituerat;
1127 5017 1222 5071 sed
1276 5014 1527 5068 audiebat
1565 5027 1656 5066 eas
1708 5026 1738 5065 a
1781 5010 2105 5081 quibusdam

659 5113 699 5132 ς-
754 5110 1089 5132 ε---ι---..ει.-...
1144 5106 1383 5132 ε..ι.η...ο,...ι
1471 5104 1553 5132 -.ΑΙ

1624 5104 1871 5132 Cha-lunato:
1953 5102 2108 5132 ’Ἰν-..Λ

2205 3277 2296 3332 sed
2328 3277 2394 3331 ad
2426 3276 2626 3331 nullum
2675 3275 2816 3329 idem
2853 3273 3144 3340 Walterus,
3188 3275 3385 3344 partim
3413 3273 3780 3343 occupatione,

2203 3370 2398 3440 partim
2426 3366 2740 3423 inﬁrmitate
2761 3381 2999 3437 pressus,
3019 3366 3339 3421 attenderat.
3366 3364 3521 3420 Unde
3545 3364 3779 3435 przeseri.

2206 3463 2280 3525 hit
2308 3462 2507 3525 eidem,
2543 3476 2662 3531 qua:
2690 3475 2776 3516 res
2801 3460 2913 3531 ipsa
2951 3460 3109 3513 finem
3139 3458 3436 3529 legitimum
3465 3459 3538 3512 sit
3578 3457 3778 3512 habitu-

2205 3568 2297 3617 ra;
2340 3565 2674 3622 precatusque
2724 3559 2907 3605 monet
2957 3559 3014 3603 ut
3044 3549 3350 3605 nullatenus
3381 3551 3626 3613 omittat,
3664 3547 3777 3617 quin

2203 3643 2271 3699 ad
2303 3643 2353 3698 ld
2399 3642 2653 3713 placitum
2703 3640 2904 3696 veniat.
2951 3639 3011 3696 Si
3061 3656 3190 3712 vero
3235 3657 3340 3695 non
3394 3642 3629 3706 venerit,
3679 3641 3777 3709 ipso

2204 3747 2408 3800 tamen,
2444 3736 2591 3790 salva
2622 3734 2907 3800 charitate,
2963 3734 3104 3804 quod
3134 3733 3399 3803 agendum
3430 3743 3537 3794 est,
3572 3740 3777 3786 auctore

2203 3830 2336 3894 Deo,
2368 3828 2490 3883 inde
2513 3826 2778 3898 perﬁcere
2822 3825 3140 3881 conabitur:
3184 3833 3235 3879 et
3270 3824 3412 3893 quod
3443 3822 3707 3878 hactenus
3731 3819 3776 3874 id

2173 3960 2177 3965 ι
2203 3920 2503 3984 distulerat,
2556 3934 2661 3973 non
2692 3916 2844 3988 quasi
2875 3916 3271 3979 auctoritatem,
3317 3924 3422 3967 aut
3452 3913 3777 3983 privilegium

2206 4014 2310 4068 hoc
2338 4010 2527 4083 agendi
2563 4024 2669 4068 non
2722 4010 2965 4072 haberet,
3013 4016 3234 4078 egerat;
3273 4005 3366 4061 sed
3413 4004 3604 4074 potius
3628 4011 3773 4056 causa

2205 4103 2505 4161 dilectionis
2532 4102 2717 4172 ipsius,
2749 4115 2911 4169 quam
2948 4114 3042 4169 per
3069 4096 3250 4152 onmia
3278 4094 3593 4148 inviolatam
3611 4103 3776 4145 serva-

2206 4210 2263 4250 re
2298 4195 2563 4264 cupiebat.
2618 4192 2760 4246 Petit
2814 4191 2977 4245 etiam
3021 4197 3079 4242 ut
3128 4186 3407 4258 praefatam
3458 4183 3774 4239 abbatisnm

2213 4283 2352 4338 idem
2382 4282 2676 4345 Walterns,
2708 4289 2905 4349 utpote
2935 4280 3327 4333 dithesaueam
3357 4289 3535 4336 suam,
3563 4283 3775 4343 pra‘mo-

2205 4372 2321 4427 neri
2385 4371 2581 4434 faciat,
2642 4384 2749 4439 quo
2810 4383 2874 4424 ne
2934 4366 3081 4419 velut
3139 4366 3403 4435 ignaram,
3459 4377 3520 4416 se
3585 4379 3614 4414 ει
3663 4373 3774 4413 core

2208 4468 2387 4515 ventu-
2424 4460 2593 4530 ipsius
2627 4459 2970 4520 subtrahere,
3024 4455 3117 4511 sed
3161 4454 3338 4523 potitus
3390 4445 3776 4521 die‘pmanmni-

2216 4559 2343 4605 nata
2399 4557 2716 4620 prmsentem
2772 4548 2987 4600 studeat
3054 4543 3330 4597 exhibere.
3388 4540 3525 4595 ltem
3590 4550 3770 4595 conso-

2210 4641 2427 4705 [storias
2490 4639 2679 4694 eidem-
2719 4636 2956 4706 dirigens
2993 4649 3160 4704 super
3219 4632 3386 4705 ipsius
3437 4630 3772 4700 aegrotatione

2207 4732 2434 4794 litteras,
2471 4738 2527 4784 et
2573 4730 2638 4787 dc
2666 4727 3017 4789 absolutione,
3050 4740 3212 4795 quam
3240 4723 3342 4778 sibi
3384 4723 3623 4792 petierant
3648 4718 3770 4773 idem

2204 4824 2504 4887 Walterus,
2536 4832 2642 4876 tam
2663 4823 2731 4875 ab
2760 4832 2846 4886 eo,
2880 4833 3041 4889 quam
3071 4834 3101 4873 a
3142 4816 3399 4872 fratribus
3446 4815 3621 4885 ipsius
3651 4806 3752 4867 ﬁeri

2208 4916 2477 4986 sinmlqne
2501 4914 2566 4969 de
2593 4914 2830 4983 ipsorum
2878 4909 3208 4981 providendo
3245 4907 3316 4962 ab
3356 4907 3551 4961 eodem
3589 4906 3767 4960 domno

2207 5009 2460 5079 Fulcone,
2502 5006 2719 5079 quando
2761 5003 2876 5058 fieri
2930 5008 3133 5072 posset,
3190 4997 3482 5067 colloquio.
3535 4992 3768 5050 Pleonico

2209 5098 2613 5132 .nnthioniamnn
2638 5093 3025 5132 'l‘mmumarinn
3074 5090 3461 5132 annm-antlan
3489 5087 3644 5132 lmnis
3669 5080 3769 5132 eius
