  <div class='ocr_page' id='page_1' title='image "/cluster/home/n/w/nwhite01/storage/ocr_20150623/135/hvd.32044015471758/146.png"; bbox 0 0 3904 5396; ppageno 0'>
   <div class='ocr_carea' id='block_1_1' title="bbox 73 366 249 447">
    <p class='ocr_par' dir='ltr' id='par_1_1' title="bbox 73 366 249 447">
     <span class='ocr_line' id='line_1_1' title="bbox 73 366 249 447; baseline -0.006 0"><span class='ocrx_word' id='word_1_1' title='bbox 73 391 161 447; x_wconf 65' lang='grc' dir='ltr'><strong>εει</strong></span> <span class='ocrx_word' id='word_1_2' title='bbox 241 366 249 373; x_wconf 86' lang='grc'><em>’</em></span> 
     </span>
    </p>
   </div>
   <div class='ocr_carea' id='block_1_2' title="bbox 633 356 1653 457">
    <p class='ocr_par' dir='ltr' id='par_1_2' title="bbox 633 384 1647 447">
     <span class='ocr_line' id='line_1_2' title="bbox 633 384 1647 447; baseline -0.003 -1"><span class='ocrx_word' id='word_1_3' title='bbox 633 384 978 447; x_wconf 61' lang='grc' dir='ltr'><strong>ΙΙΙΘΤΟΙἨᾹΞ</strong></span> <span class='ocrx_word' id='word_1_4' title='bbox 1017 390 1369 446; x_wconf 62' lang='lat' dir='ltr'><strong>ECCLESLE</strong></span> <span class='ocrx_word' id='word_1_5' title='bbox 1411 388 1647 445; x_wconf 72' lang='lat' dir='ltr'><strong>llEllEN</strong></span> 
     </span>
    </p>
   </div>
   <div class='ocr_carea' id='block_1_3' title="bbox 1756 356 2787 457">
    <p class='ocr_par' dir='ltr' id='par_1_3' title="bbox 1794 356 2787 457">
     <span class='ocr_line' id='line_1_3' title="bbox 1794 356 2787 457; baseline 0.003 -13"><span class='ocrx_word' id='word_1_6' title='bbox 1794 388 1989 444; x_wconf 80' lang='lat' dir='ltr'><strong>LlBltl</strong></span> <span class='ocrx_word' id='word_1_7' title='bbox 2025 356 2378 457; x_wconf 61' lang='lat' dir='ltr'><strong>qucrnea.</strong></span> <span class='ocrx_word' id='word_1_8' title='bbox 2420 421 2490 432; x_wconf 88' lang='lat'><em>—</em></span> <span class='ocrx_word' id='word_1_9' title='bbox 2529 391 2656 446; x_wconf 81' lang='lat' dir='ltr'><strong>un.</strong></span> <span class='ocrx_word' id='word_1_10' title='bbox 2700 391 2787 447; x_wconf 85' lang='lat' dir='ltr'><strong>tv.</strong></span> 
     </span>
    </p>
   </div>
   <div class='ocr_carea' id='block_1_4' title="bbox 3228 348 3343 453">
    <p class='ocr_par' dir='ltr' id='par_1_4' title="bbox 3228 348 3343 453">
     <span class='ocr_line' id='line_1_4' title="bbox 3228 348 3343 453; baseline 0.017 -3"><span class='ocrx_word' id='word_1_11' title='bbox 3228 348 3343 453; x_wconf 36' lang='lat'><strong>283‘</strong></span> 
     </span>
    </p>
   </div>
   <div class='ocr_carea' id='block_1_5' title="bbox 71 492 3347 580">
    <p class='ocr_par' dir='ltr' id='par_1_5' title="bbox 71 492 3347 580">
     <span class='ocr_line' id='line_1_5' title="bbox 71 492 3347 580; baseline 0.002 -21"><span class='ocrx_word' id='word_1_12' title='bbox 71 508 319 561; x_wconf 65' lang='lat' dir='ltr'><strong>existere.</strong></span> <span class='ocrx_word' id='word_1_13' title='bbox 356 504 550 562; x_wconf 66' lang='lat' dir='ltr'><strong>luanni</strong></span> <span class='ocrx_word' id='word_1_14' title='bbox 591 507 804 561; x_wconf 85' lang='lat' dir='ltr'><strong>cuidam</strong></span> <span class='ocrx_word' id='word_1_15' title='bbox 845 505 1086 560; x_wconf 78' lang='lat' dir='ltr'><strong>Romano</strong></span> <span class='ocrx_word' id='word_1_16' title='bbox 1128 507 1373 575; x_wconf 69' lang='lat' dir='ltr'><strong>pnesuli,</strong></span> <span class='ocrx_word' id='word_1_17' title='bbox 1406 520 1644 560; x_wconf 86' lang='lat' dir='ltr'><strong>comme-</strong></span> <span class='ocrx_word' id='word_1_18' title='bbox 1672 510 1717 567; x_wconf 75' lang='grc' dir='ltr'><strong>Α</strong></span> <span class='ocrx_word' id='word_1_19' title='bbox 1748 503 1955 559; x_wconf 86' lang='lat' dir='ltr'><strong>Dodillo</strong></span> <span class='ocrx_word' id='word_1_20' title='bbox 1986 505 2053 578; x_wconf 83' lang='lat' dir='ltr'><strong>[j,</strong></span> <span class='ocrx_word' id='word_1_21' title='bbox 2086 502 2194 559; x_wconf 88' lang='lat' dir='ltr'><strong>Dod</strong></span> <span class='ocrx_word' id='word_1_22' title='bbox 2221 502 2375 578; x_wconf 84' lang='lat' dir='ltr'><strong>Iuni],</strong></span> <span class='ocrx_word' id='word_1_23' title='bbox 2414 506 2704 561; x_wconf 89' lang='lat' dir='ltr'><strong>admouere</strong></span> <span class='ocrx_word' id='word_1_24' title='bbox 2749 506 2923 573; x_wconf 88' lang='lat' dir='ltr'><strong>illum,</strong></span> <span class='ocrx_word' id='word_1_25' title='bbox 2952 515 3009 561; x_wconf 87' lang='grc' dir='ltr'><strong>ιιι</strong></span> <span class='ocrx_word' id='word_1_26' title='bbox 3052 492 3347 580; x_wconf 57' lang='grc' dir='ltr'><strong>ιυείρίδεεέ</strong></span> 
     </span>
    </p>
   </div>
   <div class='ocr_carea' id='block_1_6' title="bbox 76 596 1645 673">
    <p class='ocr_par' dir='ltr' id='par_1_6' title="bbox 76 596 1645 673">
     <span class='ocr_line' id='line_1_6' title="bbox 76 596 1645 673; baseline 0.006 -24"><span class='ocrx_word' id='word_1_27' title='bbox 76 613 288 651; x_wconf 82' lang='lat' dir='ltr'><strong>tuorans</strong></span> <span class='ocrx_word' id='word_1_28' title='bbox 311 596 647 652; x_wconf 73' lang='lat' dir='ltr'><strong>allectionem</strong></span> <span class='ocrx_word' id='word_1_29' title='bbox 694 599 1010 660; x_wconf 86' lang='lat' dir='ltr'><strong>dilectionis,</strong></span> <span class='ocrx_word' id='word_1_30' title='bbox 1047 616 1208 671; x_wconf 91' lang='lat' dir='ltr'><strong>quam</strong></span> <span class='ocrx_word' id='word_1_31' title='bbox 1261 600 1485 655; x_wconf 69' lang='lat' dir='ltr'><strong>habt-hat</strong></span> <span class='ocrx_word' id='word_1_32' title='bbox 1517 617 1645 673; x_wconf 84' lang='lat' dir='ltr'><strong>erga</strong></span> 
     </span>
    </p>
   </div>
   <div class='ocr_carea' id='block_1_7' title="bbox 75 688 1644 758">
    <p class='ocr_par' dir='ltr' id='par_1_7' title="bbox 75 688 1644 758">
     <span class='ocr_line' id='line_1_7' title="bbox 75 688 1644 758; baseline 0.004 -16"><span class='ocrx_word' id='word_1_33' title='bbox 75 704 209 748; x_wconf 83' lang='lat' dir='ltr'><strong>cum,</strong></span> <span class='ocrx_word' id='word_1_34' title='bbox 236 689 309 741; x_wconf 87' lang='lat' dir='ltr'><strong>ita</strong></span> <span class='ocrx_word' id='word_1_35' title='bbox 337 698 388 741; x_wconf 91' lang='grc' dir='ltr'><strong>ιιι</strong></span> <span class='ocrx_word' id='word_1_36' title='bbox 428 688 654 752; x_wconf 81' lang='lat' dir='ltr'><strong>diceret,</strong></span> <span class='ocrx_word' id='word_1_37' title='bbox 687 689 887 743; x_wconf 88' lang='lat' dir='ltr'><strong>nullum</strong></span> <span class='ocrx_word' id='word_1_38' title='bbox 933 706 993 745; x_wconf 86' lang='lat' dir='ltr'><strong>se</strong></span> <span class='ocrx_word' id='word_1_39' title='bbox 1045 692 1314 747; x_wconf 84' lang='lat' dir='ltr'><strong>invenisse</strong></span> <span class='ocrx_word' id='word_1_40' title='bbox 1348 696 1644 758; x_wconf 85' lang='lat' dir='ltr'><strong>recordari,</strong></span> 
     </span>
    </p>
   </div>
   <div class='ocr_carea' id='block_1_8' title="bbox 77 779 1646 855">
    <p class='ocr_par' dir='ltr' id='par_1_8' title="bbox 77 779 1646 855">
     <span class='ocr_line' id='line_1_8' title="bbox 77 779 1646 855; baseline 0.008 -26"><span class='ocrx_word' id='word_1_41' title='bbox 77 795 187 830; x_wconf 83' lang='lat' dir='ltr'><strong>cum</strong></span> <span class='ocrx_word' id='word_1_42' title='bbox 217 793 326 845; x_wconf 89' lang='lat' dir='ltr'><strong>quo</strong></span> <span class='ocrx_word' id='word_1_43' title='bbox 350 779 429 832; x_wconf 89' lang='lat' dir='ltr'><strong>sic</strong></span> <span class='ocrx_word' id='word_1_44' title='bbox 458 780 800 834; x_wconf 69' lang='lat' dir='ltr'><strong>concorditer</strong></span> <span class='ocrx_word' id='word_1_45' title='bbox 841 792 1024 836; x_wconf 91' lang='lat' dir='ltr'><strong>mutuo</strong></span> <span class='ocrx_word' id='word_1_46' title='bbox 1069 783 1489 855; x_wconf 82' lang='lat' dir='ltr'><strong>conjungeretur</strong></span> <span class='ocrx_word' id='word_1_47' title='bbox 1518 788 1646 842; x_wconf 88' lang='lat' dir='ltr'><strong>cha-</strong></span> 
     </span>
    </p>
   </div>
   <div class='ocr_carea' id='block_1_9' title="bbox 78 870 1644 948">
    <p class='ocr_par' dir='ltr' id='par_1_9' title="bbox 78 870 1644 948">
     <span class='ocr_line' id='line_1_9' title="bbox 78 870 1644 948; baseline 0.007 -24"><span class='ocrx_word' id='word_1_48' title='bbox 78 872 241 926; x_wconf 87' lang='lat' dir='ltr'><strong>ritatis</strong></span> <span class='ocrx_word' id='word_1_49' title='bbox 299 870 539 928; x_wconf 72' lang='lat' dir='ltr'><strong>allectu:</strong></span> <span class='ocrx_word' id='word_1_50' title='bbox 598 889 969 930; x_wconf 80' lang='lat' dir='ltr'><strong>rememorans</strong></span> <span class='ocrx_word' id='word_1_51' title='bbox 1024 892 1217 948; x_wconf 88' lang='lat' dir='ltr'><strong>magna</strong></span> <span class='ocrx_word' id='word_1_52' title='bbox 1265 893 1323 934; x_wconf 88' lang='lat' dir='ltr'><strong>se</strong></span> <span class='ocrx_word' id='word_1_53' title='bbox 1377 879 1644 948; x_wconf 89' lang='lat' dir='ltr'><strong>quondam</strong></span> 
     </span>
    </p>
   </div>
   <div class='ocr_carea' id='block_1_10' title="bbox 79 965 1647 1036">
    <p class='ocr_par' dir='ltr' id='par_1_10' title="bbox 79 965 1647 1036">
     <span class='ocr_line' id='line_1_10' title="bbox 79 965 1647 1036; baseline 0.005 -17"><span class='ocrx_word' id='word_1_54' title='bbox 79 965 437 1019; x_wconf 70' lang='lat' dir='ltr'><strong>benevolentia</strong></span> <span class='ocrx_word' id='word_1_55' title='bbox 469 978 780 1036; x_wconf 86' lang='lat' dir='ltr'><strong>susceptum</strong></span> <span class='ocrx_word' id='word_1_56' title='bbox 826 969 894 1022; x_wconf 87' lang='lat' dir='ltr'><strong>ah</strong></span> <span class='ocrx_word' id='word_1_57' title='bbox 930 983 995 1023; x_wconf 91' lang='lat' dir='ltr'><strong>eo</strong></span> <span class='ocrx_word' id='word_1_58' title='bbox 1023 967 1212 1035; x_wconf 84' lang='lat' dir='ltr'><strong>fuisse,</strong></span> <span class='ocrx_word' id='word_1_59' title='bbox 1240 969 1647 1027; x_wconf 88' lang='lat' dir='ltr'><strong>liberalissima-</strong></span> 
     </span>
    </p>
   </div>
   <div class='ocr_carea' id='block_1_11' title="bbox 77 1057 1646 1131">
    <p class='ocr_par' dir='ltr' id='par_1_11' title="bbox 77 1057 1646 1131">
     <span class='ocr_line' id='line_1_11' title="bbox 77 1057 1646 1131; baseline 0.007 -22"><span class='ocrx_word' id='word_1_60' title='bbox 77 1072 170 1126; x_wconf 89' lang='lat' dir='ltr'><strong>que</strong></span> <span class='ocrx_word' id='word_1_61' title='bbox 194 1057 529 1113; x_wconf 84' lang='lat' dir='ltr'><strong>immanitate</strong></span> <span class='ocrx_word' id='word_1_62' title='bbox 558 1068 870 1124; x_wconf 89' lang='lat' dir='ltr'><strong>tractatum,</strong></span> <span class='ocrx_word' id='word_1_63' title='bbox 915 1061 1233 1131; x_wconf 90' lang='lat' dir='ltr'><strong>magnisque</strong></span> <span class='ocrx_word' id='word_1_64' title='bbox 1262 1062 1646 1120; x_wconf 71' lang='lat' dir='ltr'><strong>beneficiorum</strong></span> 
     </span>
    </p>
   </div>
   <div class='ocr_carea' id='block_1_12' title="bbox 79 1150 1646 1226">
    <p class='ocr_par' dir='ltr' id='par_1_12' title="bbox 79 1150 1646 1226">
     <span class='ocr_line' id='line_1_12' title="bbox 79 1150 1646 1226; baseline 0.003 -23"><span class='ocrx_word' id='word_1_65' title='bbox 79 1150 348 1219; x_wconf 85' lang='lat' dir='ltr'><strong>impendiis</strong></span> <span class='ocrx_word' id='word_1_66' title='bbox 383 1150 801 1205; x_wconf 89' lang='lat' dir='ltr'><strong>accumulatnm.</strong></span> <span class='ocrx_word' id='word_1_67' title='bbox 842 1151 1158 1223; x_wconf 81' lang='lat' dir='ltr'><strong>Asseritque</strong></span> <span class='ocrx_word' id='word_1_68' title='bbox 1206 1170 1265 1210; x_wconf 91' lang='lat' dir='ltr'><strong>se</strong></span> <span class='ocrx_word' id='word_1_69' title='bbox 1302 1156 1646 1226; x_wconf 82' lang='lat' dir='ltr'><strong>quantocius,</strong></span> 
     </span>
    </p>
   </div>
   <div class='ocr_carea' id='block_1_13' title="bbox 81 1241 1645 1316">
    <p class='ocr_par' dir='ltr' id='par_1_13' title="bbox 81 1241 1645 1316">
     <span class='ocr_line' id='line_1_13' title="bbox 81 1241 1645 1316; baseline 0.007 -24"><span class='ocrx_word' id='word_1_70' title='bbox 81 1256 199 1310; x_wconf 83' lang='lat' dir='ltr'><strong>pace</strong></span> <span class='ocrx_word' id='word_1_71' title='bbox 228 1241 457 1303; x_wconf 83' lang='lat' dir='ltr'><strong>reddita,</strong></span> <span class='ocrx_word' id='word_1_72' title='bbox 498 1241 677 1312; x_wconf 81' lang='lat' dir='ltr'><strong>dignis</strong></span> <span class='ocrx_word' id='word_1_73' title='bbox 701 1243 937 1298; x_wconf 89' lang='lat' dir='ltr'><strong>servitiis</strong></span> <span class='ocrx_word' id='word_1_74' title='bbox 967 1256 1334 1308; x_wconf 91' lang='lat' dir='ltr'><strong>ostensurum,</strong></span> <span class='ocrx_word' id='word_1_75' title='bbox 1367 1255 1476 1300; x_wconf 90' lang='lat' dir='ltr'><strong>tam</strong></span> <span class='ocrx_word' id='word_1_76' title='bbox 1516 1263 1645 1316; x_wconf 77' lang='lat' dir='ltr'><strong>erga</strong></span> 
     </span>
    </p>
   </div>
   <div class='ocr_carea' id='block_1_14' title="bbox 81 1333 1649 1410">
    <p class='ocr_par' dir='ltr' id='par_1_14' title="bbox 81 1333 1649 1410">
     <span class='ocr_line' id='line_1_14' title="bbox 81 1333 1649 1410; baseline 0.005 -26"><span class='ocrx_word' id='word_1_77' title='bbox 81 1349 210 1395; x_wconf 84' lang='lat' dir='ltr'><strong>eum,</strong></span> <span class='ocrx_word' id='word_1_78' title='bbox 240 1348 404 1401; x_wconf 88' lang='lat' dir='ltr'><strong>quam</strong></span> <span class='ocrx_word' id='word_1_79' title='bbox 450 1347 577 1404; x_wconf 80' lang='lat' dir='ltr'><strong>erga</strong></span> <span class='ocrx_word' id='word_1_80' title='bbox 608 1333 865 1389; x_wconf 86' lang='lat' dir='ltr'><strong>domuum</strong></span> <span class='ocrx_word' id='word_1_81' title='bbox 907 1351 1101 1406; x_wconf 82' lang='lat' dir='ltr'><strong>papam</strong></span> <span class='ocrx_word' id='word_1_82' title='bbox 1155 1337 1492 1407; x_wconf 83' lang='lat' dir='ltr'><strong>Stephanum</strong></span> <span class='ocrx_word' id='word_1_83' title='bbox 1522 1354 1649 1410; x_wconf 85' lang='lat' dir='ltr'><strong>gra-</strong></span> 
     </span>
    </p>
   </div>
   <div class='ocr_carea' id='block_1_15' title="bbox 84 1426 1647 1501">
    <p class='ocr_par' dir='ltr' id='par_1_15' title="bbox 84 1426 1647 1501">
     <span class='ocr_line' id='line_1_15' title="bbox 84 1426 1647 1501; baseline 0.006 -24"><span class='ocrx_word' id='word_1_84' title='bbox 84 1436 177 1479; x_wconf 84' lang='lat' dir='ltr'><strong>tam</strong></span> <span class='ocrx_word' id='word_1_85' title='bbox 211 1426 376 1479; x_wconf 89' lang='lat' dir='ltr'><strong>animi</strong></span> <span class='ocrx_word' id='word_1_86' title='bbox 434 1428 803 1493; x_wconf 83' lang='lat' dir='ltr'><strong>devotionem,</strong></span> <span class='ocrx_word' id='word_1_87' title='bbox 846 1440 1209 1501; x_wconf 77' lang='lat' dir='ltr'><strong>precaturque</strong></span> <span class='ocrx_word' id='word_1_88' title='bbox 1267 1441 1325 1485; x_wconf 90' lang='grc' dir='ltr'><strong>ιιι</strong></span> <span class='ocrx_word' id='word_1_89' title='bbox 1377 1447 1499 1487; x_wconf 90' lang='lat' dir='ltr'><strong>eum</strong></span> <span class='ocrx_word' id='word_1_90' title='bbox 1549 1448 1647 1486; x_wconf 88' lang='lat' dir='ltr'><strong>suo</strong></span> 
     </span>
    </p>
   </div>
   <div class='ocr_carea' id='block_1_16' title="bbox 84 1516 1644 1592">
    <p class='ocr_par' dir='ltr' id='par_1_16' title="bbox 84 1516 1644 1592">
     <span class='ocr_line' id='line_1_16' title="bbox 84 1516 1644 1592; baseline 0.005 -24"><span class='ocrx_word' id='word_1_91' title='bbox 84 1516 250 1569; x_wconf 74' lang='lat' dir='ltr'><strong>favore</strong></span> <span class='ocrx_word' id='word_1_92' title='bbox 276 1525 488 1570; x_wconf 84' lang='lat' dir='ltr'><strong>tueatur</strong></span> <span class='ocrx_word' id='word_1_93' title='bbox 514 1517 654 1588; x_wconf 88' lang='lat' dir='ltr'><strong>apud</strong></span> <span class='ocrx_word' id='word_1_94' title='bbox 700 1517 870 1590; x_wconf 83' lang='lat' dir='ltr'><strong>ipsius</strong></span> <span class='ocrx_word' id='word_1_95' title='bbox 894 1519 1277 1576; x_wconf 76' lang='lat' dir='ltr'><strong>excellentiam</strong></span> <span class='ocrx_word' id='word_1_96' title='bbox 1307 1536 1483 1592; x_wconf 75' lang='lat' dir='ltr'><strong>papze,</strong></span> <span class='ocrx_word' id='word_1_97' title='bbox 1512 1530 1567 1576; x_wconf 90' lang='lat' dir='ltr'><strong>et</strong></span> <span class='ocrx_word' id='word_1_98' title='bbox 1593 1523 1644 1577; x_wconf 93' lang='lat' dir='ltr'><strong>in</strong></span> 
     </span>
    </p>
   </div>
   <div class='ocr_carea' id='block_1_17' title="bbox 84 1598 1647 1683">
    <p class='ocr_par' dir='ltr' id='par_1_17' title="bbox 84 1598 1647 1683">
     <span class='ocr_line' id='line_1_17' title="bbox 84 1598 1647 1683; baseline 0.006 -25"><span class='ocrx_word' id='word_1_99' title='bbox 84 1610 475 1678; x_wconf 71' lang='lat' dir='ltr'><strong>quibuscumque</strong></span> <span class='ocrx_word' id='word_1_100' title='bbox 514 1598 887 1666; x_wconf 88' lang='lat' dir='ltr'><strong>necessarium</strong></span> <span class='ocrx_word' id='word_1_101' title='bbox 914 1609 1132 1677; x_wconf 87' lang='lat' dir='ltr'><strong>viderit,</strong></span> <span class='ocrx_word' id='word_1_102' title='bbox 1174 1613 1224 1666; x_wconf 86' lang='lat' dir='ltr'><strong>ei</strong></span> <span class='ocrx_word' id='word_1_103' title='bbox 1272 1612 1414 1668; x_wconf 88' lang='lat' dir='ltr'><strong>sicut</strong></span> <span class='ocrx_word' id='word_1_104' title='bbox 1442 1613 1647 1683; x_wconf 82' lang='lat' dir='ltr'><strong>Optime</strong></span> 
     </span>
    </p>
   </div>
   <div class='ocr_carea' id='block_1_18' title="bbox 85 1697 1644 1766">
    <p class='ocr_par' dir='ltr' id='par_1_18' title="bbox 85 1697 1644 1766">
     <span class='ocr_line' id='line_1_18' title="bbox 85 1697 1644 1766; baseline 0.004 -15"><span class='ocrx_word' id='word_1_105' title='bbox 85 1698 129 1751; x_wconf 88' lang='lat' dir='ltr'><strong>in</strong></span> <span class='ocrx_word' id='word_1_106' title='bbox 158 1699 267 1766; x_wconf 81' lang='lat' dir='ltr'><strong>ipso</strong></span> <span class='ocrx_word' id='word_1_107' title='bbox 312 1697 555 1766; x_wconf 83' lang='lat' dir='ltr'><strong>conﬁdit,</strong></span> <span class='ocrx_word' id='word_1_108' title='bbox 607 1700 848 1756; x_wconf 88' lang='lat' dir='ltr'><strong>assistat.</strong></span> <span class='ocrx_word' id='word_1_109' title='bbox 887 1701 1130 1757; x_wconf 92' lang='lat' dir='ltr'><strong>Dodiloni</strong></span> <span class='ocrx_word' id='word_1_110' title='bbox 1172 1703 1644 1760; x_wconf 85' lang='lat' dir='ltr'><strong>Cameracensitttu</strong></span> 
     </span>
    </p>
   </div>
   <div class='ocr_carea' id='block_1_19' title="bbox 84 1791 1645 1866">
    <p class='ocr_par' dir='ltr' id='par_1_19' title="bbox 84 1791 1645 1866">
     <span class='ocr_line' id='line_1_19' title="bbox 84 1791 1645 1866; baseline 0.006 -23"><span class='ocrx_word' id='word_1_111' title='bbox 84 1791 303 1859; x_wconf 72' lang='lat' dir='ltr'><strong>persuli,</strong></span> <span class='ocrx_word' id='word_1_112' title='bbox 331 1806 429 1859; x_wconf 86' lang='lat' dir='ltr'><strong>pro</strong></span> <span class='ocrx_word' id='word_1_113' title='bbox 451 1791 665 1861; x_wconf 85' lang='lat' dir='ltr'><strong>placitis</strong></span> <span class='ocrx_word' id='word_1_114' title='bbox 689 1794 789 1849; x_wconf 91' lang='lat' dir='ltr'><strong>sibi</strong></span> <span class='ocrx_word' id='word_1_115' title='bbox 817 1794 885 1848; x_wconf 85' lang='lat' dir='ltr'><strong>ab</strong></span> <span class='ocrx_word' id='word_1_116' title='bbox 907 1810 972 1849; x_wconf 88' lang='lat' dir='ltr'><strong>eo</strong></span> <span class='ocrx_word' id='word_1_117' title='bbox 1001 1795 1164 1861; x_wconf 85' lang='lat' dir='ltr'><strong>datis,</strong></span> <span class='ocrx_word' id='word_1_118' title='bbox 1187 1795 1253 1851; x_wconf 89' lang='lat' dir='ltr'><strong>ad</strong></span> <span class='ocrx_word' id='word_1_119' title='bbox 1284 1812 1402 1866; x_wconf 74' lang='lat' dir='ltr'><strong>qua:</strong></span> <span class='ocrx_word' id='word_1_120' title='bbox 1425 1798 1645 1852; x_wconf 86' lang='lat' dir='ltr'><strong>minime</strong></span> 
     </span>
    </p>
   </div>
   <div class='ocr_carea' id='block_1_20' title="bbox 1750 596 3353 670">
    <p class='ocr_par' dir='ltr' id='par_1_20' title="bbox 1750 596 3353 670">
     <span class='ocr_line' id='line_1_20' title="bbox 1750 596 3353 670; baseline 0.004 -19"><span class='ocrx_word' id='word_1_121' title='bbox 1750 607 1832 651; x_wconf 87' lang='lat' dir='ltr'><strong>ret</strong></span> <span class='ocrx_word' id='word_1_122' title='bbox 1878 614 1908 650; x_wconf 88' lang='lat' dir='ltr'><strong>a</strong></span> <span class='ocrx_word' id='word_1_123' title='bbox 1969 611 2136 667; x_wconf 89' lang='lat' dir='ltr'><strong>pravo</strong></span> <span class='ocrx_word' id='word_1_124' title='bbox 2198 596 2519 652; x_wconf 80' lang='lat' dir='ltr'><strong>temeritatis</strong></span> <span class='ocrx_word' id='word_1_125' title='bbox 2573 613 2682 651; x_wconf 66' lang='lat' dir='ltr'><strong>sua:</strong></span> <span class='ocrx_word' id='word_1_126' title='bbox 2728 598 2890 653; x_wconf 74' lang='lat' dir='ltr'><strong>fastu.</strong></span> <span class='ocrx_word' id='word_1_127' title='bbox 2936 597 3042 653; x_wconf 90' lang='lat' dir='ltr'><strong>Sed</strong></span> <span class='ocrx_word' id='word_1_128' title='bbox 3080 598 3353 670; x_wconf 52' lang='lat' dir='ltr'><strong>qu&#39;oniaut&#39;</strong></span> 
     </span>
    </p>
   </div>
   <div class='ocr_carea' id='block_1_21' title="bbox 1747 683 3334 763">
    <p class='ocr_par' dir='ltr' id='par_1_21' title="bbox 1747 683 3334 763">
     <span class='ocr_line' id='line_1_21' title="bbox 1747 683 3334 763; baseline 0.002 -20"><span class='ocrx_word' id='word_1_129' title='bbox 1747 689 1889 744; x_wconf 84' lang='lat' dir='ltr'><strong>idem</strong></span> <span class='ocrx_word' id='word_1_130' title='bbox 1918 689 2110 760; x_wconf 63' lang='lat' dir='ltr'><strong>praesul</strong></span> <span class='ocrx_word' id='word_1_131' title='bbox 2142 691 2513 759; x_wconf 85' lang='lat' dir='ltr'><strong>rescripserat,</strong></span> <span class='ocrx_word' id='word_1_132' title='bbox 2542 705 2829 745; x_wconf 90' lang='lat' dir='ltr'><strong>occurrere</strong></span> <span class='ocrx_word' id='word_1_133' title='bbox 2856 690 3058 746; x_wconf 77' lang='lat' dir='ltr'><strong>eisdem</strong></span> <span class='ocrx_word' id='word_1_134' title='bbox 3087 683 3334 763; x_wconf 52' lang='lat' dir='ltr'><strong>prcesuli.</strong></span> 
     </span>
    </p>
   </div>
   <div class='ocr_carea' id='block_1_22' title="bbox 1747 778 3335 850">
    <p class='ocr_par' dir='ltr' id='par_1_22' title="bbox 1747 778 3335 850">
     <span class='ocr_line' id='line_1_22' title="bbox 1747 778 3335 850; baseline 0.003 -17"><span class='ocrx_word' id='word_1_135' title='bbox 1747 779 1848 833; x_wconf 88' lang='lat' dir='ltr'><strong>bus</strong></span> <span class='ocrx_word' id='word_1_136' title='bbox 1890 794 1951 834; x_wconf 89' lang='lat' dir='ltr'><strong>se</strong></span> <span class='ocrx_word' id='word_1_137' title='bbox 1997 779 2330 850; x_wconf 84' lang='lat' dir='ltr'><strong>nequivisse,</strong></span> <span class='ocrx_word' id='word_1_138' title='bbox 2376 780 2501 849; x_wconf 84' lang='lat' dir='ltr'><strong>quia</strong></span> <span class='ocrx_word' id='word_1_139' title='bbox 2542 796 2698 835; x_wconf 86' lang='lat' dir='ltr'><strong>suum</strong></span> <span class='ocrx_word' id='word_1_140' title='bbox 2731 781 2831 835; x_wconf 90' lang='lat' dir='ltr'><strong>iter</strong></span> <span class='ocrx_word' id='word_1_141' title='bbox 2871 778 3335 838; x_wconf 77' lang='lat' dir='ltr'><strong>Nortnntnnoruut</strong></span> 
     </span>
    </p>
   </div>
   <div class='ocr_carea' id='block_1_23' title="bbox 1748 874 3334 947">
    <p class='ocr_par' dir='ltr' id='par_1_23' title="bbox 1748 874 3334 947">
     <span class='ocr_line' id='line_1_23' title="bbox 1748 874 3334 947; baseline 0.003 -20"><span class='ocrx_word' id='word_1_142' title='bbox 1748 874 2023 945; x_wconf 66' lang='lat' dir='ltr'><strong>praaripuit</strong></span> <span class='ocrx_word' id='word_1_143' title='bbox 2045 875 2273 945; x_wconf 79' lang='lat' dir='ltr'><strong>gladius,</strong></span> <span class='ocrx_word' id='word_1_144' title='bbox 2290 891 2385 931; x_wconf 75' lang='lat' dir='ltr'><strong>cet.</strong></span> <span class='ocrx_word' id='word_1_145' title='bbox 2410 876 2476 931; x_wconf 89' lang='lat' dir='ltr'><strong>de</strong></span> <span class='ocrx_word' id='word_1_146' title='bbox 2498 875 2772 930; x_wconf 91' lang='lat' dir='ltr'><strong>communi</strong></span> <span class='ocrx_word' id='word_1_147' title='bbox 2794 876 3122 947; x_wconf 90' lang='lat' dir='ltr'><strong>compatitur</strong></span> <span class='ocrx_word' id='word_1_148' title='bbox 3144 878 3334 933; x_wconf 83' lang='lat' dir='ltr'><strong>exitio.</strong></span> 
     </span>
    </p>
   </div>
   <div class='ocr_carea' id='block_1_24' title="bbox 1745 965 3338 1040">
    <p class='ocr_par' dir='ltr' id='par_1_24' title="bbox 1745 965 3338 1040">
     <span class='ocr_line' id='line_1_24' title="bbox 1745 965 3338 1040; baseline 0.001 -17"><span class='ocrx_word' id='word_1_149' title='bbox 1745 967 2011 1023; x_wconf 75' lang='lat' dir='ltr'><strong>Caeterum</strong></span> <span class='ocrx_word' id='word_1_150' title='bbox 2034 965 2174 1037; x_wconf 89' lang='lat' dir='ltr'><strong>quod</strong></span> <span class='ocrx_word' id='word_1_151' title='bbox 2199 968 2427 1036; x_wconf 80' lang='lat' dir='ltr'><strong>petierat</strong></span> <span class='ocrx_word' id='word_1_152' title='bbox 2446 968 2511 1021; x_wconf 88' lang='lat' dir='ltr'><strong>de</strong></span> <span class='ocrx_word' id='word_1_153' title='bbox 2535 966 2814 1032; x_wconf 83' lang='lat' dir='ltr'><strong>Balduino,</strong></span> <span class='ocrx_word' id='word_1_154' title='bbox 2839 968 2890 1022; x_wconf 93' lang='lat' dir='ltr'><strong>iu</strong></span> <span class='ocrx_word' id='word_1_155' title='bbox 2916 969 3019 1024; x_wconf 89' lang='lat' dir='ltr'><strong>hoc</strong></span> <span class='ocrx_word' id='word_1_156' title='bbox 3041 971 3338 1040; x_wconf 69' lang='lat' dir='ltr'><strong>acquiescit</strong></span> 
     </span>
    </p>
   </div>
   <div class='ocr_carea' id='block_1_25' title="bbox 1745 1058 3341 1129">
    <p class='ocr_par' dir='ltr' id='par_1_25' title="bbox 1745 1058 3341 1129">
     <span class='ocr_line' id='line_1_25' title="bbox 1745 1058 3341 1129; baseline 0.003 -14"><span class='ocrx_word' id='word_1_157' title='bbox 1745 1060 1817 1127; x_wconf 91' lang='lat' dir='ltr'><strong>ei,</strong></span> <span class='ocrx_word' id='word_1_158' title='bbox 1848 1067 1903 1114; x_wconf 90' lang='lat' dir='ltr'><strong>ut</strong></span> <span class='ocrx_word' id='word_1_159' title='bbox 1931 1058 2289 1123; x_wconf 84' lang='lat' dir='ltr'><strong>admonendo,</strong></span> <span class='ocrx_word' id='word_1_160' title='bbox 2317 1059 2675 1122; x_wconf 78' lang='lat' dir='ltr'><strong>exhortando.</strong></span> <span class='ocrx_word' id='word_1_161' title='bbox 2701 1071 2755 1114; x_wconf 91' lang='lat' dir='ltr'><strong>et</strong></span> <span class='ocrx_word' id='word_1_162' title='bbox 2778 1061 3127 1129; x_wconf 85' lang='lat' dir='ltr'><strong>increpando,</strong></span> <span class='ocrx_word' id='word_1_163' title='bbox 3152 1063 3341 1119; x_wconf 83' lang='lat' dir='ltr'><strong>sedulo.</strong></span> 
     </span>
    </p>
   </div>
   <div class='ocr_carea' id='block_1_26' title="bbox 1748 1147 3341 1221">
    <p class='ocr_par' dir='ltr' id='par_1_26' title="bbox 1748 1147 3341 1221">
     <span class='ocr_line' id='line_1_26' title="bbox 1748 1147 3341 1221; baseline 0.001 -16"><span class='ocrx_word' id='word_1_164' title='bbox 1748 1166 1870 1206; x_wconf 89' lang='lat' dir='ltr'><strong>eum</strong></span> <span class='ocrx_word' id='word_1_165' title='bbox 1901 1149 2184 1219; x_wconf 88' lang='lat' dir='ltr'><strong>corripiat,</strong></span> <span class='ocrx_word' id='word_1_166' title='bbox 2214 1159 2327 1203; x_wconf 90' lang='lat' dir='ltr'><strong>uta</strong></span> <span class='ocrx_word' id='word_1_167' title='bbox 2354 1165 2449 1204; x_wconf 89' lang='lat' dir='ltr'><strong>sua</strong></span> <span class='ocrx_word' id='word_1_168' title='bbox 2483 1147 2789 1221; x_wconf 83' lang='lat' dir='ltr'><strong>corrigatur</strong></span> <span class='ocrx_word' id='word_1_169' title='bbox 2808 1151 3095 1220; x_wconf 79' lang='lat' dir='ltr'><strong>pravitate,</strong></span> <span class='ocrx_word' id='word_1_170' title='bbox 3131 1152 3341 1207; x_wconf 82' lang='lat' dir='ltr'><strong>divinas</strong></span> 
     </span>
    </p>
   </div>
   <div class='ocr_carea' id='block_1_27' title="bbox 1746 1242 3340 1313">
    <p class='ocr_par' dir='ltr' id='par_1_27' title="bbox 1746 1242 3340 1313">
     <span class='ocr_line' id='line_1_27' title="bbox 1746 1242 3340 1313; baseline 0.001 -15"><span class='ocrx_word' id='word_1_171' title='bbox 1746 1244 1795 1298; x_wconf 91' lang='lat' dir='ltr'><strong>ei</strong></span> <span class='ocrx_word' id='word_1_172' title='bbox 1832 1258 2137 1313; x_wconf 88' lang='lat' dir='ltr'><strong>proponens</strong></span> <span class='ocrx_word' id='word_1_173' title='bbox 2166 1252 2473 1298; x_wconf 88' lang='lat' dir='ltr'><strong>sanctormn</strong></span> <span class='ocrx_word' id='word_1_174' title='bbox 2505 1244 2807 1300; x_wconf 84' lang='lat' dir='ltr'><strong>sententias</strong></span> <span class='ocrx_word' id='word_1_175' title='bbox 2830 1242 3049 1300; x_wconf 83' lang='lat' dir='ltr'><strong>Patrum</strong></span> <span class='ocrx_word' id='word_1_176' title='bbox 3084 1262 3095 1297; x_wconf 92' lang='lat'>:</span> <span class='ocrx_word' id='word_1_177' title='bbox 3131 1242 3340 1300; x_wconf 82' lang='lat' dir='ltr'><strong>litteras</strong></span> 
     </span>
    </p>
   </div>
   <div class='ocr_carea' id='block_1_28' title="bbox 1746 1331 3338 1407">
    <p class='ocr_par' dir='ltr' id='par_1_28' title="bbox 1746 1331 3338 1407">
     <span class='ocr_line' id='line_1_28' title="bbox 1746 1331 3338 1407; baseline 0.003 -22"><span class='ocrx_word' id='word_1_178' title='bbox 1746 1332 1911 1386; x_wconf 87' lang='lat' dir='ltr'><strong>etiam</strong></span> <span class='ocrx_word' id='word_1_179' title='bbox 1968 1333 2142 1386; x_wconf 90' lang='lat' dir='ltr'><strong>eidem</strong></span> <span class='ocrx_word' id='word_1_180' title='bbox 2209 1331 2469 1388; x_wconf 87' lang='lat' dir='ltr'><strong>Baldnino</strong></span> <span class='ocrx_word' id='word_1_181' title='bbox 2525 1333 2593 1388; x_wconf 90' lang='lat' dir='ltr'><strong>ab</strong></span> <span class='ocrx_word' id='word_1_182' title='bbox 2655 1334 2892 1405; x_wconf 89' lang='lat' dir='ltr'><strong>ipsorum</strong></span> <span class='ocrx_word' id='word_1_183' title='bbox 2960 1335 3338 1407; x_wconf 80' lang='lat' dir='ltr'><strong>episroporum</strong></span> 
     </span>
    </p>
   </div>
   <div class='ocr_carea' id='block_1_29' title="bbox 1748 1424 3342 1498">
    <p class='ocr_par' dir='ltr' id='par_1_29' title="bbox 1748 1424 3342 1498">
     <span class='ocr_line' id='line_1_29' title="bbox 1748 1424 3342 1498; baseline 0.004 -20"><span class='ocrx_word' id='word_1_184' title='bbox 1748 1434 1901 1494; x_wconf 89' lang='lat' dir='ltr'><strong>parte</strong></span> <span class='ocrx_word' id='word_1_185' title='bbox 1951 1424 2109 1497; x_wconf 77' lang='lat' dir='ltr'><strong>dirigi</strong></span> <span class='ocrx_word' id='word_1_186' title='bbox 2159 1425 2447 1496; x_wconf 82' lang='lat' dir='ltr'><strong>signiﬁcat.</strong></span> <span class='ocrx_word' id='word_1_187' title='bbox 2500 1427 2572 1481; x_wconf 87' lang='lat' dir='ltr'><strong>De</strong></span> <span class='ocrx_word' id='word_1_188' title='bbox 2620 1428 2816 1498; x_wconf 84' lang='lat' dir='ltr'><strong>quibus</strong></span> <span class='ocrx_word' id='word_1_189' title='bbox 2862 1428 3145 1494; x_wconf 84' lang='lat' dir='ltr'><strong>hortatur,</strong></span> <span class='ocrx_word' id='word_1_190' title='bbox 3193 1437 3250 1483; x_wconf 92' lang='lat' dir='ltr'><strong>ut</strong></span> <span class='ocrx_word' id='word_1_191' title='bbox 3293 1428 3342 1484; x_wconf 87' lang='lat' dir='ltr'><strong>si</strong></span> 
     </span>
    </p>
   </div>
   <div class='ocr_carea' id='block_1_30' title="bbox 1747 1516 3344 1595">
    <p class='ocr_par' dir='ltr' id='par_1_30' title="bbox 1747 1516 3344 1595">
     <span class='ocr_line' id='line_1_30' title="bbox 1747 1516 3344 1595; baseline 0.003 -24"><span class='ocrx_word' id='word_1_192' title='bbox 1747 1517 1912 1572; x_wconf 81' lang='lat' dir='ltr'><strong>fuerit</strong></span> <span class='ocrx_word' id='word_1_193' title='bbox 1955 1532 2208 1587; x_wconf 72' lang='lat' dir='ltr'><strong>praesens,</strong></span> <span class='ocrx_word' id='word_1_194' title='bbox 2252 1516 2300 1571; x_wconf 91' lang='lat' dir='ltr'><strong>ei</strong></span> <span class='ocrx_word' id='word_1_195' title='bbox 2340 1518 2664 1585; x_wconf 86' lang='lat' dir='ltr'><strong>recitentur;</strong></span> <span class='ocrx_word' id='word_1_196' title='bbox 2712 1521 2756 1575; x_wconf 91' lang='lat' dir='ltr'><strong>si</strong></span> <span class='ocrx_word' id='word_1_197' title='bbox 2795 1518 2997 1575; x_wconf 82' lang='lat' dir='ltr'><strong>absens</strong></span> <span class='ocrx_word' id='word_1_198' title='bbox 3030 1518 3214 1585; x_wconf 78' lang='lat' dir='ltr'><strong>fuerit,</strong></span> <span class='ocrx_word' id='word_1_199' title='bbox 3245 1536 3344 1595; x_wconf 88' lang='lat' dir='ltr'><strong>per</strong></span> 
     </span>
    </p>
   </div>
   <div class='ocr_carea' id='block_1_31' title="bbox 1748 1610 3342 1682">
    <p class='ocr_par' dir='ltr' id='par_1_31' title="bbox 1748 1610 3342 1682">
     <span class='ocr_line' id='line_1_31' title="bbox 1748 1610 3342 1682; baseline 0.001 -17"><span class='ocrx_word' id='word_1_200' title='bbox 1748 1626 1904 1665; x_wconf 86' lang='lat' dir='ltr'><strong>suum</strong></span> <span class='ocrx_word' id='word_1_201' title='bbox 1962 1610 2404 1665; x_wconf 86' lang='lat' dir='ltr'><strong>archidiaconum</strong></span> <span class='ocrx_word' id='word_1_202' title='bbox 2453 1611 2550 1680; x_wconf 87' lang='lat' dir='ltr'><strong>ipsi</strong></span> <span class='ocrx_word' id='word_1_203' title='bbox 2614 1613 2976 1678; x_wconf 87' lang='lat' dir='ltr'><strong>transmittat,</strong></span> <span class='ocrx_word' id='word_1_204' title='bbox 3030 1614 3121 1682; x_wconf 90' lang='lat' dir='ltr'><strong>qui</strong></span> <span class='ocrx_word' id='word_1_205' title='bbox 3176 1612 3342 1667; x_wconf 83' lang='lat' dir='ltr'><strong>etiam</strong></span> 
     </span>
    </p>
   </div>
   <div class='ocr_carea' id='block_1_32' title="bbox 1748 1701 3343 1775">
    <p class='ocr_par' dir='ltr' id='par_1_32' title="bbox 1748 1701 3343 1775">
     <span class='ocr_line' id='line_1_32' title="bbox 1748 1701 3343 1775; baseline 0.001 -17"><span class='ocrx_word' id='word_1_206' title='bbox 1748 1701 1868 1758; x_wconf 86' lang='lat' dir='ltr'><strong>illas</strong></span> <span class='ocrx_word' id='word_1_207' title='bbox 1910 1718 2034 1756; x_wconf 85' lang='lat' dir='ltr'><strong>eum</strong></span> <span class='ocrx_word' id='word_1_208' title='bbox 2093 1702 2393 1774; x_wconf 81' lang='lat' dir='ltr'><strong>intelligere</strong></span> <span class='ocrx_word' id='word_1_209' title='bbox 2443 1703 2621 1758; x_wconf 78' lang='lat' dir='ltr'><strong>faciat.</strong></span> <span class='ocrx_word' id='word_1_210' title='bbox 2674 1704 2826 1771; x_wconf 86' lang='lat' dir='ltr'><strong>Quod</strong></span> <span class='ocrx_word' id='word_1_211' title='bbox 2868 1705 2912 1760; x_wconf 90' lang='lat' dir='ltr'><strong>si</strong></span> <span class='ocrx_word' id='word_1_212' title='bbox 2966 1714 3042 1775; x_wconf 26' lang='lat' dir='ltr'><strong>et.</strong></span> <span class='ocrx_word' id='word_1_213' title='bbox 3079 1720 3202 1760; x_wconf 89' lang='lat' dir='ltr'><strong>eum</strong></span> <span class='ocrx_word' id='word_1_214' title='bbox 3255 1704 3343 1760; x_wconf 85' lang='lat' dir='ltr'><strong>ille</strong></span> 
     </span>
    </p>
   </div>
   <div class='ocr_carea' id='block_1_33' title="bbox 1749 1796 3346 1879">
    <p class='ocr_par' dir='ltr' id='par_1_33' title="bbox 1749 1796 3346 1879">
     <span class='ocr_line' id='line_1_33' title="bbox 1749 1796 3346 1879; baseline 0.003 -30"><span class='ocrx_word' id='word_1_215' title='bbox 1749 1796 2053 1866; x_wconf 82' lang='lat' dir='ltr'><strong>nequiverit</strong></span> <span class='ocrx_word' id='word_1_216' title='bbox 2102 1796 2275 1862; x_wconf 86' lang='lat' dir='ltr'><strong>adire,</strong></span> <span class='ocrx_word' id='word_1_217' title='bbox 2334 1796 2546 1852; x_wconf 86' lang='lat' dir='ltr'><strong>litteras</strong></span> <span class='ocrx_word' id='word_1_218' title='bbox 2598 1797 2744 1868; x_wconf 88' lang='lat' dir='ltr'><strong>ipsas</strong></span> <span class='ocrx_word' id='word_1_219' title='bbox 2790 1797 3002 1867; x_wconf 87' lang='lat' dir='ltr'><strong>publice</strong></span> <span class='ocrx_word' id='word_1_220' title='bbox 3063 1813 3249 1857; x_wconf 85' lang='lat' dir='ltr'><strong>coram</strong></span> <span class='ocrx_word' id='word_1_221' title='bbox 3285 1812 3346 1879; x_wconf 79' lang='lat' dir='ltr'><strong>se</strong></span> 
     </span>
    </p>
   </div>
   <div class='ocr_carea' id='block_1_34' title="bbox 86 1868 3341 1959">
    <p class='ocr_par' dir='ltr' id='par_1_34' title="bbox 86 1868 3341 1959">
     <span class='ocr_line' id='line_1_34' title="bbox 86 1868 3341 1959; baseline 0.003 -26"><span class='ocrx_word' id='word_1_222' title='bbox 86 1883 405 1936; x_wconf 73' lang='lat' dir='ltr'><strong>atteznlerat:</strong></span> <span class='ocrx_word' id='word_1_223' title='bbox 440 1898 666 1937; x_wconf 90' lang='lat' dir='ltr'><strong>mouens</strong></span> <span class='ocrx_word' id='word_1_224' title='bbox 694 1895 747 1939; x_wconf 88' lang='lat' dir='ltr'><strong>et</strong></span> <span class='ocrx_word' id='word_1_225' title='bbox 782 1901 995 1953; x_wconf 81' lang='lat' dir='ltr'><strong>rogans,</strong></span> <span class='ocrx_word' id='word_1_226' title='bbox 1028 1895 1083 1942; x_wconf 93' lang='lat' dir='ltr'><strong>ut</strong></span> <span class='ocrx_word' id='word_1_227' title='bbox 1112 1896 1324 1957; x_wconf 80' lang='lat' dir='ltr'><strong>satagat</strong></span> <span class='ocrx_word' id='word_1_228' title='bbox 1361 1889 1546 1943; x_wconf 86' lang='lat' dir='ltr'><strong>venire</strong></span> <span class='ocrx_word' id='word_1_229' title='bbox 1580 1868 1726 1959; x_wconf 17' lang='lat' dir='ltr'><strong>ad,B</strong></span> <span class='ocrx_word' id='word_1_230' title='bbox 1753 1888 1851 1959; x_wconf 81' lang='lat' dir='ltr'><strong>legi</strong></span> <span class='ocrx_word' id='word_1_231' title='bbox 1876 1886 2035 1942; x_wconf 77' lang='lat' dir='ltr'><strong>faciat</strong></span> <span class='ocrx_word' id='word_1_232' title='bbox 2062 1888 2116 1941; x_wconf 92' lang='lat' dir='ltr'><strong>in</strong></span> <span class='ocrx_word' id='word_1_233' title='bbox 2142 1886 2258 1943; x_wconf 92' lang='lat' dir='ltr'><strong>loco</strong></span> <span class='ocrx_word' id='word_1_234' title='bbox 2282 1888 2370 1945; x_wconf 91' lang='lat' dir='ltr'><strong>ttbi</strong></span> <span class='ocrx_word' id='word_1_235' title='bbox 2401 1887 2692 1943; x_wconf 88' lang='lat' dir='ltr'><strong>Balduinus</strong></span> <span class='ocrx_word' id='word_1_236' title='bbox 2743 1888 3055 1958; x_wconf 75' lang='lat' dir='ltr'><strong>religionem</strong></span> <span class='ocrx_word' id='word_1_237' title='bbox 3080 1872 3341 1957; x_wconf 71' lang='lat' dir='ltr'><strong>pervasit,</strong></span> 
     </span>
    </p>
   </div>
   <div class='ocr_carea' id='block_1_35' title="bbox 86 1976 1648 2051">
    <p class='ocr_par' dir='ltr' id='par_1_35' title="bbox 86 1976 1648 2051">
     <span class='ocr_line' id='line_1_35' title="bbox 86 1976 1648 2051; baseline 0.008 -26"><span class='ocrx_word' id='word_1_238' title='bbox 86 1976 367 2044; x_wconf 69' lang='lat' dir='ltr'><strong>proximum</strong></span> <span class='ocrx_word' id='word_1_239' title='bbox 397 1977 652 2047; x_wconf 80' lang='lat' dir='ltr'><strong>placitum</strong></span> <span class='ocrx_word' id='word_1_240' title='bbox 700 1980 1003 2051; x_wconf 85' lang='lat' dir='ltr'><strong>ubicunque</strong></span> <span class='ocrx_word' id='word_1_241' title='bbox 1034 1998 1127 2037; x_wconf 87' lang='lat' dir='ltr'><strong>rex</strong></span> <span class='ocrx_word' id='word_1_242' title='bbox 1154 1981 1269 2037; x_wconf 82' lang='grc' dir='ltr'><strong>Οιιο</strong></span> <span class='ocrx_word' id='word_1_243' title='bbox 1315 1982 1477 2038; x_wconf 80' lang='lat' dir='ltr'><strong>fuerit</strong></span> <span class='ocrx_word' id='word_1_244' title='bbox 1526 1998 1648 2038; x_wconf 81' lang='lat' dir='ltr'><strong>cum</strong></span> 
     </span>
    </p>
   </div>
   <div class='ocr_carea' id='block_1_36' title="bbox 87 2070 1650 2143">
    <p class='ocr_par' dir='ltr' id='par_1_36' title="bbox 87 2070 1650 2143">
     <span class='ocr_line' id='line_1_36' title="bbox 87 2070 1650 2143; baseline 0.004 -22"><span class='ocrx_word' id='word_1_245' title='bbox 87 2070 347 2140; x_wconf 82' lang='lat' dir='ltr'><strong>episcopis,</strong></span> <span class='ocrx_word' id='word_1_246' title='bbox 382 2071 642 2141; x_wconf 86' lang='lat' dir='ltr'><strong>quoniam</strong></span> <span class='ocrx_word' id='word_1_247' title='bbox 685 2088 799 2126; x_wconf 89' lang='lat' dir='ltr'><strong>rem</strong></span> <span class='ocrx_word' id='word_1_248' title='bbox 835 2072 901 2127; x_wconf 90' lang='lat' dir='ltr'><strong>de</strong></span> <span class='ocrx_word' id='word_1_249' title='bbox 948 2088 1052 2141; x_wconf 76' lang='lat' dir='ltr'><strong>qua</strong></span> <span class='ocrx_word' id='word_1_250' title='bbox 1108 2084 1239 2128; x_wconf 89' lang='lat' dir='ltr'><strong>tunc</strong></span> <span class='ocrx_word' id='word_1_251' title='bbox 1270 2074 1530 2143; x_wconf 82' lang='lat' dir='ltr'><strong>agebatur</strong></span> <span class='ocrx_word' id='word_1_252' title='bbox 1584 2074 1650 2128; x_wconf 90' lang='lat' dir='ltr'><strong>de</strong></span> 
     </span>
    </p>
   </div>
   <div class='ocr_carea' id='block_1_37' title="bbox 93 2158 1645 2232">
    <p class='ocr_par' dir='ltr' id='par_1_37' title="bbox 93 2158 1645 2232">
     <span class='ocr_line' id='line_1_37' title="bbox 93 2158 1645 2232; baseline 0.005 -21"><span class='ocrx_word' id='word_1_253' title='bbox 93 2158 386 2230; x_wconf 78' lang='lat' dir='ltr'><strong>Ilii-legarde</strong></span> <span class='ocrx_word' id='word_1_254' title='bbox 416 2172 470 2217; x_wconf 82' lang='lat' dir='ltr'><strong>et</strong></span> <span class='ocrx_word' id='word_1_255' title='bbox 511 2162 889 2232; x_wconf 73' lang='lat' dir='ltr'><strong>liirmiugarde</strong></span> <span class='ocrx_word' id='word_1_256' title='bbox 920 2164 1216 2219; x_wconf 87' lang='lat' dir='ltr'><strong>terminare</strong></span> <span class='ocrx_word' id='word_1_257' title='bbox 1244 2165 1523 2219; x_wconf 89' lang='lat' dir='ltr'><strong>deberent.</strong></span> <span class='ocrx_word' id='word_1_258' title='bbox 1546 2165 1645 2219; x_wconf 81' lang='lat' dir='ltr'><strong>Ac-</strong></span> 
     </span>
    </p>
   </div>
   <div class='ocr_carea' id='block_1_38' title="bbox 90 2253 1649 2325">
    <p class='ocr_par' dir='ltr' id='par_1_38' title="bbox 90 2253 1649 2325">
     <span class='ocr_line' id='line_1_38' title="bbox 90 2253 1649 2325; baseline 0.004 -20"><span class='ocrx_word' id='word_1_259' title='bbox 90 2262 348 2306; x_wconf 79' lang='lat' dir='ltr'><strong>cusatores</strong></span> <span class='ocrx_word' id='word_1_260' title='bbox 384 2268 605 2323; x_wconf 87' lang='lat' dir='ltr'><strong>quoque</strong></span> <span class='ocrx_word' id='word_1_261' title='bbox 647 2253 815 2323; x_wconf 87' lang='lat' dir='ltr'><strong>ipsius</strong></span> <span class='ocrx_word' id='word_1_262' title='bbox 866 2253 1261 2325; x_wconf 89' lang='lat' dir='ltr'><strong>llirtniugardis</strong></span> <span class='ocrx_word' id='word_1_263' title='bbox 1288 2296 1303 2320; x_wconf 88' lang='lat'><strong>,</strong></span> <span class='ocrx_word' id='word_1_264' title='bbox 1331 2271 1530 2324; x_wconf 91' lang='lat' dir='ltr'><strong>eosque</strong></span> <span class='ocrx_word' id='word_1_265' title='bbox 1557 2256 1649 2325; x_wconf 91' lang='lat' dir='ltr'><strong>qui</strong></span> 
     </span>
    </p>
   </div>
   <div class='ocr_carea' id='block_1_39' title="bbox 91 2343 1653 2417">
    <p class='ocr_par' dir='ltr' id='par_1_39' title="bbox 91 2343 1653 2417">
     <span class='ocr_line' id='line_1_39' title="bbox 91 2343 1653 2417; baseline 0.003 -21"><span class='ocrx_word' id='word_1_266' title='bbox 91 2344 444 2415; x_wconf 78' lang='lat' dir='ltr'><strong>presbyterum</strong></span> <span class='ocrx_word' id='word_1_267' title='bbox 478 2343 773 2399; x_wconf 85' lang='lat' dir='ltr'><strong>luminibus</strong></span> <span class='ocrx_word' id='word_1_268' title='bbox 818 2345 1044 2416; x_wconf 88' lang='lat' dir='ltr'><strong>privari,</strong></span> <span class='ocrx_word' id='word_1_269' title='bbox 1076 2362 1140 2401; x_wconf 89' lang='lat' dir='ltr'><strong>ac</strong></span> <span class='ocrx_word' id='word_1_270' title='bbox 1178 2347 1432 2417; x_wconf 85' lang='lat' dir='ltr'><strong>suspendi</strong></span> <span class='ocrx_word' id='word_1_271' title='bbox 1473 2344 1653 2414; x_wconf 87' lang='lat' dir='ltr'><strong>jusse-</strong></span> 
     </span>
    </p>
   </div>
   <div class='ocr_carea' id='block_1_40' title="bbox 92 2437 1653 2512">
    <p class='ocr_par' dir='ltr' id='par_1_40' title="bbox 92 2437 1653 2512">
     <span class='ocr_line' id='line_1_40' title="bbox 92 2437 1653 2512; baseline 0.004 -24"><span class='ocrx_word' id='word_1_272' title='bbox 92 2445 222 2501; x_wconf 85' lang='lat' dir='ltr'><strong>runt,</strong></span> <span class='ocrx_word' id='word_1_273' title='bbox 251 2452 371 2491; x_wconf 86' lang='lat' dir='ltr'><strong>cum</strong></span> <span class='ocrx_word' id='word_1_274' title='bbox 405 2437 776 2509; x_wconf 65' lang='lat' dir='ltr'><strong>omnibus-qni</strong></span> <span class='ocrx_word' id='word_1_275' title='bbox 807 2440 980 2494; x_wconf 86' lang='lat' dir='ltr'><strong>eidem</strong></span> <span class='ocrx_word' id='word_1_276' title='bbox 1012 2439 1258 2495; x_wconf 71' lang='lat' dir='ltr'><strong>nefanda:</strong></span> <span class='ocrx_word' id='word_1_277' title='bbox 1283 2438 1510 2509; x_wconf 87' lang='lat' dir='ltr'><strong>jussioni</strong></span> <span class='ocrx_word' id='word_1_278' title='bbox 1560 2456 1653 2512; x_wconf 86' lang='lat' dir='ltr'><strong>pa-</strong></span> 
     </span>
    </p>
   </div>
   <div class='ocr_carea' id='block_1_41' title="bbox 96 2528 1650 2601">
    <p class='ocr_par' dir='ltr' id='par_1_41' title="bbox 96 2528 1650 2601">
     <span class='ocr_line' id='line_1_41' title="bbox 96 2528 1650 2601; baseline 0.006 -22"><span class='ocrx_word' id='word_1_279' title='bbox 96 2537 320 2588; x_wconf 82' lang='lat' dir='ltr'><strong>ruerunt,</strong></span> <span class='ocrx_word' id='word_1_280' title='bbox 375 2528 457 2585; x_wconf 85' lang='lat' dir='ltr'><strong>vel</strong></span> <span class='ocrx_word' id='word_1_281' title='bbox 526 2529 770 2585; x_wconf 81' lang='lat' dir='ltr'><strong>fau&#39;ures</strong></span> <span class='ocrx_word' id='word_1_282' title='bbox 827 2531 986 2601; x_wconf 88' lang='lat' dir='ltr'><strong>hujus</strong></span> <span class='ocrx_word' id='word_1_283' title='bbox 1036 2532 1259 2586; x_wconf 78' lang='lat' dir='ltr'><strong>sceleris</strong></span> <span class='ocrx_word' id='word_1_284' title='bbox 1303 2531 1650 2599; x_wconf 75' lang='lat' dir='ltr'><strong>exstiterunt,</strong></span> 
     </span>
    </p>
   </div>
   <div class='ocr_carea' id='block_1_42' title="bbox 94 2619 1654 2687">
    <p class='ocr_par' dir='ltr' id='par_1_42' title="bbox 94 2619 1654 2687">
     <span class='ocr_line' id='line_1_42' title="bbox 94 2619 1654 2687; baseline 0.006 -16"><span class='ocrx_word' id='word_1_285' title='bbox 94 2623 401 2676; x_wconf 78' lang='lat' dir='ltr'><strong>commoneri</strong></span> <span class='ocrx_word' id='word_1_286' title='bbox 457 2619 642 2683; x_wconf 73' lang='lat' dir='ltr'><strong>Faciat,</strong></span> <span class='ocrx_word' id='word_1_287' title='bbox 693 2633 751 2676; x_wconf 88' lang='lat' dir='ltr'><strong>et</strong></span> <span class='ocrx_word' id='word_1_288' title='bbox 798 2623 1055 2678; x_wconf 88' lang='lat' dir='ltr'><strong>canonice</strong></span> <span class='ocrx_word' id='word_1_289' title='bbox 1098 2625 1404 2687; x_wconf 84' lang='lat' dir='ltr'><strong>convocari,</strong></span> <span class='ocrx_word' id='word_1_290' title='bbox 1434 2633 1492 2679; x_wconf 92' lang='lat' dir='ltr'><strong>ut</strong></span> <span class='ocrx_word' id='word_1_291' title='bbox 1528 2626 1654 2682; x_wconf 82' lang='lat' dir='ltr'><strong>huic</strong></span> 
     </span>
    </p>
   </div>
   <div class='ocr_carea' id='block_1_43' title="bbox 94 2709 1652 2785">
    <p class='ocr_par' dir='ltr' id='par_1_43' title="bbox 94 2709 1652 2785">
     <span class='ocr_line' id='line_1_43' title="bbox 94 2709 1652 2785; baseline 0.006 -24"><span class='ocrx_word' id='word_1_292' title='bbox 94 2709 356 2765; x_wconf 82' lang='lat' dir='ltr'><strong>conventui</strong></span> <span class='ocrx_word' id='word_1_293' title='bbox 386 2726 448 2765; x_wconf 90' lang='lat' dir='ltr'><strong>se</strong></span> <span class='ocrx_word' id='word_1_294' title='bbox 498 2711 751 2766; x_wconf 82' lang='lat' dir='ltr'><strong>studeant</strong></span> <span class='ocrx_word' id='word_1_295' title='bbox 783 2721 1134 2782; x_wconf 66' lang='lat' dir='ltr'><strong>praesentare.</strong></span> <span class='ocrx_word' id='word_1_296' title='bbox 1159 2714 1292 2770; x_wconf 86' lang='lat' dir='ltr'><strong>ltetu</strong></span> <span class='ocrx_word' id='word_1_297' title='bbox 1339 2730 1436 2785; x_wconf 88' lang='lat' dir='ltr'><strong>pro</strong></span> <span class='ocrx_word' id='word_1_298' title='bbox 1464 2717 1652 2772; x_wconf 89' lang='lat' dir='ltr'><strong>eadem</strong></span> 
     </span>
    </p>
   </div>
   <div class='ocr_carea' id='block_1_44' title="bbox 96 2803 1651 2878">
    <p class='ocr_par' dir='ltr' id='par_1_44' title="bbox 96 2803 1651 2878">
     <span class='ocr_line' id='line_1_44' title="bbox 96 2803 1651 2878; baseline 0.008 -27"><span class='ocrx_word' id='word_1_299' title='bbox 96 2816 259 2861; x_wconf 86' lang='lat' dir='ltr'><strong>causa,</strong></span> <span class='ocrx_word' id='word_1_300' title='bbox 316 2805 520 2872; x_wconf 77' lang='lat' dir='ltr'><strong>gratias</strong></span> <span class='ocrx_word' id='word_1_301' title='bbox 572 2803 817 2859; x_wconf 77' lang='lat' dir='ltr'><strong>referens</strong></span> <span class='ocrx_word' id='word_1_302' title='bbox 878 2807 1003 2877; x_wconf 88' lang='lat' dir='ltr'><strong>quia</strong></span> <span class='ocrx_word' id='word_1_303' title='bbox 1042 2807 1238 2862; x_wconf 84' lang='lat' dir='ltr'><strong>devote</strong></span> <span class='ocrx_word' id='word_1_304' title='bbox 1290 2808 1460 2878; x_wconf 88' lang='lat' dir='ltr'><strong>ipsius</strong></span> <span class='ocrx_word' id='word_1_305' title='bbox 1508 2824 1651 2865; x_wconf 57' lang='lat' dir='ltr'><strong>come</strong></span> 
     </span>
    </p>
   </div>
   <div class='ocr_carea' id='block_1_45' title="bbox 100 2892 1656 2970">
    <p class='ocr_par' dir='ltr' id='par_1_45' title="bbox 100 2892 1656 2970">
     <span class='ocr_line' id='line_1_45' title="bbox 100 2892 1656 2970; baseline 0.01 -30"><span class='ocrx_word' id='word_1_306' title='bbox 100 2892 420 2946; x_wconf 85' lang='lat' dir='ltr'><strong>monitiouettt</strong></span> <span class='ocrx_word' id='word_1_307' title='bbox 456 2895 780 2962; x_wconf 74' lang='lat' dir='ltr'><strong>susceperit,</strong></span> <span class='ocrx_word' id='word_1_308' title='bbox 810 2903 865 2950; x_wconf 91' lang='lat' dir='ltr'><strong>et</strong></span> <span class='ocrx_word' id='word_1_309' title='bbox 894 2896 960 2949; x_wconf 90' lang='lat' dir='ltr'><strong>ad</strong></span> <span class='ocrx_word' id='word_1_310' title='bbox 1008 2899 1355 2954; x_wconf 90' lang='lat' dir='ltr'><strong>constitutam</strong></span> <span class='ocrx_word' id='word_1_311' title='bbox 1383 2900 1525 2955; x_wconf 88' lang='lat' dir='ltr'><strong>diem</strong></span> <span class='ocrx_word' id='word_1_312' title='bbox 1563 2916 1656 2970; x_wconf 85' lang='lat' dir='ltr'><strong>pa-</strong></span> 
     </span>
    </p>
   </div>
   <div class='ocr_carea' id='block_1_46' title="bbox 101 2982 1656 3046">
    <p class='ocr_par' dir='ltr' id='par_1_46' title="bbox 101 2982 1656 3046">
     <span class='ocr_line' id='line_1_46' title="bbox 101 2982 1656 3046; baseline 0.008 -15"><span class='ocrx_word' id='word_1_313' title='bbox 101 2982 374 3037; x_wconf 74' lang='lat' dir='ltr'><strong>missimus</strong></span> <span class='ocrx_word' id='word_1_314' title='bbox 440 2986 761 3040; x_wconf 81' lang='lat' dir='ltr'><strong>occurrerit.</strong></span> <span class='ocrx_word' id='word_1_315' title='bbox 812 2984 943 3040; x_wconf 89' lang='lat' dir='ltr'><strong>Illud</strong></span> <span class='ocrx_word' id='word_1_316' title='bbox 1004 3002 1135 3042; x_wconf 86' lang='lat' dir='ltr'><strong>vero</strong></span> <span class='ocrx_word' id='word_1_317' title='bbox 1194 3004 1519 3046; x_wconf 83' lang='lat' dir='ltr'><strong>succensere</strong></span> <span class='ocrx_word' id='word_1_318' title='bbox 1577 2991 1656 3044; x_wconf 85' lang='lat' dir='ltr'><strong>vi-</strong></span> 
     </span>
    </p>
   </div>
   <div class='ocr_carea' id='block_1_47' title="bbox 102 3076 1654 3153">
    <p class='ocr_par' dir='ltr' id='par_1_47' title="bbox 102 3076 1654 3153">
     <span class='ocr_line' id='line_1_47' title="bbox 102 3076 1654 3153; baseline 0.007 -26"><span class='ocrx_word' id='word_1_319' title='bbox 102 3076 253 3139; x_wconf 82' lang='lat' dir='ltr'><strong>detur,</strong></span> <span class='ocrx_word' id='word_1_320' title='bbox 293 3095 388 3133; x_wconf 84' lang='lat' dir='ltr'><strong>cur</strong></span> <span class='ocrx_word' id='word_1_321' title='bbox 417 3095 543 3134; x_wconf 90' lang='lat' dir='ltr'><strong>cum</strong></span> <span class='ocrx_word' id='word_1_322' title='bbox 582 3082 647 3133; x_wconf 86' lang='lat' dir='ltr'><strong>de</strong></span> <span class='ocrx_word' id='word_1_323' title='bbox 678 3082 905 3150; x_wconf 82' lang='lat' dir='ltr'><strong>negotiis</strong></span> <span class='ocrx_word' id='word_1_324' title='bbox 951 3084 1336 3139; x_wconf 85' lang='lat' dir='ltr'><strong>ecclesiasticis</strong></span> <span class='ocrx_word' id='word_1_325' title='bbox 1382 3094 1654 3153; x_wconf 80' lang='lat' dir='ltr'><strong>ageretur,</strong></span> 
     </span>
    </p>
   </div>
   <div class='ocr_carea' id='block_1_48' title="bbox 99 3171 1657 3242">
    <p class='ocr_par' dir='ltr' id='par_1_48' title="bbox 99 3171 1657 3242">
     <span class='ocr_line' id='line_1_48' title="bbox 99 3171 1657 3242; baseline 0.006 -23"><span class='ocrx_word' id='word_1_326' title='bbox 99 3182 260 3226; x_wconf 79' lang='lat' dir='ltr'><strong>causa.</strong></span> <span class='ocrx_word' id='word_1_327' title='bbox 287 3186 388 3223; x_wconf 89' lang='lat' dir='ltr'><strong>non</strong></span> <span class='ocrx_word' id='word_1_328' title='bbox 430 3187 524 3242; x_wconf 88' lang='lat' dir='ltr'><strong>per</strong></span> <span class='ocrx_word' id='word_1_329' title='bbox 554 3171 830 3234; x_wconf 77' lang='lat' dir='ltr'><strong>clericum.</strong></span> <span class='ocrx_word' id='word_1_330' title='bbox 865 3173 958 3227; x_wconf 83' lang='lat' dir='ltr'><strong>sed</strong></span> <span class='ocrx_word' id='word_1_331' title='bbox 981 3188 1076 3242; x_wconf 91' lang='lat' dir='ltr'><strong>per</strong></span> <span class='ocrx_word' id='word_1_332' title='bbox 1105 3174 1311 3229; x_wconf 88' lang='lat' dir='ltr'><strong>laicalis</strong></span> <span class='ocrx_word' id='word_1_333' title='bbox 1329 3175 1536 3230; x_wconf 88' lang='lat' dir='ltr'><strong>ordinis</strong></span> <span class='ocrx_word' id='word_1_334' title='bbox 1559 3176 1657 3230; x_wconf 86' lang='lat' dir='ltr'><strong>ho-</strong></span> 
     </span>
    </p>
   </div>
   <div class='ocr_carea' id='block_1_49' title="bbox 100 3225 1727 3337">
    <p class='ocr_par' dir='ltr' id='par_1_49' title="bbox 100 3225 1727 3337">
     <span class='ocr_line' id='line_1_49' title="bbox 100 3225 1727 3337; baseline 0.01 -26"><span class='ocrx_word' id='word_1_335' title='bbox 100 3260 271 3315; x_wconf 82' lang='lat' dir='ltr'><strong>mittent</strong></span> <span class='ocrx_word' id='word_1_336' title='bbox 286 3265 384 3317; x_wconf 88' lang='lat' dir='ltr'><strong>sibi</strong></span> <span class='ocrx_word' id='word_1_337' title='bbox 410 3265 671 3319; x_wconf 83' lang='lat' dir='ltr'><strong>mandare</strong></span> <span class='ocrx_word' id='word_1_338' title='bbox 697 3265 974 3320; x_wconf 79' lang='lat' dir='ltr'><strong>voluisset.</strong></span> <span class='ocrx_word' id='word_1_339' title='bbox 992 3266 1108 3337; x_wconf 65' lang='lat' dir='ltr'><strong>Ipse</strong></span> <span class='ocrx_word' id='word_1_340' title='bbox 1125 3284 1253 3324; x_wconf 86' lang='lat' dir='ltr'><strong>vero</strong></span> <span class='ocrx_word' id='word_1_341' title='bbox 1279 3270 1504 3325; x_wconf 89' lang='lat' dir='ltr'><strong>dmnnus</strong></span> <span class='ocrx_word' id='word_1_342' title='bbox 1533 3270 1654 3326; x_wconf 86' lang='lat' dir='ltr'><strong>Ful-</strong></span> <span class='ocrx_word' id='word_1_343' title='bbox 1683 3225 1727 3285; x_wconf 61' lang='grc' dir='ltr'>Ο</span> 
     </span>
    </p>
   </div>
   <div class='ocr_carea' id='block_1_50' title="bbox 102 3354 1661 3431">
    <p class='ocr_par' dir='ltr' id='par_1_50' title="bbox 102 3354 1661 3431">
     <span class='ocr_line' id='line_1_50' title="bbox 102 3354 1661 3431; baseline 0.01 -30"><span class='ocrx_word' id='word_1_344' title='bbox 102 3366 172 3411; x_wconf 82' lang='lat' dir='ltr'><strong>eo,</strong></span> <span class='ocrx_word' id='word_1_345' title='bbox 191 3354 371 3419; x_wconf 88' lang='lat' dir='ltr'><strong>partim</strong></span> <span class='ocrx_word' id='word_1_346' title='bbox 391 3355 625 3409; x_wconf 82' lang='lat' dir='ltr'><strong>senioris</strong></span> <span class='ocrx_word' id='word_1_347' title='bbox 645 3356 868 3410; x_wconf 81' lang='lat' dir='ltr'><strong>servitio</strong></span> <span class='ocrx_word' id='word_1_348' title='bbox 881 3357 1150 3418; x_wconf 85' lang='lat' dir='ltr'><strong>detentus.</strong></span> <span class='ocrx_word' id='word_1_349' title='bbox 1169 3360 1363 3428; x_wconf 88' lang='lat' dir='ltr'><strong>partim</strong></span> <span class='ocrx_word' id='word_1_350' title='bbox 1381 3377 1661 3431; x_wconf 52' lang='lat' dir='ltr'><strong>carperet,</strong></span> 
     </span>
    </p>
   </div>
   <div class='ocr_carea' id='block_1_51' title="bbox 104 3440 1657 3520">
    <p class='ocr_par' dir='ltr' id='par_1_51' title="bbox 104 3440 1657 3520">
     <span class='ocr_line' id='line_1_51' title="bbox 104 3440 1657 3520; baseline 0.012 -29"><span class='ocrx_word' id='word_1_351' title='bbox 104 3440 529 3501; x_wconf 83' lang='lat' dir='ltr'><strong>incommoditatis</strong></span> <span class='ocrx_word' id='word_1_352' title='bbox 582 3445 828 3501; x_wconf 84' lang='lat' dir='ltr'><strong>molestia</strong></span> <span class='ocrx_word' id='word_1_353' title='bbox 879 3451 1225 3519; x_wconf 66' lang='lat' dir='ltr'><strong>praepeditus,</strong></span> <span class='ocrx_word' id='word_1_354' title='bbox 1257 3449 1414 3520; x_wconf 86' lang='lat' dir='ltr'><strong>juxta</strong></span> <span class='ocrx_word' id='word_1_355' title='bbox 1470 3454 1657 3509; x_wconf 88' lang='lat' dir='ltr'><strong>condi-</strong></span> 
     </span>
    </p>
   </div>
   <div class='ocr_carea' id='block_1_52' title="bbox 103 3537 1662 3610">
    <p class='ocr_par' dir='ltr' id='par_1_52' title="bbox 103 3537 1662 3610">
     <span class='ocr_line' id='line_1_52' title="bbox 103 3537 1662 3610; baseline 0.01 -25"><span class='ocrx_word' id='word_1_356' title='bbox 103 3542 223 3587; x_wconf 84' lang='lat' dir='ltr'><strong>ctum</strong></span> <span class='ocrx_word' id='word_1_357' title='bbox 247 3538 425 3589; x_wconf 86' lang='lat' dir='ltr'><strong>venire</strong></span> <span class='ocrx_word' id='word_1_358' title='bbox 451 3537 788 3607; x_wconf 89' lang='lat' dir='ltr'><strong>nequiverat.</strong></span> <span class='ocrx_word' id='word_1_359' title='bbox 812 3541 1078 3597; x_wconf 78' lang='lat' dir='ltr'><strong>Admonet</strong></span> <span class='ocrx_word' id='word_1_360' title='bbox 1099 3542 1283 3610; x_wconf 88' lang='lat' dir='ltr'><strong>etiam,</strong></span> <span class='ocrx_word' id='word_1_361' title='bbox 1309 3558 1433 3599; x_wconf 87' lang='lat' dir='ltr'><strong>cum</strong></span> <span class='ocrx_word' id='word_1_362' title='bbox 1473 3547 1662 3602; x_wconf 51' lang='lat' dir='ltr'><strong>metui.»</strong></span> 
     </span>
    </p>
   </div>
   <div class='ocr_carea' id='block_1_53' title="bbox 104 3623 1659 3703">
    <p class='ocr_par' dir='ltr' id='par_1_53' title="bbox 104 3623 1659 3703">
     <span class='ocr_line' id='line_1_53' title="bbox 104 3623 1659 3703; baseline 0.014 -30"><span class='ocrx_word' id='word_1_363' title='bbox 104 3623 224 3679; x_wconf 84' lang='lat' dir='ltr'><strong>nisse</strong></span> <span class='ocrx_word' id='word_1_364' title='bbox 245 3627 457 3690; x_wconf 85' lang='lat' dir='ltr'><strong>debere,</strong></span> <span class='ocrx_word' id='word_1_365' title='bbox 486 3627 663 3698; x_wconf 82' lang='lat' dir='ltr'><strong>qualis</strong></span> <span class='ocrx_word' id='word_1_366' title='bbox 695 3628 807 3698; x_wconf 88' lang='lat' dir='ltr'><strong>ipse</strong></span> <span class='ocrx_word' id='word_1_367' title='bbox 831 3645 959 3700; x_wconf 78' lang='lat' dir='ltr'><strong>erga</strong></span> <span class='ocrx_word' id='word_1_368' title='bbox 980 3648 1104 3688; x_wconf 84' lang='lat' dir='ltr'><strong>eum</strong></span> <span class='ocrx_word' id='word_1_369' title='bbox 1124 3635 1399 3703; x_wconf 85' lang='lat' dir='ltr'><strong>quondam</strong></span> <span class='ocrx_word' id='word_1_370' title='bbox 1431 3638 1659 3695; x_wconf 83' lang='lat' dir='ltr'><strong>exstite-</strong></span> 
     </span>
    </p>
   </div>
   <div class='ocr_carea' id='block_1_54' title="bbox 107 3716 1658 3799">
    <p class='ocr_par' dir='ltr' id='par_1_54' title="bbox 107 3716 1658 3799">
     <span class='ocr_line' id='line_1_54' title="bbox 107 3716 1658 3799; baseline 0.012 -32"><span class='ocrx_word' id='word_1_371' title='bbox 107 3716 179 3780; x_wconf 86' lang='lat' dir='ltr'><strong>rit,</strong></span> <span class='ocrx_word' id='word_1_372' title='bbox 204 3718 432 3787; x_wconf 84' lang='lat' dir='ltr'><strong>qualiter</strong></span> <span class='ocrx_word' id='word_1_373' title='bbox 458 3722 581 3775; x_wconf 81' lang='lat' dir='ltr'><strong>sine</strong></span> <span class='ocrx_word' id='word_1_374' title='bbox 613 3735 759 3791; x_wconf 86' lang='lat' dir='ltr'><strong>rege,</strong></span> <span class='ocrx_word' id='word_1_375' title='bbox 790 3723 907 3779; x_wconf 84' lang='lat' dir='ltr'><strong>sine</strong></span> <span class='ocrx_word' id='word_1_376' title='bbox 944 3724 1050 3780; x_wconf 90' lang='lat' dir='ltr'><strong>ullo</strong></span> <span class='ocrx_word' id='word_1_377' title='bbox 1080 3726 1246 3796; x_wconf 88' lang='lat' dir='ltr'><strong>ipsius</strong></span> <span class='ocrx_word' id='word_1_378' title='bbox 1280 3730 1418 3799; x_wconf 86' lang='lat' dir='ltr'><strong>parti</strong></span> <span class='ocrx_word' id='word_1_379' title='bbox 1458 3745 1658 3786; x_wconf 89' lang='lat' dir='ltr'><strong>consu-</strong></span> 
     </span>
    </p>
   </div>
   <div class='ocr_carea' id='block_1_55' title="bbox 106 3813 1659 3893">
    <p class='ocr_par' dir='ltr' id='par_1_55' title="bbox 106 3813 1659 3893">
     <span class='ocr_line' id='line_1_55' title="bbox 106 3813 1659 3893; baseline 0.007 -26"><span class='ocrx_word' id='word_1_380' title='bbox 106 3813 221 3871; x_wconf 80' lang='lat' dir='ltr'><strong>lente</strong></span> <span class='ocrx_word' id='word_1_381' title='bbox 250 3820 422 3874; x_wconf 83' lang='lat' dir='ltr'><strong>modis</strong></span> <span class='ocrx_word' id='word_1_382' title='bbox 458 3820 713 3875; x_wconf 88' lang='lat' dir='ltr'><strong>omnibus</strong></span> <span class='ocrx_word' id='word_1_383' title='bbox 763 3821 1040 3886; x_wconf 85' lang='lat' dir='ltr'><strong>institerit,</strong></span> <span class='ocrx_word' id='word_1_384' title='bbox 1078 3832 1137 3877; x_wconf 90' lang='grc' dir='ltr'><strong>ιιι</strong></span> <span class='ocrx_word' id='word_1_385' title='bbox 1171 3823 1239 3878; x_wconf 89' lang='lat' dir='ltr'><strong>ad</strong></span> <span class='ocrx_word' id='word_1_386' title='bbox 1276 3823 1421 3877; x_wconf 86' lang='lat' dir='ltr'><strong>hunc</strong></span> <span class='ocrx_word' id='word_1_387' title='bbox 1449 3823 1659 3893; x_wconf 88' lang='lat' dir='ltr'><strong>episco-</strong></span> 
     </span>
    </p>
   </div>
   <div class='ocr_carea' id='block_1_56' title="bbox 104 3908 1661 3986">
    <p class='ocr_par' dir='ltr' id='par_1_56' title="bbox 104 3908 1661 3986">
     <span class='ocr_line' id='line_1_56' title="bbox 104 3908 1661 3986; baseline 0.006 -23"><span class='ocrx_word' id='word_1_388' title='bbox 104 3908 247 3973; x_wconf 71' lang='lat' dir='ltr'><strong>palem</strong></span> <span class='ocrx_word' id='word_1_389' title='bbox 275 3912 584 3979; x_wconf 87' lang='lat' dir='ltr'><strong>perveniret</strong></span> <span class='ocrx_word' id='word_1_390' title='bbox 613 3912 892 3973; x_wconf 81' lang='lat' dir='ltr'><strong>honorem,</strong></span> <span class='ocrx_word' id='word_1_391' title='bbox 923 3929 1044 3968; x_wconf 90' lang='lat' dir='ltr'><strong>cum</strong></span> <span class='ocrx_word' id='word_1_392' title='bbox 1071 3916 1246 3970; x_wconf 88' lang='lat' dir='ltr'><strong>adhuc</strong></span> <span class='ocrx_word' id='word_1_393' title='bbox 1280 3915 1381 3969; x_wconf 90' lang='lat' dir='ltr'><strong>sibi</strong></span> <span class='ocrx_word' id='word_1_394' title='bbox 1422 3915 1661 3986; x_wconf 80' lang='lat' dir='ltr'><strong>perfecte</strong></span> 
     </span>
    </p>
   </div>
   <div class='ocr_carea' id='block_1_57' title="bbox 108 4001 1659 4074">
    <p class='ocr_par' dir='ltr' id='par_1_57' title="bbox 108 4001 1659 4074">
     <span class='ocr_line' id='line_1_57' title="bbox 108 4001 1659 4074; baseline 0.006 -23"><span class='ocrx_word' id='word_1_395' title='bbox 108 4013 240 4054; x_wconf 72' lang='lat' dir='ltr'><strong>totus</strong></span> <span class='ocrx_word' id='word_1_396' title='bbox 295 4017 400 4056; x_wconf 85' lang='lat' dir='ltr'><strong>non</strong></span> <span class='ocrx_word' id='word_1_397' title='bbox 451 4010 619 4057; x_wconf 82' lang='lat' dir='ltr'><strong>esset.</strong></span> <span class='ocrx_word' id='word_1_398' title='bbox 672 4001 748 4058; x_wconf 88' lang='lat' dir='ltr'><strong>lta</strong></span> <span class='ocrx_word' id='word_1_399' title='bbox 804 4013 985 4057; x_wconf 77' lang='lat' dir='ltr'><strong>tamen</strong></span> <span class='ocrx_word' id='word_1_400' title='bbox 1013 4020 1110 4074; x_wconf 89' lang='lat' dir='ltr'><strong>pro</strong></span> <span class='ocrx_word' id='word_1_401' title='bbox 1149 4021 1213 4059; x_wconf 90' lang='lat' dir='ltr'><strong>eo</strong></span> <span class='ocrx_word' id='word_1_402' title='bbox 1252 4006 1463 4072; x_wconf 84' lang='lat' dir='ltr'><strong>egerit,</strong></span> <span class='ocrx_word' id='word_1_403' title='bbox 1494 4006 1659 4061; x_wconf 82' lang='lat' dir='ltr'><strong>veluti</strong></span> 
     </span>
    </p>
   </div>
   <div class='ocr_carea' id='block_1_58' title="bbox 107 4089 1660 4163">
    <p class='ocr_par' dir='ltr' id='par_1_58' title="bbox 107 4089 1660 4163">
     <span class='ocr_line' id='line_1_58' title="bbox 107 4089 1660 4163; baseline 0.005 -18"><span class='ocrx_word' id='word_1_404' title='bbox 107 4101 181 4154; x_wconf 81' lang='lat' dir='ltr'><strong>pro</strong></span> <span class='ocrx_word' id='word_1_405' title='bbox 206 4089 368 4147; x_wconf 75' lang='lat' dir='ltr'><strong>fratre</strong></span> <span class='ocrx_word' id='word_1_406' title='bbox 424 4092 750 4149; x_wconf 86' lang='lat' dir='ltr'><strong>charissimo</strong></span> <span class='ocrx_word' id='word_1_407' title='bbox 776 4134 789 4157; x_wconf 93' lang='lat'><strong>,</strong></span> <span class='ocrx_word' id='word_1_408' title='bbox 820 4095 944 4163; x_wconf 84' lang='lat' dir='ltr'><strong>quia</strong></span> <span class='ocrx_word' id='word_1_409' title='bbox 988 4095 1295 4149; x_wconf 88' lang='lat' dir='ltr'><strong>crediderat</strong></span> <span class='ocrx_word' id='word_1_410' title='bbox 1325 4105 1382 4150; x_wconf 89' lang='lat' dir='ltr'><strong>et</strong></span> <span class='ocrx_word' id='word_1_411' title='bbox 1405 4096 1660 4153; x_wconf 79' lang='lat' dir='ltr'><strong>credebat</strong></span> 
     </span>
    </p>
   </div>
   <div class='ocr_carea' id='block_1_59' title="bbox 107 4179 1662 4256">
    <p class='ocr_par' dir='ltr' id='par_1_59' title="bbox 107 4179 1662 4256">
     <span class='ocr_line' id='line_1_59' title="bbox 107 4179 1662 4256; baseline 0.012 -27"><span class='ocrx_word' id='word_1_412' title='bbox 107 4179 145 4232; x_wconf 84' lang='lat' dir='ltr'><strong>in</strong></span> <span class='ocrx_word' id='word_1_413' title='bbox 177 4196 237 4236; x_wconf 83' lang='lat' dir='ltr'><strong>eo</strong></span> <span class='ocrx_word' id='word_1_414' title='bbox 282 4183 584 4253; x_wconf 87' lang='lat' dir='ltr'><strong>simplicem</strong></span> <span class='ocrx_word' id='word_1_415' title='bbox 634 4187 992 4255; x_wconf 88' lang='lat' dir='ltr'><strong>prudentiam.</strong></span> <span class='ocrx_word' id='word_1_416' title='bbox 1022 4188 1179 4242; x_wconf 89' lang='lat' dir='ltr'><strong>ﬁdem</strong></span> <span class='ocrx_word' id='word_1_417' title='bbox 1219 4205 1323 4243; x_wconf 91' lang='lat' dir='ltr'><strong>non</strong></span> <span class='ocrx_word' id='word_1_418' title='bbox 1367 4189 1569 4256; x_wconf 87' lang='lat' dir='ltr'><strong>ﬁctam,</strong></span> <span class='ocrx_word' id='word_1_419' title='bbox 1605 4200 1662 4247; x_wconf 85' lang='lat' dir='ltr'><strong>et</strong></span> 
     </span>
    </p>
   </div>
   <div class='ocr_carea' id='block_1_60' title="bbox 114 4272 1661 4351">
    <p class='ocr_par' dir='ltr' id='par_1_60' title="bbox 114 4272 1661 4351">
     <span class='ocr_line' id='line_1_60' title="bbox 114 4272 1661 4351; baseline 0.01 -28"><span class='ocrx_word' id='word_1_420' title='bbox 114 4272 295 4326; x_wconf 81' lang='lat' dir='ltr'><strong>ﬁrmam</strong></span> <span class='ocrx_word' id='word_1_421' title='bbox 338 4284 392 4327; x_wconf 90' lang='lat' dir='ltr'><strong>et</strong></span> <span class='ocrx_word' id='word_1_422' title='bbox 440 4275 567 4330; x_wconf 90' lang='lat' dir='ltr'><strong>inde</strong></span> <span class='ocrx_word' id='word_1_423' title='bbox 614 4277 924 4333; x_wconf 87' lang='lat' dir='ltr'><strong>mutabilem</strong></span> <span class='ocrx_word' id='word_1_424' title='bbox 972 4278 1363 4334; x_wconf 86' lang='lat' dir='ltr'><strong>stabilitatem:</strong></span> <span class='ocrx_word' id='word_1_425' title='bbox 1404 4297 1661 4351; x_wconf 84' lang='lat' dir='ltr'><strong>sperave-</strong></span> 
     </span>
    </p>
   </div>
   <div class='ocr_carea' id='block_1_61' title="bbox 108 4364 1663 4443">
    <p class='ocr_par' dir='ltr' id='par_1_61' title="bbox 108 4364 1663 4443">
     <span class='ocr_line' id='line_1_61' title="bbox 108 4364 1663 4443; baseline 0.006 -30"><span class='ocrx_word' id='word_1_426' title='bbox 108 4369 174 4415; x_wconf 84' lang='lat' dir='ltr'><strong>rat</strong></span> <span class='ocrx_word' id='word_1_427' title='bbox 218 4366 375 4417; x_wconf 83' lang='lat' dir='ltr'><strong>etiam</strong></span> <span class='ocrx_word' id='word_1_428' title='bbox 424 4364 477 4418; x_wconf 89' lang='lat' dir='ltr'><strong>in</strong></span> <span class='ocrx_word' id='word_1_429' title='bbox 522 4367 781 4421; x_wconf 85' lang='lat' dir='ltr'><strong>omnibus</strong></span> <span class='ocrx_word' id='word_1_430' title='bbox 828 4368 929 4423; x_wconf 89' lang='lat' dir='ltr'><strong>sibi</strong></span> <span class='ocrx_word' id='word_1_431' title='bbox 981 4380 1385 4440; x_wconf 88' lang='lat' dir='ltr'><strong>cooperatorem</strong></span> <span class='ocrx_word' id='word_1_432' title='bbox 1425 4382 1481 4426; x_wconf 92' lang='lat' dir='ltr'><strong>et</strong></span> <span class='ocrx_word' id='word_1_433' title='bbox 1508 4372 1663 4443; x_wconf 66' lang='lat' dir='ltr'><strong>adjn.</strong></span> 
     </span>
    </p>
   </div>
   <div class='ocr_carea' id='block_1_62' title="bbox 109 4455 1660 4531">
    <p class='ocr_par' dir='ltr' id='par_1_62' title="bbox 109 4455 1660 4531">
     <span class='ocr_line' id='line_1_62' title="bbox 109 4455 1660 4531; baseline 0.01 -26"><span class='ocrx_word' id='word_1_434' title='bbox 109 4460 250 4509; x_wconf 87' lang='lat' dir='ltr'><strong>torem</strong></span> <span class='ocrx_word' id='word_1_435' title='bbox 281 4455 416 4511; x_wconf 70' lang='lat' dir='ltr'><strong>fore.</strong></span> <span class='ocrx_word' id='word_1_436' title='bbox 452 4458 557 4513; x_wconf 87' lang='lat' dir='ltr'><strong>Per</strong></span> <span class='ocrx_word' id='word_1_437' title='bbox 604 4458 749 4513; x_wconf 87' lang='lat' dir='ltr'><strong>illam</strong></span> <span class='ocrx_word' id='word_1_438' title='bbox 801 4475 933 4531; x_wconf 88' lang='lat' dir='ltr'><strong>ergo</strong></span> <span class='ocrx_word' id='word_1_439' title='bbox 977 4461 1249 4516; x_wconf 88' lang='lat' dir='ltr'><strong>sinceram</strong></span> <span class='ocrx_word' id='word_1_440' title='bbox 1295 4462 1660 4530; x_wconf 81' lang='lat' dir='ltr'><strong>dilectionem,</strong></span> 
     </span>
    </p>
   </div>
   <div class='ocr_carea' id='block_1_63' title="bbox 109 4548 1741 4640">
    <p class='ocr_par' dir='ltr' id='par_1_63' title="bbox 109 4548 1741 4640">
     <span class='ocr_line' id='line_1_63' title="bbox 109 4548 1741 4640; baseline 0.009 -45"><span class='ocrx_word' id='word_1_441' title='bbox 109 4557 240 4609; x_wconf 85' lang='lat' dir='ltr'><strong>quam</strong></span> <span class='ocrx_word' id='word_1_442' title='bbox 273 4548 327 4601; x_wconf 89' lang='lat' dir='ltr'><strong>in</strong></span> <span class='ocrx_word' id='word_1_443' title='bbox 371 4550 490 4619; x_wconf 82' lang='lat' dir='ltr'><strong>ipso</strong></span> <span class='ocrx_word' id='word_1_444' title='bbox 535 4549 833 4616; x_wconf 72' lang='lat' dir='ltr'><strong>taedebat,</strong></span> <span class='ocrx_word' id='word_1_445' title='bbox 896 4566 1017 4606; x_wconf 88' lang='lat' dir='ltr'><strong>eum</strong></span> <span class='ocrx_word' id='word_1_446' title='bbox 1079 4566 1139 4605; x_wconf 88' lang='lat' dir='ltr'><strong>se</strong></span> <span class='ocrx_word' id='word_1_447' title='bbox 1204 4552 1338 4607; x_wconf 80' lang='lat' dir='ltr'><strong>dicit</strong></span> <span class='ocrx_word' id='word_1_448' title='bbox 1398 4570 1656 4612; x_wconf 89' lang='lat' dir='ltr'><strong>monere:</strong></span> <span class='ocrx_word' id='word_1_449' title='bbox 1690 4579 1741 4640; x_wconf 72' lang='grc' dir='ltr'>ι)</span> 
     </span>
    </p>
   </div>
   <div class='ocr_carea' id='block_1_64' title="bbox 112 4636 1657 4714">
    <p class='ocr_par' dir='ltr' id='par_1_64' title="bbox 112 4636 1657 4714">
     <span class='ocr_line' id='line_1_64' title="bbox 112 4636 1657 4714; baseline 0.007 -25"><span class='ocrx_word' id='word_1_450' title='bbox 112 4636 340 4692; x_wconf 71' lang='lat' dir='ltr'><strong>&quot;laudans</strong></span> <span class='ocrx_word' id='word_1_451' title='bbox 368 4647 421 4692; x_wconf 89' lang='lat' dir='ltr'><strong>ut</strong></span> <span class='ocrx_word' id='word_1_452' title='bbox 471 4639 781 4708; x_wconf 87' lang='lat' dir='ltr'><strong>posthabita</strong></span> <span class='ocrx_word' id='word_1_453' title='bbox 817 4641 963 4695; x_wconf 88' lang='lat' dir='ltr'><strong>omni</strong></span> <span class='ocrx_word' id='word_1_454' title='bbox 996 4641 1270 4706; x_wconf 82' lang='lat' dir='ltr'><strong>dilatione,</strong></span> <span class='ocrx_word' id='word_1_455' title='bbox 1312 4642 1657 4714; x_wconf 47' lang='lat' dir='ltr'><strong>vel‘occupa-</strong></span> 
     </span>
    </p>
   </div>
   <div class='ocr_carea' id='block_1_65' title="bbox 113 4723 1661 4804">
    <p class='ocr_par' dir='ltr' id='par_1_65' title="bbox 113 4723 1661 4804">
     <span class='ocr_line' id='line_1_65' title="bbox 113 4723 1661 4804; baseline 0.006 -25"><span class='ocrx_word' id='word_1_456' title='bbox 113 4723 249 4789; x_wconf 80' lang='lat' dir='ltr'><strong>tione,</strong></span> <span class='ocrx_word' id='word_1_457' title='bbox 278 4728 343 4783; x_wconf 81' lang='lat' dir='ltr'><strong>ad</strong></span> <span class='ocrx_word' id='word_1_458' title='bbox 388 4730 701 4785; x_wconf 90' lang='lat' dir='ltr'><strong>condictum</strong></span> <span class='ocrx_word' id='word_1_459' title='bbox 746 4738 1075 4786; x_wconf 77' lang='lat' dir='ltr'><strong>couwntum</strong></span> <span class='ocrx_word' id='word_1_460' title='bbox 1108 4733 1487 4802; x_wconf 88' lang='lat' dir='ltr'><strong>episcoporum</strong></span> <span class='ocrx_word' id='word_1_461' title='bbox 1525 4750 1661 4804; x_wconf 76' lang='lat' dir='ltr'><strong>pra:-</strong></span> 
     </span>
    </p>
   </div>
   <div class='ocr_carea' id='block_1_66' title="bbox 112 4820 1662 4894">
    <p class='ocr_par' dir='ltr' id='par_1_66' title="bbox 112 4820 1662 4894">
     <span class='ocr_line' id='line_1_66' title="bbox 112 4820 1662 4894; baseline 0.008 -26"><span class='ocrx_word' id='word_1_462' title='bbox 112 4827 213 4869; x_wconf 72' lang='lat' dir='ltr'><strong>iens</strong></span> <span class='ocrx_word' id='word_1_463' title='bbox 237 4820 421 4876; x_wconf 83' lang='lat' dir='ltr'><strong>adesse</strong></span> <span class='ocrx_word' id='word_1_464' title='bbox 455 4821 695 4886; x_wconf 89' lang='lat' dir='ltr'><strong>studeat,</strong></span> <span class='ocrx_word' id='word_1_465' title='bbox 724 4822 868 4875; x_wconf 88' lang='lat' dir='ltr'><strong>nttlla</strong></span> <span class='ocrx_word' id='word_1_466' title='bbox 910 4837 1071 4877; x_wconf 84' lang='lat' dir='ltr'><strong>causa</strong></span> <span class='ocrx_word' id='word_1_467' title='bbox 1116 4832 1366 4894; x_wconf 84' lang='lat' dir='ltr'><strong>excepta,</strong></span> <span class='ocrx_word' id='word_1_468' title='bbox 1403 4825 1505 4880; x_wconf 85' lang='lat' dir='ltr'><strong>nisi</strong></span> <span class='ocrx_word' id='word_1_469' title='bbox 1544 4836 1662 4881; x_wconf 84' lang='lat' dir='ltr'><strong>tan—</strong></span> 
     </span>
    </p>
   </div>
   <div class='ocr_carea' id='block_1_67' title="bbox 115 4909 1665 4988">
    <p class='ocr_par' dir='ltr' id='par_1_67' title="bbox 115 4909 1665 4988">
     <span class='ocr_line' id='line_1_67' title="bbox 115 4909 1665 4988; baseline 0.007 -27"><span class='ocrx_word' id='word_1_470' title='bbox 115 4912 204 4961; x_wconf 83' lang='lat' dir='ltr'><strong>tutu</strong></span> <span class='ocrx_word' id='word_1_471' title='bbox 252 4909 561 4969; x_wconf 84' lang='lat' dir='ltr'><strong>inﬁrmitate</strong></span> <span class='ocrx_word' id='word_1_472' title='bbox 621 4928 906 4982; x_wconf 87' lang='lat' dir='ltr'><strong>corporea.</strong></span> <span class='ocrx_word' id='word_1_473' title='bbox 977 4913 1242 4971; x_wconf 79' lang='lat' dir='ltr'><strong>Personas</strong></span> <span class='ocrx_word' id='word_1_474' title='bbox 1311 4917 1476 4971; x_wconf 88' lang='lat' dir='ltr'><strong>etiam</strong></span> <span class='ocrx_word' id='word_1_475' title='bbox 1529 4932 1665 4988; x_wconf 79' lang='lat' dir='ltr'><strong>pra:-</strong></span> 
     </span>
    </p>
   </div>
   <div class='ocr_carea' id='block_1_68' title="bbox 118 4998 1663 5078">
    <p class='ocr_par' dir='ltr' id='par_1_68' title="bbox 118 4998 1663 5078">
     <span class='ocr_line' id='line_1_68' title="bbox 118 4998 1663 5078; baseline 0.009 -28"><span class='ocrx_word' id='word_1_476' title='bbox 118 4998 296 5066; x_wconf 84' lang='lat' dir='ltr'><strong>tnissas,</strong></span> <span class='ocrx_word' id='word_1_477' title='bbox 326 5019 461 5072; x_wconf 88' lang='lat' dir='ltr'><strong>quas</strong></span> <span class='ocrx_word' id='word_1_478' title='bbox 490 5020 587 5075; x_wconf 89' lang='lat' dir='ltr'><strong>per</strong></span> <span class='ocrx_word' id='word_1_479' title='bbox 625 5005 857 5059; x_wconf 84' lang='lat' dir='ltr'><strong>alteram</strong></span> <span class='ocrx_word' id='word_1_480' title='bbox 907 5006 1312 5077; x_wconf 83' lang='lat' dir='ltr'><strong>signiﬁcaverat</strong></span> <span class='ocrx_word' id='word_1_481' title='bbox 1357 5008 1663 5078; x_wconf 86' lang='lat' dir='ltr'><strong>epistolam,</strong></span> 
     </span>
    </p>
   </div>
   <div class='ocr_carea' id='block_1_69' title="bbox 119 5094 1667 5169">
    <p class='ocr_par' dir='ltr' id='par_1_69' title="bbox 119 5094 1667 5169">
     <span class='ocr_line' id='line_1_69' title="bbox 119 5094 1667 5169; baseline 0.008 -29"><span class='ocrx_word' id='word_1_482' title='bbox 119 5096 404 5149; x_wconf 69' lang='lat' dir='ltr'><strong>commoneri</strong></span> <span class='ocrx_word' id='word_1_483' title='bbox 430 5095 693 5150; x_wconf 82' lang='lat' dir='ltr'><strong>canonice</strong></span> <span class='ocrx_word' id='word_1_484' title='bbox 723 5094 912 5159; x_wconf 79' lang='lat' dir='ltr'><strong>faciat,</strong></span> <span class='ocrx_word' id='word_1_485' title='bbox 946 5106 1005 5150; x_wconf 90' lang='lat' dir='ltr'><strong>ut</strong></span> <span class='ocrx_word' id='word_1_486' title='bbox 1023 5107 1342 5169; x_wconf 64' lang='lat' dir='ltr'><strong>praeparatae</strong></span> <span class='ocrx_word' id='word_1_487' title='bbox 1375 5099 1441 5153; x_wconf 91' lang='lat' dir='ltr'><strong>ad</strong></span> <span class='ocrx_word' id='word_1_488' title='bbox 1472 5099 1667 5153; x_wconf 84' lang='lat' dir='ltr'><strong>solem-</strong></span> 
     </span>
    </p>
   </div>
   <div class='ocr_carea' id='block_1_70' title="bbox 1751 1979 3344 2051">
    <p class='ocr_par' dir='ltr' id='par_1_70' title="bbox 1751 1979 3344 2051">
     <span class='ocr_line' id='line_1_70' title="bbox 1751 1979 3344 2051; baseline 0.002 -17"><span class='ocrx_word' id='word_1_489' title='bbox 1751 1990 1803 2035; x_wconf 90' lang='lat' dir='ltr'><strong>et</strong></span> <span class='ocrx_word' id='word_1_490' title='bbox 1830 1979 2103 2050; x_wconf 89' lang='lat' dir='ltr'><strong>deinceps,</strong></span> <span class='ocrx_word' id='word_1_491' title='bbox 2135 1980 2234 2034; x_wconf 91' lang='lat' dir='ltr'><strong>nisi</strong></span> <span class='ocrx_word' id='word_1_492' title='bbox 2266 1981 2570 2051; x_wconf 79' lang='lat' dir='ltr'><strong>resipuerit.</strong></span> <span class='ocrx_word' id='word_1_493' title='bbox 2596 1996 2699 2034; x_wconf 90' lang='lat' dir='ltr'><strong>non</strong></span> <span class='ocrx_word' id='word_1_494' title='bbox 2733 1982 2781 2035; x_wconf 89' lang='lat' dir='ltr'><strong>ei</strong></span> <span class='ocrx_word' id='word_1_495' title='bbox 2807 1981 2890 2035; x_wconf 90' lang='lat' dir='ltr'><strong>vel</strong></span> <span class='ocrx_word' id='word_1_496' title='bbox 2914 1983 3230 2049; x_wconf 79' lang='lat' dir='ltr'><strong>monachus,</strong></span> <span class='ocrx_word' id='word_1_497' title='bbox 3257 1982 3344 2037; x_wconf 82' lang='lat' dir='ltr'><strong>vel</strong></span> 
     </span>
    </p>
   </div>
   <div class='ocr_carea' id='block_1_71' title="bbox 1751 2071 3343 2143">
    <p class='ocr_par' dir='ltr' id='par_1_71' title="bbox 1751 2071 3343 2143">
     <span class='ocr_line' id='line_1_71' title="bbox 1751 2071 3343 2143; baseline 0.002 -18"><span class='ocrx_word' id='word_1_498' title='bbox 1751 2072 1980 2142; x_wconf 90' lang='lat' dir='ltr'><strong>quilibet</strong></span> <span class='ocrx_word' id='word_1_499' title='bbox 2018 2073 2117 2127; x_wconf 90' lang='lat' dir='ltr'><strong>rite</strong></span> <span class='ocrx_word' id='word_1_500' title='bbox 2153 2072 2497 2128; x_wconf 78' lang='lat' dir='ltr'><strong>ChriSIianus</strong></span> <span class='ocrx_word' id='word_1_501' title='bbox 2525 2071 2870 2143; x_wconf 87' lang='lat' dir='ltr'><strong>adjungatur,</strong></span> <span class='ocrx_word' id='word_1_502' title='bbox 2897 2072 2940 2130; x_wconf 91' lang='lat' dir='ltr'><strong>si</strong></span> <span class='ocrx_word' id='word_1_503' title='bbox 2974 2089 3082 2131; x_wconf 89' lang='lat' dir='ltr'><strong>non</strong></span> <span class='ocrx_word' id='word_1_504' title='bbox 3114 2074 3343 2128; x_wconf 83' lang='lat' dir='ltr'><strong>anathe-</strong></span> 
     </span>
    </p>
   </div>
   <div class='ocr_carea' id='block_1_72' title="bbox 1755 2163 3346 2237">
    <p class='ocr_par' dir='ltr' id='par_1_72' title="bbox 1755 2163 3346 2237">
     <span class='ocr_line' id='line_1_72' title="bbox 1755 2163 3346 2237; baseline 0.002 -18"><span class='ocrx_word' id='word_1_505' title='bbox 1755 2165 1913 2219; x_wconf 86' lang='lat' dir='ltr'><strong>matis</strong></span> <span class='ocrx_word' id='word_1_506' title='bbox 1952 2163 2165 2219; x_wconf 91' lang='lat' dir='ltr'><strong>vinculo</strong></span> <span class='ocrx_word' id='word_1_507' title='bbox 2210 2164 2476 2234; x_wconf 88' lang='lat' dir='ltr'><strong>implicari</strong></span> <span class='ocrx_word' id='word_1_508' title='bbox 2523 2164 2770 2218; x_wconf 82' lang='lat' dir='ltr'><strong>voluerit.</strong></span> <span class='ocrx_word' id='word_1_509' title='bbox 2823 2164 2878 2237; x_wconf 82' lang='lat' dir='ltr'><strong>Si</strong></span> <span class='ocrx_word' id='word_1_510' title='bbox 2922 2164 3099 2219; x_wconf 83' lang='lat' dir='ltr'><strong>lletilo</strong></span> <span class='ocrx_word' id='word_1_511' title='bbox 3128 2180 3346 2235; x_wconf 79' lang='lat' dir='ltr'><strong>quoque</strong></span> 
     </span>
    </p>
   </div>
   <div class='ocr_carea' id='block_1_73' title="bbox 1752 2240 3341 2322">
    <p class='ocr_par' dir='ltr' id='par_1_73' title="bbox 1752 2240 3341 2322">
     <span class='ocr_line' id='line_1_73' title="bbox 1752 2240 3341 2322; baseline 0.001 -11"><span class='ocrx_word' id='word_1_512' title='bbox 1752 2258 1819 2311; x_wconf 92' lang='lat' dir='ltr'><strong>ad</strong></span> <span class='ocrx_word' id='word_1_513' title='bbox 1872 2257 2145 2313; x_wconf 88' lang='lat' dir='ltr'><strong>civitatem</strong></span> <span class='ocrx_word' id='word_1_514' title='bbox 2209 2240 2622 2312; x_wconf 80' lang='lat' dir='ltr'><strong>Atrabatensem</strong></span> <span class='ocrx_word' id='word_1_515' title='bbox 2691 2258 2941 2322; x_wconf 80' lang='lat' dir='ltr'><strong>venerit,</strong></span> <span class='ocrx_word' id='word_1_516' title='bbox 3004 2258 3193 2312; x_wconf 77' lang='lat' dir='ltr'><strong>Dodilo</strong></span> <span class='ocrx_word' id='word_1_517' title='bbox 3263 2257 3341 2314; x_wconf 91' lang='lat' dir='ltr'><strong>illi</strong></span> 
     </span>
    </p>
   </div>
   <div class='ocr_carea' id='block_1_74' title="bbox 1751 2349 3348 2423">
    <p class='ocr_par' dir='ltr' id='par_1_74' title="bbox 1751 2349 3348 2423">
     <span class='ocr_line' id='line_1_74' title="bbox 1751 2349 3348 2423; baseline 0 -19"><span class='ocrx_word' id='word_1_518' title='bbox 1751 2359 2024 2413; x_wconf 71' lang='lat' dir='ltr'><strong>oet-errat,</strong></span> <span class='ocrx_word' id='word_1_519' title='bbox 2052 2358 2110 2403; x_wconf 91' lang='lat' dir='ltr'><strong>ut</strong></span> <span class='ocrx_word' id='word_1_520' title='bbox 2138 2349 2203 2404; x_wconf 93' lang='lat' dir='ltr'><strong>de</strong></span> <span class='ocrx_word' id='word_1_521' title='bbox 2235 2350 2337 2404; x_wconf 90' lang='lat' dir='ltr'><strong>hac</strong></span> <span class='ocrx_word' id='word_1_522' title='bbox 2364 2364 2423 2405; x_wconf 90' lang='lat' dir='ltr'><strong>re</strong></span> <span class='ocrx_word' id='word_1_523' title='bbox 2453 2349 2598 2423; x_wconf 89' lang='lat' dir='ltr'><strong>quod</strong></span> <span class='ocrx_word' id='word_1_524' title='bbox 2640 2349 2907 2419; x_wconf 87' lang='lat' dir='ltr'><strong>agendum</strong></span> <span class='ocrx_word' id='word_1_525' title='bbox 2948 2360 3052 2414; x_wconf 89' lang='lat' dir='ltr'><strong>est,</strong></span> <span class='ocrx_word' id='word_1_526' title='bbox 3085 2351 3348 2406; x_wconf 85' lang='lat' dir='ltr'><strong>canonice</strong></span> 
     </span>
    </p>
   </div>
   <div class='ocr_carea' id='block_1_75' title="bbox 1752 2440 3348 2513">
    <p class='ocr_par' dir='ltr' id='par_1_75' title="bbox 1752 2440 3348 2513">
     <span class='ocr_line' id='line_1_75' title="bbox 1752 2440 3348 2513; baseline -0.001 -16"><span class='ocrx_word' id='word_1_527' title='bbox 1752 2457 2011 2513; x_wconf 85' lang='lat' dir='ltr'><strong>peragere</strong></span> <span class='ocrx_word' id='word_1_528' title='bbox 2038 2441 2265 2512; x_wconf 86' lang='lat' dir='ltr'><strong>possint,</strong></span> <span class='ocrx_word' id='word_1_529' title='bbox 2309 2451 2364 2495; x_wconf 92' lang='lat' dir='ltr'><strong>et</strong></span> <span class='ocrx_word' id='word_1_530' title='bbox 2401 2441 2663 2512; x_wconf 87' lang='lat' dir='ltr'><strong>quidquid</strong></span> <span class='ocrx_word' id='word_1_531' title='bbox 2691 2441 2813 2496; x_wconf 91' lang='lat' dir='ltr'><strong>inde</strong></span> <span class='ocrx_word' id='word_1_532' title='bbox 2861 2440 3109 2506; x_wconf 83' lang='lat' dir='ltr'><strong>fecerint,</strong></span> <span class='ocrx_word' id='word_1_533' title='bbox 3149 2441 3348 2501; x_wconf 81' lang='lat' dir='ltr'><strong>litteris</strong></span> 
     </span>
    </p>
   </div>
   <div class='ocr_carea' id='block_1_76' title="bbox 1704 2520 3347 2607">
    <p class='ocr_par' dir='ltr' id='par_1_76' title="bbox 1704 2520 3347 2607">
     <span class='ocr_line' id='line_1_76' title="bbox 1704 2520 3347 2607; baseline -0.001 -19"><span class='ocrx_word' id='word_1_534' title='bbox 1704 2556 1705 2559; x_wconf 48' lang='grc' dir='ltr'><strong>η</strong></span> <span class='ocrx_word' id='word_1_535' title='bbox 1754 2534 1855 2590; x_wconf 90' lang='lat' dir='ltr'><strong>sibi</strong></span> <span class='ocrx_word' id='word_1_536' title='bbox 1902 2533 2190 2605; x_wconf 87' lang='lat' dir='ltr'><strong>signiﬁcet.</strong></span> <span class='ocrx_word' id='word_1_537' title='bbox 2240 2533 2470 2589; x_wconf 85' lang='lat' dir='ltr'><strong>Hetiloni</strong></span> <span class='ocrx_word' id='word_1_538' title='bbox 2511 2533 2725 2607; x_wconf 72' lang='lat' dir='ltr'><strong>ptmsuli</strong></span> <span class='ocrx_word' id='word_1_539' title='bbox 2775 2533 2971 2605; x_wconf 86' lang='lat' dir='ltr'><strong>litteris</strong></span> <span class='ocrx_word' id='word_1_540' title='bbox 3013 2520 3255 2605; x_wconf 80' lang='lat' dir='ltr'><strong>mandat,</strong></span> <span class='ocrx_word' id='word_1_541' title='bbox 3287 2541 3347 2587; x_wconf 88' lang='grc' dir='ltr'><strong>ιιι</strong></span> 
     </span>
    </p>
   </div>
   <div class='ocr_carea' id='block_1_77' title="bbox 1755 2624 3349 2696">
    <p class='ocr_par' dir='ltr' id='par_1_77' title="bbox 1755 2624 3349 2696">
     <span class='ocr_line' id='line_1_77' title="bbox 1755 2624 3349 2696; baseline 0 -18"><span class='ocrx_word' id='word_1_542' title='bbox 1755 2626 2137 2696; x_wconf 79' lang='lat' dir='ltr'><strong>proﬁciscatur</strong></span> <span class='ocrx_word' id='word_1_543' title='bbox 2161 2642 2281 2679; x_wconf 86' lang='lat' dir='ltr'><strong>cum</strong></span> <span class='ocrx_word' id='word_1_544' title='bbox 2300 2624 2542 2685; x_wconf 81' lang='lat' dir='ltr'><strong>ﬁdelibus</strong></span> <span class='ocrx_word' id='word_1_545' title='bbox 2564 2624 2705 2695; x_wconf 80' lang='lat' dir='ltr'><strong>regis</strong></span> <span class='ocrx_word' id='word_1_546' title='bbox 2719 2624 2784 2678; x_wconf 86' lang='lat' dir='ltr'><strong>ad</strong></span> <span class='ocrx_word' id='word_1_547' title='bbox 2799 2624 3157 2691; x_wconf 82' lang='lat' dir='ltr'><strong>Attrabatetu,</strong></span> <span class='ocrx_word' id='word_1_548' title='bbox 3181 2639 3349 2696; x_wconf 77' lang='lat' dir='ltr'><strong>agens</strong></span> 
     </span>
    </p>
   </div>
   <div class='ocr_carea' id='block_1_78' title="bbox 1753 2716 3349 2789">
    <p class='ocr_par' dir='ltr' id='par_1_78' title="bbox 1753 2716 3349 2789">
     <span class='ocr_line' id='line_1_78' title="bbox 1753 2716 3349 2789; baseline -0.001 -20"><span class='ocrx_word' id='word_1_549' title='bbox 1753 2733 1852 2787; x_wconf 82' lang='lat' dir='ltr'><strong>pro</strong></span> <span class='ocrx_word' id='word_1_550' title='bbox 1880 2733 2041 2789; x_wconf 87' lang='lat' dir='ltr'><strong>posse</strong></span> <span class='ocrx_word' id='word_1_551' title='bbox 2079 2718 2223 2787; x_wconf 87' lang='lat' dir='ltr'><strong>qttod</strong></span> <span class='ocrx_word' id='word_1_552' title='bbox 2264 2717 2315 2771; x_wconf 92' lang='lat' dir='ltr'><strong>in</strong></span> <span class='ocrx_word' id='word_1_553' title='bbox 2343 2717 2450 2771; x_wconf 86' lang='lat' dir='ltr'><strong>alio</strong></span> <span class='ocrx_word' id='word_1_554' title='bbox 2476 2717 2679 2787; x_wconf 87' lang='lat' dir='ltr'><strong>scripto</strong></span> <span class='ocrx_word' id='word_1_555' title='bbox 2709 2716 2973 2787; x_wconf 87' lang='lat' dir='ltr'><strong>agendum</strong></span> <span class='ocrx_word' id='word_1_556' title='bbox 2998 2716 3097 2771; x_wconf 87' lang='lat' dir='ltr'><strong>sibi</strong></span> <span class='ocrx_word' id='word_1_557' title='bbox 3134 2730 3349 2786; x_wconf 83' lang='lat' dir='ltr'><strong>repere-</strong></span> 
     </span>
    </p>
   </div>
   <div class='ocr_carea' id='block_1_79' title="bbox 1757 2805 3351 2882">
    <p class='ocr_par' dir='ltr' id='par_1_79' title="bbox 1757 2805 3351 2882">
     <span class='ocr_line' id='line_1_79' title="bbox 1757 2805 3351 2882; baseline -0.001 -18"><span class='ocrx_word' id='word_1_558' title='bbox 1757 2811 1826 2864; x_wconf 86' lang='lat' dir='ltr'><strong>rit</strong></span> <span class='ocrx_word' id='word_1_559' title='bbox 1854 2809 2236 2882; x_wconf 72' lang='lat' dir='ltr'><strong>signiﬁcatnm.</strong></span> <span class='ocrx_word' id='word_1_560' title='bbox 2269 2809 2400 2864; x_wconf 82' lang='lat' dir='ltr'><strong>ltetn</strong></span> <span class='ocrx_word' id='word_1_561' title='bbox 2428 2824 2526 2878; x_wconf 90' lang='lat' dir='ltr'><strong>pro</strong></span> <span class='ocrx_word' id='word_1_562' title='bbox 2554 2808 2638 2863; x_wconf 89' lang='lat' dir='ltr'><strong>Itis</strong></span> <span class='ocrx_word' id='word_1_563' title='bbox 2660 2823 2783 2878; x_wconf 68' lang='lat' dir='ltr'><strong>quae</strong></span> <span class='ocrx_word' id='word_1_564' title='bbox 2806 2824 2836 2860; x_wconf 88' lang='lat' dir='ltr'><strong>a</strong></span> <span class='ocrx_word' id='word_1_565' title='bbox 2865 2807 3123 2863; x_wconf 90' lang='lat' dir='ltr'><strong>Dodiloue</strong></span> <span class='ocrx_word' id='word_1_566' title='bbox 3151 2805 3351 2862; x_wconf 83' lang='lat' dir='ltr'><strong>Came-</strong></span> 
     </span>
    </p>
   </div>
   <div class='ocr_carea' id='block_1_80' title="bbox 1758 2890 3365 2972">
    <p class='ocr_par' dir='ltr' id='par_1_80' title="bbox 1758 2890 3365 2972">
     <span class='ocr_line' id='line_1_80' title="bbox 1758 2890 3365 2972; baseline 0 -15"><span class='ocrx_word' id='word_1_567' title='bbox 1758 2902 1968 2958; x_wconf 88' lang='lat' dir='ltr'><strong>racensi</strong></span> <span class='ocrx_word' id='word_1_568' title='bbox 2000 2902 2307 2972; x_wconf 87' lang='lat' dir='ltr'><strong>patiebatur</strong></span> <span class='ocrx_word' id='word_1_569' title='bbox 2350 2902 2629 2971; x_wconf 81' lang='lat' dir='ltr'><strong>episcopo,</strong></span> <span class='ocrx_word' id='word_1_570' title='bbox 2665 2914 2917 2955; x_wconf 87' lang='lat' dir='ltr'><strong>asserens</strong></span> <span class='ocrx_word' id='word_1_571' title='bbox 2951 2900 3223 2969; x_wconf 89' lang='lat' dir='ltr'><strong>quomodo</strong></span> <span class='ocrx_word' id='word_1_572' title='bbox 3248 2890 3365 2969; x_wconf 12' lang='lat' dir='ltr'><strong>prox</strong></span> 
     </span>
    </p>
   </div>
   <div class='ocr_carea' id='block_1_81' title="bbox 1758 2990 3342 3057">
    <p class='ocr_par' dir='ltr' id='par_1_81' title="bbox 1758 2990 3342 3057">
     <span class='ocr_line' id='line_1_81' title="bbox 1758 2990 3342 3057; baseline -0.002 -9"><span class='ocrx_word' id='word_1_573' title='bbox 1758 2992 2081 3057; x_wconf 82' lang='lat' dir='ltr'><strong>benefactis,</strong></span> <span class='ocrx_word' id='word_1_574' title='bbox 2125 2991 2196 3046; x_wconf 90' lang='lat' dir='ltr'><strong>ab</strong></span> <span class='ocrx_word' id='word_1_575' title='bbox 2237 3007 2303 3048; x_wconf 91' lang='lat' dir='ltr'><strong>eo</strong></span> <span class='ocrx_word' id='word_1_576' title='bbox 2346 2991 2447 3048; x_wconf 90' lang='lat' dir='ltr'><strong>sibi</strong></span> <span class='ocrx_word' id='word_1_577' title='bbox 2489 2990 2877 3046; x_wconf 90' lang='lat' dir='ltr'><strong>contumeliosa</strong></span> <span class='ocrx_word' id='word_1_578' title='bbox 2929 2990 3342 3045; x_wconf 87' lang='lat' dir='ltr'><strong>retribuantur:</strong></span> 
     </span>
    </p>
   </div>
   <div class='ocr_carea' id='block_1_82' title="bbox 1758 3082 3347 3154">
    <p class='ocr_par' dir='ltr' id='par_1_82' title="bbox 1758 3082 3347 3154">
     <span class='ocr_line' id='line_1_82' title="bbox 1758 3082 3347 3154; baseline -0.001 -15"><span class='ocrx_word' id='word_1_579' title='bbox 1758 3085 2176 3154; x_wconf 86' lang='lat' dir='ltr'><strong>adsciscensque</strong></span> <span class='ocrx_word' id='word_1_580' title='bbox 2215 3084 2356 3139; x_wconf 90' lang='lat' dir='ltr'><strong>hunc</strong></span> <span class='ocrx_word' id='word_1_581' title='bbox 2402 3084 2504 3139; x_wconf 87' lang='lat' dir='ltr'><strong>sbi</strong></span> <span class='ocrx_word' id='word_1_582' title='bbox 2561 3092 2776 3147; x_wconf 83' lang='lat' dir='ltr'><strong>testem,</strong></span> <span class='ocrx_word' id='word_1_583' title='bbox 2819 3082 3054 3153; x_wconf 88' lang='lat' dir='ltr'><strong>qualiter</strong></span> <span class='ocrx_word' id='word_1_584' title='bbox 3093 3084 3347 3137; x_wconf 88' lang='lat' dir='ltr'><strong>eumdem</strong></span> 
     </span>
    </p>
   </div>
   <div class='ocr_carea' id='block_1_83' title="bbox 1760 3173 3349 3246">
    <p class='ocr_par' dir='ltr' id='par_1_83' title="bbox 1760 3173 3349 3246">
     <span class='ocr_line' id='line_1_83' title="bbox 1760 3173 3349 3246; baseline -0.004 -13"><span class='ocrx_word' id='word_1_585' title='bbox 1760 3177 2078 3233; x_wconf 88' lang='lat' dir='ltr'><strong>Dodiloncm</strong></span> <span class='ocrx_word' id='word_1_586' title='bbox 2115 3187 2362 3246; x_wconf 86' lang='lat' dir='ltr'><strong>paterno,</strong></span> <span class='ocrx_word' id='word_1_587' title='bbox 2399 3174 2739 3246; x_wconf 87' lang='lat' dir='ltr'><strong>simplicique</strong></span> <span class='ocrx_word' id='word_1_588' title='bbox 2778 3173 3125 3245; x_wconf 85' lang='lat' dir='ltr'><strong>benignitatis</strong></span> <span class='ocrx_word' id='word_1_589' title='bbox 3152 3173 3349 3227; x_wconf 86' lang='lat' dir='ltr'><strong>aﬁ&#39;ectu</strong></span> 
     </span>
    </p>
   </div>
   <div class='ocr_carea' id='block_1_84' title="bbox 1760 3265 3347 3339">
    <p class='ocr_par' dir='ltr' id='par_1_84' title="bbox 1760 3265 3347 3339">
     <span class='ocr_line' id='line_1_84' title="bbox 1760 3265 3347 3339; baseline -0.003 -16"><span class='ocrx_word' id='word_1_590' title='bbox 1760 3269 1824 3323; x_wconf 90' lang='lat' dir='ltr'><strong>ad</strong></span> <span class='ocrx_word' id='word_1_591' title='bbox 1849 3270 2054 3339; x_wconf 88' lang='lat' dir='ltr'><strong>potiora</strong></span> <span class='ocrx_word' id='word_1_592' title='bbox 2087 3273 2418 3338; x_wconf 77' lang='lat' dir='ltr'><strong>provexerit.</strong></span> <span class='ocrx_word' id='word_1_593' title='bbox 2454 3267 2560 3325; x_wconf 87' lang='lat' dir='ltr'><strong>Sed</strong></span> <span class='ocrx_word' id='word_1_594' title='bbox 2594 3280 2651 3323; x_wconf 90' lang='lat' dir='ltr'><strong>et</strong></span> <span class='ocrx_word' id='word_1_595' title='bbox 2675 3268 2945 3338; x_wconf 89' lang='lat' dir='ltr'><strong>quomodo</strong></span> <span class='ocrx_word' id='word_1_596' title='bbox 2972 3265 3237 3322; x_wconf 79' lang='lat' dir='ltr'><strong>Rodult‘us</strong></span> <span class='ocrx_word' id='word_1_597' title='bbox 3266 3266 3347 3318; x_wconf 86' lang='lat' dir='ltr'><strong>vir</strong></span> 
     </span>
    </p>
   </div>
   <div class='ocr_carea' id='block_1_85' title="bbox 1760 3346 3389 3429">
    <p class='ocr_par' dir='ltr' id='par_1_85' title="bbox 1760 3346 3389 3429">
     <span class='ocr_line' id='line_1_85' title="bbox 1760 3346 3389 3429; baseline -0.004 -13"><span class='ocrx_word' id='word_1_598' title='bbox 1760 3361 1988 3416; x_wconf 86' lang='lat' dir='ltr'><strong>devotus</strong></span> <span class='ocrx_word' id='word_1_599' title='bbox 2018 3359 2288 3415; x_wconf 86' lang='lat' dir='ltr'><strong>abbatiatn</strong></span> <span class='ocrx_word' id='word_1_600' title='bbox 2312 3361 2604 3429; x_wconf 85' lang='lat' dir='ltr'><strong>quamdam</strong></span> <span class='ocrx_word' id='word_1_601' title='bbox 2635 3359 2686 3414; x_wconf 93' lang='lat' dir='ltr'><strong>in</strong></span> <span class='ocrx_word' id='word_1_602' title='bbox 2717 3358 2881 3428; x_wconf 79' lang='lat' dir='ltr'><strong>hujus</strong></span> <span class='ocrx_word' id='word_1_603' title='bbox 2901 3357 3165 3413; x_wconf 89' lang='lat' dir='ltr'><strong>Hetilonis</strong></span> <span class='ocrx_word' id='word_1_604' title='bbox 3192 3370 3354 3427; x_wconf 85' lang='lat' dir='ltr'><strong>paro-</strong></span> <span class='ocrx_word' id='word_1_605' title='bbox 3373 3346 3389 3353; x_wconf 64' lang='grc'>”</span> 
     </span>
    </p>
   </div>
   <div class='ocr_carea' id='block_1_86' title="bbox 1761 3450 3347 3522">
    <p class='ocr_par' dir='ltr' id='par_1_86' title="bbox 1761 3450 3347 3522">
     <span class='ocr_line' id='line_1_86' title="bbox 1761 3450 3347 3522; baseline -0.003 -14"><span class='ocrx_word' id='word_1_606' title='bbox 1761 3452 1881 3508; x_wconf 86' lang='lat' dir='ltr'><strong>chia</strong></span> <span class='ocrx_word' id='word_1_607' title='bbox 1905 3453 2064 3507; x_wconf 88' lang='lat' dir='ltr'><strong>sitatu</strong></span> <span class='ocrx_word' id='word_1_608' title='bbox 2088 3451 2343 3507; x_wconf 80' lang='lat' dir='ltr'><strong>Retuensi</strong></span> <span class='ocrx_word' id='word_1_609' title='bbox 2374 3452 2699 3522; x_wconf 86' lang='lat' dir='ltr'><strong>delegaverit</strong></span> <span class='ocrx_word' id='word_1_610' title='bbox 2721 3450 2977 3506; x_wconf 74' lang='lat' dir='ltr'><strong>Ecclesia:</strong></span> <span class='ocrx_word' id='word_1_611' title='bbox 2999 3450 3347 3504; x_wconf 88' lang='lat' dir='ltr'><strong>conuuittens</strong></span> 
     </span>
    </p>
   </div>
   <div class='ocr_carea' id='block_1_87' title="bbox 1759 3540 3346 3615">
    <p class='ocr_par' dir='ltr' id='par_1_87' title="bbox 1759 3540 3346 3615">
     <span class='ocr_line' id='line_1_87' title="bbox 1759 3540 3346 3615; baseline -0.002 -17"><span class='ocrx_word' id='word_1_612' title='bbox 1759 3543 1919 3598; x_wconf 86' lang='lat' dir='ltr'><strong>simul</strong></span> <span class='ocrx_word' id='word_1_613' title='bbox 1951 3543 2125 3615; x_wconf 84' lang='lat' dir='ltr'><strong>eidem</strong></span> <span class='ocrx_word' id='word_1_614' title='bbox 2156 3557 2353 3613; x_wconf 88' lang='lat' dir='ltr'><strong>corpus</strong></span> <span class='ocrx_word' id='word_1_615' title='bbox 2380 3542 2525 3598; x_wconf 88' lang='lat' dir='ltr'><strong>beati</strong></span> <span class='ocrx_word' id='word_1_616' title='bbox 2563 3541 2755 3599; x_wconf 87' lang='lat' dir='ltr'><strong>Caliin</strong></span> <span class='ocrx_word' id='word_1_617' title='bbox 2782 3557 2937 3613; x_wconf 77' lang='lat' dir='ltr'><strong>papa:</strong></span> <span class='ocrx_word' id='word_1_618' title='bbox 2975 3549 3030 3597; x_wconf 91' lang='lat' dir='ltr'><strong>et</strong></span> <span class='ocrx_word' id='word_1_619' title='bbox 3066 3540 3346 3611; x_wconf 87' lang='lat' dir='ltr'><strong>martyris,</strong></span> 
     </span>
    </p>
   </div>
   <div class='ocr_carea' id='block_1_88' title="bbox 1759 3632 3350 3705">
    <p class='ocr_par' dir='ltr' id='par_1_88' title="bbox 1759 3632 3350 3705">
     <span class='ocr_line' id='line_1_88' title="bbox 1759 3632 3350 3705; baseline -0.002 -17"><span class='ocrx_word' id='word_1_620' title='bbox 1759 3636 1902 3705; x_wconf 89' lang='lat' dir='ltr'><strong>quod</strong></span> <span class='ocrx_word' id='word_1_621' title='bbox 1934 3636 2277 3704; x_wconf 89' lang='lat' dir='ltr'><strong>impetratum</strong></span> <span class='ocrx_word' id='word_1_622' title='bbox 2309 3650 2339 3688; x_wconf 92' lang='lat' dir='ltr'><strong>a</strong></span> <span class='ocrx_word' id='word_1_623' title='bbox 2373 3634 2616 3689; x_wconf 79' lang='lat' dir='ltr'><strong>Romana</strong></span> <span class='ocrx_word' id='word_1_624' title='bbox 2647 3634 2916 3689; x_wconf 88' lang='lat' dir='ltr'><strong>detulerat</strong></span> <span class='ocrx_word' id='word_1_625' title='bbox 2944 3632 3092 3687; x_wconf 88' lang='lat' dir='ltr'><strong>urbe.</strong></span> <span class='ocrx_word' id='word_1_626' title='bbox 3123 3632 3350 3687; x_wconf 85' lang='lat' dir='ltr'><strong>-lntimat</strong></span> 
     </span>
    </p>
   </div>
   <div class='ocr_carea' id='block_1_89' title="bbox 1760 3724 3346 3799">
    <p class='ocr_par' dir='ltr' id='par_1_89' title="bbox 1760 3724 3346 3799">
     <span class='ocr_line' id='line_1_89' title="bbox 1760 3724 3346 3799; baseline -0.004 -15"><span class='ocrx_word' id='word_1_627' title='bbox 1760 3743 1891 3799; x_wconf 87' lang='lat' dir='ltr'><strong>ergo</strong></span> <span class='ocrx_word' id='word_1_628' title='bbox 1945 3728 2177 3799; x_wconf 88' lang='lat' dir='ltr'><strong>qualiter</strong></span> <span class='ocrx_word' id='word_1_629' title='bbox 2226 3735 2481 3797; x_wconf 88' lang='lat' dir='ltr'><strong>precatus</strong></span> <span class='ocrx_word' id='word_1_630' title='bbox 2531 3726 2601 3781; x_wconf 92' lang='lat' dir='ltr'><strong>sit</strong></span> <span class='ocrx_word' id='word_1_631' title='bbox 2660 3726 3021 3780; x_wconf 87' lang='lat' dir='ltr'><strong>amicabiliter</strong></span> <span class='ocrx_word' id='word_1_632' title='bbox 3062 3724 3346 3794; x_wconf 71' lang='lat' dir='ltr'><strong>przetatuut</strong></span> 
     </span>
    </p>
   </div>
   <div class='ocr_carea' id='block_1_90' title="bbox 1759 3812 3349 3880">
    <p class='ocr_par' dir='ltr' id='par_1_90' title="bbox 1759 3812 3349 3880">
     <span class='ocr_line' id='line_1_90' title="bbox 1759 3812 3349 3880; baseline -0.005 -4"><span class='ocrx_word' id='word_1_633' title='bbox 1759 3818 2091 3880; x_wconf 87' lang='lat' dir='ltr'><strong>Dodilouem,</strong></span> <span class='ocrx_word' id='word_1_634' title='bbox 2123 3818 2191 3872; x_wconf 91' lang='lat' dir='ltr'><strong>ad</strong></span> <span class='ocrx_word' id='word_1_635' title='bbox 2220 3817 2576 3872; x_wconf 82' lang='lat' dir='ltr'><strong>Atrahatense</strong></span> <span class='ocrx_word' id='word_1_636' title='bbox 2606 3815 2882 3871; x_wconf 82' lang='lat' dir='ltr'><strong>castellum</strong></span> <span class='ocrx_word' id='word_1_637' title='bbox 2907 3815 3111 3878; x_wconf 83' lang='lat' dir='ltr'><strong>venire,</strong></span> <span class='ocrx_word' id='word_1_638' title='bbox 3137 3823 3193 3866; x_wconf 83' lang='lat' dir='ltr'><strong>et</strong></span> <span class='ocrx_word' id='word_1_639' title='bbox 3222 3812 3349 3868; x_wconf 81' lang='lat' dir='ltr'><strong>inde</strong></span> 
     </span>
    </p>
   </div>
   <div class='ocr_carea' id='block_1_91' title="bbox 1760 3905 3349 3981">
    <p class='ocr_par' dir='ltr' id='par_1_91' title="bbox 1760 3905 3349 3981">
     <span class='ocr_line' id='line_1_91' title="bbox 1760 3905 3349 3981; baseline -0.004 -16"><span class='ocrx_word' id='word_1_640' title='bbox 1760 3913 1982 3981; x_wconf 84' lang='lat' dir='ltr'><strong>pignora</strong></span> <span class='ocrx_word' id='word_1_641' title='bbox 2032 3908 2240 3979; x_wconf 52' lang='lat' dir='ltr'><strong>praefati</strong></span> <span class='ocrx_word' id='word_1_642' title='bbox 2288 3909 2542 3978; x_wconf 84' lang='lat' dir='ltr'><strong>martyris</strong></span> <span class='ocrx_word' id='word_1_643' title='bbox 2584 3906 2880 3961; x_wconf 89' lang='lat' dir='ltr'><strong>honoriﬁce</strong></span> <span class='ocrx_word' id='word_1_644' title='bbox 2930 3905 3145 3965; x_wconf 86' lang='lat' dir='ltr'><strong>levare.</strong></span> <span class='ocrx_word' id='word_1_645' title='bbox 3183 3914 3349 3973; x_wconf 84' lang='lat' dir='ltr'><strong>atque</strong></span> 
     </span>
    </p>
   </div>
   <div class='ocr_carea' id='block_1_92' title="bbox 1762 3993 3351 4071">
    <p class='ocr_par' dir='ltr' id='par_1_92' title="bbox 1762 3993 3351 4071">
     <span class='ocr_line' id='line_1_92' title="bbox 1762 3993 3351 4071; baseline -0.004 -15"><span class='ocrx_word' id='word_1_646' title='bbox 1762 4017 1931 4071; x_wconf 86' lang='lat' dir='ltr'><strong>usque</strong></span> <span class='ocrx_word' id='word_1_647' title='bbox 1964 4001 2030 4054; x_wconf 93' lang='lat' dir='ltr'><strong>ad</strong></span> <span class='ocrx_word' id='word_1_648' title='bbox 2070 3998 2379 4054; x_wconf 72' lang='lat' dir='ltr'><strong>cmnobium</strong></span> <span class='ocrx_word' id='word_1_649' title='bbox 2407 3999 2577 4052; x_wconf 80' lang='lat' dir='ltr'><strong>saneti</strong></span> <span class='ocrx_word' id='word_1_650' title='bbox 2607 3996 2846 4063; x_wconf 84' lang='lat' dir='ltr'><strong>Quintini</strong></span> <span class='ocrx_word' id='word_1_651' title='bbox 2877 3995 3165 4050; x_wconf 87' lang='lat' dir='ltr'><strong>deducere.</strong></span> <span class='ocrx_word' id='word_1_652' title='bbox 3194 3993 3351 4049; x_wconf 84' lang='lat' dir='ltr'><strong>llunc</strong></span> 
     </span>
    </p>
   </div>
   <div class='ocr_carea' id='block_1_93' title="bbox 1760 4086 3346 4160">
    <p class='ocr_par' dir='ltr' id='par_1_93' title="bbox 1760 4086 3346 4160">
     <span class='ocr_line' id='line_1_93' title="bbox 1760 4086 3346 4160; baseline -0.004 -11"><span class='ocrx_word' id='word_1_653' title='bbox 1760 4094 1922 4149; x_wconf 88' lang='lat' dir='ltr'><strong>etiam</strong></span> <span class='ocrx_word' id='word_1_654' title='bbox 1952 4090 2248 4147; x_wconf 83' lang='lat' dir='ltr'><strong>lletilouem</strong></span> <span class='ocrx_word' id='word_1_655' title='bbox 2283 4089 2605 4160; x_wconf 85' lang='lat' dir='ltr'><strong>expetierat.</strong></span> <span class='ocrx_word' id='word_1_656' title='bbox 2636 4099 2691 4143; x_wconf 92' lang='lat' dir='ltr'><strong>ut</strong></span> <span class='ocrx_word' id='word_1_657' title='bbox 2722 4089 2789 4142; x_wconf 91' lang='lat' dir='ltr'><strong>ad</strong></span> <span class='ocrx_word' id='word_1_658' title='bbox 2822 4088 2994 4158; x_wconf 87' lang='lat' dir='ltr'><strong>ipsum</strong></span> <span class='ocrx_word' id='word_1_659' title='bbox 3032 4086 3346 4142; x_wconf 75' lang='lat' dir='ltr'><strong>cmuobium</strong></span> 
     </span>
    </p>
   </div>
   <div class='ocr_carea' id='block_1_94' title="bbox 1762 4180 3353 4248">
    <p class='ocr_par' dir='ltr' id='par_1_94' title="bbox 1762 4180 3353 4248">
     <span class='ocr_line' id='line_1_94' title="bbox 1762 4180 3353 4248; baseline -0.006 -8"><span class='ocrx_word' id='word_1_660' title='bbox 1762 4192 2093 4246; x_wconf 82' lang='lat' dir='ltr'><strong>occurreret,</strong></span> <span class='ocrx_word' id='word_1_661' title='bbox 2119 4192 2173 4238; x_wconf 90' lang='lat' dir='ltr'><strong>et</strong></span> <span class='ocrx_word' id='word_1_662' title='bbox 2197 4182 2380 4235; x_wconf 90' lang='lat' dir='ltr'><strong>tandiu</strong></span> <span class='ocrx_word' id='word_1_663' title='bbox 2404 4197 2525 4236; x_wconf 92' lang='lat' dir='ltr'><strong>cum</strong></span> <span class='ocrx_word' id='word_1_664' title='bbox 2548 4196 2705 4235; x_wconf 83' lang='lat' dir='ltr'><strong>sacro</strong></span> <span class='ocrx_word' id='word_1_665' title='bbox 2724 4180 3075 4234; x_wconf 85' lang='lat' dir='ltr'><strong>comitaretur</strong></span> <span class='ocrx_word' id='word_1_666' title='bbox 3097 4193 3353 4248; x_wconf 78' lang='lat' dir='ltr'><strong>corpore,</strong></span> 
     </span>
    </p>
   </div>
   <div class='ocr_carea' id='block_1_95' title="bbox 1765 4267 3354 4343">
    <p class='ocr_par' dir='ltr' id='par_1_95' title="bbox 1765 4267 3354 4343">
     <span class='ocr_line' id='line_1_95' title="bbox 1765 4267 3354 4343; baseline -0.005 -15"><span class='ocrx_word' id='word_1_667' title='bbox 1765 4275 1936 4328; x_wconf 87' lang='lat' dir='ltr'><strong>donec</strong></span> <span class='ocrx_word' id='word_1_668' title='bbox 1971 4272 2087 4343; x_wconf 85' lang='lat' dir='ltr'><strong>ipse</strong></span> <span class='ocrx_word' id='word_1_669' title='bbox 2115 4272 2305 4326; x_wconf 88' lang='lat' dir='ltr'><strong>domus</strong></span> <span class='ocrx_word' id='word_1_670' title='bbox 2336 4270 2501 4325; x_wconf 83' lang='lat' dir='ltr'><strong>Fuleo</strong></span> <span class='ocrx_word' id='word_1_671' title='bbox 2539 4270 2772 4334; x_wconf 86' lang='lat' dir='ltr'><strong>veniret,</strong></span> <span class='ocrx_word' id='word_1_672' title='bbox 2823 4278 2878 4325; x_wconf 91' lang='lat' dir='ltr'><strong>et</strong></span> <span class='ocrx_word' id='word_1_673' title='bbox 2916 4267 3044 4322; x_wconf 92' lang='lat' dir='ltr'><strong>illud</strong></span> <span class='ocrx_word' id='word_1_674' title='bbox 3087 4268 3354 4322; x_wconf 88' lang='lat' dir='ltr'><strong>decenter</strong></span> 
     </span>
    </p>
   </div>
   <div class='ocr_carea' id='block_1_96' title="bbox 1767 4359 3412 4436">
    <p class='ocr_par' dir='ltr' id='par_1_96' title="bbox 1767 4359 3412 4436">
     <span class='ocr_line' id='line_1_96' title="bbox 1767 4359 3412 4436; baseline -0.004 -18"><span class='ocrx_word' id='word_1_675' title='bbox 1767 4366 2039 4436; x_wconf 47' lang='lat' dir='ltr'><strong>excipere,</strong></span> <span class='ocrx_word' id='word_1_676' title='bbox 2063 4373 2115 4418; x_wconf 88' lang='lat' dir='ltr'><strong>et</strong></span> <span class='ocrx_word' id='word_1_677' title='bbox 2144 4378 2312 4433; x_wconf 81' lang='lat' dir='ltr'><strong>usque</strong></span> <span class='ocrx_word' id='word_1_678' title='bbox 2338 4364 2403 4417; x_wconf 90' lang='lat' dir='ltr'><strong>ad</strong></span> <span class='ocrx_word' id='word_1_679' title='bbox 2429 4364 2569 4417; x_wconf 88' lang='lat' dir='ltr'><strong>hanc</strong></span> <span class='ocrx_word' id='word_1_680' title='bbox 2593 4361 2910 4415; x_wconf 65' lang='lat' dir='ltr'><strong>lietuensem</strong></span> <span class='ocrx_word' id='word_1_681' title='bbox 2935 4359 3141 4414; x_wconf 83' lang='lat' dir='ltr'><strong>valeret</strong></span> <span class='ocrx_word' id='word_1_682' title='bbox 3163 4359 3354 4413; x_wconf 88' lang='lat' dir='ltr'><strong>urbem</strong></span> <span class='ocrx_word' id='word_1_683' title='bbox 3405 4411 3412 4418; x_wconf 81' lang='grc'><em>,</em></span> 
     </span>
    </p>
   </div>
   <div class='ocr_carea' id='block_1_97' title="bbox 1768 4455 3351 4522">
    <p class='ocr_par' dir='ltr' id='par_1_97' title="bbox 1768 4455 3351 4522">
     <span class='ocr_line' id='line_1_97' title="bbox 1768 4455 3351 4522; baseline -0.007 -7"><span class='ocrx_word' id='word_1_684' title='bbox 1768 4460 2078 4515; x_wconf 86' lang='lat' dir='ltr'><strong>deducere:</strong></span> <span class='ocrx_word' id='word_1_685' title='bbox 2111 4456 2196 4510; x_wconf 92' lang='lat' dir='ltr'><strong>ubi</strong></span> <span class='ocrx_word' id='word_1_686' title='bbox 2237 4455 2419 4510; x_wconf 89' lang='lat' dir='ltr'><strong>tandiu</strong></span> <span class='ocrx_word' id='word_1_687' title='bbox 2462 4464 2804 4517; x_wconf 85' lang='lat' dir='ltr'><strong>servaretur,</strong></span> <span class='ocrx_word' id='word_1_688' title='bbox 2851 4466 3165 4522; x_wconf 87' lang='lat' dir='ltr'><strong>quousque,</strong></span> <span class='ocrx_word' id='word_1_689' title='bbox 3218 4464 3351 4520; x_wconf 77' lang='lat' dir='ltr'><strong>pace</strong></span> 
     </span>
    </p>
   </div>
   <div class='ocr_carea' id='block_1_98' title="bbox 1768 4540 3356 4616">
    <p class='ocr_par' dir='ltr' id='par_1_98' title="bbox 1768 4540 3356 4616">
     <span class='ocr_line' id='line_1_98' title="bbox 1768 4540 3356 4616; baseline -0.008 -9"><span class='ocrx_word' id='word_1_690' title='bbox 1768 4552 1994 4613; x_wconf 90' lang='lat' dir='ltr'><strong>reddita,</strong></span> <span class='ocrx_word' id='word_1_691' title='bbox 2040 4547 2157 4603; x_wconf 88' lang='lat' dir='ltr'><strong>loco</strong></span> <span class='ocrx_word' id='word_1_692' title='bbox 2199 4547 2418 4616; x_wconf 88' lang='lat' dir='ltr'><strong>proprio</strong></span> <span class='ocrx_word' id='word_1_693' title='bbox 2456 4547 2622 4616; x_wconf 89' lang='lat' dir='ltr'><strong>ipsius</strong></span> <span class='ocrx_word' id='word_1_694' title='bbox 2662 4544 2923 4599; x_wconf 83' lang='lat' dir='ltr'><strong>lletilonis</strong></span> <span class='ocrx_word' id='word_1_695' title='bbox 2959 4541 3211 4612; x_wconf 88' lang='lat' dir='ltr'><strong>parochia</strong></span> <span class='ocrx_word' id='word_1_696' title='bbox 3245 4540 3356 4595; x_wconf 88' lang='lat' dir='ltr'><strong>sito</strong></span> 
     </span>
    </p>
   </div>
   <div class='ocr_carea' id='block_1_99' title="bbox 1767 4628 3353 4710">
    <p class='ocr_par' dir='ltr' id='par_1_99' title="bbox 1767 4628 3353 4710">
     <span class='ocr_line' id='line_1_99' title="bbox 1767 4628 3353 4710; baseline -0.009 -13"><span class='ocrx_word' id='word_1_697' title='bbox 1767 4642 1975 4699; x_wconf 88' lang='lat' dir='ltr'><strong>restitui</strong></span> <span class='ocrx_word' id='word_1_698' title='bbox 2003 4648 2204 4710; x_wconf 88' lang='lat' dir='ltr'><strong>posset.</strong></span> <span class='ocrx_word' id='word_1_699' title='bbox 2236 4637 2308 4692; x_wconf 87' lang='lat' dir='ltr'><strong>At</strong></span> <span class='ocrx_word' id='word_1_700' title='bbox 2337 4636 2522 4690; x_wconf 84' lang='lat' dir='ltr'><strong>Dodilo</strong></span> <span class='ocrx_word' id='word_1_701' title='bbox 2555 4650 2679 4689; x_wconf 92' lang='lat' dir='ltr'><strong>cum</strong></span> <span class='ocrx_word' id='word_1_702' title='bbox 2724 4634 2997 4691; x_wconf 81' lang='lat' dir='ltr'><strong>debuisset</strong></span> <span class='ocrx_word' id='word_1_703' title='bbox 3022 4645 3185 4700; x_wconf 84' lang='lat' dir='ltr'><strong>agere</strong></span> <span class='ocrx_word' id='word_1_704' title='bbox 3206 4628 3353 4699; x_wconf 89' lang='lat' dir='ltr'><strong>quod</strong></span> 
     </span>
    </p>
   </div>
   <div class='ocr_carea' id='block_1_100' title="bbox 1767 4721 3355 4802">
    <p class='ocr_par' dir='ltr' id='par_1_100' title="bbox 1767 4721 3355 4802">
     <span class='ocr_line' id='line_1_100' title="bbox 1767 4721 3355 4802; baseline -0.009 -16"><span class='ocrx_word' id='word_1_705' title='bbox 1767 4731 2068 4802; x_wconf 84' lang='lat' dir='ltr'><strong>petebatur,</strong></span> <span class='ocrx_word' id='word_1_706' title='bbox 2100 4744 2131 4783; x_wconf 88' lang='lat' dir='ltr'><strong>e</strong></span> <span class='ocrx_word' id='word_1_707' title='bbox 2155 4735 2369 4789; x_wconf 89' lang='lat' dir='ltr'><strong>contra,</strong></span> <span class='ocrx_word' id='word_1_708' title='bbox 2402 4724 2675 4778; x_wconf 89' lang='lat' dir='ltr'><strong>ﬁliationis</strong></span> <span class='ocrx_word' id='word_1_709' title='bbox 2711 4739 2775 4777; x_wconf 90' lang='lat' dir='ltr'><strong>ac</strong></span> <span class='ocrx_word' id='word_1_710' title='bbox 2810 4721 3171 4774; x_wconf 83' lang='lat' dir='ltr'><strong>fraternitatis</strong></span> <span class='ocrx_word' id='word_1_711' title='bbox 3201 4727 3355 4788; x_wconf 81' lang='lat' dir='ltr'><strong>post-</strong></span> 
     </span>
    </p>
   </div>
   <div class='ocr_carea' id='block_1_101' title="bbox 1768 4809 3364 4883">
    <p class='ocr_par' dir='ltr' id='par_1_101' title="bbox 1768 4809 3364 4883">
     <span class='ocr_line' id='line_1_101' title="bbox 1768 4809 3364 4883; baseline -0.009 -4"><span class='ocrx_word' id='word_1_712' title='bbox 1768 4824 1952 4880; x_wconf 88' lang='lat' dir='ltr'><strong>habita</strong></span> <span class='ocrx_word' id='word_1_713' title='bbox 1999 4818 2325 4883; x_wconf 89' lang='lat' dir='ltr'><strong>reverentia,</strong></span> <span class='ocrx_word' id='word_1_714' title='bbox 2375 4817 2428 4871; x_wconf 92' lang='lat' dir='ltr'><strong>in</strong></span> <span class='ocrx_word' id='word_1_715' title='bbox 2477 4815 2655 4870; x_wconf 89' lang='lat' dir='ltr'><strong>medio</strong></span> <span class='ocrx_word' id='word_1_716' title='bbox 2698 4827 2992 4868; x_wconf 90' lang='lat' dir='ltr'><strong>occurrens</strong></span> <span class='ocrx_word' id='word_1_717' title='bbox 3039 4811 3157 4874; x_wconf 74' lang='lat' dir='ltr'><strong>vim,</strong></span> <span class='ocrx_word' id='word_1_718' title='bbox 3198 4820 3254 4863; x_wconf 89' lang='lat' dir='ltr'><strong>et</strong></span> <span class='ocrx_word' id='word_1_719' title='bbox 3287 4809 3364 4864; x_wconf 79' lang='lat' dir='ltr'><strong>do</strong></span> 
     </span>
    </p>
   </div>
   <div class='ocr_carea' id='block_1_102' title="bbox 1770 4899 3364 4977">
    <p class='ocr_par' dir='ltr' id='par_1_102' title="bbox 1770 4899 3364 4977">
     <span class='ocr_line' id='line_1_102' title="bbox 1770 4899 3364 4977; baseline -0.011 -9"><span class='ocrx_word' id='word_1_720' title='bbox 1770 4914 2018 4968; x_wconf 89' lang='lat' dir='ltr'><strong>tuanibus</strong></span> <span class='ocrx_word' id='word_1_721' title='bbox 2047 4908 2372 4977; x_wconf 80' lang='lat' dir='ltr'><strong>gestautium</strong></span> <span class='ocrx_word' id='word_1_722' title='bbox 2402 4915 2651 4960; x_wconf 81' lang='lat' dir='ltr'><strong>sanctum</strong></span> <span class='ocrx_word' id='word_1_723' title='bbox 2673 4905 2867 4976; x_wconf 80' lang='lat' dir='ltr'><strong>pignus</strong></span> <span class='ocrx_word' id='word_1_724' title='bbox 2892 4902 3189 4971; x_wconf 88' lang='lat' dir='ltr'><strong>abripiens,</strong></span> <span class='ocrx_word' id='word_1_725' title='bbox 3213 4899 3364 4969; x_wconf 61' lang='lat' dir='ltr'><strong>apud:</strong></span> 
     </span>
    </p>
   </div>
   <div class='ocr_carea' id='block_1_103' title="bbox 1769 4992 3365 5081">
    <p class='ocr_par' dir='ltr' id='par_1_103' title="bbox 1769 4992 3365 5081">
     <span class='ocr_line' id='line_1_103' title="bbox 1769 4992 3365 5081; baseline -0.014 -17"><span class='ocrx_word' id='word_1_726' title='bbox 1769 5022 1829 5063; x_wconf 89' lang='lat' dir='ltr'><strong>se</strong></span> <span class='ocrx_word' id='word_1_727' title='bbox 1858 5004 2133 5075; x_wconf 85' lang='lat' dir='ltr'><strong>reposuit,</strong></span> <span class='ocrx_word' id='word_1_728' title='bbox 2163 5003 2351 5057; x_wconf 86' lang='lat' dir='ltr'><strong>dicens</strong></span> <span class='ocrx_word' id='word_1_729' title='bbox 2382 5018 2396 5054; x_wconf 89' lang='lat'>:</span> <span class='ocrx_word' id='word_1_730' title='bbox 2427 4997 2542 5052; x_wconf 85' lang='lat' dir='ltr'><strong>Non</strong></span> <span class='ocrx_word' id='word_1_731' title='bbox 2573 4998 2702 5053; x_wconf 88' lang='lat' dir='ltr'><strong>illud</strong></span> <span class='ocrx_word' id='word_1_732' title='bbox 2734 4996 2995 5081; x_wconf 83' lang='lat' dir='ltr'><strong>cuiquam</strong></span> <span class='ocrx_word' id='word_1_733' title='bbox 3027 5009 3086 5050; x_wconf 91' lang='lat' dir='ltr'><strong>se</strong></span> <span class='ocrx_word' id='word_1_734' title='bbox 3118 4992 3365 5047; x_wconf 77' lang='lat' dir='ltr'><strong>redditu-.</strong></span> 
     </span>
    </p>
   </div>
   <div class='ocr_carea' id='block_1_104' title="bbox 1769 5082 3360 5161">
    <p class='ocr_par' dir='ltr' id='par_1_104' title="bbox 1769 5082 3360 5161">
     <span class='ocr_line' id='line_1_104' title="bbox 1769 5082 3360 5161; baseline -0.01 -10"><span class='ocrx_word' id='word_1_735' title='bbox 1769 5112 1911 5161; x_wconf 87' lang='lat' dir='ltr'><strong>rum,</strong></span> <span class='ocrx_word' id='word_1_736' title='bbox 1960 5093 2061 5147; x_wconf 89' lang='lat' dir='ltr'><strong>nisi</strong></span> <span class='ocrx_word' id='word_1_737' title='bbox 2106 5094 2280 5147; x_wconf 90' lang='lat' dir='ltr'><strong>eidem</strong></span> <span class='ocrx_word' id='word_1_738' title='bbox 2333 5088 2601 5154; x_wconf 89' lang='lat' dir='ltr'><strong>Iletiloni,</strong></span> <span class='ocrx_word' id='word_1_739' title='bbox 2645 5090 2696 5144; x_wconf 92' lang='lat' dir='ltr'><strong>in</strong></span> <span class='ocrx_word' id='word_1_740' title='bbox 2748 5086 2900 5156; x_wconf 85' lang='lat' dir='ltr'><strong>cujus</strong></span> <span class='ocrx_word' id='word_1_741' title='bbox 2944 5082 3360 5157; x_wconf 82' lang='lat' dir='ltr'><strong>dignoscebatttr</strong></span> 
     </span>
    </p>
   </div>
  </div>
