3904 5396
568 320 673 381 253

1622 324 2015 383 FLODOARDI
2047 323 2367 383 CANONICI
2406 327 2745 384 REMENSiS
3276 374 3283 382 .
3704 327 3789 384 28$

569 434 703 505 cipis
724 434 946 503 alicujus
972 437 1374 508 exspectatione
1397 438 1448 492 in
1470 440 1596 493 sede
1618 439 1909 509 pontificali
1934 438 2145 493 locave-
2178 441 2219 497 Α
2249 438 2487 493 cordiam
2520 454 2701 494 secum
2734 439 3016 493 tenendam
3056 439 3257 492 redeat.
3293 436 3467 493 Monet
3493 437 3654 510 igitur
3687 455 3789 495 eunt

571 527 663 590 rit,
694 537 1011 597 moaeatque
1048 536 1154 582 uta
1196 537 1375 599 empta
1425 530 1728 586 temeritate
1755 531 1942 599 pedem
1986 545 2138 584 revo-

567 626 675 680 cet,
702 630 770 670 ne
805 614 1005 686 aliquid
1029 617 1172 672 bime
1192 617 1437 672 eumdem
1468 620 1931 689 archiepisc0pum
1954 629 2141 673 contra

568 719 647 767 se,
675 704 816 774 quod
857 704 995 760 idem
1022 706 1171 772 nolit,
1218 722 1378 777 agere
1414 702 1907 779 compellatallunc
1928 726 2143 780 quoque

570 803 818 862 precatur
862 794 1160 851 llctilonem
1211 799 1428 863 obnixe,
1467 815 1533 855 ne
1578 801 1651 856 illi
1695 818 1972 857 assensum
1999 803 2050 857 in
2088 819 2143 859 re

572 884 663 938 tali
695 888 951 956 prtebeat,
998 887 1091 943 sed
1124 889 1284 959 justte
1329 891 1469 961 parti
1498 892 1549 944 in
1577 894 1825 948 onmibus
1859 892 2056 958 faveat,
2089 903 2142 949 ct

572 976 878 1032 thesaurum
910 981 1208 1047 cmlestcm,
1242 981 1488 1039 “emensi
1513 986 1754 1040 ecclesia:
1777 1002 1805 1040 a
1830 987 2144 1055 praememo-

572 1072 687 1122 rato
718 1069 832 1125 vim
862 1071 1112 1127 traditum
1141 1113 1156 1138 ,
1210 1074 1328 1129 urbi
1361 1090 1423 1130 ac
1450 1074 1682 1131 basilicae
1730 1077 1899 1148 ipsius
1934 1077 2142 1133 restitui

571 1175 675 1213 non
712 1159 881 1215 solum
928 1165 1229 1219 consentiat
1251 1206 1267 1229 ,
1305 1169 1397 1221 sed
1428 1167 1591 1222 etiam
1618 1169 1745 1224 lotis
1768 1169 1967 1225 viribus
1992 1154 2163 1237 adju-j

571 1259 678 1303 vet.
725 1250 912 1305 Didoni
951 1251 1290 1311 Laudunensi
1327 1258 1615 1328 episcopo,
1685 1275 1781 1328 pro
1831 1262 2142 1316 reconcilia-

573 1341 713 1394 tione
748 1342 940 1397 anima:
964 1342 1240 1411 cujusdam
1279 1345 1545 1411 Vah-heri,
1578 1351 1669 1420 qui
1702 1366 1825 1405 reus
1846 1352 2145 1423 majestatis

571 1431 849 1497 iuventus,
888 1432 1224 1503 supplicium
1280 1439 1469 1491 mortis
1508 1440 1755 1494 incurrit.
1810 1439 1887 1496 De
1914 1456 2020 1510 quo
2049 1457 2150 1495 au-

569 1519 758 1586 dierat,
788 1525 926 1593 quod
960 1526 1010 1580 in
1044 1528 1271 1582 articulo
1303 1531 1489 1585 mortis
1509 1531 1879 1601 paenitentiam
1900 1547 1996 1603 per
2012 1548 2143 1588 con-

570 1610 854 1668 fessionem
899 1626 953 1670 ct
982 1633 1150 1673 sacrm
1202 1621 1594 1677 communionis
1627 1623 1880 1677 viaticum
1930 1625 1997 1679 ab
2029 1624 2145 1695 ipso

569 1707 895 1774 expetierat,
948 1725 1045 1765 nec
1081 1711 1371 1782 impetrare
1396 1713 1653 1769 value;at.
1718 1713 1940 1785 lusuper
1966 1723 2020 1770 et
2060 1730 2144 1771 se-

569 1794 794 1863 pulturae
822 1797 1125 1854 benitlcium
1158 1800 1332 1857 fuerat
1361 1803 1407 1857 ei
1435 1804 1776 1874 denegatum,
1803 1815 1857 1860 et
1877 1807 2017 1860 orari
2045 1821 2143 1876 pro

567 1902 633 1941 eo
670 1888 1020 1957 prohibitum.
1065 1891 1361 1948 Succenset
1386 1910 1515 1966 ergo
1544 1897 1789 1951 eumdem
1837 1898 2142 1967 prasalem,

571 1980 797 2034 horrens
845 1998 941 2035 cur
978 1984 1056 2037 sic
1099 1984 1327 2041 voluerit
1367 2003 1546 2057 agere,
1577 2004 1699 2043 cum
1746 1991 1914 2045 sciret
1942 1992 2145 2062 optime

568 2071 710 2138 quod
774 2074 1066 2127 auctoritas
1106 2090 1260 2130 saera
1292 2077 1355 2131 de
1410 2094 1514 2131 non
1566 2081 1805 2150 neganda
1838 2080 1891 2134 in
1942 2080 2146 2137 ultimis

568 2161 817 2216 statuerit
839 2165 1182 2232 paenitentia;
1211 2168 1534 2238 adtibetque
1556 2170 1805 2225 nommlla
1832 2183 2143 2227 sanctorum

571 2249 789 2306 Pati-un
826 2268 989 2322 super
1016 2258 1113 2311 hat
1142 2274 1199 2312 re
1230 2260 1560 2324 teztimonia,
1595 2278 1815 2317 monens
1857 2271 1916 2316 ut
1969 2263 2146 2319 consi-

571 2344 758 2396 derato
805 2347 1077 2400 communi
1134 2348 1388 2417 periculo,
1438 2351 1678 2406 imitetur
1707 2355 2012 2409 communis
2043 2354 2147 2408 Do-

570 2432 698 2486 mini
727 2434 997 2503 pietatem,
1035 2439 1228 2494 ethuic
1251 2443 1520 2509 peceatori
1548 2444 1842 2497 remedium
1877 2446 2147 2515 poeniten-

572 2525 658 2577 tia:
685 2523 736 2578 in
788 2525 991 2582 ultimis
1025 2531 1314 2599 ilcprerato
1368 2533 1641 2605 impendat
1693 2536 2142 2607 misericordiam,

569 2623 628 2666 ut
656 2625 711 2669 et
733 2618 875 2670 orari
905 2631 1001 2687 pro
1033 2634 1100 2676 eo
1130 2619 1310 2688 iaciat,
1370 2633 1424 2680 et
1450 2639 1544 2695 per
1565 2626 1799 2697 seipsum
1832 2631 2148 2687 reconcilia-

570 2708 791 2771 tionem,
814 2709 1114 2781 animasque
1131 2716 1643 2772 commendationem
1670 2734 1817 2774 more
1839 2720 2147 2778 Christiano

571 2796 1143 2871 persolvat;'emnque
1187 2802 1253 2857 de
1296 2802 1413 2859 loco
1467 2808 1652 2875 pervio
1684 2808 1735 2861 in
1771 2824 1879 2878 quo
1930 2827 2146 2868 nonse-

572 2886 767 2955 pultus.
798 2891 891 2944 sed
914 2890 1184 2961 projectns
1208 2904 1347 2957 erat,
1379 2896 1445 2951 ad
1497 2901 1866 2956 cmmetcriunt
1912 2903 2145 2959 fidelium

573 2976 877 3033 transferat.
917 2979 1046 3036 Item
1079 2999 1176 3053 pro
1208 2985 1306 3040 hac
1331 2986 1519 3040 eadem
1545 3004 1730 3055 causa,
1783 2991 2057 3061 postulans
2093 3002 2147 3049 et

569 3069 830 3156 adhibens
849 3074 1152 3145 G$elllplllltl
1176 3075 1314 3131 beati
1353 3077 1596 3150 Gregorii
1623 3080 1681 3150 (Ι.
1709 3098 1760 3136 tv
1780 3081 1947 3149 Dial.,
1976 3100 2026 3139 c.
2059 3084 2145 3156 55)

570 3161 637 3215 de
669 3154 899 3231 quodam
956 3169 1236 3232 nionacho,
1288 3186 1445 3239 quem
1470 3173 1705 3243 jnsscrat
1734 3192 1834 3232 nec
1862 3154 2151 3248 sepulturae

572 3256 841 3308 ιοιιιιιιηιιί
871 3258 1029 3320 tradi,
1075 3275 1174 3313 nec
1203 3263 1536 3317 orationibus
1583 3264 1842 3337 at’jnVari,
1879 3280 1997 3340 post
2021 3267 2151 3340 legi-

572 3345 761 3399 timum
787 3345 907 3419 [ηις.
936 3365 1004 3413 ε..
1032 3349 1270 3423 longum]
1299 3356 1526 3423 spatium
1558 3358 2045 3415 reconciliationem
2075 3362 2153 3416 ei-

572 3435 693 3489 dem
773 3441 1025 3510 praecepit
1091 3443 1370 3513 impendi:
1420 3449 1729 3505 adsciscens
1780 3453 1942 3507 etiam
2020 3452 2150 3509 illud

571 3544 587 3577 t
607 3527 938 3596 v.mgelieum
972 3547 985 3584 :
1017 3533 1141 3602 quia
1169 3533 1339 3589 Filius
1371 3538 1601 3594 hominis
1628 3542 1771 3595 Vctlil
1796 3558 2062 3612 qumrere.
2094 3551 2150 3599 et

571 3617 777 3671 salvum
815 3620 990 3676 facere
1028 3624 1167 3694 quod
1208 3627 1443 3696 perierat
1484 3627 1635 3699 (Luc.
1670 3635 1804 3701 xu).
1847 3632 1953 3688 Sed
1983 3644 2035 3690 et
2060 3634 2151 3690 Ni-

571 3709 704 3761 tteni
743 3712 952 3766 conicilii
1008 3714 1144 3785 (cap.
1197 3717 1285 3782 £3,
1322 3716 1526 3790 «1.12)
1586 3722 1984 3786 testimonium,
2042 3740 2150 3795 quo

571 3800 894 3863 generaliter
918 3804 1137 3860 cuilibet
1164 3806 1216 3862 in
1239 3809 1385 3863 exitu
1427 3812 1624 3880 posito,
1676 3823 1730 3867 et
1755 3815 1996 3884 poscenti
2022 3832 2147 3888 gra-

573 3890 701 3945 tiam
738 3898 1132 3954 communionis
1156 3902 1318 3958 tribui
1349 3906 1678 3976 praecipitur.

642 3982 802 4074 Petro
822 3988 1033 4043 cui-.lam
1068 3991 1308 4049 Romano
1334 3998 1523 4053 scribit
1543 4000 1817 4073 episcopo,
1843 4019 1941 4074 pro
1968 4004 2053 4060 his
2081 4006 2148 4062 de

571 4073 767 4141 quibus
820 4076 1136 4137 Formosum
1188 4100 1381 4156 papam
1434 4090 1779 4147 consuluerat
1804 4073 1966 4164 super
1994 4095 2152 4150 lleri-

574 4166 752 4220 nando
786 4167 1073 4228 Morinensi
1097 4176 1367 4247 episcopo.
1401 4193 1563 4250 quem
1585 4182 1945 4241 Catalaunicze
1970 4188 2150 4258 prtell-

575 4270 698 4312 cere
723 4259 1048 4319 decernebat
1072 4268 1302 4324 viduata:
1332 4270 1608 4338 Ecclesiae,
1660 4278 1898 4356 petitque
1928 4290 1988 4335 ut
2026 4297 2152 4354 sng-

576 4359 728 4417 gerat
748 4366 897 4421 p“p:B
924 4368 1021 4422 pro
1046 4357 1145 4411 hoc
1166 4374 1264 4414 suo
1286 4362 1557 4429 consultu,
1582 4376 1851 4435 quatenus
1900 4379 2146 4442 optatum

2246 540 2498 602 tanquam
2534 531 2697 586 lilium
2723 531 3121 595 cltarissintnm,
3145 530 3321 585 redire
3349 531 3414 584 ad
3442 531 3788 603 semetipsum,

2242 633 2296 677 et
2330 624 2567 693 cogitare
2595 623 2750 694 cujus
2772 624 2841 679 sit
2864 625 3091 688 ordinis,
3134 625 3391 695 cujusque
3441 624 3788 696 professionis.

2243 715 2644 785 perpendatque
2669 715 2810 786 quod
2843 715 2893 768 iu
2925 714 3069 769 nullo
3099 716 3166 769 ab
3199 716 3313 786 ipso
3336 715 3497 769 lzcsus
3517 716 3727 776 existat.
3750 724 3793 769 et

2242 796 2285 859 si
2316 804 2568 874 possibile
2593 806 2683 869 sit,
2712 806 2777 859 ad
2804 822 2861 860 se
2897 805 3096 868 veniat.
3124 814 3387 875 quatenus
3424 805 3492 860 de
3522 806 3606 861 bis
3626 808 3792 861 collato

2243 896 2491 951 sermone
2521 895 2709 951 melius
2732 893 3029 949 COIIrUI‘nIlL
3065 895 3122 950 Si
3157 912 3281 959 vero
3331 897 3382 949 iJ
3437 895 3556 950 fieri
3608 899 3786 966 nequit,

2241 985 2527 1053 quemdam
2582 983 2899 1041 lamiliarem
2944 986 3043 1038 sibi
3096 985 3322 1056 dirigat,
3362 1000 3457 1054 per
3486 1001 3646 1055 quem
3695 1001 3792 1053 qua:

2245 1073 2346 1127 fert
2368 1075 2579 1129 animus
2606 1075 2778 1130 eidem
2812 1063 3128 1131 remandare
3161 1075 3348 1130 valeat.
3382 1072 3789 1131 Notilicatetiaut

2244 1175 2301 1222 se
2340 1169 2552 1223 audisse
2579 1168 2823 1238 quasdam
2847 1169 2912 1223 de
2943 1169 3076 1239 ipso,
3121 1184 3244 1237 qua:
3280 1183 3383 1222 non
3417 1167 3578 1223 facile
3602 1168 3795 1223 credere

2245 1258 2501 1327 potuerit,
2548 1257 2755 1311 scilicet
2805 1256 2946 1328 quod
3002 1257 3201 1327 rapinis
3249 1256 3548 1319 insisteret,
3618 1255 3789 1311 alienas

2246 1346 2612 1420 possessiones
2664 1349 2959 1412 invaderet,
3006 1362 3062 1402 et
3090 1349 3345 1419 pecunias
3374 1348 3675 1418 diriperet:
3711 1362 3791 1403 no'

2246 1439 2595 1509 minatimqne
2624 1439 2868 1510 designat
2900 1440 3217 1495 Rotbertum
3258 1441 3551 1509 quemdam
3597 1442 3725 1511 apud
3751 1458 3795 1494 se

2244 1528 2412 1583 fuisse
2458 1536 2811 1599 conquestum
2836 1569 2850 1591 ,
2914 1528 3058 1599 quod
3087 1528 3342 1585 universa
3372 1528 3594 1585 mobilia
3618 1545 3706 1583 sua
3746 1545 3794 1584 ea

2244 1622 2544 1678 abstulerit.
2583 1642 2601 1673 ι
2640 1621 2747 1692 Ego
2778 1633 2992 1687 autem,
3024 1622 3217 1693 inquit,
3263 1636 3369 1676 non
3417 1622 3524 1677 hoc
3572 1620 3638 1678 de
3674 1621 3798 1675 vobis

2245 1713 2724 1783 crederepossum,
2765 1713 2859 1768 sed
2895 1724 3023 1783 puto
3062 1727 3185 1769 esse
3230 1712 3489 1783 aliquem,
3520 1713 3614 1784 qui
3643 1724 3793 1768 vestra

2244 1803 2416 1875 gratia
2432 1812 2486 1857 et
2512 1802 2832 1857 auctoritate
2856 1800 3045 1865 fretus,
3076 1801 3192 1857 haec
3212 1816 3372 1873 agere
3397 1802 3794 1872 pnesuutpserit,

2244 1905 2301 1950 et
2366 1894 2567 1949 idcirco
2616 1893 2772 1949 vobis
2821 1894 3111 1949 ascribitur
3142 1894 3284 1965 quod
3331 1892 3400 1947 ab
3455 1893 3570 1947 alio
3618 1901 3796 1964 gestam

2244 1992 2347 2038 est.
2396 1982 2453 2038 Si
2505 1997 2633 2053 ergo
2685 1997 2716 2037 a
2777 1997 3099 2055 quocunque
3150 1992 3330 2038 vestro
3373 1984 3426 2038 id
3489 1981 3688 2038 factum
3711 1990 3795 2046 est,

2245 2076 2470 2131 obsecro
2527 2087 2586 2130 ut
2641 2084 2917 2132 auctorem
2978 2073 3135 2143 hujus
3165 2074 3293 2130 mali
3353 2075 3520 2146 digne
3578 2088 3798 2129 coercea-

2249 2166 2335 2229 tis,
2367 2174 2421 2219 et
2466 2167 2719 2220 damnum
2780 2180 2941 2220 omne
3005 2166 3304 2221 emendare
3363 2164 3625 2233 iubeatis.
3657 2163 3799 2218 Siau-

2249 2267 2353 2311 tem
2387 2272 2571 2312 verum
2600 2265 2704 2317 est,
2728 2257 2870 2326 quod
2918 2271 3013 2311 vos
3069 2257 3164 2325 ipsi
3212 2256 3315 2311 hoc
3364 2256 3799 2326 egeritis,'prceor

2249 2356 2308 2403 ut
2369 2347 2398 2401 a
2445 2346 2539 2402 tali
2593 2346 2890 2403 intentione
2950 2347 3208 2403 desinatis
3241 2347 3383 2403 etei
3446 2348 3540 2418 qui
3580 2347 3797 2402 damnum

2246 2452 2437 2509 passus
2464 2449 2579 2504 est,
2608 2453 2703 2493 sua
2745 2454 2811 2494 ex
2857 2439 3065 2509 integro
3113 2439 3320 2494 restitui
3371 2438 3606 2495 faciatis.
3642 2457 3661 2492 ι
3691 2436 3797 2491 Item

2248 2529 2578 2601 redarguens
2604 2546 2725 2586 eum
2748 2531 2814 2586 de
2838 2530 3125 2597 nonnullis,
3148 2547 3268 2602 qua:
3288 2530 3355 2586 ad
3380 2546 3441 2586 se
3464 2546 3571 2585 non
3598 2528 3794 2597 simplici

2248 2620 2584 2691 professione
2606 2622 2884 2692 scripsisse
2908 2622 3208 2688 videbatur,
3238 2620 3391 2691 quasi
3412 2608 3647 2677 domnus
3668 2616 3800 2673 Falco

2248 2726 2435 2781 pacem
2484 2721 2540 2767 et
2588 2712 2928 2768 concordiam
2977 2714 3365 2783 perturbasset.
3426 2710 3802 2783 Signilicaverat

2248 2806 2410 2859 etiam
2439 2821 2466 2858 a
2495 2806 2673 2874 pravis
2698 2804 3016 2874 quibusdam
3046 2821 3198 2860 suam
3223 2805 3408 2861 vexari
3437 2804 3801 2867 Ecclesiatn,et

2249 2913 2412 2969 super
2450 2898 2548 2952 hac
2577 2914 2633 2953 re
2664 2898 2865 2953 nullum
2908 2898 2973 2953 ad
3001 2900 3104 2954 hoc
3129 2899 3539 2971 archiepiscopo
3564 2906 3799 2970 petentem

2251 3006 2307 3045 se
2328 2991 2627 3068 suscepisse
2650 3005 2978 3060 responsum.
3004 2990 3152 3046 Unde
3174 3000 3390 3046 revocat
3404 2992 3474 3046 ad
3493 2990 3796 3050 memoriam.

2256 3081 2382 3152 quia
2416 3090 2658 3150 precatu,
2682 3097 2843 3152 quam
2868 3083 3159 3152 pneccptio
3194 3082 3332 3153 apud
3366 3084 3544 3154 ipsum
3592 3080 3803 3136 maluerit

2256 3174 2503 3229 obtinere
2527 3175 2632 3228 illis
2656 3175 2959 3230 hominibus
2981 3175 3221 3232 inducias
3242 3175 3454 3231 interim
3479 3178 3618 3243 dari,
3637 3191 3803 3249 quous—

2251 3279 2359 3333 que
2386 3263 2545 3317 simul
2576 3263 2872 3333 quivissent
2896 3264 2993 3334 ipsi
3023 3265 3277 3335 praesules
3301 3266 3468 3337 loqui.
3507 3267 3582 3323 De
3607 3266 3800 3338 quodam

2249 3370 2464 3426 quoque
2489 3355 2812 3409 Aledramno
2836 3396 2851 3421 ,
2872 3370 3031 3425 quem
3060 3365 3185 3411 tunc
3228 3358 3694 3412 excommunicare
3724 3355 3802 3409 tui—

2254 3451 2521 3513 nabatur,
2553 3457 2607 3502 et
2638 3447 3043 3519 archiepiscopo
3092 3463 3242 3502 suam
3289 3449 3514 3519 exsequi
3555 3460 3802 3503 censuram

2251 3540 2544 3609 praecipere
2575 3538 2860 3593 videbatur
2892 3555 2907 3592 :
2939 3540 3239 3609 asseritque
3272 3554 3330 3593 se
3361 3555 3631 3609 nunquam
3670 3536 3803 3592 desti-

2253 3644 2411 3684 nasse
2459 3630 2835 3685 communibus
2876 3639 2933 3685 et
2968 3628 3177 3685 collatis
3214 3630 3656 3700 coepiscoporum
3684 3641 3799 3698 pre

2253 3721 2593 3791 ceptionibus
2645 3736 2708 3774 ac
2760 3720 3192 3791 suggestiOnibus
3234 3736 3338 3774 non
3377 3735 3609 3789 parere;
3642 3715 3799 3772 Beira-

2254 3816 2402 3869 ccnsi
2431 3825 2607 3870 tamen
2637 3815 2889 3870 Ecclesiae
2913 3815 3260 3886 singulariter
3291 3814 3533 3870 Ecclesia
3561 3807 3802 3868 Remensis

2254 3922 2444 3978 parere
2491 3909 2746 3962 nesciret.
2805 3907 2869 3961 Et
2909 3908 3033 3978 quia
3068 3908 3119 3962 in
3154 3910 3253 3963 hac
3285 3903 3803 3962 excommunicatione

2253 4017 2358 4057 non
2386 4001 2748 4056 ecclesiastica
2772 4001 2952 4071 vigere
2968 4016 3217 4062 censura.
3255 4001 3346 4055 sed
3374 4016 3613 4070 praeceps
3629 4009 3800 4069 prava-

2252 4091 2366 4147 lere
2397 4092 2723 4147 cernebatur
2770 4090 3105 4145 animositas.
3154 4091 3318 4161 Cujus
3362 4090 3440 4145 rei
3461 4099 3583 4145 erat
3626 4087 3801 4143 initium

2258 4182 2495 4238 desertio
2532 4181 2674 4250 regis
2698 4178 2899 4236 Odunis
2923 4221 2939 4245 ,
2967 4191 3022 4234 et
3049 4181 3313 4235 institutio
3336 4179 3538 4235 Caroli.
3564 4176 3802 4233 Annectit-

2250 4289 2357 4345 qne
2386 4283 2506 4344 post
2530 4275 2800 4345 aliquanta
2825 4314 2841 4339 ,
2871 4276 2937 4329 de
2966 4274 3271 4328 viduatione
3307 4273 3688 4330 Ecclesiarum.
3712 4267 3800 4323 Sil-

2252 4367 2592 4422 vaneetensis
2636 4366 2879 4421 videlicet
2903 4375 3063 4435 atque
3102 4350 3560 4430 Catalaunensls,
3609 4372 3799 4433 quarum

576 4452 739 4508 super
758 4456 835 4496 eo
863 4444 1022 4500 cilius
1045 4447 1265 4518 adipisci
1296 4465 1567 4510 mercatur
1597 4472 1908 4528 responsum
1936 4479 1951 4514 :
1997 4477 2149 4516 com-
2184 4483 2233 4543 ο
2259 4455 2677 4511 Silvanecteusis
2721 4466 2847 4510 tunc
2875 4456 3114 4525 elegerat
3138 4453 3416 4511 Otfredmn
3435 4494 3451 4516 ,
3480 4466 3732 4524 quemque
3749 4444 3802 4500 ad

578 4544 889 4620 memorans
917 4538 1057 4606 quod
1079 4552 1289 4611 gestum
1320 4547 1699 4605 reminiscatur
1725 4565 1892 4620 super
1915 4553 2151 4612 Actardo

578 4618 904 4717 .thmnelicu:
943 4631 1089 4686 urbis
1111 4636 1385 4706 episeopo.
1421 4641 1563 4708 quod
1587 4655 1708 4695 eum
1736 4618 1987 4699 Nicolans
2014 4660 2150 4717 papa

578 4708 862 4771 Murinensi
899 4717 1149 4777 Ecclesiae
1182 4736 1365 4792 postea
1400 4731 1673 4784 censuerit
1719 4708 2142 4801 pneﬁcicndmin,

577 4818 639 4856 ac
670 4803 883 4862 demunt
909 4809 963 4864 in
1004 4815 1464 4887 areltiepiscopatu
1492 4824 1635 4874 sedis
1659 4821 1938 4879 Tui-unica:
1961 4826 2149 4881 decre—

578 4895 714 4947 verit
740 4896 1204 4957 incardinandnm.
1238 4906 1496 4963 l’recatur
1519 4911 1680 4964 etiam
1710 4922 1767 4967 ut
1793 4914 2041 4969 iloneam
2065 4932 2155 4971 su-

578 5000 674 5053 per
703 4986 804 5042 hoc
834 4994 1080 5062 exquirat
1101 4999 1499 5068 auctoritatem,
1529 5014 1907 5075 repertamque
1931 5008 2033 5062 sibi
2063 5009 2155 5061 de-

577 5076 741 5132 stinet
767 5086 1187 5151 exseqnendam.
1222 5087 1492 5169 llonorato
1515 5091 1913 5151 Belvacensium
1938 5097 2151 5168 pnesnli

2260 4544 2583 4600 Remensem
2608 4544 2890 4614 pnesulem
2925 4544 3309 4613 perduxerant.
3339 4542 3550 4611 sibique
3577 4541 3803 4613 petierant

2257 4633 2612 4689 ordinandum
2636 4631 2962 4705 pontiﬁcem.
2984 4634 3064 4687 Ad
3096 4649 3256 4703 quam
3284 4636 3419 4702 petit
3446 4634 3589 4688 hanc
3615 4629 3799 4686 ordina-

2259 4726 2459 4780 tionem
2481 4726 2685 4788 venire,
2715 4734 2919 4780 remota
2936 4766 2952 4788 ,
2978 4733 3037 4779 ut
3063 4725 3320 4779 canonica
3336 4724 3491 4794 jubet
3512 4722 3774 4779 auctoritas
3788 4755 3802 4779 ο

2261 4816 2411 4870 omni
2457 4815 2828 4870 excusatione.
2879 4812 3166 4885 Subjuugit
3214 4830 3428 4884 quoque
3477 4827 3712 4873 monens,
3751 4820 3803 4861 ne

2260 4906 2510 4961 intendat
2530 4905 2645 4974 ejus
2663 4905 2876 4959 animus
2900 4906 3012 4958 haec
3035 4905 3107 4958 ita
3130 4905 3292 4968 dicta,
3318 4916 3572 4974 tanquam
3594 4900 3802 4959 eumdem

2260 5012 2366 5050 non
2399 4997 2556 5051 liceat
2599 4996 2907 5067 episcopum
2936 4994 3075 5048 ultra
3108 4995 3159 5049 in
3200 4995 3367 5064 ipsius
3412 5009 3628 5065 sperare
3651 4986 3802 5045 amici-

2262 5089 2416 5152 tiam,
2445 5103 2606 5157 quam
2633 5088 2733 5142 sibi
2772 5095 2956 5141 mutuo
2985 5085 3411 5155 conjunverant,
3466 5093 3717 5156 quantque
3741 5078 3803 5130 in-
