3904 5396
26 226 125 284 283

605 222 948 285 ΙΠὃῖοῆιῶ
994 226 1346 285 Εεευεευε
1388 225 1737 283 REMENSIS
1776 226 1955 283 LIBRI
1997 225 2353 293 OL’ATUOR.
2393 260 2462 269 —
2505 230 2629 284 l.l2l.
2675 231 2762 285 Η.

3192 233 3297 289 286

30 344 89 397 at
121 358 290 413 quam
328 341 581 396 eumdem
614 341 945 397 llonoratum
996 342 1180 397 venire
1229 342 1612 403 mandaverat;
1646 343 1689 402 Α
1724 341 1951 406 rejecttts
1974 340 2052 397 vel
2078 341 2410 411 reprobatus,
2444 344 2831 397 conso'alorias
2853 345 3033 416 dirigit
3068 344 3299 414 litteras,

7 434 116 487 .sed
144 433 239 489 ille
264 448 365 488 non
399 435 652 499 veniens,
692 435 856 490 etiam
889 436 1062 506 ipsam
1094 434 1490 488 ordinationem
1528 449 1616 488 re-

32 528 405 599 p'ebensionis
439 529 618 601 elogio
645 538 857 583 notarat
886 547 899 583 :
926 544 1086 599 quam
1115 538 1295 582 tamen
1324 525 1616 596 reprehen-

33 621 238 672 sionem
285 617 729 688 archiepiscopus
779 619 1062 674 charitatis
1120 618 1299 673 studio
1349 618 1619 686 patienter

35 706 277 771 ferebat,
324 712 594 763 mandans
625 718 677 764 et
704 724 965 779 poscens,
1013 717 1069 763 ut
1114 708 1180 762 ad
1225 706 1617 761 ordinationem

36 798 294 866 pncmissi
330 798 528 854 Otfridi
562 815 816 855 occnrere
840 800 1075 864 sttuleat,
1107 810 1213 853 etc.
1244 798 1374 853 Item
1404 813 1498 866 pro
1528 798 1623 851 lit-

39 892 158 945 teris
199 890 269 945 ab
296 906 363 947 eo
389 892 494 947 s'bi
545 892 762 945 directis
785 933 798 953 ,
831 890 884 944 in
916 891 1111 960 quibus
1135 889 1381 945 hortatus
1406 887 1580 941 fuerat
1599 926 1614 948 ,

39 994 88 1035 ut
112 982 274 1036 statui
298 1020 317 1048 ,
352 992 405 1036 et
433 982 680 1051 religioni
726 991 924 1037 sanctae
958 981 1211 1036 [Coeli-sim
1241 980 1471 1035 labentis
1498 993 1619 1033 suco

40 1088 252 1128 currere
290 1074 532 1129 deberet.
582 1074 729 1129 Unde
758 1074 1058 1145 gratiarum
1106 1083 1224 1127 vota
1254 1072 1365 1127 Deo
1407 1087 1465 1126 se
1492 1086 1616 1141 per-

40 1165 242 1220 solvere
266 1165 623 1233 archiprmsul
655 1165 884 1229 asserit,
930 1164 1021 1234 qui
1047 1165 1112 1217 ad
1144 1165 1244 1218 hoc
1286 1161 1618 1217 suadendum

42 1252 146 1321 ejus
175 1254 495 1307 excitaverit
519 1254 779 1315 animum,
811 1269 932 1306 cum
959 1252 1165 1322 priores
1189 1251 1357 1321 ipsius
1379 1251 1616 1320 episcopi

42 1345 271 1415 epi~toke
315 1345 578 1399 tumidum
632 1336 943 1401 viderentur
986 1342 1243 1414 praeferre
1293 1359 1615 1398 raucorem:

46 1441 145 1491 lucc
192 1453 321 1491 vero
373 1447 483 1490 tota
541 1435 839 1490 fraternum
881 1445 1174 1491 testaretur
1242 1451 1506 1490 amorem.
1556 1436 1615 1491 Si

44 1550 158 1587 vero
195 1533 338 1602 quod
379 1532 543 1587 verba
587 1532 949 1593 resonabant,
1000 1530 1305 1583 llonoratus
1342 1528 1507 1596 corde
1538 1537 1618 1584 te-

1721 435 2016 488 amicitiam
2037 475 2052 499 ,
2083 449 2244 503 quam
2277 433 2325 488 ei
2355 433 2705 505 promiserat,
2744 451 2991 492 asserens
3026 454 3084 492 se
3111 454 3304 510 perpe-

1722 534 1813 578 tuo
1839 535 2200 580 servaturum.
2251 523 2448 580 Dolens
2493 537 2621 579 vero
2659 535 2714 581 et
2752 527 3130 599 ingemiscens,
3158 529 3303 601 quod

1718 636 1863 681 eum.
1893 634 2050 689 quem
2079 616 2418 688 prtcelectum
2451 619 2697 689 regimini
2722 620 2991 691 gaudebat
3019 623 3298 690 Ecclesim,

1720 712 1820 767 hoc
1844 712 2058 766 videbat
2084 723 2208 767 tunc
2230 712 2419 767 effectu
2444 712 2760 769 frustratum
2788 733 2800 769 :
2824 716 3074 771 hortatur
3097 730 3300 782 tamen,

1720 815 1778 860 nt
1805 805 1929 861 licet
1958 804 2122 860 elisus
2151 806 2221 858 sit
2250 805 2460 860 fortiter
2504 805 2731 861 validius
2769 817 3012 878 resurgat
3036 851 3046 871 ,
3080 810 3303 879 cupiens

1718 897 1891 952 eidem
1929 914 2118 952 omnes
2156 899 2484 970 propinquos
2526 909 2577 954 et
2610 899 2811 955 amicos
2848 916 3003 965 suos,
3032 900 3113 953 vel
3137 916 3301 969 quos-

1719 1003 1936 1058 cunque
1979 988 2113 1041 alios
2149 1000 2332 1058 posset
2384 990 2450 1044 ad
2484 1006 2667 1060 parem
2695 1000 2751 1045 et
2778 992 3120 1045 concordiam
3152 1006 3306 1045 revo.

1720 1090 1878 1142 care,
1904 1088 2009 1132 etc.
2040 1078 2296 1131 Balduino
2334 1080 2516 1133 comiti
2552 1078 2868 1135 Flandreusi
2889 1122 2903 1144 ,
2930 1096 3026 1151 pro
3050 1080 3305 1135 admissis

1721 1167 1889 1236 ipsius
1922 1208 1937 1232 ,
1969 1168 2036 1221 de
2071 1168 2267 1237 quibus
2296 1184 2418 1223 cum
2464 1168 2797 1240 coepiscopis
2829 1170 3128 1225 diteceseos
3161 1172 3317 1233 sure,

1720 1275 1840 1329 qum
1883 1259 2059 1315 forent
2090 1261 2291 1327 agenda
2338 1268 2686 1316 tractaverat.
2719 1261 2817 1331 Qui
2849 1259 3145 1315 Balduiuns
3168 1261 3309 1315 inter

1720 1351 1821 1404 alia
1843 1350 2091 1419 qua-libet
2112 1366 2296 1421 prava,
2320 1351 2482 1404 etiam
2504 1353 2878 1423 [tr-'sbylcrum
2906 1350 3301 1421 ﬂagellaverat.

1721 1440 1872 1509 Quot
1903 1440 2100 1494 fat-nun
2129 1440 2314 1511 quanti
2346 1441 2415 1494 sit
2438 1441 2659 1495 sceleris
2692 1483 2705 1506 ,
2738 1458 2803 1495 ex
2837 1440 3032 1494 divinis
3072 1439 3311 1493 ostendit

1720 1535 2153 1590 auctoritatibus.
2184 1534 2443 1589 Basilicas
2471 1534 2635 1588 etiam
2669 1534 2928 1603 quasdam
2960 1533 3256 1587 abstulerat
3276 1547 3307 1585 a

48 1635 181 1679 neret
203 1665 219 1687 ,
252 1633 500 1694 paratum
550 1639 608 1676 se
644 1623 771 1676 dicit
797 1623 912 1692 ejus
946 1620 1199 1675 cbarilati
1253 1619 1578 1688 respondere
1602 1660 1617 1681 ,

1728 1627 2055 1699 presbyteris
2088 1626 2216 1679 inibi
2248 1625 2546 1689 ordinatis,
2610 1635 2662 1678 et
2683 1625 2803 1678 aliis
2832 1624 3085 1688 dederat,
3119 1625 3307 1677 incon-

48 1734 258 1786 caanue
311 1715 700 1770 inviolabiliter
743 1728 1091 1767 conservare.
1151 1709 1257 1765 Sed
1309 1711 1434 1781 quia
1492 1719 1618 1765 tunc
1651 1696 1693 1755 Β

46 1820 388 1877 ιιιροτιιηιειιη
415 1816 627 1876 tempus
646 1846 659 1871 ,
688 1821 795 1875 quo
831 1803 987 1858 simul
1014 1804 1305 1857 convenire
1344 1802 1617 1868 valerent,

50 1915 140 1954 non
168 1899 449 1953 videbatur
473 1939 491 1963 ,
531 1913 654 1951 cum
687 1896 911 1951 Doluiuo
941 1896 1168 1965 jnvanle
1194 1934 1211 1960 ,
1243 1903 1454 1964 tempus
1482 1891 1622 1946 arri-

50 1993 226 2056 sisset,
286 1989 336 2043 id
399 1998 771 2058 competenter
826 1998 932 2041 tam
990 1987 1134 2058 ipsi,
1194 2001 1356 2055 quatn
1408 1984 1620 2040 caeteris

51 2081 386 2150 suifraganeis
412 2081 780 2151 pnetmnziare
826 2088 1067 2134 curaret.
1101 2077 1228 2132 Item
1258 2091 1356 2147 pro
1378 2073 1621 2142 iussione

53 2170 295 2240 Stephani
332 2186 484 2241 papae
513 2211 529 2234 ,
557 2169 685 2240 quia
743 2168 1090 2222 mandaverat
1118 2166 1316 2221 donmo
1354 2164 1575 2221 Fulconi
1602 2206 1619 2229 ,

52 2263 157 2316 data
191 2263 366 2318 eidem
394 2263 615 2317 licentia
642 2264 882 2325 interim,
915 2271 973 2314 ut
1009 2261 1259 2330 petierat,
1310 2258 1620 2335 reuzorandi

54 2365 293 2422 quatenus
318 2356 460 2409 hunc
486 2355 817 2408 llouoratum
844 2353 1154 2422 episcopum
1180 2392 1194 2412 ,
1231 2362 1392 2421 atque
1416 2349 1620 2404 nodul-

55 2446 149 2500 f‘un
183 2447 594 2502 Laualuneasem
648 2448 961 2500 Ravennam
991 2444 1231 2498 mitteret
1257 2444 1322 2496 ad
1352 2441 1619 2514 synodum

58 2538 235 2593 ibidem
287 2537 691 2592 celebrandam.
729 2536 879 2590 Unde
921 2543 1142 2595 monet,
1193 2543 1250 2586 ttt
1299 2532 1438 2586 sicut
1481 2547 1618 2601 papa

56 2625 217 2693 jubet,
282 2628 401 2698 ejus
471 2626 816 2696 przeceptioni
873 2625 1229 2693 obtemperet.
1285 2623 1622 2677 Teuthbaldo

61 2714 358 2790 Lingonensi
405 2719 664 2788 episcopo
689 2716 997 2771 amicabiles
1027 2724 1082 2769 et
1130 2714 1416 2769 charitatis
1444 2713 1618 2767 utrin-

62 2824 145 2876 que
168 2808 563 2878 conjunctrices
586 2805 729 2879 [νη.
756 2803 1161 2878 coutinctrices]
1183 2804 1363 2875 dirigit
1392 2803 1619 2866 litteras,

63 2896 342 2967 sigmitieans
364 2899 431 2953 de
454 2878 680 2969 privatis
700 2897 839 2951 inter
861 2913 921 2951 se
948 2896 1108 2951 rebus
1126 2937 1140 2960 ,
1169 2910 1305 2965 quas
1326 2895 1376 2948 ei
1417 2878 1621 2949 Teuth—

62 2986 224 3045 bal.lus
247 3006 345 3060 per
385 3004 541 3045 stntm
573 2989 971 3059 signiﬁcaverat
997 2990 1254 3053 missum,
1294 2997 1349 3043 et
1375 2988 1441 3042 de
1469 3004 1617 3042 com-

66 3083 185 3135 muni
233 3083 499 3153 colloquio
529 3097 745 3144 secum.
798 3082 865 3136 de
912 3082 1055 3152 regia
1109 3096 1322 3151 quoque
1365 3089 1421 3135 et
1460 3081 1623 3149 ipsius

65 3167 358 3227 Teuthbalti
406 3173 909 3243 consanguinitate,
955 3182 1117 3247 atque
1163 3172 1397 3227 amicitia
1457 3170 1627 3241 ipsius

66 3263 272 3333 episcopi
294 3264 411 3331 regi
439 3264 636 3318 Karolo
660 3273 829 3334 grata.
874 3263 1044 3335 Rogat
1067 3265 1229 3319 etiam
1258 3265 1359 3320 sibi
1404 3278 1626 3320 reman-

70 3355 159 3406 dari
180 3356 245 3409 de
265 3355 539 3411 Richardo
561 3356 998 3423 Burgumlionum
1023 3356 1286 3425 principe,
1308 3362 1364 3409 et
1385 3354 1450 3408 de
1470 3354 1631 3421 Aqui-

73 3449 190 3502 lanis
213 3490 227 3510 ,
256 3450 397 3519 quod
427 3464 551 3503 eum
580 3448 871 3516 contigerit
901 3446 1043 3500 scire
1068 3488 1082 3511 ,
1114 3456 1220 3501 etc.
1258 3444 1487 3500 Rodulfo
1513 3443 1627 3512 jam

71 3538 171 3594 dicti
198 3538 418 3595 Didonis
441 3540 680 3611 episcopi
727 3539 1063 3604 successori,
1091 3537 1412 3608 gra'ulando
1441 3538 1508 3592 de
1533 3537 1630 3591 ho-

74 3646 177 3686 non:
204 3632 383 3700 ipsius.
411 3640 461 3685 et
483 3631 727 3702 profectu
757 3630 809 3684 in
841 3629 1085 3685 Domino.
1114 3628 1242 3684 Item
1273 3646 1369 3699 pro
1390 3628 1624 3699 quodam

72 3721 219 3786 ipsius
247 3720 458 3776 Rodnlﬁ
491 3721 758 3790 subjecto,
794 3722 886 3774 sed
922 3722 990 3775 ab
1015 3722 1205 3777 eodem
1239 3719 1447 3788 abjecto
1471 3762 1486 3785 ,
1514 3735 1629 3776 mo-

75 3826 184 3867 nens
205 3814 497 3867 cavendum
527 3827 594 3867 ne
622 3811 843 3865 laedatur
867 3813 917 3865 in
938 3811 1039 3867 hoc
1066 3812 1389 3883 episcopalis
1414 3813 1617 3883 opinio.

76 3902 177 3953 dum
204 3906 340 3971 quod
365 3903 548 3972 agitur
571 3901 689 3956 zelo
724 3901 1061 3956 rectitudinis
1083 3942 1097 3964 ,
1139 3900 1344 3955 feratur
1374 3899 1487 3954 ﬁeri
1512 3900 1630 3955 zelo

75 3995 358 4047 exercenda:
386 3992 607 4046 ultionis
640 4009 654 4045 :
687 3991 924 4046 inferens
963 3991 1260 4047 Ecclesiam
1310 3989 1635 4045 Bemensem

77 4079 228 4137 130cc:
240 4095 457 4153 antiquo
472 4081 810 4152 privilegium
828 4081 1099 4143 habuisse,
1113 4090 1167 4134 ut
1183 4081 1488 4149 quicunque
1501 4081 1635 4135 dim-

77 4185 393 4229 cesaneorum
431 4175 681 4246 proprios
726 4174 1003 4244 episcopos
1043 4173 1315 4244 quoslibet
1350 4173 1638 4229 offendisse

80 4265 290 4318 remotio
339 4265 670 4325 sensissent,
727 4264 794 4319 ad
852 4264 992 4319 hanc
1038 4271 1358 4319 ett-terarum
1407 4266 1636 4320 matrem

81 4355 396 4426 confugerent
428 4358 820 4423 Ecclesiarum,
858 4357 1117 4413 auxilium
1146 4357 1249 4413 sibi
1280 4358 1452 4415 veniat
1479 4360 1632 4432 ﬂagi-

82 4455 227 4502 nntes
251 4448 476 4519 abipsa.
514 4448 642 4502 «Ast
663 4464 784 4517 ego,
817 4449 1007 4521 inquit.
1036 4448 1179 4502 nulla
1205 4450 1255 4502 in
1286 4454 1388 4506 hoc
1417 4452 1636 4520 negotio

83 4538 137 4589 uti
171 4540 303 4594 volui
350 4542 718 4594 auctoritate:
752 4541 844 4595 sed
886 4540 1028 4594 sicut
1066 4539 1273 4594 amicus
1304 4539 1373 4594 ab
1424 4542 1636 4606 amico,

83 4626 167 4682 imo
181 4631 313 4685 sicut
333 4646 363 4684 a
388 4631 695 4699 specialiter
717 4631 916 4686 dilecto
933 4631 1042 4685 tilio
1069 4633 1376 4701 postulare;
1407 4646 1472 4686 eo
1494 4632 1636 4701 quod

87 4732 150 4772 rue
175 4722 307 4795 apud
338 4738 474 4786 vos,
504 4737 609 4776 non
645 4723 817 4777 dicam
866 4722 1100 4793 aliquid,
1151 4737 1210 4777 se
1257 4723 1395 4777 bene
1441 4737 1635 4793 posse,

86 4808 407 4866 conlidebam.
446 4831 466 4862 ι
511 4810 855 4883 thjungens
880 4827 1095 4881 quoque
1130 4821 1249 4882 post
1278 4810 1456 4879 aliqua
1478 4852 1491 4875 ,
1512 4810 1637 4881 quia

88 4899 327 4957 miseratio
357 4919 466 4957 non
493 4912 576 4958 est
604 4904 1008 4973 prmvaricatio:
1039 4919 1161 4958 eum
1209 4902 1350 4957 Dens
1376 4902 1639 4973 quatidie,

88 5003 175 5056 post
194 4997 371 5050 minas
390 4996 651 5051 districtm
673 4997 915 5061 ultionis,
940 4997 1007 5050 ad
1033 5012 1090 5051 se
1108 4994 1386 5052 conversis
1406 5004 1642 5065 paterna:

88 5086 714 5154 cotisueveritimpendere
736 5086 943 5141 viscera
972 5086 1213 5154 pietatis;
1234 5093 1290 5139 et
1322 5084 1450 5152 quia
1479 5098 1637 5140 nemo

90 5172 146 5228 sic
167 5192 403 5247 unquam
437 5176 607 5244 cadit,
645 5189 701 5233 ut
727 5179 776 5233 ei
812 5177 1121 5246 rcsmgendi
1146 5177 1298 5246 copia
1321 5175 1514 5229 debeat
1546 5176 1639 5229 de-

90 5267 240 5334 negari
257 5308 273 5329 ,
306 5276 420 5323 etc.

644 5360 721 5396 ΡΛ
737 5358 879 5396 υινι·
922 5360 1002 5396 ΠΙ

1722 1714 1863 1772 'snlto
1886 1718 2123 1786 ipsormn
2147 1716 2420 1787 episcopo.
2448 1714 2857 1771 Possessionem
2881 1730 3095 1785 quoque
3119 1728 3310 1786 quam-

1722 1807 1880 1869 dam,
1928 1821 2088 1875 quam
2143 1820 2234 1859 rex
2286 1804 2539 1859 Ecclesia}
2581 1805 2923 1860 Noviomensi
2976 1805 3307 1871 tradiderat,

1722 1890 1736 1952 i
1761 1900 1863 1953 lem
1888 1899 2180 1953 Balduinus
2217 1900 2473 1953 invadens
2500 1940 2514 1961 ,
2556 1916 2651 1969 per
2678 1898 2986 1954 violentiam
3017 1898 3306 1953 retinebat.

1720 1991 1969 2044 Adnectit
2012 2008 2140 2062 ergo
2189 1992 2455 2046 canonica
2488 2003 2542 2046 et
2573 1991 2762 2062 legalia
2807 2007 2968 2062 super
3007 1988 3310 2059 huiusmodi

1723 2080 2053 2135 facinoribus
2100 2083 2357 2153 capitula.
2388 2082 2686 2151 Redarguit
2727 2085 2887 2139 etiam
2936 2084 3182 2137 euuulcnt
3216 2098 3314 2153 pro

1721 2186 1786 2226 eo
1807 2172 1949 2242 quod
1979 2174 2367 2227 monasterium
2393 2174 2780 2229 monachorum
2808 2173 2906 2227 sibi
2931 2182 3311 2242 usui-paverat,

1724 2274 1777 2316 et
1797 2264 2164 2328 insui-rexerat
2187 2273 2373 2317 contra
2402 2279 2580 2333 regem
2607 2279 2730 2317 cum
2765 2261 3083 2318 infidelitate
3109 2272 3160 2315 et
3188 2278 3307 2332 per-

1715 2355 1881 2426 jurio.
1910 2352 2084 2424 Super
2109 2353 2301 2422 quibus
2326 2353 2486 2405 rebus
2513 2350 2623 2419 jam
2654 2351 2851 2404 dudum
2876 2352 3000 2404 data
3033 2350 3132 2403 sibi
3169 2349 3309 2402 dila-

1725 2450 1889 2507 tione,
1919 2456 1974 2498 et
2018 2443 2252 2497 adhibita
2281 2442 2570 2513 episcopali
2627 2440 2993 2495 admonitione
3020 2440 3041 2505 ,'
3066 2440 3205 2494 hanc
3249 2439 3315 2493 de

1723 2538 1841 2592 loco
1867 2536 1933 2590 ad
1981 2535 2155 2589 locum
2182 2550 2299 2587 sese
2341 2533 2702 2587 convertenda
2726 2532 3011 2586 videbatur
3040 2514 3315 2583 subterfu-

1722 2649 1865 2707 gere.
1898 2632 2051 2688 Unde
2081 2641 2133 2685 et
2165 2630 2248 2684 bis
2281 2646 2402 2684 eum
2431 2629 2627 2683 litteris
2648 2638 2869 2698 paterna
2899 2643 3094 2681 vocans
3126 2627 3314 2678 admo-

1722 2725 1956 2787 nitione,
2005 2723 2254 2777 hortatur
2284 2720 2712 2775 emendationem
2756 2716 3021 2787 profiteri.
3076 2714 3228 2782 Quod
3262 2713 3305 2767 si

1725 2832 1828 2868 non
1855 2814 2076 2876 faceret,
2107 2821 2376 2866 extorrem
2403 2827 2459 2864 se
2485 2812 2647 2864 sciret
2697 2825 2817 2865 e-se
2845 2825 2871 2860 a
2915 2806 3035 2880 [ηις.
3080 2807 3219 2859 deest
3248 2803 3311 2877 a]

1723 2902 2033 2959 Christiana
2065 2900 2444 2956 communione
2465 2942 2479 2965 ,
2507 2909 2612 2954 etc.
2646 2898 2775 2954 Item
2809 2899 2874 2950 ad
2915 2898 3161 2951 emndem
3192 2911 3316 2949 cum

1726 2994 2057 3067 coepiscopis
2092 2994 2204 3047 suis
2246 2992 2490 3046 scribens
2528 3007 2593 3046 ex
2648 2989 2858 3061 synodo
2897 2987 3079 3041 llemis
3133 2986 3314 3041 hatzita

1732 3087 2020 3143 Dominicm
2056 3084 2443 3137 lm-arnationis
2484 3098 2625 3136 anno
2651 3080 2756 3134 892
2779 3122 2792 3145 ,
2820 3078 2994 3149 arguit
3019 3095 3138 3132 eum
3172 3076 3318 3147 quod

1729 3177 2092 3231 ecclesiastica
2125 3174 2283 3228 simul
2326 3183 2378 3226 et
2411 3172 2595 3239 legalia
2628 3170 2749 3237 jura
2775 3177 3144 3225 contemneret
3169 3209 3183 3229 ,
3231 3182 3320 3223 res

1729 3265 2132 3323 ecclesiasticas
2160 3305 2173 3327 ,
2205 3273 2257 3317 et
2304 3264 2536 3317 horores
2571 3262 2691 3315 sibi“
2718 3275 2822 3314 non
2854 3275 3139 3314 concessos
3170 3260 3321 3312 inva-

1722 3350 1912 3419 deret,
1941 3355 2032 3409 Dei
2059 3355 2306 3407 timorem
2328 3367 2358 3406 a
2383 3369 2442 3407 se
2471 3338 2774 3421 projiciens,
2801 3360 2857 3404 et
2890 3350 3047 3403 fidem
3073 3365 3232 3417 quam
3262 3349 3313 3401 in

1731 3446 2054 3518 baptismate
2079 3444 2186 3498 Deo
2210 3444 2551 3514 promiserat,
2570 3442 2823 3511 operibus
2842 3426 3118 3503 abdicans,
3144 3439 3321 3492 locum

1731 3540 1870 3596 sacri
1906 3537 2185 3592 nmnastiei
2230 3534 2437 3588 ordinis
2482 3533 2818 3604 pervadens,
2859 3540 2914 3586 et
2960 3532 3172 3585 aLbatis
3218 3529 3321 3585 sibi

1733 3649 1927 3689 nou-en
1966 3646 2255 3700 usurpans.
2289 3629 2439 3683 Unde
2481 3626 2751 3680 communi
2781 3626 3003 3680 decreto
3035 3623 3318 3693 cpiscopo-

1733 3743 1851 3781 rum
1892 3724 2192 3791 judicatntn
2243 3721 2461 3782 fuerat,
2508 3734 2630 3773 eum
2677 3716 3017 3771 auctoritatis
3050 3715 3323 3770 canoniczc

1732 3801 2072 3871 anathemate
2106 3812 2430 3868 feriendum.
2457 3811 2562 3866 Sed
2592 3810 2847 3879 quoniam
2874 3816 2929 3863 et
2953 3807 3227 3869 Ecclesiae,
3266 3816 3324 3860 et

1731 3906 1961 3979 publicis
2002 3905 2152 3974 regni
2196 3902 2517 3958 utilitatibus
2563 3899 2847 3954 videbatur
2890 3897 3315 3958 accommodus,

1735 4015 1959 4054 ci-nsura
1985 3996 2332 4067 suspenditur
2357 3994 2531 4048 adhuc
2560 3990 3047 4047 animadversionis
3061 3988 3323 4044 ecclesia-

1721 4076 1919 4155 isticac,
1951 4087 2387 4159 recogitandique
2416 4084 2517 4139 sibi
2548 4090 2603 4138 et
2633 4082 2952 4139 emendandi
2981 4080 3210 4151 spatium
3240 4094 3323 4134 re-

1734 4180 2015 4241 servatur,
2031 4189 2088 4235 et
2108 4178 2424 4255 obsecrator
2445 4190 2541 4246 per
2564 4173 2987 4229 misericordiam
3021 4171 3147 4234 Dei,‘
3168 4176 3225 4223 ut
3253 4168 3323 4223 ab

1736 4270 1839 4327 hac
1884 4269 2304 4343 praesumptione
2351 4267 2590 4321 animum
2652 4272 2904 4328 revocet,
2950 4277 3051 4317 nec
3093 4259 3326 4331 amplius

1665 4348 1872 4452 Diram
1908 4364 2002 4418 Dei
2033 4371 2221 4418 contra
2263 4375 2319 4415 se
2349 4366 2621 4431 provocet,
2663 4373 2760 4411 nec
2785 4356 2928 4428 [ms.,
2965 4354 3054 4426 ne]
3089 4354 3163 4408 illi
3192 4368 3325 4424 quo-

1737 4452 2028 4509 dammodo
2058 4449 2290 4520 gladium
2322 4447 2580 4518 praebeat,
2617 4456 2723 4501 etc.
2764 4445 3181 4511 Divinarumque
3235 4457 3321 4495 se-

1737 4552 1979 4613 quuntur
2026 4547 2409 4594 auctoritatem
2456 4534 2760 4589 testimonia
2811 4533 2877 4587 ad
2927 4532 3324 4601 correptionem

1745 4637 1921 4707 ipsius
1949 4646 2164 4703 quoque
2184 4629 2413 4700 prolata.
2451 4626 2657 4693 Quibus
2683 4626 2725 4679 si
2754 4622 3097 4692 acquiescvre
3124 4620 3317 4685 nollet,

1744 4728 1812 4780 ab
1835 4725 1982 4780 omni
2006 4738 2064 4777 se
2080 4729 2264 4776 nosset
2285 4717 2542 4774 Ecclesiae
2559 4714 2829 4770 consortio
2854 4709 3326 4780 sequestrandum,

1743 4822 2111 4887 perpetuoque
2141 4811 2485 4865 anathemate
2530 4806 2849 4860 leniendum.
2896 4802 3068 4870 Ipsius
3114 4814 3333 4868 quoque

1744 4906 1989 4979 propalat
2016 4898 2601 4961 excommunicationis
2630 4896 2954 4953 sententiam
2981 4895 3035 4949 in
3062 4890 3323 4947 eumdem.

1745 4999 1788 5054 si
1816 5013 1875 5052 se
1906 4994 2182 5064 corrigere
2202 4992 2407 5055 noluit,
2432 4986 3147 5059 quantociusiaculaudam.
3178 4981 3334 5035 Cterr.

1742 5096 1795 5143 et
1821 5085 1962 5159 plebi
2013 5081 2442 5140 Silvancctensis
2493 5078 2780 5139 Errlesim,
2816 5091 2933 5143 pro
2960 5071 3196 5142 pastoris
3234 5068 3336 5120 sibi

1743 5158 2064 5250 prazt'erendi
2107 5174 2299 5231 scribit
2328 5171 2628 5235 electione,
2675 5181 3003 5226 succensens
3046 5177 3144 5220 cur
3184 5158 3348 5250 adeo

1745 5246 1931 5324 venire
1960 5265 2286 5329 distulerint,
2313 5264 2397 5319 vel
2426 5262 2671 5331 apicibus
2693 5255 2887 5324 alloqui
2917 5269 2998 5317 se,
3026 5264 3189 5325 quam
3217 5246 3341 5302 viva

1745 5357 2172 5396 υηιιοηιειιημιοῖιιι
2194 5378 2204 5389 ι
2225 5356 2557 5396 ηισιησιηηεηῐ
2585 5353 2785 5396 olm-tas
2807 5362 2837 5396 e
2860 5344 3090 5396 collegio
3105 5356 3202 5396 5th
3217 5354 3339 5396 Del"
