3904 5396
566 337 701 403 287,

1625 333 2019 391 ῖηωυολῐιυι
2058 328 2379 387 CANONICI
2421 332 2769 389 REMENSIS

570 414 2159 521 latenusappareaut[i.,appctant].MiuistrisquoqneLau
2197 443 2241 499 Α
2273 456 2412 496 novo
2464 443 2719 507 instituit,
2762 445 3111 500 Altiniontem
3163 446 3390 512 scilicet,
3437 422 3498 502 ἐι
3526 445 3690 501 aliud
3733 450 3869 517 apud

568 536 827 593 (iuuensis
847 536 1116 603 Ecclesia).
1144 553 1239 605 pro
1260 552 1325 590 eo
1341 537 1481 607 quod
1491 531 1742 590 audierat
1763 536 1903 590 inter
1926 550 2020 590 eos
2038 550 2159 589 con-

572 633 837 687 tentiones
859 645 999 693 esse,
1026 638 1081 683 et
1107 622 1489 685 conventicula
1512 634 1757 683 seorsum
1784 624 1989 684 facere.
2014 627 2163 694 Qua-

568 731 789 793 propter
815 731 997 777 monet
1017 738 1112 777 eos
1146 732 1206 776 ut
1228 704 1389 786 lilios,
1414 707 1555 793 quod
1584 712 1637 776 si
1663 724 1776 777 haec
1833 722 1906 775 ita
1959 704 2169 775 fuerint

571 812 811 870 ottinimo
833 816 898 870 'is
923 826 1273 886 amputentur
1301 830 1315 869 :
1359 825 1660 870 conventus
1690 824 1870 870 autem
1922 815 2160 885 ipsorum

572 908 666 961 tiat
727 908 1042 962 moderatus
1072 918 1234 978 atque
1283 908 1572 978 jocundus,
1620 908 1675 962 in
1707 923 1813 978 quo
1866 908 2160 963 secundum

572 1007 810 1061 aetatem,
843 997 923 1051 vel
957 998 1136 1052 datam
1168 999 1267 1053 sibi
1296 1014 1324 1052 a
1359 999 1466 1052 Deo
1496 998 1840 1070 probitatem,
1874 999 2021 1053 omni
2071 999 2164 1053 de-

535 1084 538 1088 ‘
578 1088 755 1156 posito
783 1088 1096 1157 supercilio,
1119 1088 1349 1158 quisque
1372 1088 1647 1159 loquatur,
1689 1099 1796 1143 etc.
1842 1089 1916 1145 De
1937 1105 2164 1145 concor-

572 1181 662 1234 dia
690 1191 746 1235 et
794 1181 1059 1235 charitate
1090 1195 1213 1235 vera
1258 1182 1631 1236 constituenda
1682 1190 1846 1251 atque
1875 1182 2161 1246 servanda,

578 1270 802 1323 mittens
828 1271 906 1324 eis
928 1268 1207 1341 exemplar
1224 1270 1466 1341 epistolze
1491 1271 1559 1324 ad
1589 1271 1833 1326 Odonem
1862 1286 2043 1341 regem
2070 1289 2166 1341 pro

576 1359 864 1413 obtinenda
922 1360 1053 1431 ipsis
1083 1361 1347 1414 canonica
1394 1361 1660 1414 electione
1716 1376 1745 1413 a
1795 1376 1854 1415 se
1882 1361 2081 1423 misste,
2112 1370 2167 1415 et

579 1450 900 1513 exhortans,
940 1461 1001 1505 ut
1030 1450 1314 1504 unanimes
1341 1466 1462 1504 cum
1487 1449 1660 1504 sancti
1694 1448 1929 1521 Spiritus
1957 1450 2167 1518 adjuto-

580 1534 1021 1614 riocongregati.
1055 1556 1383 1613 magnopere
1422 1551 1692 1611 satagunt,
1722 1553 1778 1594 et
1803 1541 1897 1595 Dei
1931 1540 2168 1596 clemen-

579 1625 711 1688 tiam
748 1633 1113 1688 attentissime
1162 1632 1472 1702 implorent,
1498 1642 1557 1686 ut
1583 1647 1774 1687 eorum
1802 1630 2055 1711 pastorali
2088 1633 2168 1687 di-

579 1734 773 1803 gnetur
798 1725 987 1779 adesse
1034 1724 1309 1779 electioni.
1351 1722 1570 1779 Fratres
1595 1722 2009 1779 Corbeiacensis
2053 1716 2176 1793 cmg'

2268 532 2522 603 oppidum
2553 532 2904 604 Sparnacutn.
2930 536 3070 605 quod
3098 536 3213 592 Odo
3248 552 3338 592 rex
3358 576 3373 601 ,
3404 537 3527 605 quia
3550 536 3870 590 desciverat

2271 621 2338 675 ab
2363 637 2426 676 eo
2463 632 2685 692 propter
2712 625 3046 679 evectionem
3072 618 3291 689 Karoli,
3355 627 3647 680 subvertit.
3708 625 3873 680 Vene-

2271 710 2439 783 rabile
2487 727 2701 781 quoque
2749 706 3044 767 beatissimi
3082 714 3314 785 Remigii
3360 729 3556 784 corpus
3585 714 3665 768 ab
3693 711 3863 768 Orba-

2270 801 2420 855 ccnsi
2464 788 2702 873 (Omont)
2749 805 3079 858 monasterio
3127 804 3448 859 Remensem
3488 790 3777 858 revocavit
3809 806 3870 856 all

2270 893 2478 947 urbem.
2517 893 2571 949 ln
2603 910 2710 963 qua
2768 892 3028 950 relatione
3075 895 3189 966 (lib.
3219 912 3256 959 t,
3316 912 3436 964 cap.
3464 896 3555 962 2|)
3614 895 3792 949 multa
3824 906 3873 947 et

2273 999 2462 1054 magna
2518 996 2643 1039 sunt
2688 996 2907 1041 ostensa
2939 986 3201 1041 miracula
3229 986 3480 1055 superius
3503 1000 3532 1038 a
3556 986 3729 1038 nobis
3756 1000 3873 1053 par-

2274 1076 2369 1129 tim
2406 1077 2698 1132 dcclarata.
2742 1074 2819 1133 Eo
2866 1088 3106 1149 tempore
3131 1079 3487 1133 Norttnannis
3534 1078 3871 1137 Francorum

2274 1184 2447 1228 terras
2468 1164 2879 1239 infestantibus,
2918 1184 2974 1229 et
3000 1175 3213 1229 diversa
3246 1174 3363 1228 loca
3391 1162 3865 1243 depopulantihus,

2272 1265 2359 1319 hic
2386 1265 2626 1334 pontifex
2675 1265 2877 1335 plures,
2935 1276 3042 1319 tam
3072 1267 3403 1331 sacerdotes,
3438 1279 3605 1334 quam
3651 1273 3887 1319 caeteros

2274 1354 2508 1408 clericos
2530 1363 2583 1408 et
2607 1355 2923 1419 monachos,
2958 1348 3025 1408 ad
3056 1369 3115 1408 se
3145 1354 3508 1423 undecunque
3537 1348 3871 1408 conﬂuentes

2272 1442 2502 1513 benigne
2532 1443 2791 1511 suscepit,
2817 1453 2871 1496 et
2896 1452 3119 1512 paterae
3147 1440 3300 1497 fovit.
3345 1441 3495 1496 luter
3522 1456 3671 1511 quos
3714 1442 3864 1496 etiam

2274 1528 2570 1588 monachos
2599 1532 2657 1587 S.
2692 1530 2930 1604 Dionysii
2965 1549 3087 1588 cum
3130 1532 3301 1604 ipsius
3330 1532 3595 1602 martyris
3629 1533 3865 1602 pretioso

2275 1638 2521 1692 corpore,
2565 1623 2902 1693 aliorumque
2944 1633 3256 1679 sanctorum
3285 1624 3613 1696 pignoribus
3646 1624 3860 1691 recepit,

2278 1726 2332 1770 et
2363 1715 2513 1768 aluit.
2552 1715 2761 1785 Corpus
2793 1714 2959 1769 etiam
3004 1714 3146 1770 beati
3202 1714 3420 1779 Calixti,
3458 1729 3734 1769 concessa
3782 1714 3867 1767 sibi

580 1799 726 1896 nobii
774 1815 972 1873 litteris
1027 1833 1141 1872 suae
1194 1818 1426 1872 visitaus
1456 1817 1863 1882 admonitionis,
1897 1816 2178 1887 redarguit

2285 1805 2361 1859 vel
2416 1805 2670 1860 Ecclesue
2719 1804 2973 1859 Remensi
3008 1805 3222 1860 abbatia
3259 1804 3505 1874 ejusdem
3535 1804 3749 1865 sancti,
3786 1804 3871 1855 lle-

583 1916 640 1962 et
691 1908 1042 1989 vehementer
1093 1910 1334 1989 increpat
1365 1901 1529 1977 super
1566 1907 1873 1977 ahjectione
1895 1906 1976 1962 sui
2009 1906 2178 1961 abba-

583 1992 676 2063 iis,
720 1986 881 2067 quem
916 1985 1072 2071 gravi
1119 1986 1426 2068 correptum
1478 1997 1812 2062 infirmitate,
1844 1994 2048 2054 crudeli
2082 1997 2200 2053 abs

587 2084 906 2143 dicaverant
944 2088 1269 2154 temeritate,
1311 2088 1410 2143 nec
1432 2104 1552 2143 eum
1579 2090 1645 2143 ad
1674 2089 1821 2160 ipsos
1837 2090 2173 2161 venientem,

576 2180 782 2236 saltem
813 2191 873 2234 ut
895 2181 1236 2257 peregrinum
1269 2191 1641 2251 susceperant,
1689 2183 1850 2236 autei
1883 2181 2043 2235 ullam
2079 2182 2175 2236 Ιιιι-

589 2272 903 2326 nianitatem
929 2272 1341 2342 impenderunt:
1374 2275 1468 2327 sed
1490 2288 1611 2326 eum
1638 2271 1706 2328 de
1727 2272 2000 2327 communi
2026 2268 2181 2327 habié

590 2362 794 2418 talione
855 2361 1258 2433 perturbantes,
1313 2364 1385 2435 in.
1421 2361 1681 2418 vilissimo
1725 2374 1878 2419 extra
1938 2342 2177 2420 claustra

590 2455 902 2510 monasterii
928 2454 1043 2509 loco
1066 2462 1419 2515 retruserant.
1464 2466 1519 2510 et
1548 2456 1820 2510 communi
1852 2464 2057 2511 statuto
2086 2457 2180 2511 lir-

590 2552 875 2598 maveraut
921 2553 979 2599 ut
1006 2543 1073 2598 ad
1099 2545 1348 2599 eutndem
1403 2544 1730 2600 visitanduni
1763 2545 1848 2602 vel
1886 2545 2177 2601 consolan-

592 2636 720 2691 dmn
779 2638 966 2691 venire
1011 2636 1194 2706 nullus
1243 2638 1468 2692 auderet
1515 2654 1529 2691 :
1571 2638 1667 2692 sed
1708 2653 1886 2709 neque
1935 2639 2178 2694 moriens

594 2728 870 2782 communi
917 2729 1191 2797 sepultura
1223 2727 1419 2795 dignus
1449 2728 1761 2783 haberetur.
1807 2726 1959 2783 Unde
2011 2729 2180 2783 admi-

595 2832 724 2871 rans
753 2816 913 2871 talem
934 2814 1184 2871 sensibus
1211 2830 1400 2871 corum
1426 2814 1692 2885 obrepere
1718 2817 1957 2885 potuisse
1977 2816 2180 2887 impro-

592 2911 841 2976 hitatem,
884 2921 940 2966 et
964 2910 1291 2980 apostolicas
1318 2920 1481 2980 atque
1524 2909 1818 2981 regulares,
1858 2925 2021 2980 super
2044 2911 2177 2966 obe-
2218 2902 2229 2909 ’

594 3001 795 3057 dieutia
863 3002 1166 3072 praepositis
1235 3002 1580 3067 exhibenda,
1664 3019 1982 3075 praeponens
2042 3020 2181 3075 pne-

594 3094 896 3163 cepliones,
934 3094 1170 3149 ostendit
1199 3109 1304 3148 non
1331 3093 1411 3149 eis
1446 3093 1662 3149 licuisse
1688 3094 1936 3150 abbatem
1967 3095 2181 3166 regula-

2280 1911 2399 1949 mos
2427 1896 2617 1950 deduci
2644 1894 2792 1959 fecit,
2812 1892 2888 1950 ‘et
2913 1906 3034 1966 post
3062 1896 3234 1950 altare
3260 1904 3466 1949 sancta:
3489 1893 3687 1948 Maria:
3718 1907 3863 1947 vene-

2283 1985 2526 2040 rabiliter
2550 1986 2856 2053 collocavit,
2903 1986 3167 2057 juxtaque
3195 1985 3325 2040 illud
3362 1986 3591 2056 pignora
3623 1984 3774 2038 beati
3797 1981 3872 2036 Nic

2280 2064 2436 2133 casii.
2467 2088 2521 2132 et
2573 2076 2779 2135 sanétte
2827 2079 3030 2134 sororis
3060 2080 3178 2149 ejus
3207 2078 3503 2147 Eutropius,
3530 2078 3603 2131 ab
3642 2075 3867 2130 Ecclesia

2282 2171 2417 2247 tituli
2482 2171 2658 2226 sancti
2709 2170 2972 2243 Agricola:
3021 2170 3315 2224 honorifice
3364 2169 3543 2222 delata
3578 2210 3594 2232 ,
3679 2167 3866 2221 consti-

2280 2266 2385 2319 ιιιὶι

2788 2444 2789 2447 γ
2898 2374 3129 2429 mror
3166 2373 3259 2428 1x.

2528 2466 2609 2521 De
2637 2475 2819 2520 sancto
2851 2461 3101 2519 Gibriano
3130 2475 3176 2519 et
3218 2466 3475 2533 fratribus
3506 2463 3654 2534 ejaez.
3722 2501 3736 2510 .

2351 2557 2533 2613 Delata
2583 2566 2709 2611 sunt
2750 2557 2912 2612 etiam
2966 2566 3092 2609 tunc
3146 2556 3408 2624 temporis
3465 2556 3532 2608 ad
3585 2551 3866 2608 Ecclesia:

2280 2649 2423 2705 beati
2470 2649 2700 2718 Remigii
2732 2648 2973 2704 membra
3011 2649 3066 2701 S.
3101 2646 3345 2702 Gibriani
3385 2662 3416 2699 a
3457 2660 3602 2716 pago
3640 2637 3872 2718 (laudan-

2281 2744 2458 2809 nensi,
2490 2742 2578 2797 ubi
2614 2743 2992 2813 peregrinatus
3031 2740 3197 2795 fuisse
3228 2740 3473 2794 noscitur
3510 2746 3568 2792 et
3616 2736 3865 2790 humatus.

2282 2835 2631 2890 Advenerant
2677 2832 2945 2902 siquidem
2995 2831 3046 2885 in
3102 2831 3243 2885 hanc
3299 2827 3641 2898 provinciam
3689 2834 3865 2894 septem

2283 2927 2483 2981 fratres
2541 2925 2609 2979 ab
2663 2922 2960 2985 Hibernia,
3010 2919 3464 2990 peregrinationis
3518 2917 3592 2971 ob
3653 2926 3865 2969 amorem

2282 3016 2485 3072 Christi
2522 3013 2694 3085 gratia
2724 3030 2737 3066 :
2768 3011 2822 3066 hi
2863 3010 3089 3073 scilicet,
3118 3010 3432 3073 Gibriauus,
3467 3005 3733 3069 llclanus,
3762 3003 3866 3055 Τη-

2285 3126 2472 3173 sanus,
2498 3108 2819 3172 Germanus,
2848 3104 3113 3169 Veranus,
3138 3106 3406 3168 Abrauus,
3437 3102 3733 3160 Petranns.
3761 3111 3861 3153 cum

594 3184 731 3239 riter
754 3183 1007 3248 electmn,
1038 3192 1095 3238 et
1118 3183 1505 3254 archiepiscopi
1530 3183 1869 3241 ordinatione
1887 3185 2184 3241 rationabi-
2210 3171 2257 3233 ο
2291 3171 2466 3255 ιιιῑιιιιέ
2507 3197 2785 3253 sonu-ibus
2831 3196 2943 3250 suis
2985 3194 3238 3259 Francia,
3278 3191 3584 3260 Promptia,
3616 3178 3887 3245 Passenni

596 3274 722 3330 liter
747 3275 1077 3347 institutum,
1116 3271 1191 3331 ita
1228 3288 1417 3332 contra
1448 3277 1527 3331 fas
1553 3291 1712 3331 omne
1743 3277 2103 3343 dehonorare,
2130 3286 2185 3333 et

599 3366 780 3421 divina
812 3368 1155 3437 humanaque
1184 3368 1238 3422 in
1272 3383 1336 3423 eo
1356 3367 1480 3436 jura
1503 3367 1589 3421 vel
1613 3366 1855 3421 instituta
1881 3367 2187 3423 convellere

599 3466 764 3527 atque
810 3455 1140 3512 confundere
1179 3476 1192 3511 :
1239 3473 1362 3512 cum
1395 3474 1499 3513 non
1529 3458 1599 3513 sit
1635 3459 1687 3512 in
1736 3473 1921 3514 eorum
1959 3446 2186 3515 arbitrio

605 3547 1001 3618 velpotestate,
1029 3563 1152 3604 cum
1192 3548 1479 3614 voluerint,
1550 3549 1801 3605 abbatem
1870 3550 2137 3620 deponere
2166 3590 2184 3618 ,

602 3645 658 3689 et
707 3636 872 3691 alium
923 3639 990 3693 ad
1047 3638 1326 3694 libidinem
1381 3654 1492 3694 sua:
1546 3638 1838 3694 voluntatis
1883 3639 2185 3695 instituere.

605 3726 857 3799 Proponit
918 3731 1081 3786 etiam
1131 3729 1560 3787 maledictiouem
1589 3730 1784 3796 Citam,
1823 3732 1913 3801 qui
1939 3732 2183 3802 pudenda

600 3821 774 3892 patris
803 3821 989 3886 irrisit,
1028 3832 1081 3875 et
1110 3819 1348 3891 ejusdem
1374 3821 1665 3893 complices
1692 3837 1788 3877 eos
1808 3824 2047 3877 ostendit
2067 3838 2188 3878 esse

605 3898 999 3967 tnaledictionis
1048 3910 1201 3979 (Cen.
1236 3914 1353 3980 ut):
1394 3927 1456 3967 ac
1480 3912 1702 3982 proinde
1738 3912 2055 3982 interposito
2095 3928 2189 3967 or-

604 4002 748 4056 dinis
780 4002 1017 4074 ipsorum
1049 3998 1308 4072 periculo,
1360 4014 1565 4065 monet,
1595 4004 1916 4057 auctoritate
1943 4014 1998 4058 et
2026 4003 2187 4058 mini-

602 4094 773 4147 sterio
818 4094 923 4148 sibi
972 4110 1000 4147 a
1066 4094 1176 4148 Deo
1239 4092 1478 4163 injuncto
1527 4094 1866 4164 praecipiens,
1907 4103 1961 4146 ut
1986 4094 2054 4148 ab
2090 4094 2192 4149 hac

590 4168 903 4252 pertinacia
961 4184 1321 4252 resipiscam,
1378 4184 1733 4252 eumdemque
1799 4183 1882 4237 sui
1944 4181 2046 4238 loci
2100 4197 2193 4259 pa.-

2282 3291 2391 3353 sibi
2430 3290 2691 3359 eligentes
2745 3302 2907 3357 super
2936 3286 3155 3341 ﬂuvium
3187 3285 3407 3341 nomine
3441 3283 3767 3342 Maternum,
3790 3294 3867 3347 op-

2286 3393 2517 3453 portuna
2546 3380 2773 3449 (legendi
2820 3379 2957 3434 loca.
3007 3378 3247 3445 Quorum
3294 3378 3419 3432 hinc
3445 3375 3744 3432 Gibrianus
3767 3385 3863 3424 saa-

2295 3483 2415 3530 ctns
2440 3474 2692 3529 sacerdos
2718 3473 3009 3542 quemdam
3040 3472 3217 3526 vicum
3245 3470 3405 3541 elegit
3437 3470 3507 3524 ad
3536 3462 3861 3524 habitandum

2288 3567 2456 3624 Cossa
2518 3574 2792 3630 vocatum,
2847 3564 2936 3620 ubi
2992 3564 3238 3634 plurimis
3285 3576 3555 3617 annorum
3610 3554 3862 3615 curriculis

2289 3657 2492 3721 sobrie,
2529 3656 2693 3727 juste,
2733 3664 2789 3709 et
2826 3655 2912 3724 pie
2956 3653 3163 3717 vivens,
3199 3666 3368 3721 usque
3414 3650 3483 3705 ad
3526 3650 3733 3704 exitum
3765 3645 3862 3698 vita

2284 3748 2491 3816 bonum
2516 3746 2722 3800 studuit
2745 3755 3021 3799 certamen
3044 3751 3277 3797 certare.
3300 3741 3470 3811 Cujus
3494 3755 3698 3809 corpus
3717 3737 3859 3808 primo

2287 3837 2440 3907 juxta
2476 3837 2747 3908 publicum
2790 3834 2961 3890 fertur
2990 3848 3240 3905 aggerem
3272 3831 3544 3903 sepultum
3580 3830 3759 3891 fuisse,
3787 3820 3858 3877 ubi

2292 3938 2475 4000 postea
2532 3943 2695 3997 supra
2756 3928 2993 3981 tumbam
3045 3925 3211 3995 ipsius
3255 3934 3338 3979 est
3385 3924 3619 3979 oratorii
3671 3918 3860 3978 aedicula

2292 4028 2623 4083 constructa,
2663 4018 2733 4074 ob
2772 4018 2997 4087 insignia
3050 4016 3254 4070 scilicet
3294 4014 3542 4084 quzedam
3605 4009 3858 4068 miraculo-

2280 4126 2411 4177 rum
2454 4108 2648 4163 ibidem
2698 4107 3060 4160 mzmifestata.
3104 4105 3184 4159 Ad
3214 4120 3376 4174 quam
3407 4103 3687 4159 conﬂuere
3715 4096 3859 4173 populi

2278 4201 2452 4257 -solita
2500 4199 2676 4255 fuerat
2721 4197 3055 4266 frequentia,
3102 4197 3338 4251 maxime
3384 4211 3507 4251 cum
3539 4189 3858 4264 depositionis

589 4282 771 4353 trem,
798 4274 937 4329 sicut
962 4274 1211 4329 abbatem
1257 4275 1523 4329 honorent
1561 4288 1625 4327 ac
1660 4273 1901 4343 ιιίιῑιςιιυιν
1945 4273 2115 4327 (“Nec
2148 4272 2195 4327 εί
2276 4291 2535 4361 ejusdem
2584 4289 2989 4344 celebrarentur
3038 4287 3195 4343 festa.
3256 4287 3417 4341 Multa
3474 4300 3712 4355 namque
3757 4278 3857 4336 inihi

588 4363 972 4445 convaluerit,
1027 4373 1081 4419 et
1138 4364 1252 4435 ipse
1306 4367 1411 4419 tale
1461 4379 1597 4418 onus
1630 4362 1775 4418 ferre
1802 4378 1906 4437 non
1930 4364 2193 4434 potuerit,

608 4451 731 4520 ipsa
777 4454 845 4506 ad
903 4469 1081 4524 regem
1133 4464 1491 4509 excusaturus
1525 4455 1781 4515 accedat,
1820 4463 1898 4525 ut
1921 4453 2037 4522 ejus
2058 4469 2197 4523 pra:-

2297 4381 2587 4436 sauitatum
2623 4379 2999 4435 tribuebantur
3033 4379 3298 4442 remedia,
3327 4394 3391 4432 ex
3423 4378 3626 4446 quibus
3650 4374 3857 4446 quaedam

2301 4471 2566 4526 habentur
2622 4470 2908 4539 descripta,
2965 4469 3059 4523 sed
3106 4468 3335 4537 plurima
3389 4466 3640 4521 celantur
3694 4466 3855 4534 ignota.

612 4543 885 4612 ceptione,
944 4521 1003 4623 et
1061 4544 1505 4616 archiepiscoliali
1553 4521 1875 4599 auctoritate
1917 4521 2087 4615 ipsius
2139 4544 2178 4599 it

2303 4560 2440 4616 Tres
2493 4568 2671 4615 tamen
2729 4561 2982 4629 mulieres
3029 4550 3334 4615 nominibus
3388 4558 3645 4628 ascriptis
3698 4552 3856 4610 ibidem

616 4634 736 4691 loco
765 4637 902 4693 alius
930 4639 1292 4693 substituatur
1317 4639 1504 4695 abbas.

1207 4748 1435 4805 CAPUT
1476 4748 1610 4803 VIII.

612 4835 696 4899 De
732 4835 881 4892 rebus
911 4839 1101 4909 quibus
1146 4842 1458 4920 episcopi-um
1496 4842 1750 4920 auritaet
1774 4840 1979 4894 cwtert's
2030 4838 2203 4902 bonis,

1066 4926 1180 4979 qua:
1209 4911 1263 4963 in
1293 4912 1589 4980 episcopatu
1616 4911 1738 4982 egit.

693 5021 852 5052 ιιι-11..
888 5024 1118 5052 ’.Λιιζηιιη
1166 5022 1300 5052 l‘nnn
1334 5025 1384 5052 ἶιι

1423 5025 1521 5052 Iunt.
1550 5026 1676 5052 ιιΛ.¹Α
1726 5022 1763 5048 1)
1776 5023 1987 5052 Α-νιησιεῖ.
2005 5020 2198 5052 Iun-nale.

2306 4664 2563 4710 notantur
2614 4652 2943 4705 illuminatae.
2993 4651 3215 4705 Cuidam
3272 4658 3535 4719 pmterea
3592 4646 3855 4702 Grimoarz

2307 4744 2380 4818 [i,
2413 4744 2631 4801 nomine
2678 4739 2975 4813 Grimoart]
3020 4756 3208 4794 manus
3233 4756 3354 4795 cum
3387 4740 3601 4807 integra
3638 4747 3718 4792 est
3746 4730 3855 4788 sani-

2313 4845 2421 4892 tate
2453 4836 2718 4890 restituta.
2751 4832 3015 4902 Tempore
3056 4831 3285 4900 denique
3318 4830 3460 4901 regis
3484 4828 3708 4885 Odonis.
3734 4835 3851 4895 gras-

2312 4939 2466 4983 sante
2496 4926 2947 4979 Norttnannorum
2975 4922 3311 4983 crudelitate,
3348 4930 3634 4988 terrasque
3661 4918 3855 4973 Franco-

2313 5035 2428 5052 nnsn
2472 5026 2714 5052 cruel-Iulus
2785 5014 2941 5052 Iutth
2973 5015 3142 5052 αοηιριῖ
3177 5011 3454 5052 ηρυΙρςίηΙςι
3497 5011 3623 5052 ἰσιιρ
3656 5013 3849 5052 l‘l'Pmau
