3904 5396
884 192 971 250 DE
999 191 1247 249 GESTIS
1280 192 1493 249 EPISC.
1530 188 1897 248 ANTISSIOD
1950 222 2018 234 -ο-
2059 190 2244 246 PARS
2280 192 2317 246 Ι.

3150 190 3283 246 εθιιο

7 308 414 368 Ειηιιιοιυίηἱωυ
447 318 740 371 vocantur,
768 306 1142 377 episcoporum
1187 305 1377 359 ditioni
1408 305 1569 361 resti-
1600 291 1645 349 Α
1668 320 2003 372 aunuentes,
2059 315 2301 363 sanctam
2354 307 2880 362 Antissiodorcnsem
2926 305 3213 363 ecclesiam
3240 345 3259 373 ,

7 403 119 465 tait;
150 414 348 454 servos
381 407 434 451 et
472 397 703 459 ancillas
738 397 919 466 plures
948 394 1254 461 acquisivit,
1303 403 1357 448 et
1392 395 1572 448 .lirmi-

7 504 147 548 tatem
199 490 387 561 oppidi
437 490 765 544 destructam
793 527 809 548 ,
858 486 982 541 forti
1032 488 1264 541 maceria
1310 485 1571 552 novisque

7 583 255 641 machinis
317 580 741 649 circumquaque
790 578 1066 633 renovatis
1127 576 1289 631 fossis
1344 576 1574 629 ﬁrmiter

7 673 236 732 munivit.
272 670 734 727 Cmtsuctudinem
765 683 979 737 quoque
1005 667 1112 722 300
1136 667 1342 723 scilicet
1368 665 1573 720 solido-

8 779 128 824 rum,
174 777 303 830 qua
350 758 713 815 .loviuiacensi
763 758 947 813 comiti
987 772 1087 826 pro
1117 757 1374 811 ﬁrmitate
1406 755 1573 810 castri

8 853 283 926 Δρομιίδεὶ
327 851 559 922 singulis
583 851 741 907 annis
767 852 1060 911 dabantur.
1092 849 1278 903 solidis
1306 848 1376 902 tu
1402 847 1579 901 ιιιίιιοο

11 948 156 1013 tavit;
187 954 241 1001 el
285 944 568 1005 vinearum
607 942 819 1013 plautas
857 941 1052 998 ibidem
1085 940 1403 1001 :cdilicavit.
1442 938 1577 994 Gia-

11 1041 146 1109 ciun
171 1040 396 1095 domum
427 1036 694 1106 lapideam
735 1045 792 1091 et
832 1035 1094 1104 capellam
1123 1035 1392 1105 episcopis
1440 1048 1574 1089 con-

11 1132 204 1191 struxit,
252 1129 501 1184 Varziaci
528 1128 794 1197 siquidem
822 1127 1050 1197 plurima
1080 1127 1373 1195 acquisivit
1397 1127 1578 1181 'bene-

16 1225 134 1285 ﬁcia.
161 1223 454 1278 ecclesiam
500 1221 708 1276 scilicet
757 1223 932 1275 sancti
986 1219 1175 1284 Petri,
1233 1235 1264 1274 ι
1317 1220 1576 1274 laicorum

14 1315 225 1370 dotninio
269 1317 606 1369 subtractam
634 1355 649 1378 ,
691 1313 938 1369 ecclesiae
979 1314 1234 1369 similiter
1277 1323 1330 1368 et
1379 1321 1580 1367 sancta:

18 1408 241 1477 Eugenia:
266 1406 576 1461 oblationes
606 1406 1032 1470 Pentecostales,
1065 1421 1127 1461 ac
1155 1405 1452 1459 nativitatis
1476 1405 1582 1460 Do-

17 1498 200 1553 minicaa
226 1486 399 1568 atque
436 1498 600 1566 ipsius
629 1508 918 1573 ιιεειιιιιριω
955 1498 1187 1568 Virginis
1210 1497 1517 1553 festivitatis
1546 1512 1578 1551 a

20 1588 163 1643 laicali
208 1587 556 1657 possessione
604 1587 888 1652 liberavit,
918 1587 1166 1657 jnrisquc
1203 1587 1577 1658 episcoporum

21 1682 63 1734 in
96 1691 411 1750 perpetuum
458 1694 579 1734 esse
604 1680 907 1734 constituit.
946 1677 1238 1733 Vinearum
1289 1679 1498 1749 plantas
1524 1688 1579 1733 et

21 1769 226 1824 clausum
247 1768 563 1832 aediﬁcavit,
586 1783 770 1822 servos
791 1783 1006 1838 quoque
1025 1778 1079 1824 et
1097 1768 1343 1832 ancillas,
1367 1769 1574 1833 domos,

24 1870 163 1915 terras
188 1860 367 1916 cultas
408 1871 465 1916 et
506 1861 738 1916 incultas
782 1861 1059 1927 attribuit;
1109 1861 1247 1933 apud
1299 1861 1597 1917 Conadam'

34 1954 167 2005 etiam
190 1951 686 2007 Antissiodorcnsis
735 1954 1021 2024 episcopus
1068 1954 1356 2025 episcopali
1417 1955 1577 2010 domo

24 2046 226 2109 carebat,
254 2046 349 2099 ubi
384 2047 659 2117 egregiam
707 2047 923 2118 egregie
965 2048 1181 2102 doruum
1231 2047 1573 2114 construxit,

25 2152 75 2190 ac
106 2148 289 2193 sancta:
338 2139 523 2194 Maria:
558 2139 818 2209 capellam
864 2139 1011 2208 juxta
1054 2140 1278 2209 positam
1325 2141 1579 2195 decenter

26 2228 288 2293 decoravit;
313 2231 713 2303 ecclesiamqne
727 2233 898 2288 sam-ti
927 2232 1198 2288 Laurentii
1221 2250 1317 2288 suo
1339 2234 1575 2303 ingenio,

29 2334 187 2389 magno
218 2330 403 2377 tamen
433 2323 616 2378 labore
642 2339 671 2377 a
702 2322 877 2379 laicali
916 2340 1077 2378 manu
1118 2324 1409 2391 subtraxit,
1442 2324 1574 2378 sibi-

30 2425 111 2479 que
129 2426 187 2465 ac
217 2413 627 2469 successoribus
655 2413 769 2469 suis
812 2414 868 2468 in
917 2424 1233 2486 perpetuum
1269 2414 1574 2469 habendam

29 2502 268 2574 delegavit,
299 2514 359 2560 et
386 2506 552 2560 multa
594 2505 695 2561 alia
723 2506 1011 2577 acquisivit
1043 2506 1575 2563 beneﬁciae'l‘ociaci

32 2606 130 2645 vero
156 2594 512 2664 episc0palem
539 2594 756 2651 domum
787 2597 1055 2669 episcopis
1079 2598 1402 2664 construxit,
1427 2606 1480 2649 ct
1509 2596 1576 2650 ad

34 2685 365 2757 episcoporum
395 2686 683 2742 utilitatem
713 2697 768 2743 et
801 2688 1097 2759 proﬁcuum
1130 2704 1223 2743 sua
1257 2689 1539 2758 prudentia
1559 2730 1575 2755 ,

38 2774 190 2831 ibidem
230 2778 401 2833 multa
435 2778 575 2833 bona
624 2780 793 2835 multo
825 2782 1009 2836 labore
1037 2781 1342 2851 acquisivit.
1390 2780 1577 2848 Nedue

38 2865 111 2919 hoc
149 2867 297 2924 silere
342 2870 632 2925 debuimus
677 2872 932 2941 quoniam
975 2874 1358 2927 monasterium
1404 2873 1574 2927 sancti

38 2951 262 3021 Germani,
294 2959 367 3013 ab
396 2962 639 3030 antiquis
678 2960 920 3017 Fraucim
947 2962 1160 3034 regibus
1197 2962 1442 3017 ecclesia:
1474 2979 1573 3017 no-

1671 400 1756 453 cui
1811 410 2034 453 auctore
2089 399 2199 453 Deo
2241 398 2496 467 pmsides
2528 438 2543 463 ,
2606 398 2912 469 apostolica:
2963 397 3110 452 setis
3162 411 3260 450 au-

1671 488 1922 543 ctoritate
1969 488 2279 549 mouimus;
2333 490 2620 541 statuimus
2666 487 2809 541 enim
2859 497 2918 541 ut
2963 488 3255 551 universa,

1673 595 1793 648 quae
1843 582 1912 632 ab
1968 578 2208 647 antiquis
2273 579 2727 649 praxlet‘essorum
2777 589 3082 632 nostrorum
3135 595 3258 650 pos-

1674 686 1822 727 sessa
1894 671 2265 738 temporibus,
2350 678 2529 725 vestra
2611 670 3099 724 Antissimhwensis
3170 685 3264 723 ec-

1673 764 1835 821 clesia
1889 765 1942 818 in
1966 764 2219 832 praesenti
2251 779 2316 817 cx
2342 778 2411 817 xv
2443 763 2739 817 imlictione
2766 763 3014 816 obtinuere
3056 768 3256 830 rogem;

1674 856 1867 915 scitur.
1925 856 2021 909 tibi
2084 856 2300 920 leisure
2358 854 2768 909 successoribus
2825 854 2991 908 libera
3046 866 3261 920 sctrpet‘

1673 952 1731 999 et
1790 944 1991 999 illibata
2056 955 2378 1007 serventur,
2446 943 2623 998 nullus
2687 944 2911 998 oumiuo
2965 943 3250 1011 cujuscun-

1675 1051 1783 1107 que
1806 1036 2084 1106 dignitatis
2104 1045 2197 1091 aut
2236 1037 2443 1091 ordinis
2470 1035 2651 1090 invitis
2697 1034 2850 1089 vobis
2889 1042 2983 1088 aut
3009 1034 3256 1088 ecclesiae

1678 1139 1870 1185 vestite
1891 1129 2241 1198 subiectionis
2266 1140 2357 1183 aut
2387 1144 2473 1183 res
2506 1138 2702 1184 vestra:
2729 1129 3086 1198 possessionis
3107 1130 3260 1181 inva-

1679 1221 1825 1280 dere.
1852 1220 2087 1285 auferre,
2121 1232 2213 1274 aut
2242 1214 2424 1291 aliqua
2463 1223 2623 1275 modo
2663 1222 2982 1277 subtrahere
3031 1222 3262 1284 audeat,

1678 1313 1775 1367 sed
1805 1313 1985 1366 omnia
2018 1313 2071 1367 in
2103 1322 2188 1366 ttta
2218 1322 2542 1381 tuorumque
2581 1327 2959 1367 successorum
3002 1312 3262 1368 canonica

1683 1402 1969 1457 honestate
2036 1402 2327 1456 viventium
2355 1444 2372 1469 ,
2431 1404 2737 1459 ohedientia
2801 1412 2856 1459 et
2913 1404 3265 1472 dispositione

1681 1493 1977 1562 persistant
2039 1535 2057 1551 .
2100 1493 2179 1549 sic
2230 1494 2375 1548 enim
2430 1509 2458 1549 a
2515 1494 3005 1565 praedecessoribus
3065 1494 3267 1547 nostris

1684 1596 1887 1640 sanctae
1939 1584 2198 1641 Romana:
2256 1586 2514 1642 Ecclesiae
2582 1588 2927 1658 pontiﬁcibus
2978 1602 3074 1655 per
3121 1585 3264 1639 beati

1613 1660 1655 1719 Β
1682 1676 1937 1732 Germani
1964 1677 2300 1746 petitionem,
2325 1677 2478 1745 cujus
2504 1680 2884 1748 patrimonium
2915 1672 3262 1732 Autissiodu-

1683 1769 1859 1824 rensis
1880 1770 2133 1839 parochia
2167 1769 2383 1833 fuerat,
2422 1773 2667 1825 creditur
2688 1763 3015 1825 institutum.
3049 1767 3104 1823 Si
3158 1783 3264 1836 qua

1681 1858 1848 1930 igitur
1873 1859 2241 1914 ecclesiastica
2271 1862 2613 1917 siccularisve
2643 1876 2871 1932 persona
2900 1860 3039 1915 hanc
3068 1869 3268 1913 nostra:

1681 1951 2088 2007 constitutionis
2135 1953 2384 2023 paginam
2430 1953 2609 2007 sciens
2648 1963 2835 2006 contra
2892 1966 3012 2006 eam
3062 1960 3268 2005 temere

1684 2043 1871 2097 venire
1907 2044 2229 2108 tentaret-it,
2263 2044 2501 2098 secundo
2524 2043 2754 2098 tertiove
2803 2041 3129 2097 commonita
3153 2080 3169 2102 .
3220 2038 3269 2093 si

1681 2146 1787 2187 non
1822 2131 2201 2188 satisfactione
2228 2148 2467 2204 congrua
2519 2132 2933 2196 emendaverit,
2985 2130 3270 2202 potestatis

1679 2223 2021 2293 honorisque
2048 2225 2130 2279 sui
2163 2225 2429 2296 dignitate
2458 2234 2666 2285 careat.
2713 2239 2800 2279 rea
2814 2239 2976 2292 mque
2998 2238 3057 2277 se
3086 2221 3271 2276 divino

1674 2308 1879 2377 iudicio
1906 2316 2145 2370 existere
2163 2315 2230 2370 de
2258 2324 2567 2386 perpetrata
2618 2316 2904 2385 iniquitate
2935 2322 3265 2384 cognoscat,

1679 2413 1734 2457 et
1762 2421 1793 2458 a
1820 2406 2189 2462 sacratissimo
2215 2422 2442 2476 corpore
2466 2422 2532 2462 ac
2556 2407 2818 2476 sanguine
2849 2405 2941 2459 Dei
2970 2414 3025 2459 et
3054 2403 3268 2459 Domini

1682 2494 2060 2566 ltedern‘ptaoris
2104 2497 2276 2551 nostri
2324 2495 2451 2552 Jesu
2483 2495 2685 2552 Christi
2718 2496 2892 2550 aliena
2940 2496 3036 2549 llat
3059 2533 3074 2557 ,
3106 2503 3288 2563 atque‘

1682 2589 1739 2643 in
1786 2598 2032 2645 extremo
2078 2589 2330 2644 examine
2388 2589 2648 2644 districta:
2698 2587 2891 2642 ultioni
2944 2586 3265 2656 subjaceat;

1681 2681 1891 2737 cunctis
1930 2690 2108 2735 autem
2143 2681 2320 2736 eidem
2350 2679 2469 2735 loco
2500 2678 2647 2748 justa
2686 2677 3028 2733 servantibus
3057 2678 3128 2731 sit
3160 2692 3266 2746 pax

1682 2774 1895 2830 Domiui
1936 2774 2105 2829 nosfri
2132 2773 2255 2830 Jesu
2280 2774 2523 2841 Christi,
2556 2787 2824 2844 quatenus
2850 2786 2906 2828 et
2946 2775 2999 2828 hi
3033 2772 3267 2829 fructum

1684 2872 1839 2924 bona:
1868 2871 2094 2924 actionis
2123 2870 2423 2939 percipiant
2450 2869 2501 2921 cl
2537 2869 2678 2939 apud
2705 2868 3005 2923 districtum
3027 2866 3266 2935 judicent

1683 2963 1900 3034 pnemia
1930 2975 2147 3017 aeternae
2175 2963 2634 3032 pacisinveniant.
2660 2962 2854 3025 Amen,
2877 2976 3056 3015 amen.
3088 2979 3108 3013 ι
3133 2959 3267 3014 Item

39 3053 131 3098 sine
149 3049 413 3104 sublatum
436 3092 449 3113 ,
482 3067 511 3104 a
540 3052 818 3121 pra-libato
851 3051 1069 3108 Urbano
1099 3070 1233 3125 papa
1262 3055 1499 3109 secumlo
1522 3054 1575 3108 in
1607 3042 1653 3104 (ἶ
1684 3056 1929 3126 ejusdem
1948 3056 2015 3110 ad
2046 3056 2274 3110 clerum.

40 3137 221 3191 concilio
248 3137 604 3197 Nemauscusi
632 3138 879 3198 obtinere
910 3146 1128 3211 nieruit,
1173 3158 1443 3217 quatenus
1469 3149 1599 3219 An-_

42 3223 399 3285 tissiodorensis
429 3232 711 3302 cpiscopus
757 3234 807 3287 in
841 3234 1027 3290 eodem
1060 3222 1391 3291 monasterio
1415 3239 1585 3292 abba-

43 3322 122 3368 tem
143 3318 187 3370 in
210 3330 529 3391 perpetuum
567 3322 672 3377 Deo
695 3325 1010 3395 disponente
1039 3336 1263 3396 poneret
1290 3344 1304 3394 ;
1344 3337 1397 3383 et
1428 3344 1583 3398 regu-

43 3401 115 3457 lari
161 3410 336 3465 ordine
394 3411 683 3466 ecclesiam
731 3417 974 3469 eamdem
1027 3416 1286 3472 ordinare
1337 3427 1578 3483 curaret,

44 3498 229 3560 quandiu
254 3497 412 3562 visit,
443 3511 605 3570 prout
637 3506 807 3573 potuit
834 3514 889 3559 et
913 3506 1124 3572 debuit,
1143 3505 1323 3561 fovere
1345 3507 1576 3561 studuit.

44 3582 86 3639 1n
113 3589 259 3646 alodio
278 3593 449 3647 etiam
485 3592 779 3650 llildeberti
810 3596 1053 3652 ecclesiae
1081 3606 1279 3652 ttostrm
1306 3598 1577 3663 canonici,

46 3680 148 3745 ψιοά
169 3679 511 3739 Pontiniacus
533 3695 775 3751 vocatur,
795 3687 983 3743 eodem
1014 3688 1326 3745 Hildeberto
1356 3703 1579 3760 rogante

45 3772 444 3838 etsubmovente,
476 3778 861 3832 monasterium
891 3781 1276 3835 monachorum
1304 3784 1404 3836 sub
1432 3781 1577 3836 beati

46 3855 263 3918 Benedicti
307 3865 495 3933 regula
550 3867 841 3921 viventium
884 3869 1187 3935 constituit,
1220 3879 1271 3924 et
1325 3872 1575 3926 abbatem

47 3949 297 4021 religiosum
330 3957 620 4028 llugonem
661 3959 731 4014 ibi
760 3962 992 4030 primum
1029 3962 1238 4031 posuit;
1270 3963 1576 4019 coenobium

48 4053 157 4107 κω,
179 4050 307 4117 quod
343 4049 748 4107 Fonshumidus
779 4062 1033 4122 vocatur,
1063 4055 1115 4108 in
1142 4060 1371 4113 termino
1396 4056 1591 4127 Autis—_

48 4132 317 4198 Morensis
345 4145 692 4215 episcopatus
719 4147 972 4217 positum,
1000 4163 1030 4205 a
1058 4147 1289 4205 Girardo
1328 4148 1579 4220 religioso

52 4223 137 4279 viro
161 4233 484 4298 postmodum
512 4233 696 4290 futuro
720 4237 899 4292 abbati
925 4237 1270 4301 aediﬁcatum,
1300 4238 1579 4299 beneﬁciis

52 4316 146 4383 suis,
169 4321 215 4376 in
239 4334 497 4393 quantum
526 4325 719 4396 potuit,
752 4329 1095 4396 sublimavit;
1135 4331 1418 4386 ecclesiam
1444 4350 1580 4402 quo-

51 4417 282 4497 ψεῦδοςιὶ
303 4417 453 4474 Petri
471 4419 524 4474 in
545 4418 803 4475 suburbio
820 4422 1307 4479 Autissiodurensis
1323 4424 1473 4480 urbis
1486 4439 1577 4497 po-
1610 4408 1657 4467 Ῑ)

53 4496 168 4554 sitam
192 4507 506 4578 regularium
538 4511 924 4577 canonicorum
951 4529 1074 4569 esse
1116 4515 1416 4582 constituit,
1446 4496 1501 4570 ct
1547 4533 1577 4572 a

53 4583 221 4647 dotnino
244 4612 374 4668 papa
405 4600 744 4673 privilegium
798 4607 901 4659 hoc
929 4604 1420 4662 ecclesiasticarum
1451 4624 1580 4664 cou-

56 4680 327 4744 stitutionum
360 4693 562 4748 habere
602 4697 817 4750 meruit.

106 4791 121 4824 ι
150 4774 414 4840 l'tscntus
440 4788 746 4856 episcopus,
779 4803 970 4844 servus
998 4804 1276 4845 servorum
1311 4792 1435 4857 Dei,
1483 4808 1573 4847 vc-

58 4867 227 4958 Israbili
255 4876 399 4929 fratri
444 4875 772 4939 HUIBALDO,
810 4879 1272 4937 Autissiodurensi
1322 4884 1574 4955 episcopo

58 4963 226 5025 ilusque
279 4967 678 5023 successoribus
744 4970 1006 5025 canonice
1064 4973 1462 5029 substituendis
1520 4977 1572 5030 in

59 5052 303 5111 Ρθῒιινιιιιιιιι
314 5094 327 5107 .

111 5150 126 5182 ι
145 5133 285 5196 Justis
303 5146 433 5200 votis
453 5162 733 5203 assensum
749 5138 1011 5219 praebere,
1029 5151 1296 5224 justisque
1309 5153 1576 5223 petitioni-

60 5216 293 5318 aures
331 5241 740 5298 accommodare
784 5257 885 5298 nos
932 5247 1214 5311 convenit,
1246 5247 1395 5317 .qui,
1449 5249 1575 5304 licet

62 5313 211 5385 indigni
230 5321 438 5387 iustitia:
463 5332 731 5396 custodes,
768 5341 935 5396 atque
957 5347 1228 5396 [maceries
1271 5313 1324 5390 in
1352 5338 1566 5392 excelsa

1711 3149 1718 3157 '
1761 3166 1780 3200 ι
1838 3146 2154 3210 ΡΑεειιΑωδ,
2188 3162 2377 3203 servus
2418 3130 2698 3202 servorum
2729 3146 2860 3212 Dei,
2891 3146 3101 3201 dilectis
3146 3145 3271 3203 (iliis

1681 3239 2174 3294 Autissiodurensis
2202 3240 2453 3295 Ecclesiae
2474 3239 2772 3306 canonicis,
2804 3238 3033 3294 salutem
3055 3248 3112 3295 et
3138 3255 3272 3310 apo—

1684 3334 1934 3390 stolicam
1960 3333 2413 3388 benedictionem.
3121 3346 3127 3351 '

1706 3420 1713 3425 ’
1763 3443 1780 3475 ι
1827 3423 1978 3491 Quod
2005 3424 2282 3479 conl‘rater
2298 3433 2481 3479 noster
2507 3422 3133 3490 llumhaldns,Ecclesi:c
3178 3441 3271 3481 ve-

1683 3526 1811 3574 sti-te
1828 3519 2132 3589 episcopus,
2149 3534 2273 3588 erga
2293 3517 2458 3571 lilium
2486 3528 2730 3571 nostrum
2747 3506 3283 3589 llnsgcrinm,'c:.no§

1685 3611 1864 3664 nicum
1891 3610 2394 3680 vestrum,beoigue
2419 3626 2477 3664 se
2505 3609 2691 3665 habuit
2724 3610 3269 3681 eiqueprtcpmiturze

1683 3699 1997 3768 dignitatem
2038 3711 2220 3753 vestro
2257 3715 2528 3754 consensu
2557 3700 2702 3754 dedit
2733 3742 2746 3763 ,
2782 3711 2837 3755 et
2883 3702 2981 3770 ipsi
3024 3710 3079 3755 et
3112 3703 3267 3757 vobis

1682 3792 1887 3861 gratias
1930 3793 2159 3863 agimus.
2211 3791 2403 3846 Notum
2436 3803 2618 3847 autem
2666 3793 2818 3848 vobis
2848 3810 2972 3849 esse
3024 3795 3267 3851 volumus

1681 3885 1805 3954 quia
1840 3900 1938 3939 nos
1968 3895 2075 3938 tuo
2106 3884 2278 3954 ipsum
2317 3900 2478 3954 quant
2506 3887 2687 3941 omnia
2717 3887 2785 3941 ad
2824 3904 2950 3942 eum
2983 3890 3264 3960 pertinen-

1684 3974 1755 4028 tla
1785 3974 2028 4028 volumus
2051 3976 2151 4029 sub
2181 3974 2494 4044 apostolica:
2540 3977 2688 4033 sedis
2720 3978 2899 4033 tutela:
2927 3980 3267 4051 protectione

1682 4067 1991 4137 persistere.
2017 4065 2367 4121 Przeseutium
2397 4067 2581 4139 itaque
2610 4069 2911 4125 litterarum
2936 4071 3267 4126 auctoritate

1684 4158 2058 4213 interdicimus
2095 4175 2164 4214 ne.
2206 4173 2311 4228 qua
2347 4159 2732 4216 Ecclesiastica
2764 4161 3111 4219 szecularisve
3146 4181 3267 4236 per.

1682 4265 1815 4306 sona
1844 4249 2093 4304 eumdem
2125 4248 2293 4305 lilium
2327 4259 2570 4306 nostrum
2610 4254 2675 4308 de
2697 4254 2969 4324 pnediclm
3001 4246 3285 4328 procme

1684 4350 1818 4396 tura:
1844 4340 2106 4395 beneﬂcio
2134 4341 2438 4411 inquietare
2466 4351 2775 4412 praesumat.
2810 4362 2833 4395 ι

1754 4431 1904 4487 Inter
1933 4442 2124 4487 caetera
2150 4422 2281 4488 vero
2307 4432 2538 4503 benigne
2559 4442 2832 4504 gestorum
2866 4434 2982 4503 ejus
3009 4436 3263 4509 insignia,

1681 4523 1769 4578 vir
1792 4524 2033 4579 honestat
2057 4526 2181 4579 vita:
2211 4535 2265 4578 et
2313 4541 2410 4594 per
2436 4536 2627 4581 cuncta
2667 4526 2953 4581 laudabilis
2975 4529 3264 4583 ecclesiam

1682 4614 1856 4668 sancti
1887 4614 2129 4680 Eusebii,
2160 4615 2301 4685 apud
2328 4629 2489 4683 quam
2516 4616 2901 4670 canoniCot-um
2947 4626 3265 4672 nostrorum

1680 4715 1843 4775 atque
1870 4705 2216 4761 servientium
2247 4716 2460 4761 constat
2503 4706 2615 4760 fore
2643 4704 3005 4775 sepulturam,
3039 4711 3265 4765 canoni-

1681 4812 1868 4852 corum
1902 4796 2224 4867 rcgnlarium
2253 4812 2374 4850 esse
2413 4797 2715 4860 constituit,
2736 4808 2790 4852 et
2818 4798 3113 4868 probabilis
3142 4801 3270 4859 vita

1682 4888 1880 4943 fratres
1921 4890 2021 4942 sub
2078 4889 2320 4960 prioratu
2363 4891 2428 4943 de
2475 4891 2686 4944 abbatiu
2734 4893 2917 4960 plures
2945 4891 3144 4948 ibidem
3177 4912 3274 4967 poo

1682 4979 1792 5034 sttit
1816 5019 1830 5042 ,
1863 4979 2060 5049 quibus
2084 4989 2139 5035 et
2180 4981 2523 5050 prtebcudam
2572 4983 2817 5038 cauoaici
2870 4986 3042 5039 nostri
3075 4985 3274 5037 mortui

1682 5084 1781 5141 per
1800 5085 2002 5123 annum
2045 5071 2159 5124 dari
2192 5072 2397 5126 studuit
2420 5113 2437 5139 ,
2470 5090 2592 5129 cum
2631 5086 2901 5127 consensu
2933 5075 3102 5127 totius
3138 5071 3272 5125 clcri

1681 5173 1737 5219 et
1764 5164 1970 5235 populi,
1994 5165 2283 5221 assisteute
2313 5178 2367 5222 et
2410 5171 2750 5223 collaudante
2791 5167 3024 5219 llerveio
3080 5163 3274 5218 N.vcr-

1682 5259 1930 5312 ueusiutn
1960 5261 2236 5329 episcopo,
2270 5258 2431 5326 hujus
2459 5273 2657 5317 nostra:
2688 5255 2932 5312 ecclesiae
2964 5253 3229 5310 canonico
3248 5292 3269 5317 ,

1680 5358 1737 5396 ut
1769 5360 1823 5396 et
1849 5350 1948 5396 insi
1994 5352 2269 5396 muniat-es
2301 5353 2476 5396 sancti
2510 5354 2664 5396 Romi
2689 5351 2723 5396 ii
2754 5346 3006 5396 canonici
3042 5359 3138 5396 nro
3174 5359 3268 5396 tto-
