3904 5396
575 284 670 339 ΞΜ
1610 272 1930 329 ηουολιι
1941 269 2002 325 Di
2037 267 2188 326 CAN

2298 267 2360 321 CI
2403 267 2748 323 REIIENSIS
3723 270 3799 331 IS!

578 409 699 465 pter
747 393 1135 450 innnanitatem
1189 390 1378 446 letoris
1413 390 1590 443 nullus
1622 388 1688 442 ad
1727 402 1850 443 cum
1899 374 2158 443 accedere
2186 389 2232 445 Λ
2265 400 2394 439 nere
2433 422 2448 451 ,
2495 384 2721 440 claudus
2765 385 2986 457 quidam
3018 427 3033 449 ,
3070 387 3139 441 de
3175 402 3283 457 quo
3329 385 3441 455 jam
3491 404 3651 458 supra
3690 405 3801 446 retu-

579 496 778 558 ruisset,
810 483 1173 538 miserrimam
1200 484 1365 537 vitam
1393 477 1689 534 miserabili
1715 480 1940 534 decessu
1967 475 2159 530 linivit.
2266 475 2428 532 limus
2462 518 2478 540 ,
2536 479 2736 532 virtute
2804 478 2985 532 divina
3044 489 3264 533 erectus
3301 518 3317 543 ,
3377 488 3433 534 et
3491 480 3803 537 incolumitati

1193 569 1423 625 CAPUT
1463 568 1553 623 XI.
2265 577 2350 621 est
2377 569 2676 623 restitutus.
2716 567 2813 624 Ubi
2861 584 2985 623 cum
3022 569 3222 625 multus
3268 570 3566 627 haberetur
3600 575 3805 643 populus,
3840 560 3883 643 Γ

944 662 1023 718 De
1049 665 1338 732 pratsulam
1366 660 1546 713 ciomni
1579 657 1810 733 Heriuei.
2267 655 2443 709 turbis
2497 656 2734 725 undique
2781 656 3209 723 conﬂuentibus,
3259 659 3488 729 principi
3536 660 3809 731 Burgundio:

650 754 910 826 Sequitur
931 754 984 809 in
1002 754 1316 823 pontilicatu
1343 751 1599 806 lleineusi
1622 750 1855 805 domnus
1878 748 2165 813 Ileriveus,
2266 742 2541 802 Richardo
2569 747 2776 815 vagina:
2801 756 2937 800 auro
2964 757 3262 812 exornata,
3294 752 3636 821 gentmisque
3653 754 3809 809 decem

579 861 647 901 ex
676 846 797 899 aula
823 856 1039 914 quoque
1069 842 1209 912 regis
1234 842 1301 895 ad
1323 840 1696 909 episcopatum
1718 853 2051 907 assumptus,
2079 838 2187 893 vir.
2269 843 2352 891 ter
2370 837 2617 899 excultm.
2654 840 2885 908 agminis
2910 840 3177 895 densita'e
3212 843 3436 910 stipato.
3468 843 3814 915 abscinduntur

579 954 779 1009 genere
802 936 925 990 nobi
951 936 1017 998 is,
1052 950 1218 1004 nepos
1265 933 1516 988 videlicet
1560 948 1625 987 ex
1673 945 1862 988 sorore
1908 930 2168 986 llncbalili
2268 926 2522 982 abalteo.
2567 927 2716 995 Quas
2770 930 2990 999 quidam
3034 932 3341 1001 negotiator
3382 939 3598 1001 emptas
3642 947 3727 1001 per
3754 937 3813 991 di.
3846 920 3888 1009 Γ

581 1029 817 1092 comitis,
849 1027 939 1095 qui
979 1025 1195 1094 juvenis
1227 1026 1443 1094 quidem
1470 1025 1538 1077 ad
1574 1025 1720 1079 hunc
1759 1035 2046 1094 provectus
2086 1031 2170 1076 est
2268 1034 2424 1075 versa
2466 1021 2656 1075 detulit
2698 1022 2838 1086 fora,
2888 1038 2989 1077 nec
3042 1024 3240 1077 alicubi
3295 1026 3615 1080 venundare
3653 1028 3810 1095 potuit,
3852 1021 3885 1095 |1

586 1118 864 1180 honorem,
897 1114 1319 1183 exsequentibus
1368 1124 1423 1167 ct
1460 1114 1562 1167 rite
1610 1112 2016 1168 celebrantibus
2051 1111 2170 1185 ejus
2270 1112 2443 1166 donec
2481 1121 2601 1181 post
2645 1128 2845 1167 annum
2887 1115 2955 1166 ad
2997 1114 3246 1168 eumdem
3290 1114 3597 1183 principem
3632 1115 3681 1168 in
3719 1115 3817 1169 Bttr-
3852 1111 3887 1185 Γ

583 1206 974 1260 ordinationem
1001 1204 1211 1258 Ilicnlfo
1235 1202 1561 1258 Suessormn
1587 1203 1869 1272 episcOpo,
1907 1201 2171 1256 Dndilone
2269 1201 2524 1271 gundiam
2564 1200 2710 1273 [πει.
2742 1203 2795 1255 in
2833 1200 3159 1275 Burgundio]
3192 1204 3397 1267 retulit,
3440 1219 3582 1274 quas
3624 1205 3706 1260 ille
3725 1221 3815 1261 cum

585 1295 987 1357 (Lantcracensi.
1028 1293 1252 1365 Otgario
1284 1294 1663 1356 Ambianensi,
1702 1292 1980 1347 Maucione
2019 1291 2173 1346 C..ta-
2270 1292 2568 1361 gratiarum
2613 1291 2861 1355 actione,
2900 1302 2957 1347 et
2992 1292 3165 1346 sancti
3211 1293 3441 1363 Remigii
3484 1294 3816 1350 benedictione

587 1385 853 1449 launcnsi,
877 1384 1106 1440 Rodnlfo
1128 1383 1496 1448 Lauduncnsi,
1515 1382 1728 1439 Otl‘rido
1754 1382 2169 1446 Silvanectcnsi,
2273 1382 2497 1451 recepit.

586 1478 903 1546 exterisque
930 1477 1282 1532 dioecesaneis
1330 1490 1656 1531 consensum
1692 1476 2079 1544 pra-bentibus,
2117 1486 2172 1527 ct

587 1567 860 1622 decretura
911 1567 1070 1637 hujus
1117 1565 1478 1622 ordinationis
1529 1564 2026 1620 corroborantibus.
2069 1564 2172 1630 Qui

588 1674 710 1713 mox
743 1657 865 1713 huic
890 1658 1023 1712 adeo
1054 1658 1240 1729 gradui
1266 1674 1383 1713 sese
1409 1658 1664 1713 exhibere
1692 1659 1895 1712 stmluLt
1917 1658 2171 1723 habilctn,

586 1747 741 1811 bonis
763 1749 1013 1803 munibus
1056 1749 1304 1817 praebens
1351 1748 1664 1813 amabilem,
1704 1748 1836 1818 ipsis
1889 1749 2055 1805 etiam
2083 1764 2170 1804 se-
2201 1733 2248 1794 Β

589 1836 746 1891 nibus
797 1839 967 1891 imitat
992 1839 1157 1892 ilem:
1205 1838 1468 1908 benignus
1509 1848 1723 1893 amator
1766 1838 2005 1895 existens
2042 1854 2174 1909 pau-

588 1949 801 2003 perum,
834 1935 1013 2004 largus
1033 1932 1237 1988 solator
1266 1933 1665 2004 religiosorum,
1712 1932 2049 2000 multumque
2080 1932 2176 1986 mi-

590 2023 826 2077 sericors
874 2030 1147 2077 recreatur
1184 2021 1482 2090 lugentium
1514 2022 1876 2077 miserorum:
1918 2021 2178 2076 ecclesia-

592 2113 745 2179 sticis
789 2116 1030 2182 apprime
1077 2112 1367 2167 cantilenis
1421 2111 1670 2167 eruditus
1701 2151 1718 2174 ,
1759 2126 1826 2166 ac
1879 2110 2176 2182 psalmodia

2864 1514 3083 1572 (ΞΑΡυῖ
3130 1514 3265 1571 XIII.

2277 1625 2352 1681 De
2413 1627 2739 1700 reparatione
2796 1628 2954 1681 rastri
3006 1627 3264 1700 Mosomi,
3318 1628 3655 1700 aliarumque
3693 1634 3819 1686 tlui-

2523 1699 2721 1751 tionum
2760 1699 3131 1767 quarumdam,
3160 1698 3234 1752 vel
3260 1698 3627 1753 ecclesiarum.

3874 832 3885 863 1

3878 920 3888 953 ι

3880 1014 3887 1053 1

2344 1806 2726 1879 Hiefpontil'ex
2774 1819 3013 1864 castrum
3061 1807 3355 1863 Musonium
3399 1808 3673 1882 (Mausoli)
3706 1827 3822 1882 repa-
3874 1842 3895 1881 εκ

2277 1900 2407 1955 ratis
2455 1900 2647 1954 muniit
2694 1897 2886 1964 muris,
2935 1907 2991 1954 et
3038 1899 3327 1954 ecclesiam
3376 1900 3506 1954 inibi
3561 1901 3771 1956 dirutam
3802 1918 3822 1954 ι

2276 2006 2418 2046 novo
2451 1991 2796 2055 restauravit,
2828 2000 2991 2060 atque
3026 1990 3079 2045 in
3111 1991 3314 2046 honore
3347 2002 3561 2048 sancta:
3591 1991 3678 2047 Dei
3702 1992 3825 2049 Geui-

2279 2082 2452 2144 tricis,
2496 2093 2554 2136 ut
2592 2081 2718 2137 olim
2755 2081 2950 2146 fuerat,
3008 2081 3293 2148 dedicavit,
3343 2082 3629 2138 collocatis
3648 2082 3710 2156 Li.
3750 2083 3828 2137 ωι-
3874 2076 3897 2153 In

546 2246 549 2251 .
592 2205 918 2274 pra-cipuus.
967 2213 1023 2258 et
1052 2203 1209 2271 hujus
1257 2204 1644 2260 exercitatione
1673 2203 1957 2268 limitatus,
1998 2204 2178 2257 animo

596 2295 855 2366 vultuque
874 2295 1164 2366 jucundius,
1196 2296 1377 2351 suavis
1429 2305 1594 2365 atque
1641 2296 1976 2359 mitissimus,
2000 2295 2179 2349 muni-

595 2401 701 2457 quo
731 2386 974 2441 bonitate
1009 2387 1350 2455 conspicuus,
1396 2397 1553 2456 pater
1595 2385 1750 2449 cieri,
1804 2394 1968 2455 atque
2014 2385 2180 2441 totius

591 2477 771 2549 popttli
799 2477 919 2548 pius
945 2486 1203 2549 patronus
1226 2496 1240 2533 :
1266 2478 1452 2534 tardus
1473 2479 1540 2533 ad
1569 2478 1931 2542 irasrendum,
1951 2489 2007 2535 et
2024 2478 2180 2534 velox

594 2568 660 2621 ad
686 2567 1044 2621 miserandum
1074 2579 1285 2623 amator
1330 2568 1694 2624 Ecclesiarum
1744 2568 1859 2629 Dei.
1895 2578 1953 2623 et
1990 2568 2179 2623 fortis-

596 2657 763 2711 simus
792 2657 948 2712 ovilia
982 2657 1083 2712 sibi
1107 2658 1380 2713 commissi
1401 2675 1521 2715 cum
1555 2658 1648 2713 Dei
1683 2660 1886 2728 virtute
1904 2658 2177 2715 defensor.

596 2746 690 2800 Ile:
708 2748 817 2814 cpit
845 2747 1075 2815 denique
1113 2764 1199 2805 res
1221 2749 1461 2804 diversas
1485 2758 1538 2805 et
1565 2750 1719 2805 villas
1747 2749 2022 2814 ECI'ICSiiP.’
2046 2765 2185 2819 quas

598 2846 907 2892 antecessor
953 2853 1081 2893 suns
1117 2854 1211 2910 per
1262 2840 1540 2909 precarios
1589 2839 1703 2899 sive
1749 2840 2057 2909 prmstarias
2105 2840 2188 2895 di-

600 2927 771 2980 versis
827 2926 1131 2983 contulerat
1177 2929 1443 3000 personis.
1496 2929 1595 2985 Cui
1651 2930 1836 2987 sedula
1887 2931 2186 2986 intentione

600 3019 827 3073 sectattli
855 3018 1139 3090 Spiritalia,
1194 3004 1883 3079 aliiuenter'exubctabant
1920 3030 2186 3092 tempora-

2285 2173 2442 2250 latis]
2476 2176 2546 2231 ibi
2590 2176 2761 2231 sancti
2801 2174 3035 2231 Victoris
3069 2177 3301 2240 ossibus,
3340 2192 3457 2247 qua:
3497 2178 3648 2233 baud
3686 2179 3827 2249 procul
3878 2168 3887 2229 ζ

2278 2267 2346 2322 ab
2370 2285 2436 2323 eo
2479 2266 2694 2321 fuerant
2734 2266 2957 2322 cas1e|lo
2988 2277 3221 2338 reperta.
3264 2266 3623 2324 Munitioncm
3660 2284 3828 2340 quoque

2279 2359 2416 2429 apud
2443 2358 2788 2415 Codiciaetttn
2826 2356 3045 2429 (Coury)
3077 2367 3194 2414 toto
3226 2357 3344 2413 loco
3371 2360 3677 2425 constituit,
3705 2369 3829 2427 atque

2279 2450 2534 2507 ﬁrmavit.
2563 2450 2735 2505 Aliam
2773 2450 3125 2505 nihilominus
3150 2450 3503 2506 munitionem
3531 2453 3675 2521 apud
3703 2450 3828 2520 Spar-

2282 2556 2472 2597 nacum
2512 2556 2674 2610 super
2710 2540 2928 2595 ﬂuvium
2976 2539 3276 2597 Maternum
3312 2542 3643 2596 construxit.
3687 2542 3830 2596 Eccle.

2281 2629 2391 2684 sias
2428 2631 2589 2683 etiam
2637 2629 2939 2696 nonnullas,
2972 2644 3092 2699 qua:
3143 2630 3242 2684 sub
3281 2631 3661 2701 persecutione
3710 2631 3832 2687 Nou—

2282 2737 2603 2777 mannornm
2642 2722 2848 2776 'dirutze
2899 2721 3144 2786 fuerant,
3196 2722 3489 2778 restaurari
3538 2723 3671 2779 fecit
3713 2734 3835 2792 atque

2284 2812 2639 2868 consecravit.
2689 2813 2795 2866 Sed
2851 2811 2987 2866 etin
3047 2812 3258 2882 Vosago
3295 2812 3433 2867 inl'ra
3479 2814 3833 2883 possessionem

2284 2902 2424 2958 beati
2456 2901 2682 2973 Remigii
2713 2901 2998 2956 ecclesiam
3027 2905 3354 2967 construxit,
3382 2918 3448 2956 ac
3475 2920 3574 2973 per
3602 2919 3835 2959 assensum

2287 2995 2736 3067 Magontiaccnsis
2779 2995 3039 3066 episcopi,
3087 2996 3347 3066 depositis
3383 2997 3515 3052 inibi
3563 2998 3837 3069 pignoribus

603 3108 695 3173 lia,
724 3126 842 3180 quae
870 3086 981 3182 ipse
1010 3113 1232 3167 honesta
1281 3113 1624 3183 dispensabat
1666 3113 1969 3181 prudentia,
2002 3086 2180 3183 dispo-
2213 3103 2256 3164 C
2286 3086 2523 3183 f‘j'ls‘lc'“
2565 3088 2756 3151 ⁵²¹¹¹⁰¹ίν
2784 3088 3084 3183 ,ιεςιὲίεεινῖξ-
3119 3086 3304 3142 Remis
3343 3103 3563 3158 ‘I'mque
3594 3088 3836 3183 έθέῑθδξῖπη

604 3218 738 3257 tiens
763 3204 1195 3272 competentibus
1224 3205 1557 3275 cpiscopimn
1582 3204 2050 3271 ministerialilms,
2075 3207 2186 3277 ipse

605 3291 944 3346 orationibus
998 3292 1327 3347 incessanter
1380 3294 1635 3346 intentus.
1686 3294 1979 3362 iileiClIIlll‘
2030 3296 2190 3366 igitur

607 3372 859 3436 Ecclesue
894 3381 1101 3436 diversa
1137 3390 1293 3437 IlOlllS
1333 3381 1620 3436 uberrimis
1652 3391 1759 3436 tam
1791 3385 2003 3448 horrea,
2028 3400 2189 3453 quam

606 3471 973 3547 promptuaria
1022 3487 1035 3536 ;
1104 3471 1463 3542 disponuntur
1523 3480 1717 3525 cuncta
1776 3480 1885 3524 tum
1954 3472 2195 3527 rationa-

608 3560 806 3625 biliter,
840 3570 949 3614 tum
984 3560 1404 3616 misericorditer
1432 3559 1661 3630 praedia;
1711 3559 1803 3613 sed
1849 3569 1902 3614 ct
1948 3562 2189 3631 qumdam

610 3661 927 3724 reparantur
962 3651 1030 3706 ab
1066 3668 1150 3717 eo,
1183 3646 1261 3706 vid
1286 3651 1453 3706 ctiam
1500 3650 1853 3705 instituuntur
1881 3652 2190 3723 tntniicipia.

1219 3765 1444 3824 CAPIST
1483 3766 1595 3824 XII.

683 3858 757 3914 De
783 3855 1029 3912 relatione
1051 3857 1186 3912 beati
1217 3856 1429 3929 Remigii
1460 3861 1526 3911 ad
1555 3859 1926 3914 titanasterittm
1948 3875 2121 3913 suum.

682 3949 780 4005 Ilic
825 3948 1021 4020 praesul
1068 3962 1267 4018 corpus
1320 3947 1462 4002 beati
1497 3948 1748 4019 Remigii,
1784 3949 1926 4019 quod
1973 3962 2197 4002 eatenus

610 4039 667 4095 in
694 4041 912 4093 civitate
938 4037 1255 4093 servabatur
1284 4036 1515 4091 locatum
1547 4048 1668 4107 post
1716 4038 1889 4093 altare
1920 4038 2011 4091 Dei
2034 4036 2198 4092 Geni-

613 4129 768 4182 tricis
790 4126 1009 4196 majoris
1024 4126 1286 4190 ecclesim,
1324 4128 1389 4181 ad
1413 4127 1689 4183 basilicam
1716 4128 2005 4197 sepultura:
2031 4128 2199 4197 ipsius

613 4218 785 4273 sancti
822 4217 1029 4271 referre
1059 4215 1327 4286 dispOsuit
1358 4218 1469 4288 (un.
1502 4218 1626 4281 90!,
1666 4233 1717 4271 tv
1749 4215 1875 4270 Καί.
1898 4216 2195 4287 Januarii).

617 4311 748 4368 Erat
773 4318 953 4365 autem
990 4308 1222 4365 hiemale
1248 4318 1478 4379 tempus,
1513 4321 1565 4364 et
1593 4310 1660 4365 ad
1685 4309 2062 4365 celebrandam
2093 4309 2198 4365 Do-

616 4402 800 4460 minici
827 4400 1022 4458 natalis
1047 4391 1469 4467 Solemnitatem,
1502 4411 1609 4458 tam
1641 4418 1733 4457 rex
1759 4400 2013 4468 Karolus,
2036 4418 2196 4472 quam

617 4492 857 4549 nonnulli
883 4506 1135 4569 proceres
1161 4489 1277 4559 ejus
1324 4491 1378 4545 in
1412 4491 1552 4546 hanc
1581 4499 1950 4547 convenerant
1987 4492 2194 4547 urbem.

617 4584 862 4655 Cumque
892 4582 977 4639 his
1013 4582 1225 4648 diebus,
1245 4580 1428 4637 multis
1471 4582 1876 4638 imminentibus
1915 4582 2197 4646 imbribus,

618 4681 847 4736 nimium
871 4694 971 4750 per
1000 4687 1191 4744 totam,
1234 4685 1290 4732 et
1322 4676 1745 4748 circumquaque
1788 4678 2081 4733 haberetur
2122 4676 2204 4730 Iu-

624 4786 756 4838 tum,
786 4772 1049 4843 conqueri
1102 4769 1255 4825 multi
1285 4783 1501 4839 caepere
1530 4769 1763 4840 qualiter
1784 4769 1914 4824 illud
1954 4776 2200 4824 sanctum

621 4872 818 4934 corpus
864 4873 988 4917 tunc
1025 4860 1090 4915 ad
1142 4860 1315 4915 locum
1342 4859 1667 4916 destinatum
1703 4859 1944 4915 valerent
1987 4857 2196 4914 eﬂ‘erre.

624 4955 845 5012 Factum
870 4962 953 5008 est
991 4961 1192 5015 autem,
1252 4961 1311 5006 ut
1350 4963 1510 5008 nocte
1538 4962 1658 5023 post
1700 4963 2017 5010 sanctorum
2047 4952 2202 5007 Inno—

625 5029 860 5105 centium
886 5044 1084 5109 natale,
1107 5045 1260 5113 cujus
1288 5045 1605 5115 insequente
1632 5046 1719 5101 die
1744 5045 1792 5099 id
1828 5046 2008 5115 operis
2030 5045 2201 5114 dispo-

626 5138 855 5194 nebatur
881 5120 1111 5205 expleri,
1149 5132 1318 5187 Borea
1354 5149 1417 5188 es
1478 5135 1774 5203 improviso
1822 5135 1997 5188 media
2041 5142 2199 5187 nocte

628 5220 956 5297 insurgente,
990 5228 1154 5282 totius
1200 5228 1376 5283 subito
1398 5228 1538 5282 caeni
1576 5226 1845 5296 gelaretur
1871 5226 2201 5289 immanitas,

630 5302 701 5378 ita
742 5332 801 5378 ut
828 5321 974 5377 butni
1005 5318 1225 5387 limique
1269 5318 1495 5373 hutnore
1520 5317 1812 5379 desiccato,
1860 5330 1959 5384 per
2011 5313 2202 5381 glaciei

2291 3181 2342 3235 in
2371 3180 2575 3234 honore
2627 3178 2797 3233 sancti
2835 3170 3072 3249 Dienysii
3120 3188 3274 3232 extra
3312 3195 3529 3235 murum
3578 3180 3792 3235 civitatis
3816 3196 3836 3227 π

2290 3269 2565 3324 canonicis
2620 3269 2770 3323 urbis
2826 3278 3196 3323 constructam
3260 3270 3639 3331 co:secravit.
3688 3268 3764 3323 ubi
3803 3278 3842 3320 ct

2292 3362 2531 3415 membra
2581 3366 2890 3413 sanctorum
2948 3358 3091 3412 beati
3159 3358 3432 3428 Rigobcrti
3488 3361 3758 3430 episcopi,
3804 3368 3841 3410 ct

2292 3450 2461 3504 Sancti
2486 3447 2763 3503 'l‘lteodulli
2793 3448 3001 3504 abbat?s
3039 3450 3299 3502 servanda
3330 3450 3603 3518 deposuit.
3631 3449 3841 3521 Cryptnu

2293 3554 2507 3608 quoque
2550 3537 2650 3593 sub
2679 3538 2793 3608 ipsa
2823 3539 2950 3593 sede
2983 3538 3204 3605 majoris
3235 3538 3498 3603 ecclesiae,
3526 3556 3649 3611 qua:
3677 3543 3754 3594 diu
3775 3539 3844 3593 tel-

2297 3630 2412 3685 lure
2440 3638 2713 3685 manserat
2735 3629 2971 3700 oppleta,
3008 3629 3098 3685 ubi
3131 3630 3319 3685 beatus
3360 3629 3640 3702 lientigzus
3669 3641 3843 3686 secreto

2296 3738 2484 3793 preces
2518 3722 2624 3776 Deo
2656 3721 2879 3776 fundere
2910 3719 3083 3776 fertur
3123 3722 3448 3787 assuevis~e,
3493 3725 3847 3778 nmndatamct

2296 3812 2561 3868 excultum
2590 3812 2642 3865 in
2669 3812 2876 3867 honore
2907 3813 3075 3882 ipsius
3111 3814 3284 3868 sancti
3329 3814 3578 3883 praesulis
3605 3829 3848 3869 consecra-

2300 3904 2393 3959 vit.
2450 3902 2631 3957 Muhis
2670 3917 2883 3973 quoque
2927 3904 3164 3957 donariis
3214 3903 3538 3958 Remensem
3594 3905 3846 3960 Hrcle-siam

2300 3997 2628 4071 perornavit,
2655 3999 2869 4052 coronis
2903 3999 3171 4069 argenteis
3202 4010 3364 4071 atque
3389 4000 3744 4071 lampadibus.
3763 4011 3847 4054 tant

2304 4091 2517 4155 aureis,
2569 4105 2729 4159 quant
2785 4091 3084 4159 argenteis,
3132 4091 3475 4148 illuminavit.
3532 4093 3672 4149 Aliis
3713 4093 3846 4147 etiam

2305 4172 2449 4241 vasis
2478 4183 2757 4253 utriusque
2797 4180 2956 4250 lmjns
2996 4184 3217 4251 pretiosi
3259 4185 3495 4250 metalli,
3537 4187 3633 4241 sed
3661 4196 3710 4241 et
3734 4200 3849 4258 gem-

2302 4291 2441 4331 mets
2497 4271 2587 4348 [j,
2649 4268 3335 4346 gemmisjlocupletavit.
3395 4274 3625 4344 Insuper
3686 4284 3738 4332 et
3794 4273 3851 4327 al-

2305 4379 2418 4426 tare
2456 4370 2510 4425 in
2559 4371 2735 4425 medio
2777 4369 2925 4424 chori
2962 4372 3061 4425 sub
3106 4370 3312 4426 honore
3359 4381 3564 4429 sancta:
3610 4372 3854 4428 Trinitatis

2229 4451 2470 4525 Dediilit
2513 4471 2674 4532 atque
2718 4461 2940 4525 dicavit,
2997 4469 3052 4515 et
3103 4461 3302 4516 tabulis
3350 4473 3577 4535 argento
3621 4460 3855 4533 conpertis

2301 4550 2681 4606 circumdedit.
2711 4546 2939 4604 Crucem
2989 4563 3203 4618 quoque
3237 4547 3496 4618 majorem
3527 4567 3662 4606 auro
3695 4563 3854 4620 coope—

2306 4641 2434 4705 ruit,
2481 4648 2539 4695 et
2579 4638 2804 4710 gemmis
2850 4655 2972 4693 cum
3016 4639 3382 4695 sacrosanctis
3426 4641 3742 4711 pignoribus
3783 4644 3853 4693 «Iov

2307 4739 2494 4785 center
2514 4724 2808 4798 insignivit.
2829 4727 3174 4784 Ornamentis
3196 4729 3360 4783 etiam
3387 4728 3705 4786 bolnsericis
3722 4742 3852 4800 quam

2310 4819 2557 4892 plurimis
2601 4818 2798 4874 almam
2848 4817 3123 4873 decoravit
3170 4818 3371 4873 aulam.
3415 4819 3543 4874 Mihi
3588 4825 3856 4891 quoquect

2307 4911 2522 4967 caeteris
2568 4918 2675 4964 tam
2726 4908 2940 4963 clericis
2981 4909 3277 4973 canonicis,
3307 4925 3469 4981 quam
3500 4912 3783 4974 monachis,
3814 4918 3855 4962 et

2306 4998 2830 5063 sanetimonialibns,
2861 4998 3215 5068 omnibusque
3246 5016 3345 5071 pro
3377 5001 3605 5056 diversis
3631 5018 3746 5057 eum
3778 5016 3854 5071 pc.

2307 5094 2542 5147 tentibns
2570 5090 3054 5145 necessitudinibus
3082 5091 3245 5145 multa
3275 5092 3497 5161 largitus
3520 5105 3604 5150 est
3623 5094 3768 5151 bona.

2892 5206 3119 5262 CAPUT
3160 5209 3298 5266 XIV.

2348 5319 2424 5373 De
2454 5319 2793 5396 synodalibus
2821 5319 3297 5396 cortciliis‘lmbilis,
3326 5334 3373 5377 et
3408 5323 3830 5396 Nortmamiorm
