3904 5396
52 343 147 403 επ

614 336 961 397 HISTORle
1006 333 1361 393 ΕΟΕιΕΒΙᾸΞ
1402 331 1649 391 ΗΕΜΕΝῑ

1760 332 1971 389 -Ltsat
2009 328 2369 402 QUATUOR.
2412 362 2480 374 -
2523 328 2644 386 na.
2693 330 2779 386 tr.

3226 326 3333 385 ΞΜ

54 473 230 517 θυι-ωτι
262 455 556 511 salubriter
575 450 1344 524 eompetcuterqnelractavit.
1374 448 1445 503 0.:
1474 445 1635 499 Nort-
1670 449 1712 504 Α
1745 443 1814 500 ad
1854 444 2291 500 constituendum
2327 458 2508 512 regem
2552 442 2844 496 Robertum
2883 442 3022 512 apud
3055 441 3110 492 S.
3157 440 3340 496 [lead-

54 563 376 607 mannortttn
397 560 610 617 quoque
663 544 1023 614 mitigazioue,
1074 552 1237 607 atque
1279 537 1639 592 conversione

54 641 200 694 ralzle
229 638 523 703 laboravit,
548 637 721 692 donec
774 636 1010 697 tandem,
1063 642 1184 702 post
1241 631 1463 692 bellum,
1495 628 1639 698 quod

57 730 320 784 Robertus
340 742 525 781 comes
546 737 734 781 contra
767 740 863 780 eos
891 723 1231 780 Car..oteans
1261 722 1428 792 gessit
1455 721 1637 785 fiderit,

56 820 244 878 Christi
275 818 559 888 suscipere
589 827 937 888 receperunt,
969 814 1247 870 concessis
1275 814 1378 867 sibi
1425 813 1639 868 mariti-

60 913 151 969 mis
163 912 488 983 quibusdam
505 910 677 980 pagis,
699 924 824 963 cum
850 898 1301 972 Rotlumagensi:
1322 920 1489 974 quam
1505 918 1641 973 perm

59 1004 362 1058 deleverunt
392 1001 544 1064 urbe,
570 1010 623 1054 et
646 999 766 1054 aliis
788 999 963 1054 eidem
990 996 1270 1067 subjectis.
1319 994 1396 1048 Ad
1429 995 1643 1063 petitio-

62 1111 168 1150 nem
195 1109 418 1163 quoque
455 1091 709 1145 Wittonis
739 1103 866 1144 tunc
897 1082 1352 1159 Rozbomagensis
1379 1087 1640 1156 episcopi,

61 1184 269 1240 collecta
292 1199 365 1237 ex
399 1183 625 1237 diversis
646 1181 1063 1255 auctoritatibus
1089 1188 1396 1232 sanctorum
1422 1176 1642 1230 Patroni

64 1277 264 1345 triginta
295 1284 419 1328 tres
435 1272 666 1343 capitula
696 1271 929 1341 qualiter
952 1270 1050 1341 ipsi
1078 1269 1396 1325 Nortmanni
1420 1268 1640 1345 ttat-tari

64 1367 323 1428 deberent,
376 1365 553 1419 eidem
611 1364 1023 1432 archiepiscopo
1078 1361 1370 1431 delegavit.
1422 1360 1648 1429 Ιιιδιιιιιει·

65 1458 210 1513 etiam
242 1458 551 1511 Romanum
572 1455 881 1525 pontificem
905 1469 1069 1524 super
1092 1452 1459 1521 hujuscemodi
1483 1467 1648 1521 nego-

69 1551 134 1603 tio
145 1546 426 1603 consulere
438 1544 661 1601 studuit.
680 1544 759 1599 Ad
775 1541 929 1612 cujus
947 1543 1195 1598 consulta
1213 1557 1335 1612 qua:
1347 1542 1491 1595 circa
1515 1554 1644 1610 gen-

71 1640 128 1692 lis
141 1636 293 1707 hujus
321 1639 739 1692 conversionem
766 1636 1111 1705 exsequenda
1141 1634 1342 1697 forent,
1370 1633 1647 1687 insinuare

71 1748 161 1787 non
185 1731 411 1786 destitit.
449 1730 733 1801 llungarus
767 1743 984 1801 quoque
1032 1743 1256 1799 regnum
1295 1726 1647 1781 Lothariense

70 1823 515 1892 deprazdantibus,
542 1823 666 1875 dum
688 1819 919 1875 Karolus
935 1834 1191 1889 proceres
1222 1817 1551 1871 Francorum
1585 1815 1638 1869 itt
1672 1801 1718 1862 Β

75 1915 302 1968 auxilium
331 1913 439 1968 sibi
474 1922 662 1967 contra
694 1920 908 1982 gentem
933 1911 1104 1978 ipsam
1127 1913 1471 1967 convocaret,
1496 1904 1644 1959 solus

76 2003 344 2074 hicpraesul
368 2017 440 2056 ex
470 2002 722 2057 onmibus
766 1999 914 2070 regni
944 1999 1103 2065 hujus
1149 1995 1486 2068 primatibus.
1519 2010 1641 2048 cum

77 2100 169 2152 suis
184 2108 387 2152 tantum
405 2097 462 2152 in
477 2095 845 2152 defensionem
865 2095 1118 2150 Ecclesiae
1134 2095 1224 2149 Dei
1247 2094 1356 2160 regi
1379 2090 1661 2149 occurrit.-

78 2189 520 2246 lubeasarmatos
538 2203 721 2245 secum
745 2186 865 2259 (ceu
901 2185 1096 2257 fertur)
1120 2185 1264 2240 mille
1292 2186 1641 2256 quingentos.

656 2277 886 2333 CAPUT
925 2276 1040 2332 XV.

160 2370 228 2426 De
265 2369 457 2426 Κατοιὲ
493 2372 625 2440 regis
663 2387 697 2425 α
732 2369 843 2424 suis
880 2368 1115 2423 derelicti
1152 2368 1545 2421 smtenlatione.

139 2462 378 2533 Sequenti
413 2477 547 2517 vero
571 2475 713 2515 anno
739 2459 909 2530 (920),
940 2474 1063 2513 cum
1092 2473 1227 2528 pene
1262 2458 1439 2512 cuncti
1474 2456 1646 2510 Fran-

84 2568 237 2607 corum
263 2552 556 2623 optimates
571 2553 710 2622 apud
732 2551 922 2605 urbem
946 2548 1322 2604 Suessonicam
1348 2565 1376 2601 a
1408 2563 1530 2619 rege
1551 2564 1649 2601 suo

88 2644 248 2698 liarolo
283 2643 689 2709 desciscentes,
740 2651 962 2715 propter
1007 2640 1352 2713 llaganonem
1394 2639 1648 2695 consilia-

90 2738 198 2790 rium
241 2752 427 2802 suum,
478 2751 638 2806 quem
695 2737 761 2791 de
808 2735 1171 2791 mediocribus
1203 2735 1432 2789 electum
1488 2748 1651 2799 super

88 2846 245 2885 omnes
270 2831 548 2901 principes
576 2829 829 2885 audiebat
856 2838 910 2883 et
935 2828 1257 2891 honorabat,
1286 2842 1408 2879 cum
1439 2827 1652 2895 penitus

94 2920 424 2989 reliquissent,
457 2921 547 2975 hic
584 2919 823 2989 pontifex
856 2917 1027 2973 fidelis
1059 2927 1116 2972 et
1143 2918 1261 2988 pius
1288 2928 1448 2986 atque
1494 2917 1655 2971 rubu-

91 3022 183 3067 stus
199 3012 247 3066 in
266 3011 523 3082 periculis
534 3024 750 3079 semper
764 3010 1002 3064 existens
1020 3048 1035 3072 ,
1056 3023 1232 3079 regem
1264 3007 1562 3077 intrepidus
1584 3007 1653 3058 ab

93 3106 374 3161 codemloco
398 3105 725 3174 suscipiens,
750 3105 1092 3157 adimetatnm
1119 3117 1276 3157 suum
1292 3101 1504 3155 deduxit
1527 3117 1543 3164 ;
1577 3101 1654 3153 iu-

95 3193 233 3263 daice
245 3211 420 3249 secum
444 3210 476 3247 a
500 3204 514 3246 t
545 3196 734 3247 urbem
758 3192 1083 3246 Remeusem
1115 3191 1390 3261 perduxit,
1414 3205 1509 3258 per
1531 3208 1652 3259 sep-

98 3294 177 3337 tcm
202 3284 304 3340 fere
326 3300 545 3341 menses
563 3300 685 3339 eum
711 3292 1031 3354 prosecutus
1051 3291 1216 3351 atque
1237 3282 1527 3337 comitatus
1548 3292 1623 3335 cst
1637 3320 1655 3345 ,

99 3377 235 3434 donec
252 3379 320 3434 illi
349 3379 582 3434 comites
623 3392 771 3441 suos,
791 3377 1149 3443 eunulemque
1182 3389 1348 3445 regno
1389 3374 1650 3428 restituit.

647 3486 875 3543 CAPUT
917 3485 1059 3541 XVI.

102 3576 157 3631 De
174 3577 419 3634 Erlebaldi
435 3579 644 3634 comitis
660 3578 1213 3641 excommunicatioue,
1239 3586 1286 3632 et
1307 3576 1650 3633 absolutione.

154 3672 631 3747 Excomtmmicavit
666 3674 750 3728 hic
792 3671 985 3741 prtcsul
1026 3671 1366 3725 Erlcbaltlum
1399 3671 1653 3726 comitem

102 3763 418 3821 Castricensis
450 3767 573 3836 pagi
594 3806 612 3833 ,
645 3777 865 3836 propter
916 3761 1201 3817 Remensis
1234 3762 1493 3833 episcopii
1544 3771 1653 3817 ter-

107 3872 196 3910 ram
235 3873 388 3928 quam
413 3868 755 3930 pervaserat,
779 3857 1325 3925 ibiquetnunititmetn
1359 3854 1650 3924 quamdam

105 3951 437 4021 superlosam
472 3962 874 4015 construxerat,
906 3951 1137 4021 indeque
1155 3949 1455 4020 frequentia
1478 3950 1650 4006 eccle-

106 4045 296 4101 siasticze
323 4046 545 4102 familiae
572 4046 1036 4116 malaingerebat.
1077 4045 1300 4113 Insuper
1327 4053 1383 4098 et
1412 4052 1651 4098 castrum

105 4136 403 4196 Altimontem
442 4139 632 4195 furtim
655 4139 945 4211 irruperat.
985 4139 1092 4195 Sed
1121 4153 1244 4193 eum
1270 4153 1371 4194 nec
1417 4138 1490 4193 ita
1527 4153 1649 4192 ces-

108 4239 219 4284 saret
253 4248 280 4286 a
309 4233 465 4289 malis
511 4247 633 4302 quae
678 4240 940 4301 cmperat,
996 4231 1175 4303 pergit
1213 4229 1654 4302 archiepiscopus

111 4335 203 4374 cum
225 4323 327 4378 suis
347 4325 411 4378 ad
446 4324 766 4394 capiendam
801 4324 1178 4388 munitionem,
1207 4339 1370 4394 quam
1404 4323 1490 4378 ille
1525 4339 1657 4378 con-

111 4422 335 4468 struxerat
356 4454 371 4470 .
393 4413 765 4485 Maceriasque
803 4413 1083 4482 (Mnsiéres
1107 4431 1199 4469 sur
1236 4413 1289 4468 Ia
1323 4413 1527 4486 Mense)
1554 4429 1653 4469 no-

1742 534 1888 607 gium
1936 534 2250 606 congregati
2283 542 2487 599 essent,
2535 533 2675 588 idem
2704 533 3161 604 archiepiscopus.
3215 532 3335 587 lan-

1740 641 1908 696 guorc
1932 627 2240 695 depressus,
2261 626 2372 679 vita
2395 624 2653 686 drccssit.
2672 625 2831 678 tertia
2845 624 2933 678 die
2962 624 3169 679 scilicet
3195 632 3341 696 post-

1741 731 1904 785 quam
1949 715 2219 770 llobertus
2264 731 2356 769 rex
2396 712 2571 768 factus
2612 712 2806 778 fuerat,
2856 723 3050 783 quarto
3080 729 3210 768 vero
3252 714 3339 769 die

1743 813 2034 875 antequam
2077 804 2390 859 vicesimum
2438 803 2734 859 secundum
2774 802 2856 857 sui
2884 804 3223 872 episcopatus
3244 818 3341 856 ex-

1741 896 1912 967 pleret
1932 913 2154 951 atnnnn.
2179 896 2418 970 Contigit
2444 904 2624 950 autem
2648 904 2707 950 ιιι
2737 896 2849 965 ipsa
2874 896 2961 951 die
2982 896 3061 949 sui
3084 897 3340 950 decessus

1743 986 1926 1057 plures
1951 987 2042 1056 qui
2075 988 2411 1040 advenerant
2447 986 2710 1054 episcopi,
2737 984 3056 1041 llemensem
3086 985 3338 1056 ingrede-

1747 1090 1938 1138 rentur
1974 1082 2191 1145 urbem,
2237 1081 2441 1152 quiqne
2487 1080 2651 1136 funus
2680 1079 2849 1151 ipsius
2869 1079 3045 1150 dignis
3070 1078 3343 1147 exsequiis

1745 1174 2107 1235 celebrantes,
2136 1190 2261 1228 cum
2286 1174 2523 1228 maximo
2543 1189 2791 1237 suorum,
2819 1173 2914 1229 sed
2948 1181 3002 1228 et
3029 1180 3339 1227 exterarum

1746 1265 1915 1331 luctu,
1945 1264 2158 1320 decenti
2184 1265 2457 1321 tradidere
2485 1263 2801 1334 sepulturae.

2314 1375 2545 1432 CAPUT
2590 1375 2771 1429 XVI".

2078 1470 2155 1526 De
2190 1472 2516 1525 successione
2554 1468 2718 1539 Scal/5
2757 1469 3005 1540 epierpt'.

1780 1610 1787 1615 .
1817 1562 2094 1619 Successit
2116 1563 2240 1617 huic
2274 1561 2486 1632 praesmi
2520 1561 2757 1625 Seulfus,
2784 1563 2874 1631 qui
2910 1569 3036 1617 tunc
3065 1559 3216 1617 urbis
3236 1561 3343 1617 hu-

1743 1651 1832 1721 jus
1847 1651 2152 1707 ministerio
2166 1651 2493 1722 fungebatur
2507 1665 2534 1704 a
2546 1648 3011 1705 rchidiaconatns:
3033 1650 3114 1705 vir
3128 1661 3237 1705 tam
3250 1666 3342 1707 ec-

1749 1744 2089 1808 clesia~t'cis,
2116 1758 2277 1814 quam
2308 1741 2660 1797 saecularibus
2691 1740 2974 1810 discipulis
3004 1741 3344 1798 sufﬁcienter

1748 1838 2075 1893 instructus:
2094 1836 2294 1907 quique
2319 1836 2458 1906 apud
2486 1834 2789 1907 Remigium
2807 1833 3336 1891 Autissiodurenscm

1745 1930 2065 2001 magistrum
2101 1928 2155 1984 in
2206 1928 2519 1984 liberalibus
2564 1927 2802 1983 studium
2852 1926 3074 1983 dederat
3111 1927 3337 1984 artibus.

1746 2019 1863 2089 Quo
1891 2035 1989 2091 per
2010 2033 2333 2076 consensum
2385 2028 2440 2073 et
2492 2018 2792 2089 iussionem
2839 2015 3061 2072 Robcrti
3100 2018 3241 2088 regis
3271 2016 3340 2073 ab

1745 2112 1969 2169 Abbone
1996 2112 2324 2169 Snessonico
2345 2152 2360 2172 .
2392 2110 2714 2182 exterisque
2737 2109 3024 2165 Bernensis
3050 2110 3341 2179 provincia:

1745 2205 2070 2277 praesulibus
2094 2204 2345 2260 ordinato
2374 2203 2653 2272 episcopo,
2683 2200 2847 2257 delati
2876 2210 3003 2255 sunt
3031 2197 3147 2257 Odo
3175 2200 3342 2256 frater

1747 2299 2019 2369 quondam
2066 2296 2281 2352 llerivei
2313 2294 2708 2365 archiepiscopi
2736 2334 2751 2357 ,
2782 2301 2837 2349 et
2873 2291 3135 2348 lleriveus
3174 2292 3357 2363 nepos

1750 2391 1919 2462 ipsius
1964 2392 2103 2460 apud
2153 2391 2403 2446 eumdem
2457 2389 2762 2460 pne-sulem,
2810 2384 2953 2457 quod
3000 2386 3336 2447 ﬁdelitatem.

1749 2498 1910 2552 quam
1932 2483 1980 2538 ei
2011 2483 2395 2553 promiserant,
2424 2480 2646 2536 minime
2687 2488 2994 2534 servarent.
3020 2479 3133 2546 Qua
3163 2478 3229 2532 de
3253 2492 3336 2542 re,

1749 2576 1873 2647 quia
1898 2576 2135 2630 nolueru
2164 2574 2270 2629 tad
2301 2573 2627 2629 reddendam
2650 2571 2834 2626 venire
2860 2571 3122 2624 rationem
3153 2584 3336 2623 coram

1751 2672 1937 2725 eodem
1971 2668 2245 2739 pontiﬁce,
2274 2666 2359 2721 vel
2387 2665 2647 2737 singulari
2694 2665 2993 2720 certamine
3022 2679 3144 2718 cum
3182 2678 3343 2717 accu-

1753 2763 2024 2819 satoribus
2045 2762 2356 2824 decernere,
2383 2758 2612 2815 sublatis
2633 2758 2733 2812 sibi
2764 2756 3018 2812 ECCleSlil‘
3047 2742 3345 2827 possessio-

1755 2857 1914 2912 nibus
1936 2898 1950 2921 ,
1978 2871 2112 2925 quas
2136 2853 2320 2924 plures
2346 2867 2412 2908 ex
2440 2852 2546 2906 boc
2576 2851 2882 2905 retinebant
2914 2849 3188 2919 (-piscopio
3206 2890 3221 2913 ,
3249 2863 3348 2918 per

1754 2947 2099 3003 lleribertnm
2131 2945 2385 2998 comitem
2415 2942 2629 2996 deducti
2655 2951 2779 2995 sunt
2807 2941 2872 2995 ad
2906 2939 3203 2994 Robertum
3232 2937 3341 2993 Rc-

1756 3056 1914 3112 gem,
1953 3047 2007 3092 et
2049 3038 2148 3090 sub
2194 3034 2435 3089 custodia
2471 3049 2645 3104 usque
2686 3033 2750 3087 ad
2781 3041 3007 3086 mortem
3044 3031 3187 3102 regis
3216 3030 3349 3086 Rot-

1762 3131 1920 3194 berti,
1949 3131 2065 3186 0.!o
2091 3129 2307 3198 quidcm
2346 3141 2512 3198 penes
2561 3125 2808 3180 eumdem
2842 3121 3206 3188 lleribertum,
3236 3120 3346 3176 lle-

1699 3203 1726 3223 ⁴
1760 3222 1940 3277 rivcns
1971 3235 2098 3273 vero
2120 3217 2359 3271 Parisios
2388 3212 2589 3269 detenti
2615 3221 2757 3266 sunt.
2784 3210 2980 3266 Fertur
3010 3221 3188 3266 autem
3220 3204 3362 3265 tunc'

1759 3314 1827 3368 ab
1869 3315 1969 3367 hoc
2022 3310 2426 3378 archiepiscopo
2451 3348 2464 3369 ,
2496 3314 2551 3360 et
2580 3321 2607 3358 a
2655 3302 2982 3359 consiliariis
3027 3302 3162 3365 suis,
3195 3300 3349 3356 lleri-

1757 3405 1916 3459 berto
1964 3402 2149 3456 comiti
2184 3402 2490 3468 depactum,
2515 3397 2579 3451 de
2623 3394 2886 3450 electione
2914 3392 3006 3447 lilii
3040 3392 3121 3447 sui
3161 3392 3213 3446 in
3245 3391 3349 3446 hac

1758 3495 1885 3549 sede
1922 3508 2021 3563 pro
2069 3491 2448 3562 prwdiclorum
2480 3485 2717 3540 virorum
2748 3483 3080 3554 expulsione.
3127 3481 3224 3535 llic
3257 3481 3349 3535 tle-

1758 3590 1924 3659 nique
1950 3585 2145 3658 pnesnl
2178 3585 2383 3656 legatos
2433 3579 2591 3651 hujus
2635 3579 2891 3635 Ecclesiae
2939 3577 3168 3632 Romam
3212 3575 3346 3631 diri‘

1757 3695 1912 3752 gens,
1942 3693 2040 3749 pro
2089 3690 2358 3732 consensu
2406 3686 2559 3743 papa:
2592 3669 2818 3726 Joannis
2848 3668 3030 3739 (Joan.
3062 3666 3135 3740 Χ)
3186 3669 3237 3722 in
3268 3683 3352 3720 or-

1757 3748 2032 3826 dinatione
2059 3754 2178 3833 sua,
2212 3766 2430 3837 pallium
2461 3764 2529 3817 ab
2551 3764 2740 3817 eodem
2772 3748 2876 3817 sibi
2915 3760 3229 3816 missionem
3258 3758 3348 3814 lito

1760 3862 1891 3916 teris
1930 3859 2193 3930 privilegii
2221 3856 2379 3925 hujus
2403 3854 2549 3909 sedis
2569 3855 2827 3929 suscepit.
2917 3857 2922 3861 ’

2351 3969 2581 4025 CAPUT
2621 3968 2759 4023 XIX.

1756 4062 1833 4117 De
1862 4065 2059 4134 synodo
2086 4079 2244 4133 quam
2274 4061 2489 4144 habuit,
2530 4073 2576 4144 et
2622 4060 2823 4114 ca'teris
2867 4057 3086 4125 actibus,
3131 4056 3210 4113 rel
3245 4057 3352 4129 [inc

2468 4150 2651 4203 ipsius.
3346 4175 3353 4182 .

1827 4225 1926 4280 llic
1948 4225 2115 4280 etiam
2142 4225 2405 4297 synodum
2430 4226 2619 4281 habuit
2640 4222 2819 4297 (92$),
2851 4224 2903 4279 in
2942 4222 3066 4279 villa
3105 4221 3352 4279 Trosleio

1755 4331 1879 4372 cum
1903 4315 2171 4386 episcopis
2194 4313 2482 4371 Rentensis
2502 4315 2822 4381 dimccscos,
2856 4314 2944 4370 ubi
2976 4312 3200 4369 adfuere
3221 4328 3355 4368 non-

1762 4407 1891 4463 nulli
1919 4421 2135 4478 quoque
2163 4405 2393 4462 comites
2423 4424 2438 4460 :
2478 4406 2531 4460 in
2556 4420 2660 4476 qua
2691 4413 2746 4460 et
2773 4404 2923 4461 Isaac
2955 4418 3138 4461 comes
3167 4404 3234 4458 ad
3260 4412 3357 4459 sao‘

114 4503 326 4557 minabat.
355 4502 529 4571 Quam
560 4520 657 4573 per
693 4512 923 4573 quatuor
948 4519 1084 4574 pene
1119 4504 1485 4558 hebdomadas
1508 4503 1654 4558 obsi-
1687 4530 1734 4590 D
1762 4498 2125 4555 tisfactionem
2154 4498 2303 4552 venit
2348 4512 2444 4568 pro
2472 4496 2557 4551 bis
2577 4537 2592 4561 ,
2624 4510 2745 4565 qum
2782 4508 2949 4566 prave
3006 4505 3325 4565 perpetrave

114 4592 233 4657 deus,
270 4595 552 4651 deserente
598 4601 809 4650 tandem
854 4595 997 4651 illam
1052 4596 1356 4660 Erlebaldo,
1403 4596 1566 4667 cepit,
1600 4604 1659 4651 et

117 4682 345 4753 dispositis
367 4688 497 4744 inibi
538 4686 802 4743 custodiis
830 4686 1013 4742 Remis
1037 4687 1217 4743 rediit.
1244 4686 1317 4742 At
1337 4686 1655 4743 Erlebaldus

117 4774 342 4834 traiectus
390 4777 458 4833 ad
507 4793 711 4848 regem,
754 4777 846 4847 qui
894 4786 1024 4832 tunc
1054 4777 1371 4832 morabatur
1421 4777 1477 4831 itt
1515 4792 1655 4848 pago

117 4858 444 4923 Warmaceasi
483 4878 674 4922 contra
708 4866 1000 4921 llenricum
1034 4867 1333 4936 principem
1356 4865 1652 4921 Transrhe-

121 4966 314 5021 ucttsetn,
340 4960 532 5013 ibidem
567 4958 636 5012 ab
658 4959 903 5012 hostibus
927 4958 1067 5027 regis
1096 4959 1197 5013 sibi
1233 4957 1658 5025 supervenienti-

121 5040 201 5097 bus
238 5046 579 5119 interemptus
623 5058 726 5104 est.
769 5048 939 5114 Quem
997 5057 1177 5104 tamen
1216 5050 1558 5117 postmodum
1608 5049 1663 5103 in

721 5139 1054 5164 'l‘...s..l....2-----
1100 5142 1239 5164 ε-1..-...
1294 5143 1391 5164 .Ι....

173 5138 281 5164 ..ι-..Ι-
320 5157 466 5164 -.---..
534 5142 672 5164 ..-αμΙ
721 5139 1054 5164 Ψ...,..Ι....Σ-----
1100 5142 1239 5164 ε-ι..-...
1294 5143 1516 5164 .Ι.........ν-
1569 5156 1632 5164 -.ι

1763 4598 1849 4647 rat
1876 4589 2135 4644 adversus
2170 4587 2467 4643 Ecclesium
2510 4586 2929 4649 Camarcnsem,
2957 4586 3226 4656 quoddam
3251 4598 3360 4637 ‘ca-'

1767 4682 1980 4739 stellam
2035 4680 2297 4751 Stephani
2348 4677 2595 4748 praesulis
2643 4676 2884 4744 ejusdem
2937 4674 3123 4739 urbis,
3161 4672 3350 4729 dolosa

1766 4773 2215 4845 comprehensum
2249 4768 2587 4841 pervasione,
2616 4766 2966 4822 succendens.
2995 4764 3101 4820 Pro
3139 4779 3246 4833 quo
3274 4762 3353 4816 fac

1764 4870 1951 4926 cinore
1980 4867 2205 4921 vadatus
2236 4866 2289 4920 in
2321 4865 2424 4919 hac
2454 4865 2682 4935 synodo,
2710 4870 2926 4916 centum
2959 4859 3114 4917 libris
3142 4858 3359 4930 argenti

1764 4971 1992 5031 pacatur
2019 4974 2141 5014 cum
2183 4956 2408 5028 praefato
2438 4953 2719 5024 Stephano
2757 4953 3048 5024 episcopo,
3076 4954 3355 5025 satagente

1766 5051 2073 5116 Hariberto,
2113 5057 2168 5102 et
2196 5047 2319 5103 aliis
2347 5046 2438 5117 qui
2471 5048 2699 5102 aderant
2747 5043 2994 5102 Francia:
3045 5040 3353 5101 comitibus.

1844 5159 1862 5164 ρ
1905 5140 2101 5164 -μ-ιΑ---.1
2142 5138 2529 5164 -..ι.-...σ.1ιι.ιζι.-.-
2565 5136 2731 5164 ληιιλοζ
2760 5135 2993 5164 ηιιιειῖκξξ
3059 5150 3177 5164 ι-οιηὶ
3215 5147 3241 5164 ,Ι
3268 5135 3361 5164 Iid‘
