3904 5396
508 189 614 257 295

1480 230 1492 243 .
1586 184 1853 245 FLODOA
1870 184 1981 241 RDI
2016 182 2338 245 CANONIGI
2376 183 2724 275 ιιῳιεκειδ

3681 191 3773 249 Ili

505 301 650 373 quod
678 316 813 373 Opus
839 307 1013 356 morte
1034 278 1342 369 pt'a'veutus
1362 297 1585 368 explere
1602 298 1874 369 nequivit.
1900 295 2099 358 Fertur

2213 305 2295 352 tur
2313 297 2385 353 ab
2400 261 2534 367 ipso,
2550 300 2787 370 synodus
2800 266 3136 369 (Trodeimis
3147 262 3242 354 an.
3263 300 3505 365 99.7)‘sex
3518 301 3775 372 epistolas

504 400 685 447 autem
731 394 1187 461 veneno'potatus
1217 406 1246 444 a
1285 389 1600 447 domesticis
1634 389 1714 444 vel
1743 384 2100 445 laittiliaribus

506 483 773 541 Ilerfbcrti
804 484 1019 541 comitis
1048 484 1211 538 vitam
1248 481 1457 537 linisse.

1058 624 1063 629 .
1110 571 1341 629 CAPUT
1369 571 1487 627 XX.

759 665 838 721 De
876 665 1126 721 electione
1158 663 1207 718 Η
1216 665 1399 734 agonia
1426 664 1527 731 ﬁlii
1568 652 1872 717 Heriberti.’

522 800 525 807 .
572 756 685 814 Nec
711 772 881 820 mora,
913 764 1036 826 post
1053 757 1259 810 obitum
1296 754 1466 825 ipsius
1489 755 1637 826 (925)
1664 754 1981 810 Heribcrtus
2011 770 2102 810 eo-

499 865 616 904 mes
672 848 859 903 Remis
904 848 1072 912 venit,
1123 848 1397 901 advocans
1446 846 1727 901 Abbouem
1785 847 2101 917 episCOputu

501 942 912 1004 Suessonicum,
940 948 997 993 et
1016 940 1287 994 Bovonem
1315 939 1749 995 Catalaunieum.
1769 938 1975 1007 Quibus
1999 940 2100 995 sibi

493 1032 701 1103 junctis
746 1041 988 1088 tractans
1031 1048 1197 1102 super
1234 1030 1504 1089 electione
1535 1033 1761 1088 rectoris
1797 1030 1958 1101 hujus
1995 1032 2106 1088 Re-

502 1129 706 1180 mensis
733 1125 1009 1189 Ecilesize,
1046 1135 1154 1180 tam
1200 1126 1453 1190 clericos,
1491 1142 1655 1196 quam
1706 1125 1873 1182 laicus
1912 1126 1979 1183 ad
2007 1142 2104 1180 vo-

502 1216 762 1272 luntatem
786 1234 937 1272 suam
970 1217 1252 1272 intendere
1281 1216 1428 1272 fecit.
1466 1217 1771 1287 Sequentes
1798 1217 1964 1287 igitur
1984 1218 2102 1288 ejus

500 1309 792 1365 consilium
822 1325 890 1381 ne
925 1308 1062 1364 forte
1085 1325 1181 1378 per
1205 1318 1496 1364 extraneas
1520 1323 1785 1378 personas
1815 1308 2101 1377 episcopa-

504 1409 595 1469 tus
625 1399 978 1465 divideretur,
1007 1399 1213 1470 eligunt
1243 1398 1413 1485 [illum
1457 1399 1648 1468 ipsius,
1679 1397 1898 1452 numine
1927 1396 2105 1468 Ilngo-

504 1507 654 1557 uem,
700 1492 991 1547 admodum
1056 1491 1372 1561 parvulum,
1404 1491 1494 1561 qui
1550 1506 1653 1546 nec
1705 1490 1883 1559 adhuc
1941 1490 2101 1558 quin-

503 1581 722 1652 queunii
776 1592 986 1652 tempus
1048 1582 1338 1654 explesset.
1387 1581 1501 1649 Qua
1561 1596 1619 1636 re
1650 1591 1869 1651 patrata
1916 1582 1984 1635 ad
2021 1595 2104 1635 re-

2202 411 2320 449 turn
2356 392 2640 446 Reineusis
2669 391 2967 448 dimceseos
2995 397 3136 463 apud
3168 392 3501 456 Trosleium,
3527 390 3771 448 lIeribrru
3850 410 3851 413 ‘

2199 484 2672 552 comitisjussiune
2697 493 3011 548 conrncata,
3039 500 3166 555 rege
3199 497 3378 540 tamen
3411 484 3639 539 Rodutl‘o
3665 502 3777 539 cn;-

2202 577 2518 638 tradicente,
2552 584 2761 643 patrata
2805 584 2907 630 est.
2964 575 3257 647 I’ostquam
3308 576 3579 646 synodum
3640 576 3774 635 tim.

2200 666 2388 722 bertus
2413 665 2670 720 Karolum
2702 665 2770 720 de
2816 669 3084 732 custodia,
3120 668 3173 722 in
3205 684 3313 738 qua
3339 684 3468 721 eum
3499 668 3775 731 detinebat,

2201 756 2382 826 ejecit,
2412 766 2469 812 et
2512 752 2590 812 ad
2626 768 2875 813 sanctum
2922 760 3240 826 Quintmum
3292 759 3543 819 deduxit,
3572 759 3777 827 iaileqoe

2200 861 2326 901 cum
2354 844 2545 900 eodem
2571 846 2771 903 Katolo
2801 847 3258 902 Nortmaunortuu
3286 848 3620 916 colloquium
3637 863 3781 918 expe-

2205 937 2289 991 tiit
2319 950 2335 991 :
2366 937 2459 990 ubi
2491 952 2549 991 se
2579 936 2909 1003 Willelmtts,
2932 939 3073 994 lilius
3096 938 3321 994 Rollulis
3345 940 3608 1009 principis
3636 940 3778 994 Nort-

2203 1045 2550 1094 maunorum,
2584 1028 2782 1085 Karolo
2802 1032 3231 1105 commendavit,
3261 1042 3319 1085 et
3346 1031 3652 1085 amicitiam
3674 1046 3780 1084 ctua

2204 1119 2486 1174 Ileriberto
2537 1121 2903 1175 cuntirmavit.
2950 1121 3153 1177 Deinde
3200 1121 3388 1177 Remis
3416 1124 3641 1176 veniens
3676 1140 3780 1177 ctua

2203 1208 2403 1264 Karolo
2453 1208 2770 1266 Ileribertus
2822 1225 3038 1275 comes,
3070 1211 3282 1266 litteras
3333 1212 3567 1267 Romam
3608 1211 3781 1267 Inueni

2202 1319 2355 1374 papa-
2382 1303 2584 1375 dirigit,
2612 1302 2927 1375 signiﬁcans
2950 1305 3000 1359 ei
3028 1304 3097 1359 de
3126 1304 3475 1360 restitutione
3505 1314 3567 1361 et
3602 1307 3785 1361 honore

2204 1393 2415 1458 Karoli,
2445 1406 2507 1450 ut
2546 1395 2637 1453 ille
2662 1396 2801 1460 sibi,
2849 1396 3018 1452 etiam
3070 1398 3173 1451 sub
3222 1397 3783 1454 excouunauimtionis

2206 1486 2667 1552 interminatione,
2686 1489 3037 1543 mandaverat
3056 1503 3116 1544 se
3144 1503 3243 1560 pro
3268 1489 3477 1543 viribus
3498 1490 3782 1544 decoctam

2208 1579 2478 1636 Reversus
2502 1590 2685 1637 autem
2714 1582 2932 1647 missus,
2964 1583 3055 1654 qui
3082 1586 3301 1639 easdem
3330 1582 3633 1653 pertulerat
3667 1582 3783 1637 title

501 1688 624 1743 gem
657 1684 977 1745 properant,
1001 1672 1121 1743 ejus
1151 1673 1494 1729 auctoritatis
1526 1672 1881 1745 impetrandae
1902 1671 2099 1743 gratia.
2134 1660 2180 1721 Β
2209 1686 2316 1734 ras,
2346 1671 2562 1726 nuntiat
2609 1669 2873 1753 Joannem
2920 1690 3115 1745 papam
3150 1686 3425 1729 retrusum
3475 1675 3527 1729 in
3559 1675 3786 1728 aistodia

504 1764 767 1822 Rodull‘ns
796 1766 958 1837 igitur
979 1782 1097 1832 rex,
1121 1766 1223 1820 hac
1248 1764 1516 1819 electione
1538 1772 1836 1833 comperta,
1855 1761 2108 1833 pt'aal‘ato-

503 1838 623 1925 tfum
668 1859 1049 1926 episcoporum
1096 1855 1324 1911 consilio
1372 1855 1695 1909 llctuensent
1734 1854 2107 1925 episcopatum

506 1949 804 2005 committit
836 1949 1142 2013 lleriberto,
1164 1948 1436 2018 aequitatis
1457 1962 1687 2019 censura
1715 1947 2109 2019 disponendum

506 2051 668 2112 atque
706 2042 1000 2111 regendum
1029 2042 1100 2103 ab
1127 2041 1265 2110 ipso.
1293 2039 1393 2107 Qui
1427 2039 1591 2094 etiam
1620 2039 1825 2111 legatos
1851 2035 2110 2092 Ecclesia:

509 2148 632 2203 cum
664 2131 887 2187 Abboue
917 2130 1146 2201 pra'sule
1178 2130 1404 2188 Romam
1449 2131 1664 2185 mittere
1702 2131 1922 2199 satagit,
1946 2127 2108 2199 hujus

515 2225 801 2309 electionis
831 2225 1107 2279 decretum
1130 2239 1316 2279 secum
1345 2223 1603 2288 ferentes,
1633 2232 1687 2279 et
1709 2239 1990 2303 assensum
2018 2238 2111 2293 pa-

508 2330 590 2387 pa:
614 2332 780 2387 super
812 2331 873 2370 ea
902 2325 1174 2387 petentes.
1206 2314 1446 2371 Joannes
1480 2316 1660 2386 itaque
1685 2330 1847 2387 papa,
1874 2315 2111 2370 interve-

510 2412 699 2466 niente
728 2409 957 2465 Abboue
982 2408 1229 2479 praesule,
1263 2409 1508 2480 petitioni
1547 2422 1737 2463 eorum
1781 2422 2110 2463 consensum

506 2501 779 2570 pnebens,
804 2499 1139 2571 episcOpium
1163 2499 1428 2554 Remeuse
1452 2498 1664 2561 Abboni
1686 2499 1939 2568 episcopo
1966 2499 2111 2552 dele-

506 2600 619 2661 gat,
645 2605 764 2659 qua:
786 2597 913 2644 sunt
943 2588 1265 2657 episcopalis
1297 2586 1584 2642 ministerii
1613 2587 1681 2641 ab
1704 2587 1820 2655 ipso
1846 2586 1897 2639 in
1920 2585 2108 2639 eodem

506 2679 784 2753 episcopio
818 2676 1105 2734 tractanda
1133 2692 1195 2732 ae
1222 2678 1455 2732 tiuienda
1504 2679 1824 2732 decernens.
1856 2673 2112 2730 Heribero

510 2782 601 2829 tus
625 2774 808 2843 itaque
835 2760 1027 2827 comes
1051 2780 1316 2842 potestate
1359 2770 1566 2842 potitus
1589 2768 1876 2824 Remensis
1897 2768 2112 2837 episco-

508 2867 606 2940 pii,
631 2866 828 2938 injuste
881 2863 1116 2936 privavit
1158 2872 1267 2919 tam
1315 2878 1431 2927 me,
1461 2862 1553 2934 qui
1602 2877 1708 2916 non
1758 2860 2111 2916 interfueram

509 2955 806 3029 permissa:
835 2954 1087 3011 electiuni
1132 2969 1279 3021 suae,
1326 2969 1488 3024 quam
1540 2950 1828 3006 nonnullos
1871 2950 2023 3015 alios,
2057 2960 2113 3006 et

2208 1761 2436 1817 detineri
2478 1779 2508 1817 a
2532 1762 2765 1818 Widone
2808 1766 2953 1835 regis
2995 1764 3235 1836 Huguuis
3268 1766 3460 1821 fratre.
3492 1766 3787 1821 ﬂet-ibertas

2209 1868 2391 1908 eomes
2438 1853 2698 1909 Lauduno
2744 1858 2965 1924 potitus,
3006 1858 3202 1911 exinde
3246 1858 3313 1912 ad
3353 1858 3614 1929 placitum
3648 1857 3787 1911 Nun-

2210 1944 2424 1998 mannis
2454 1945 2668 1999 obviam
2713 1945 3079 2015 proﬁciscitur
3117 1946 3531 2017 amicitiamque
3573 1947 3788 2001 corneis

2209 2039 2503 2107 componit,
2537 2037 2678 2092 Illius
2708 2048 2887 2093 tamen
2922 2039 3094 2109 ipsius
3141 2039 3293 2107 Odo,
3323 2056 3489 2111 quem
3519 2040 3681 2095 Rullo
3709 2044 3790 2095 Iza-

2211 2127 2368 2182 bebal
2391 2130 2655 2194 obsidem,
2684 2144 2789 2184 non
2823 2128 2895 2184 illi
2920 2130 3183 2198 redditur,
3212 2133 3390 2188 donec
3419 2148 3481 2187 se
3515 2132 3789 2187 committit

2212 2218 2412 2276 Karolo
2443 2230 2618 2291 pater,
2644 2237 2768 2276 cum
2809 2221 2931 2277 aliis
2960 2222 3284 2293 quibusdam
3317 2223 3791 2280 Franciuscomiti-

2210 2315 2313 2371 bus
2342 2324 2396 2370 et
2425 2316 2714 2387 episcopis.

2800 2428 3033 2485 CAPUT
3060 2428 3225 2486 XXII.

2216 2520 2289 2575 De
2320 2522 2704 2577 introduc-tione
2733 2521 2971 2577 Odalrici
3000 2525 3252 2595 Aquensis
3281 2523 3514 2595 episcOpi
3545 2523 3733 2589 (lanis,
3753 2533 3793 2577 et

2457 2598 2754 2648 reductiona
2780 2595 2877 2648 sub
2904 2592 3145 2649 custodia
3190 2592 3381 2650 Κατ-ὸιί
3412 2592 3573 2665 regis.

2285 2684 2389 2741 Per
2418 2686 2559 2741 idem
2591 2685 2704 2741 fere
2733 2696 2943 2757 tempus
2974 2686 3262 2744 Odalricus
3288 2687 3567 2757 Aquensis
3604 2687 3795 2758 cpisco-

2212 2791 2353 2845 pus,
2384 2776 2477 2846 qui
2527 2776 2599 2832 ob
2650 2779 3082 2847 persecutionem
3134 2778 3541 2835 Saracenorum
3603 2795 3634 2834 a
3677 2780 3792 2834 sede

2213 2883 2313 2922 sua
2359 2876 2682 2930 recesserat,
2720 2868 2775 2923 in
2826 2868 3070 2925 Ecclesia
3124 2871 3383 2926 Remeusi
3428 2870 3693 2941 recipitur
3738 2870 3798 2923 ab

2215 2957 2503 3014 Heriberto
2549 2959 2770 3027 comite,
2799 2962 2866 3015 ad
2902 2961 3289 3017 celebrandum
3328 2962 3641 3032 episcopale
3669 2963 3794 3016 dun-

510 3048 765 3113 clericos,
790 3057 846 3103 et
868 3047 1033 3103 laicos
1056 3045 1331 3102 beneﬁciis
1354 3043 1757 3117 possessionum
1781 3043 2108 3099 ecclesiasti-
2138 3017 2183 3081 Ο
2217 3063 2364 3110 [aut
2407 3055 2804 3123 ministerium,
2859 3058 2980 3113 vice
3039 3058 3308 3131 ηυεοηίε,
3363 3061 3542 3133 ipsi“,
3598 3058 3797 3129 comm,

512 3157 723 3207 carum,
759 3140 956 3211 quibus
987 3156 1016 3194 a
1049 3138 1473 3211 praecedentibus
1518 3136 1786 3207 episcopis
1836 3134 2106 3190 munerati

512 3235 835 3291 videbamur
854 3229 1328 3287 obsecundationis
1343 3230 1537 3301 gratia.
1558 3228 1688 3297 Qua-
1703 3245 1799 3300 pro
1821 3229 1975 3283 Iibitu
1999 3244 2111 3285 suae

512 3324 829 3399 voluntatis,
853 3323 1067 3395 quibus,
1095 3322 1196 3378 sibi
1234 3321 1455 3393 placuit,
1486 3322 1800 3392 impertivit.
1838 3319 1951 3375 Nec
1989 3319 2110 3375 Ion-

516 3436 643 3493 gtun
691 3428 898 3492 postea,
930 3421 1163 3471 tumultu
1197 3415 1335 3470 infra
1382 3414 1679 3471 claustrum
1722 3414 2111 3469 cauouicorum

517 3514 663 3575 inter
706 3514 940 3569 clericos
982 3521 1204 3580 exorto,
1239 3512 1747 3581 supervenientibus
1789 3509 2117 3580 quibusdam

515 3605 781 3667 militibus
808 3621 930 3660 cum
954 3604 1143 3681 armis,
1163 3603 1270 3658 duo
1296 3603 1604 3671 interempti
1634 3610 1753 3656 sunt
1780 3599 1979 3655 ibidem
2003 3597 2116 3653 cle-

515 3697 638 3763 rici,
668 3712 900 3767 quorum
931 3696 1069 3751 alter
1092 3695 1375 3761 diaconus,
1406 3693 1545 3749 alter
1568 3692 1869 3748 habebatur
1894 3689 2115 3746 subdia~

521 3804 711 3843 COIIIlS.

1108 3902 1337 3959 CAPUT
1382 3899 1525 3956 XXI.

520 4000 598 4055 De
642 3998 979 4068 infestatione
1013 3995 1426 4068 "litigatorum,
1465 4004 1512 4046 et
1543 3990 1809 4068 discordia
1836 3990 1973 4043 inter
2016 3985 2118 4039 Ro-

730 4067 941 4139 dulfum
971 4062 1164 4145 regem,
1201 4075 1247 4118 et
1277 4064 1613 4118 lleribertum
1637 4062 1899 4115 comitem.

536 4208 541 4213 .
594 4161 744 4231 (926)
779 4157 1047 4227 Iluugaris
1079 4157 1327 4211 ltbenum
1359 4153 1737 4222 transgressis,
1766 4159 1824 4206 et
1859 4164 2032 4220 usque
2063 4148 2119 4203 in

520 4268 719 4326 pagum
768 4250 1094 4306 Vouziusem
1163 4245 1671 4317 depopulationibus
1748 4241 2121 4313 incendiisque

522 4344 912 4407 bacchantibus
939 4381 954 4410 ,
992 4355 1191 4415 corpus
1245 4338 1421 4396 sancti
1469 4336 1739 4408 Remigii,
1780 4334 2120 4406 aliorumque

521 4435 880 4509 quorumdam
921 4440 1231 4489 sanctorum
1269 4429 1494 4501 pignora
1535 4427 1723 4484 Remis
1768 4427 1873 4483 hoc
1910 4434 2056 4481 metu
2086 4440 2120 4495 η

521 4531 787 4591 suissuut
815 4525 950 4581 locis
976 4522 1171 4578 delata.
1204 4520 1465 4591 Sequenti
1494 4519 1730 4589 denique
1757 4532 1900 4572 anno
1926 4514 2115 4571 simul-

525 4631 611 4683 tas
635 4621 777 4676 inter
809 4614 1102 4679 Bodull‘um
1134 4628 1342 4693 regem,
1381 4621 1438 4667 et
1471 4610 1818 4673 Ileribertum
1861 4608 2116 4663 comitem

523 4711 769 4781 exoritur
798 4726 894 4781 pro
924 4704 1271 4763 Lauduucnsi
1298 4703 1580 4769 cemitatu,
1605 4715 1767 4772 quem
1797 4697 2118 4769 Ileribertus

526 4801 697 4869 Odoni
730 4802 964 4869 tiliosuo
1010 4798 1127 4853 dari
1177 4793 1766 4868 petebat,conccdente
1812 4790 1960 4846 illum
1991 4804 2118 4861 rege

529 4895 787 4964 Rutgario
814 4892 1054 4961 Rutgarii
1085 4890 1301 4946 comitis
1347 4886 1477 4942 lilio.
1507 4886 1672 4941 Acies
1725 4885 1897 4957 ignea:
1934 4882 2122 4949 Remis

531 4990 586 5045 in
607 4988 749 5043 coelo
772 4986 899 5040 visa:
924 4985 1156 5055 quadam
1183 4979 1479 5047 Douiiuica,
1507 4978 1592 5033 die
1615 4978 1669 5032 in
1692 4976 1887 5033 Martio
1912 4991 2118 5032 mense.

529 5082 631 5141 Cui
658 5082 813 5151 signo
851 5076 1015 5147 pestis
1043 5090 1075 5130 e
1102 5072 1328 5143 vestigio
1372 5072 1656 5135 successit,
1688 5070 1842 5141 quasi
1873 5069 2038 5124 febris
2063 5076 2121 5123 et

534 5166 736 5228 tussis;
772 5184 894 5239 quae
952 5174 1312 5237 prosequente
1358 5178 1577 5234 quoque
1622 5160 1972 5227 mortalitate,
2022 5176 2123 5230 ραις

534 5270 761 5321 euut-tas
788 5242 1093 5317 Germaniae
1112 5256 1403 5325 Galliaeque
1448 5263 1637 5325 gentes
1666 5252 1927 5305 desaeviit.
1962 5252 2119 5306 lteri-

534 5352 720 5396 ιιρνιιις
746 5363 931 5396 cantes
974 5348 1178 5396 legatos
1204 5360 1332 5396 suos
1363 5353 1514 5396 trans
1542 5341 1793 5394 Rbeutttu
1834 5338 2015 5396 dirigit
2052 5339 2121 5393 ad

2214 3144 2349 3210 lilii,
2402 3155 2530 3202 tunc
2586 3146 2762 3201 adhuc
2816 3147 3063 3218 parvuli,
3121 3164 3381 3206 concessa
3438 3150 3621 3206 eidem
3673 3166 3796 3222 pra»

2211 3235 2314 3290 suli
2357 3236 2573 3291 abbatia
2624 3238 2799 3293 sancti
2842 3238 3153 3304 Timothei,
3208 3257 3331 3295 cum
3386 3243 3552 3298 unius
3608 3252 3797 3297 tantum

2212 3326 2500 3395 praebenda
2551 3326 2758 3383 clerici.
2811 3327 2962 3399 [Iugo
3014 3340 3071 3386 et
3113 3328 3434 3388 Heribertus
3478 3334 3710 3388 comites
3742 3330 3799 3386 ad

2212 3414 2537 3487 colloquium
2596 3418 3015 3487 protleiscuntur
3054 3418 3324 3477 .llenriei.
3384 3421 3545 3478 Unde
3614 3421 3801 3478 reversi

2222 3520 2457 3582 pergunt
2519 3511 2737 3566 obviam
2802 3510 3032 3568 Rodull‘o
3097 3514 3243 3584 regi,
3288 3528 3593 3584 rursusque
3664 3511 3800 3569 ﬂeri-

2217 3604 2403 3660 bertus
2462 3603 2755 3659 committit
2801 3619 2861 3660 se
2909 3603 3005 3669 illi,
3052 3605 3272 3661 redacto
3322 3606 3521 3660 iterum
3573 3605 3680 3661 sub
3723 3617 3803 3659 cit-

2214 3700 2393 3757 stodia
2449 3698 2669 3755 Karulo.
2730 3705 2804 3754 At
2858 3699 3122 3755 Rodull'us
3192 3716 3283 3756 rex
3352 3699 3544 3755 Remis
3598 3699 3801 3756 venient

2216 3790 2307 3845 ubi
2351 3788 2582 3845 Karolus
2632 3789 3059 3855 custodiebatur,
3114 3804 3303 3861 pacem
3350 3788 3483 3847 [eL-it
3527 3805 3655 3846 eum
3707 3789 3801 3849 illo.

2217 3880 2515 3936 lmmilians
2538 3896 2599 3941 se
2625 3890 2752 3937 ante
2785 3881 2953 3951 ipsius
2979 3883 3346 3952 prtrsentiam,
3378 3891 3435 3938 et
3471 3882 3706 3941 reddens
3740 3879 3801 3936 illi

2216 3972 2551 4029 Attiniacum
2596 3972 2811 4040 ﬁscum.
2866 3975 3185 4037 attineribus
3228 3988 3446 4044 quoque
3491 3976 3801 4046 quibusdam

2218 4063 2648 4134 regiiseumdem
2667 4064 3438 4125 bonoratJleribertusemues
3453 4066 3801 4123 Victoriae-mu

2220 4146 2424 4229 (γεω-υ)
2452 4156 2603 4228 (929)
2633 4156 2916 4215 castellum
2954 4157 3182 4214 Bosonis
3208 4159 3395 4214 fratris
3423 4159 3642 4216 Rodulﬂ
3680 4161 3804 4228 regis

2219 4247 2387 4321 cepit.
2434 4247 2640 4305 Deinde
2688 4265 2812 4307 cum
2859 4248 3086 4320 Hugone
3137 4250 3584 4309 Monasteriolum
3644 4252 3804 4324 (lon-

2149 4378 2196 4438 D
2220 4337 2398 4412 quit)
2422 4338 2776 4397 munitionem
2806 4339 3016 4396 Erluini
3044 4342 3441 4414 eomitis~juxta
3473 4358 3629 4401 mare
3658 4346 3801 4401 sitam

2185 4429 2192 4494 ξ
2221 4430 2434 4499 obsidet
2453 4469 2479 4495 ,.
2495 4429 2883 4500 obsidibusque
2910 4432 3129 4493 tandem
3150 4435 3416 4503 acceptis,
3438 4437 3513 4491 ab
3538 4437 3802 4495 obsidione

2221 4522 2468 4589 discedit.
2528 4552 2547 4581 τ

2238 4652 2243 4657 '
2790 4636 3021 4693 CAPUT
3060 4635 3245 4693 XXIII.

2224 4725 2302 4780 De
2336 4726 2602 4781 simultate
2638 4728 2776 4800 inter
2808 4726 3083 4800 Hugonem
3121 4740 3170 4783 et
3213 4730 3553 4788 Heribcrtum
3584 4735 3799 4800 cautim,

2600 4815 2664 4853 ac
2702 4796 2990 4868 Rodo/[um
3030 4815 3198 4869 regem
3235 4815 3443 4859 exorta.

2232 4942 2237 4949 .
2298 4885 2413 4949 Nec
2438 4887 2683 4959 Iungunt,
2710 4889 2963 4945 simultas
3006 4891 3152 4947 inter
3179 4897 3397 4949 eosdem
3428 4899 3682 4962 comites,
3710 4898 3802 4953 Ilua

2229 4993 2427 5050 gonem
2475 4978 2685 5035 scilicet
2740 4993 2808 5034 ac
2853 4979 3232 5048 Heribertmn,
3279 4988 3562 5052 exoritur,
3604 4998 3801 5057 recepto

2225 5071 2449 5129 Erluiuo
2475 5073 2546 5129 ab
2561 5071 2784 5142 llugone
2806 5089 2929 5129 cum
2963 5083 3111 5129 terra
3134 5091 3255 5141 sua,
3286 5088 3341 5132 et
3369 5079 3660 5147 IIilduiuo,
3691 5097 3800 5136 nec-

2227 5178 2333 5228 non
2359 5172 2417 5217 et
2436 5163 2700 5227 Arnaldn,
2721 5164 2814 5232 qui
2840 5165 3277 5237 erantllugouis,
3298 5169 3366 5223 ab
3397 5170 3545 5228 lleri'
3566 5182 3684 5229 erto
3704 5188 3719 5228 :
3737 5175 3799 5227 inv

2228 5252 2401 5321 deque
2446 5253 2641 5307 diversi
2678 5263 2857 5309 tnotus
2895 5256 3474 5325 agitanturbellorum
3518 5279 3621 5333 per
3644 5264 3797 5321 Fran-

2228 5346 2365 5396 ciam
2400 5344 2538 5396 inter
2566 5344 2845 5396 lluaouem
2865 5356 2921 5396 et
2942 5345 3307 5396 Hcrihertmn-
3336 5352 3507 5396 cnim
3543 5356 3621 5396 ιορς
3646 5357 3797 5396 aratis
