3904 5396
96 293 180 383 εόγ
628 313 975 375 tusroaus
1012 309 1370 370 semesum
1411 303 1665 365 uestes:

1796 301 1978 357 LIBRI
2019 299 2377 370 QUATUOR.
2419 330 2488 344 -
2525 300 2653 357 LIB.
2694 298 2782 358 IV.

3229 299 3335 356 298

95 438 254 495 Paucis
282 443 455 491 autem
498 432 685 490 diebus
721 446 853 502 pace
887 437 1122 494 servata,
1168 424 1487 481 Heribertus
1528 421 1640 476 An-
1668 427 1720 483 Α
1745 429 1868 473 rere
1910 418 2040 477 visa:
2068 423 2195 472 sunt
2217 415 2384 481 acies,
2411 423 2468 470 et
2492 414 2671 485 jacula
2702 414 2967 485 quaedam.
3000 412 3105 470 Sed
3134 423 3189 470 et
3213 430 3335 471 scr-

95 528 253 585 sellum
277 524 503 580 Bosonis
525 521 823 586 subditum,
845 520 937 591 qui
968 517 1283 590 praedictum
1310 511 1648 569 custodiebat

96 629 317 680 castraut,
347 633 472 671 cum
525 619 640 686 ipso
686 613 911 670 castello
958 611 1173 681 recipit,
1220 607 1646 665 etCodieiacum

98 711 142 766 S.
182 708 389 777 Remigii
432 706 785 777 municipium
812 704 885 759 illi
918 719 1041 758 eum
1071 701 1175 756 alia
1204 708 1346 755 terra
1376 697 1646 754 concedit.

98 800 183 856 Nec
206 801 433 871 longum,
457 798 689 853 Bosonis
713 795 897 851 ﬁdeles
916 793 1311 866 oppidanorum
1343 789 1650 862 proditione

100 892 428 947 \‘ictoriacum
473 890 775 959 recipiunt,
805 899 862 943 et
906 887 1205 941 Mosomum
1235 883 1426 938 fraude
1457 898 1650 954 perva-

101 985 222 1039 dunt.
245 984 308 1037 At
326 982 691 1038 lleribertusa
717 980 1038 1051 quibusdam
1066 977 1501 1034 Mosomensibus
1525 989 1652 1031 evo-

102 1088 240 1142 catus,
284 1075 591 1145 supervenit
632 1074 975 1145 insperatus,
1020 1071 1453 1140 transmissaque
1502 1067 1650 1123 Mosa

103 1167 225 1223 vadis
244 1165 546 1237 inopinatis,
576 1176 631 1221 et
661 1167 869 1220 intrans
889 1163 1166 1235 oppidum,
1195 1172 1351 1233 porta
1376 1161 1651 1215 latentera

104 1256 271 1310 civibus
319 1265 530 1326 aperta,
588 1255 794 1311 milites
841 1255 1093 1318 Bosonis,
1140 1254 1231 1323 qui
1259 1253 1326 1307 ad
1353 1252 1651 1307 custodiam

103 1345 183 1400 loci
210 1345 523 1409 residebant,
560 1346 762 1401 ibidem
788 1361 980 1399 omnes
996 1342 1162 1415 capit.
1194 1342 1653 1412 Eodcmtempore

106 1446 201 1489 ante
236 1435 464 1491 Natalem
508 1437 756 1501 Domini,
796 1435 982 1491 Remis
1012 1435 1151 1490 infra
1189 1444 1244 1490 et
1293 1435 1437 1490 circa
1476 1432 1651 1489 eccle-

107 1527 213 1579 siam
241 1537 431 1582 sancta:
460 1526 647 1583 Maria:
672 1527 850 1582 lumen
878 1543 1132 1597 magnum
1163 1527 1229 1581 ah
1258 1526 1574 1596 Aquilonari
1601 1533 1656 1579 et

107 1614 317 1669 Orientali
344 1626 497 1685 parte
535 1616 697 1687 paulo
724 1623 850 1670 ante
882 1615 1095 1669 initium
1122 1614 1229 1669 diei
1260 1629 1525 1685 apparens
1546 1653 1561 1677 ,
1586 1612 1655 1667 ad

108 1704 363 1759 Australem
393 1716 606 1775 partem
637 1706 1003 1778 pertransisse
1027 1707 1204 1760 visum
1229 1715 1335 1760 est.
1358 1706 1513 1760 Anno
1536 1715 1657 1775 post

1746 521 1882 578 pens
1905 507 2091 577 igneus
2110 521 2207 577 per
2224 504 2420 560 caelum
2446 504 2608 560 celeri
2639 504 2835 560 deferri
2866 513 3072 565 meatu.
3101 521 3338 577 moxque

1748 598 2034 655 subsecuta
2086 598 2253 669 pestis
2303 597 2532 654 diversis
2584 596 2762 654 affecit
2817 600 3050 654 humana
3107 615 3335 671 corpora

1748 693 1972 748 morbis.
1996 692 2148 747 Anno
2174 700 2295 763 post
2325 692 2486 747 istum
2516 701 2700 745 secuto
2714 691 2859 764 (935)
2875 693 3110 764 synodus
3131 702 3338 764 septem

1748 786 2121 855 episcoporum
2147 786 2288 855 apud
2310 795 2548 840 sanctam
2568 785 2827 854 Macram,
2844 787 3063 842 Artnldo
3087 790 3344 860 episcopo

1749 885 1981 934 vocante
2006 878 2294 934 convenit:
2320 879 2373 932 in
2420 893 2523 948 qua
2555 880 2836 948 praedones
2863 888 2918 934 et
2945 880 3345 938 ecclesiastica—

1752 980 1872 1020 rum
1903 981 2084 1023 rerum
2110 983 2429 1039 pervaseres
2467 968 2534 1024 ad
2566 968 2992 1026 satisfactionem
3012 972 3204 1029 venire
3242 989 3344 1029 vo-

1752 1064 1947 1111 εειηιιιι·

2314 1151 2543 1208 CAPUT
2579 1152 2769 1210 XXVI.

1754 1237 1835 1293 De
1875 1243 2160 1310 rcccplione
2202 1241 2456 1298 Ludovici
2493 1254 2607 1314 post
2659 1256 2876 1301 mortem
2928 1247 3144 1318 Rodulﬁ
3172 1250 3342 1321 regis.

1825 1332 1980 1385 Anno
2035 1332 2271 1402 denique
2314 1336 2675 1405 subsequente
2718 1336 2865 1409 (956)
2914 1338 3169 1396 defuncto
3220 1356 3346 1411 rege

1756 1421 2008 1483 Rodulfo.
2052 1423 2203 1496 Hugo
2229 1440 2415 1481 eomes
2463 1435 2613 1481 trans
2649 1444 2799 1484 mare
2843 1430 3007 1485 mittit
3034 1446 3132 1501 pro
3160 1448 3345 1487 accero

1756 1514 1945 1568 siendo
1983 1514 2255 1570 Ludovico
2299 1516 2479 1572 Karoli
2531 1518 2642 1572 lilio
2700 1518 2871 1590 (Lud.
2920 1520 3100 1576 Caroli
3152 1522 3341 1593 Simpl.

1758 1603 1946 1668 ﬁlius.)
1974 1619 2133 1674 quem
2163 1622 2255 1660 rex
2286 1607 2577 1663 Alstannus
2604 1610 2899 1666 avunculus
2928 1612 3097 1681 ipsius
3136 1617 3345 1670 nutrie-

1758 1696 1876 1764 hat,
1908 1700 2107 1768 quique
2141 1710 2365 1769 accepto
2403 1701 2755 1770 jurejurando
2785 1720 2813 1758 a
2845 1704 3177 1760 Francorum
3203 1722 3351 1776 iega-

110 1796 219 1849 lumc
257 1795 568 1853 Ileribcrtus
615 1813 797 1853 comes
819 1814 848 1852 a
876 1814 1003 1869 rege
1032 1796 1263 1853 Rodulfo
1284 1797 1558 1862 desciscit,
1601 1807 1657 1854 et

1769 1788 1854 1851 lis,
1883 1803 2006 1843 eum
2040 1789 2092 1843 in
2136 1789 2425 1845 Franciatn
2456 1792 2658 1863 dirigit.
2706 1791 2803 1849 Cui
2853 1794 3025 1866 IIugo,
3057 1799 3349 1866 exterique

78 1884 267 1941 ‘milites
299 1888 460 1957 ipsius
500 1889 574 1944 ab
609 1888 742 1945 urbe
778 1888 1035 1943 Rcmcnsi
1082 1889 1348 1959 profecti,
1389 1890 1657 1959 quoddam

112 1976 307 2048 llugmiis
368 1989 609 2035 Castrum
672 1995 837 2052 super
886 1978 1133 2036 Vidulam
1184 1980 1390 2045 situm,
1442 1981 1661 2036 nomine

118 2066 325 2123 Iit-ainant
353 2070 576 2141 (Braine
604 2088 699 2126 sur
736 2071 927 2142 Veste),
952 2072 1093 2141 quod
1118 2072 1257 2125 idem
1283 2069 1434 2141 [Iugo
1467 2070 1663 2125 tulerat

113 2161 162 2211 ab
182 2162 405 2233 episcopo
430 2163 878 2234 Rothomagensi,
915 2164 1138 2234 capiunt
1159 2178 1223 2217 ac
1251 2163 1493 2218 diruunt.

634 2253 862 2310 CAPUT
899 2254 1091 2310 XXIV.

276 2342 348 2398 De
378 2331 713 2400 ordinatione
746 2347 924 2400 donmi
962 2345 1168 2400 Artoldi
1202 2347 1447 2417 episcopi.

171 2434 399 2493 Rodulfus
441 2454 539 2495 rex
592 2438 804 2494 litteras
857 2438 1040 2493 Ilemis
1071 2439 1236 2493 mittit
1265 2440 1330 2493 ad
1358 2440 1562 2495 clerum
1608 2448 1665 2495 et

120 2529 348 2595 pOpttltttl).
411 2546 511 2601 pro
559 2531 823 2587 electione
875 2529 1119 2602 prrsulis
1166 2529 1486 2585 celebranda
1544 2548 1557 2585 :
1596 2531 1663 2584 ad

120 2629 222 2681 quas
252 2618 317 2673 illi
360 2623 728 2692 respondent,
780 2623 833 2677 id
875 2638 1036 2694 agere
1073 2635 1267 2679 senon
1305 2635 1484 2695 posse.
1515 2621 1664 2676 83ml

122 2722 195 2760 suo
211 2709 385 2775 electo,
405 2722 459 2767 et
482 2712 772 2777 electione,
804 2728 967 2782 quam
997 2711 1256 2779 fecerant,
1282 2726 1660 2784 permanente.

128 2794 298 2853 Interea
324 2798 639 2857 Heribertus
669 2817 851 2857 comes
866 2803 931 2856 ad
963 2802 1253 2857 Ilenricum
1287 2802 1581 2873 profectus,
1613 2802 1662 2858 ei

128 2902 217 2942 sese
240 2892 531 2953 committit,
561 2901 615 2947 et
642 2893 915 2945 exercitus
940 2892 1083 2962 regis
1108 2901 1271 2962 atque
1312 2891 1550 2963 Ilugonis
1578 2908 1659 2946 re-

127 2991 320 3034 mensem
344 2990 395 3034 et
426 2980 847 3036 Laudunensem
888 2980 1270 3052 depraedantur
1298 2998 1493 3053 pagum
1529 2984 1663 3037 :ob-

126 3084 332 3142 sessaquc
357 3076 584 3129 civitate
615 3075 929 3140 Remorum,
968 3076 1128 3130 tertia
1162 3079 1376 3130 tandem
1406 3091 1495 3131 rex
1520 3078 1659 3146 poti-

1759 1876 2094 1933 Francorum
2122 1894 2377 1949 proceres
2419 1883 2486 1938 ad
2518 1898 2640 1938 eum
2674 1885 3063 1955 suscipiendum
3098 1886 3346 1956 profecti,

1763 1983 1887 2024 mox
1919 1985 2110 2025 navem
2159 1983 2378 2042 egresso
2426 1974 2479 2028 in
2528 1974 2658 2044 ipsis
2708 1973 2935 2031 littoreis
2983 1978 3164 2033 arenis
3207 1980 3348 2050 apud

1763 2060 2059 2118 Bononiam
2090 2079 2210 2119 sese
2233 2065 2610 2132 committunt;
2647 2075 2705 2121 ut
2734 2077 2855 2123 erat
2899 2070 3152 2139 utrinque
3180 2071 3351 2140 depa-

1764 2161 1933 2209 ctum.
1964 2153 2093 2210 Inde
2121 2154 2440 2211 Laudunum
2469 2157 2749 2223 deductus,
2785 2159 2854 2215 ab
2884 2158 3013 2229 ipsis
3057 2160 3218 2232 regali
3252 2161 3353 2217 be-

1764 2242 2073 2298 nedictione
2108 2243 2332 2310 ditatnr,
2363 2246 2601 2317 ungitur,
2635 2256 2798 2318 atque
2822 2258 3115 2305 coronatur
3155 2252 3223 2305 ab
3250 2252 3353 2307 Ar-

1763 2333 1912 2390 toldo
1935 2336 2342 2407 archiepiscopo
2369 2340 2726 2408 prmsentibus
2750 2340 2898 2411 regni
2921 2342 3275 2413 principibus,
3299 2355 3355 2399 et

1764 2426 2031 2495 episcopis
2059 2428 2289 2496 amplius
2315 2429 2523 2499 viginti.
2555 2430 2910 2502 Episcopatus
2939 2434 3102 2487 etiam
3137 2434 3355 2491 Laudo.

1765 2520 1949 2574 nensis
1976 2514 2136 2575 datur
2177 2519 2408 2576 Rodulfo
2458 2522 2700 2592 ejusdem
2746 2524 2848 2580 loci
2890 2527 3206 2598 presbytero
3229 2543 3355 2583 con-
3388 2562 3391 2565 ν

1765 2614 2002 2668 corditer
2026 2629 2056 2668 a
2085 2614 2296 2671 civibus
2329 2616 2443 2671 suis
2467 2617 2658 2681 electo,
2676 2633 2835 2690 quem
2858 2618 3114 2688 praefatus
3138 2636 3355 2691 quoque

1764 2706 2034 2767 ordinavit
2066 2707 2525 2778 archiepiscopus.
2566 2708 2672 2765 Sed
2698 2719 2751 2764 ct
2776 2726 2871 2780 per
2909 2710 3042 2767 alias
3073 2712 3357 2768 Remensis

1766 2801 2064 2855 diteceseos
2106 2795 2284 2867 sedes,
2338 2807 2562 2871 excepta
2608 2797 2983 2855 Catalauncnsi
3028 2810 3086 2857 et
3136 2802 3357 2857 Ambia-

1767 2891 1944 2954 nensi,
1968 2892 2211 2947 diversos
2237 2892 2509 2946 ordinavit
2531 2893 2832 2962 episcopos,
2865 2889 3151 2947 lleriberto
3176 2891 3358 2947 denuo

1768 2997 1891 3035 cum
1939 2980 2163 3050 Ilugone
2205 2992 2398 3052 pacato
2442 2982 2613 3053 (936),
2659 2984 2906 3039 homines
2931 2982 3171 3054 ejusdem
3204 2983 3359 3039 lleri-

1767 3070 1907 3127 berti
1934 3071 2150 3126 comitis
2193 3072 2460 3141 quoddam
2490 3080 2728 3127 castrum
2768 3072 3050 3129 Bernensis
3089 3072 3358 3135 ecclesizr.

127 3168 190 3213 tur
208 3164 480 3235 obsidionis
515 3167 882 3228 hebdomada,
916 3166 1286 3237 aperientibus
1330 3167 1432 3222 sibi
1480 3167 1661 3222 militi-
1688 3164 1734 3226 C
1765 3163 1908 3231 quod
1935 3163 2230 3217 vocabatur
2253 3161 2549 3231 Causostis,
2599 3179 2763 3234 super
2789 3162 3085 3220 Maternam
3112 3152 3357 3228 ﬂuvium.

126 3253 202 3307 bus
217 3255 455 3312 ecclesia'.
480 3257 803 3328 Coniunctis
831 3259 998 3328 igitur
1023 3258 1123 3313 sibi
1148 3259 1421 3314 nonnullis
1449 3260 1663 3331 episco-

129 3344 259 3411 pise!
301 3349 520 3406 Francia
569 3351 650 3405 Vel
680 3350 1017 3419 Burgundia,
1049 3350 1179 3405 facit
1204 3352 1443 3406 ordinari
1470 3354 1572 3408 bac
1613 3352 1668 3408 in

129 3435 224 3489 sede
248 3439 513 3507 prtesulem
546 3440 830 3494 Artoldum
853 3441 1142 3510 quemdam
1166 3454 1234 3495 ex
1268 3441 1518 3495 coenobio
1545 3456 1667 3496 sano

131 3524 184 3577 cti
202 3524 406 3605 Remigii
432 3531 785 3586 moimchum.
820 3530 1031 3585 Exinde
1062 3545 1158 3585 rex
1193 3545 1424 3601 pergens
1454 3531 1670 3587 Lautlu-

133 3629 246 3682 nutu,
274 3620 475 3676 obsidet
510 3622 646 3677 inibi
679 3620 1049 3689 Heribertum,
1080 3621 1172 3691 qui
1200 3621 1509 3691 aliquandiu
1537 3624 1671 3678 resi-

133 3718 263 3774 stans,
282 3714 405 3782 petit
444 3716 665 3769 deorum
712 3715 1026 3784 egrediendi
1059 3716 1254 3769 locum.
1283 3716 1402 3782 Quo
1424 3726 1667 3786 accepto,

134 3803 330 3857 recedita
357 3803 636 3869 Lauduno,
665 3806 890 3860 dimissa
925 3820 1093 3860 uxore
1118 3819 1217 3859 sua
1248 3807 1303 3860 in
1337 3821 1464 3861 arce
1505 3822 1668 3876 quam

134 3902 459 3951 construxerat
490 3898 608 3967 ipse
635 3897 773 3950 infra
811 3896 953 3952 idem
997 3907 1263 3961 castrum,
1291 3906 1349 3951 et
1380 3897 1460 3973 ad
1506 3913 1670 3967 quam

135 3990 279 4046 postea
301 3986 608 4054 capiendam
642 3985 862 4054 majoris
900 3986 1106 4041 laboris
1130 3995 1185 4041 et
1215 4000 1380 4041 mora:
1404 4000 1539 4056 opus
1561 3988 1671 4055 regi

137 4071 213 4124 luit
255 4074 409 4148 (955).
445 4077 704 4131 Artoldus
742 4078 1029 4148 episcopus
1070 4085 1194 4147 post
1227 4092 1428 4131 annum
1455 4078 1674 4132 ordina-

138 4161 266 4219 tionis
300 4182 403 4222 sute
438 4169 657 4239 pallium
688 4170 914 4240 suscipit
945 4170 1166 4224 missum
1206 4171 1308 4226 sibi
1344 4186 1442 4241 per
1466 4171 1675 4243 legatos

138 4252 345 4314 Ecclesia:
385 4260 670 4317 Remensis
711 4279 741 4316 ει
776 4260 985 4316 Joanne
1018 4276 1153 4331 papa
1192 4260 1376 4334 (Joan.
1408 4260 1459 4315 Χ
1464 4261 1516 4333 I)
1567 4264 1676 4318 lilio

142 4345 299 4416 Mariae,
318 4366 494 4423 qureet
513 4355 755 4410 Marocia
781 4356 1082 4422 dicebatur,
1111 4354 1192 4409 vel
1214 4354 1283 4409 ab
1304 4353 1552 4409 Alberico
1577 4370 1674 4425 pa-

142 4442 263 4497 tricio
276 4444 427 4500 fratre
439 4448 607 4518 ipsius
621 4448 899 4518 ρει-μω,ηυί
916 4445 1161 4501 eumdem
1175 4443 1437 4499 Joannem
1453 4444 1675 4499 fratrem

1768 3252 1839 3307 ab
1861 3253 2086 3307 Artoldo
2111 3252 2342 3323 prmsule
2381 3263 2775 3320 constructum,
2823 3256 3084 3324 prodente
3122 3255 3360 3327 quodam

1768 3342 2047 3413 Wicperto
2077 3346 2315 3415 capiunt,
2351 3354 2405 3400 et
2425 3344 2844 3415 Ragembertum
2870 3346 3082 3402 Artoldi
3112 3345 3358 3416 praesulis

1766 3438 2174 3501 consobrinum,
2199 3437 2289 3508 qui
2313 3437 2486 3493 eidem
2510 3446 2739 3508 praeerat
2766 3437 3075 3503 munitioni,
3106 3451 3358 3506 compre-

1768 3528 2037 3594 hendunt,
2086 3528 2605 3598 circumpositasqne
2654 3527 2813 3583 villas
2856 3527 3102 3584 ecclesias
3153 3529 3362 3584 crebris

1768 3617 2146 3687 deprmdantur
2172 3617 2626 3673 infestationibus.
2658 3618 2866 3673 interea
2896 3633 2988 3672 rex
3032 3618 3360 3683 Ludovicus.

1770 3706 2068 3761 accersitus
2099 3706 2168 3760 ab
2196 3706 2424 3761 Artoldo
2454 3708 2732 3776 episcopo,
2764 3707 3083 3761 Landunum
3114 3709 3282 3772 venit,
3308 3721 3368 3763 et

1770 3809 1951 3852 arcem
1981 3812 2175 3851 novam
2205 3797 2336 3853 inibi
2369 3813 2540 3868 nuper
2568 3800 2637 3853 ab
2665 3798 2949 3855 lleriberto
2974 3800 3173 3854 editam
3200 3800 3366 3863 vallat

1771 3889 2075 3954 obsidione,
2118 3888 2406 3960 multisque
2452 3899 2663 3945 tentato
2711 3892 2977 3946 machinis
3029 3907 3202 3957 nmro,
3238 3901 3365 3948 tan-

1773 3977 2005 4048 demque
2051 3979 2376 4035 sulfossioue
2432 3980 2615 4035 diruto
2668 3997 2862 4052 magno
2908 3983 3053 4054 capit
3096 3984 3366 4050 irruptum

1774 4070 1978 4126 labore.
2004 4069 2376 4125 Corbanacum
2394 4068 2672 4143 (Corbeuy)
2693 4089 2907 4145 quoque
2932 4084 3195 4141 castrum,
3220 4078 3369 4148 quod

1772 4170 1930 4230 pater
1954 4161 2070 4230 ejus
2093 4171 2285 4219 sancto
2328 4161 2575 4234 Remigio
2606 4165 2931 4233 tradiderat,
2968 4168 3220 4239 quodque
3264 4170 3369 4225 sibi

1776 4252 2027 4307 monachi
2072 4252 2243 4323 ipsius
2286 4253 2608 4310 monasterii
2646 4258 3054 4327 commiserant,
3101 4261 3169 4315 ab
3216 4259 3375 4316 lleri-

1777 4343 1915 4398 berti
1941 4341 2201 4413 subjectis
2227 4344 2479 4402 bellando
2503 4348 2730 4418 recepit,
2754 4359 2809 4403 et
2831 4350 3082 4407 homines
3110 4350 3368 4415 Heriber-

1780 4435 1840 4499 ti,
1868 4436 1959 4505 qui
1999 4445 2155 4491 erant
2200 4436 2254 4490 in
2291 4452 2357 4492 eo
2386 4441 2828 4510 comprehensos,
2879 4451 3103 4513 rogante
3146 4443 3372 4499 Artoldo

143 4545 261 4586 suum
280 4536 326 4590 in
346 4552 438 4592 sua
455 4517 730 4593 detinebat
748 4546 1034 4609 potestate,
1054 4545 1108 4592 et
1121 4536 1433 4607 praedictam
1451 4545 1665 4590 matren:

1784 4526 2033 4595 praesule,
2055 4526 2233 4581 salvos
2253 4526 2320 4580 ad
2346 4542 2474 4583 suos
2499 4530 2650 4583 abire
2676 4531 2941 4598 permisit.

145 4620 334 4689 ipsorum
365 4629 412 4683 in
434 4632 677 4686 custodia
703 4630 944 4686 clausam
972 4631 1219 4685 tenebat:
1245 4628 1523 4700 Ilugonent
1550 4644 1684 4699 quo-

145 4727 223 4779 que
252 4732 412 4789 regem
446 4721 616 4777 Roiua
633 4721 934 4792 depulerat.
963 4721 1195 4777 Rodulfo
1228 4736 1353 4794 rege
1374 4722 1682 4790 praesidium

147 4797 386 4876 lleriberti,
423 4812 562 4880 quod
601 4813 799 4868 dicitur
842 4812 1123 4868 castellum
1155 4813 1504 4877 Theoderici,
1535 4813 1687 4868 obsi-

2323 4617 2553 4674 CAI'UT
2593 4617 2803 4674 XXVII.

1968 4708 2044 4764 De
2071 4710 2608 4764 excommunicationi:
2650 4709 2912 4766 lleriberti
2941 4713 3168 4767 comitis.

1849 4801 2022 4872 (959.)
2056 4801 2312 4856 Artoldns
2338 4801 2573 4871 denique
2598 4803 2881 4873 episcopus
2903 4821 3026 4859 cum
3049 4803 3375 4876 quibusdam

151 4890 290 4960 dente,
327 4903 660 4971 congregatis
711 4902 780 4957 ad
829 4902 971 4957 hanc
1018 4902 1356 4957 obsidionem
1412 4903 1686 4959 nonnullis
1779 4893 3389 4969 aliiSCpiscopiscollocutus,Heribertnm,quioppidaqum-.

152 4982 347 5046 Francia
368 4995 446 5049 vel
475 4995 793 5067 Burgundio:
827 4996 1169 5068 praesulibus;
1200 4998 1398 5054 ibidem
1419 4997 1683 5054 celebrari

154 5075 241 5132 Visa
261 5091 335 5137 est
354 5087 584 5156 synodus
609 5088 939 5159 (Theoderici
979 5089 1122 5160 apud
1167 5089 1340 5160 Cael.)
1365 5090 1688 5160 prmsidente

154 5168 292 5226 eidem
314 5175 586 5235 Teutiloae
649 5180 953 5237 Turonensi
1007 5183 1271 5248 antistite,
1330 5182 1555 5238 Artoldo
1585 5181 1691 5238 Re-

160 5264 539 5338 mensiequique
572 5278 698 5326 tunc
735 5271 1099 5342 llildegarium
1120 5272 1431 5328 Belvacensi
1453 5272 1571 5326 urbi
1598 5285 1692 5325 or-

160 5350 318 5396 dinﬁ‘il
347 5362 643 5396 Dh‘cnnnnm
721 5364 920 5396 pculo-us
955 5377 1167 5396 ιιιιΛηηΔ
1193 5378 1340 5396 ,ιιι-ἰη
1382 5362 1689 5396 Fufius-Inui:

1788 4991 1912 5045 dam
1931 4986 2193 5056 villasque
2206 4985 2493 5057 Remensis
2508 4986 2750 5043 ecclesiae
2765 4999 3082 5055 pervaserat
3099 5004 3161 5043 ac
3177 4987 3382 5043 detine-

1790 5083 1904 5147 bat,
1932 5080 1984 5134 in
2011 5079 2293 5150 praesentia
2322 5092 2541 5149 quoque
2567 5080 2714 5152 regis
2742 5083 3183 5138 excommunicat
3208 5078 3379 5151 (9&0).

1793 5174 1926 5230 Post
1946 5172 2063 5226 hate
2080 5185 2171 5224 rex
2198 5169 2504 5225 Ludovicus
2524 5168 2904 5226 deditArtoldo
2918 5172 3193 5240 episcOpo,
3210 5182 3274 5221 ac
3288 5165 3388 5236 per

1795 5279 1922 5322 eum
1945 5261 2188 5317 ecclesiae
2222 5259 2497 5323 Remensi,
2528 5277 2628 5332 per
2646 5259 3028 5331 praeceptionis
3053 5257 3211 5327 regiae
3237 5257 3390 5323 pagi-

1797 5370 1941 5396 nam-
1975 5352 2259 5396 Remeneie
2289 5350 2438 5396 nrltis
2462 5360 2755 5396 mnnptnm-
2785 5346 2900 5396 iure
2924 5356 3191 5396 nerneltlo
3215 5346 3389 5396 possi-
