3904 5396
534 202 642 290 299
680 260 685 265 .

1602 210 1998 269 FLODOAIIDI
2035 212 2356 271 CANONECI
2395 212 2740 270 REiiENSIS

3698 218 3792 279 300

537 332 688 380 runt.
716 322 827 383 Nec
858 321 1097 396 longum,
1122 324 1387 382 subversa
1414 324 1657 384 funditus
1686 327 1757 383 ab
1798 328 1884 386 his
1904 330 1999 402 qui
2028 343 2116 385 re-
2149 335 2196 393 Α
2294 327 2535 401 Contigit
2554 338 2736 386 autem
2769 327 2918 393 mihi,
2944 326 3160 386 domina
3187 344 3304 388 mea
3330 330 3490 389 beata
3520 331 3615 390 Dei
3637 332 3790 392 Geni-

535 430 733 486 cepere
769 415 1084 486 dissipatur.
1116 413 1266 472 Missi
1298 415 1538 488 Iiugonis
1561 418 1841 489 adregem
1872 419 2119 498 veniunt,
2166 460 2171 465 .

531 516 591 564 et
617 508 685 562 de
710 521 848 577 pace
871 523 995 563 cum
1021 507 1103 564 eis
1133 523 1227 564 rex
1252 509 1394 565 inter
1422 508 1709 565 Artoldum
1748 511 2032 582 praesulem
2065 521 2122 568 et

533 600 878 658 Heribertum
932 602 1181 657 laborare
1240 603 1446 660 studet.
1508 604 1710 660 Deinde
1757 605 1828 660 ad
1874 614 2119 660 castrum

531 697 827 768 quoddam,
878 699 1024 768 quod
1057 698 1319 754 Hcriveus
1341 714 1513 769 nepos
1549 700 1786 768 llerivei,
1843 702 2116 772 quondam

528 789 946 860 archiepiscopi,
1011 805 1177 860 super
1233 791 1458 847 fluvium
1516 791 1813 849 Maternam
1874 794 2114 856 tenebat.

528 882 672 938 unde
709 890 767 937 et
804 881 960 937 villas
1007 882 1267 953 episcopii
1333 883 1620 939 Remensis
1686 885 2117 957 circumquaque

525 972 733 1041 positas
796 971 1251 1042 depraedabatur,
1306 975 1670 1043 proﬁciscitur
1721 991 1845 1031 eum
1888 976 2116 1032 Artoldo

526 1061 800 1132 episcOpo.
831 1061 944 1118 Nec
967 1078 1150 1128 mora;
1180 1062 1459 1120 obsidibus
1483 1066 1723 1136 acceptis
1747 1068 1817 1122 ab
1860 1068 1978 1137 ipso
2010 1067 2118 1124 Ile-

525 1155 673 1209 riveo
700 1154 990 1210 revertitur
1019 1154 1231 1220 Remis;
1254 1154 1601 1228 pergensque
1631 1158 1684 1212 in
1718 1159 2016 1215 crastinum
2045 1159 2115 1215 ad

521 1254 773 1300 sanctum
805 1244 1129 1314 Remigium,
1150 1260 1287 1300 sese
1309 1246 1478 1315 ipsius
1505 1249 1678 1303 sancti
1709 1250 2002 1306 committit
2025 1240 2114 1306 in-

522 1336 968 1402 tercessionihus,
1006 1336 1338 1407 promittens
1388 1336 1615 1395 vadibus
1673 1338 1867 1394 libram
1900 1338 2111 1411 argenti

517 1442 582 1483 sc
597 1428 851 1485 daturum
875 1429 1034 1484 annis
1057 1427 1301 1499 singulis.
1328 1426 1608 1485 Monachis
1630 1444 1849 1500 quoque
1861 1431 2108 1500 ejusdem

523 1517 632 1574 IOCI
677 1528 1010 1591 praeceptum
1045 1518 1114 1574 de
1140 1520 1330 1576 eodem
1371 1517 1598 1576 castello
1620 1519 1769 1576 dedit
1799 1520 2112 1577 immunita-

522 1606 609 1663 tis.

1050 1719 1287 1778 CAPUT
1337 1719 1575 1777 XXVIII.

591 1810 671 1866 De
708 1810 1015 1882 expulsiones
1039 1812 1221 1867 domui
1248 1812 1455 1867 Artoldi
1489 1812 1565 1867 ab
1599 1811 1726 1868 urbe
1774 1810 2039 1868 Romani.

589 1901 743 1973 Iingo
761 1903 956 1970 (dictus
985 1903 1230 1973 ﬂagitas)
1254 1904 1691 1974 princeps,ﬁlius
1716 1902 1981 1968 Rotherti,
1993 1903 2115 1974 jun-

516 1993 624 2048 ctis
638 1993 739 2049 sibi
768 1986 1095 2063 quibusdam
1113 1994 1380 2066 episcopis
1410 2002 1516 2049 tam
1546 1994 1791 2051 Francia:
1803 2010 1966 2065 quam
1986 1995 2113 2051 Bur-

518 2085 772 2154 gundite,
814 2100 936 2140 cum
981 2084 1267 2141 Heriberto
1306 2087 1506 2143 comite
1548 2096 1608 2143 et
1638 2086 1911 2144 Willelnto
1934 2086 2113 2144 Nord—

526 2176 851 2230 man‘norum
901 2175 1145 2246 principe
1214 2174 1538 2235 Remensem
1600 2177 1817 2233 obsidet
1893 2180 2107 2243 urbem,

519 2275 785 2339 sertaque
805 2263 1102 2325 obsidionis
1121 2268 1228 2334 die,
1251 2267 1536 2324 deserente
1552 2269 1700 2325 omni
1723 2284 1861 2340 pene
1884 2270 2108 2327 militari

515 2374 684 2415 manu
704 2358 988 2415 Artoldum
1014 2359 1352 2431 episcopum,
1375 2371 1431 2414 et
1454 2361 1522 2416 ad
1548 2360 1898 2417 Heribertum
1927 2371 2108 2418 trans-

512 2456 721 2515 eunte,
770 2448 912 2504 idem
955 2462 1138 2504 comes
1176 2449 1495 2504 lieriiiertus
1545 2450 1736 2505 urbem
1780 2450 2103 2522 ingreditur.

509 2541 770 2596 Artoldus
793 2540 993 2612 praesul
1021 2541 1089 2596 ad
1117 2552 1368 2598 sanetum
1415 2540 1745 2614 Remigium,
1785 2546 2108 2601 evocatione

509 2647 800 2702 procerum
824 2633 1203 2705 episcoporum
1232 2633 1528 2705 profectus,
1571 2650 1860 2704 persuasus
1883 2647 1987 2703 est,
2017 2639 2103 2695 vel

510 2726 839 2783 conterritus
863 2742 893 2781 a
934 2726 1268 2797 principibus
1305 2727 1564 2798 episcopii
1617 2743 1677 2783 se
1718 2732 2106 2801 procuratione

507 2818 591 2874 vel
637 2825 908 2889 potestate
973 2817 1245 2883 abdicare,
1305 2831 1676 2889 concessoque
1729 2820 1836 2875 sibi
1884 2822 2102 2877 abbatia

508 2908 688 2963 sancti
716 2907 915 2987 Basoli,
948 2915 1007 2963 et
1046 2908 1341 2965 Avennaco
1371 2910 1726 2976 monasterio,
1753 2912 1822 2966 ad
1852 2922 2100 2969 sanctum

505 3000 758 3056 Basolum
797 3009 1234 3057 commoraturus
1285 3002 1580 3068 abscessit,
1610 3011 1731 3074 post
1758 3018 1930 3059 annos
1975 3016 2099 3061 octo

2226 421 2362 475 trice
2383 418 2775 485 intercedente,
2801 430 2861 475 ut
2887 420 3001 491 ipsa
3027 420 3114 476 die
3140 422 3520 495 Conceptionis
3543 425 3633 497 (2‘3
3659 426 3794 482 Har-

2220 512 2304 582 tii)
2359 520 2414 566 et
2469 512 2735 581 passionis
2779 512 2870 584 (27
2926 512 3133 585 Martii)
3194 515 3404 571 Domini
3456 519 3628 573 nostri
3676 517 3789 576 Jesu

2220 602 2423 657 Christi
2470 603 2784 659 alisolverer
2816 618 2847 658 a
2876 605 3142 667 custodia,
3170 616 3226 661 et
3266 608 3352 663 die
3387 610 3569 675 tertia,
3596 612 3795 668 scilicet

2218 709 2272 748 vr
2306 693 2428 747 Kal.
2467 695 2689 763 Aprilis,
2710 711 2848 766 quas
2876 698 3136 752 Dominus
3166 713 3195 751 a
3221 703 3451 757 mortuis
3483 706 3789 773 resurrexit,

2218 798 2474 851 egressus
2507 784 2618 854 ipse
2642 801 2764 841 cum
2803 784 3029 855 prtefato
3069 786 3242 842 electo
3290 798 3479 844 nostro
3507 792 3577 845 ad
3615 794 3789 848 urbem

2219 871 2604 953 Sqessonicam
2649 873 2924 945 profectus
2953 892 3092 931 sum.
3121 877 3221 933 Ubi
3267 881 3659 938 convenientes
3688 886 3791 956 cpio

2217 965 2365 1034 scopi
2431 963 2591 1035 hujus
2646 966 2947 1023 diteceseos
3005 984 3128 1023 cum
3180 971 3518 1043 principibus
3574 973 3787 1046 llugone

2216 1069 2282 1109 ac
2327 1054 2619 1111 Heriberto
2666 1053 2822 1128 (Syri.
2883 1056 3089 1124 Suum,
3123 1076 3214 1114 an.
3268 1060 3405 1133 941)
3433 1103 3449 1128 ,
3502 1072 3793 1121 tractarunt

2215 1145 2345 1217 quid
2385 1146 2466 1201 eis
2506 1156 2649 1201 esset
2695 1146 2959 1218 agendum
2992 1165 3156 1220 super
3182 1151 3471 1222 episcopali
3503 1154 3662 1223 huius
3698 1156 3792 1211 Iino

2214 1237 2371 1306 gonis
2391 1236 2772 1305 ordinatione;
2804 1238 2990 1311 sicque
3011 1241 3388 1307 decreverunt,
3411 1244 3789 1313 paenitentibus

2213 1328 2534 1399 quibusdam
2586 1329 2711 1386 ﬁliis
2765 1331 3010 1388 ecclesia:
3062 1332 3369 1399 Remeusis,
3433 1344 3542 1389 tam
3588 1336 3791 1393 clericis

2214 1436 2375 1491 quam
2402 1421 2572 1488 laicis,
2602 1438 2724 1477 eum
2759 1425 3144 1493 ordinandum,
3166 1422 3541 1484 ‘asserentibus
3570 1428 3789 1485 fautorio

2212 1509 2317 1565 bus
2368 1510 2560 1582 ipsius,
2589 1513 2732 1583 quod
2763 1513 3021 1570 Artoldus
3069 1532 3410 1588 nequaquam
3435 1519 3667 1587 electus,
3702 1523 3789 1577 sed

2212 1615 2312 1672 per
2346 1603 2654 1659 violentiam
2703 1604 2868 1661 fuerit
2906 1607 3269 1676 intromissus,
3313 1624 3543 1682 seseque
3593 1614 3788 1681 episco-

2138 1693 2322 1766 Bpali
2374 1693 2710 1751 abdicaverit
2772 1697 3098 1754 ditione.lbi
3158 1713 3288 1772 ergo
3338 1698 3494 1771 Ilugo
3542 1704 3787 1774 princeps

2216 1796 2346 1842 tunc
2385 1802 2473 1844 me
2522 1803 2620 1858 per
2673 1804 2891 1846 manum
2939 1790 3023 1863 (i,
3056 1792 3292 1864 manus)
3340 1795 3633 1865 accipiens,
3672 1798 3786 1853 huic
3858 1820 3876 1840 ι

2214 1878 2429 1952 Hugoni
2478 1882 2660 1951 nepoti
2716 1898 2816 1937 suo
2856 1881 2925 1937 ad
2986 1884 3436 1941 benefaciendum
3491 1890 3786 1953 commisit;

2212 1970 2409 2039 quippe
2432 1970 2563 2025 mihi
2583 1972 2868 2027 ecclesiam
2899 1983 3100 2029 sancta:
3124 1973 3305 2031 Mariae
3324 1977 3474 2034 dedit
3495 1978 3551 2033 in
3580 1979 3788 2035 Colrido

2212 2062 2393 2125 sitam,
2422 2070 2624 2116 terram
2650 2078 2865 2133 quoque
2899 2080 3064 2134 quam
3099 2076 3256 2136 pater
3278 2083 3408 2122 suus
3439 2068 3572 2123 mihi
3607 2072 3783 2124 abstu-

2210 2146 2368 2215 lerat,
2432 2150 2683 2219 reddidit,
2731 2160 2787 2209 et
2834 2152 2997 2210 aliam
3046 2155 3101 2211 in
3146 2158 3405 2228 praedicta
3452 2158 3578 2214 villa
3634 2177 3783 2230 supra

2210 2239 2433 2313 adjecit.

2771 2356 3004 2415 CAPUT
3045 2357 3238 2415 XXIX.

2418 2447 2495 2503 De
2518 2447 2672 2504 malis
2705 2465 2824 2521 qua:
2854 2452 3096 2521 deinceps
3125 2462 3406 2508 consecuta
3429 2463 3574 2508 sunt.

2279 2537 2390 2596 Nec
2440 2555 2614 2606 mora,
2647 2541 2922 2597 civitatem
2973 2541 3300 2599 Remeuseut
3329 2559 3358 2597 a
3410 2547 3637 2613 praefato
3656 2561 3780 2603 con-

2206 2639 2372 2686 ventu
2419 2631 2682 2687 adeuntes
2719 2632 2982 2703 episcopi,
3027 2643 3386 2703 pnetaxatum
3416 2635 3647 2691 electmn
3688 2653 3780 2693 no-

2206 2730 2381 2777 atrum
2421 2721 2474 2776 in
2494 2722 2723 2779 ecclesia
2754 2724 2929 2779 sancti
2955 2724 3182 2796 Remigii
3206 2725 3474 2795 dignitate
3499 2727 3776 2784 sublimant

2207 2811 2676 2883 archiepiscopali.
2719 2812 2833 2868 Sub
2886 2813 3095 2869 hisdem
3157 2814 3270 2871 fere
3297 2815 3494 2872 diebus
3520 2826 3777 2872 monaste-

2208 2903 2349 2958 rium
2380 2906 2553 2959 sancti
2579 2904 2897 2960 Theoderici
2928 2904 3199 2960 nounullis
3218 2904 3529 2962 illustratur
3557 2909 3776 2964 miracu-

2204 2993 2271 3050 lis
2314 2995 2381 3050 de
2421 2996 2617 3064 quibus
2639 2995 2751 3064 jam
2783 2997 3029 3065 quaedam
3075 3012 3238 3068 supra
3275 2997 3563 3054 retulimus
3610 2998 3715 3071 (lib.
3735 3014 3772 3062 ι,

506 3099 564 3147 et
586 3106 801 3147 menses
850 3101 1056 3160 septem
1090 3089 1238 3164 [ms.,
1270 3091 1389 3165 sex]
1415 3093 1468 3148 in
1513 3056 1824 3164 episcOpatu
1852 3105 2095 3162 exactos,
2126 3056 2171 3117 Ω
2203 3104 2251 3141 c.
2284 3086 2431 3157 uin),
2457 3086 2548 3141 ubi
2598 3088 3166 3144 commemorationem
3209 3087 3454 3157 ejusdem
3507 3090 3649 3145 beati
3681 3092 3773 3145 viri

506 3182 663 3251 Ilugo
691 3191 749 3237 et
792 3181 1111 3238 Heribertos
1150 3183 1318 3239 Iocuti
1368 3199 1492 3238 cum
1537 3185 1861 3255 quibusdam
1899 3186 2098 3241 Letha-

504 3273 807 3339 riensibus,
865 3276 935 3328 ad
980 3273 1319 3330 obsidionem
1361 3274 1608 3331 Lauduui
1658 3292 1783 3332 cum
1827 3277 2100 3334 Willelmo

502 3364 947 3435 proﬁciscuntur,
980 3364 1173 3421 relicto
1196 3365 1383 3421 Remis
1412 3364 1637 3438 HugOne
1661 3368 1915 3436 diacono,
1948 3370 2102 3425 Heri-

504 3456 643 3511 berti
673 3454 803 3523 ﬁlio,
834 3454 1163 3526 jampridem
1210 3456 1277 3510 ad
1320 3456 1690 3527 episcopatum
1726 3458 1896 3528 ipsius
1945 3459 2100 3515 urbis

504 3557 766 3615 evocato,
821 3548 1023 3619 quique
1093 3548 1253 3603 tertio
1324 3558 1612 3620 postquam
1676 3564 1961 3622 regressus
2014 3559 2101 3607 est

505 3655 715 3707 mense,
744 3640 1031 3712 presbyter
1057 3655 1088 3695 a
1117 3638 1347 3696 Widone
1377 3640 1708 3697 Suessonico
1751 3643 1980 3714 praesule
2006 3657 2099 3698 or-

512 3729 732 3786 dinatus
759 3739 862 3797 est,
908 3729 1137 3802 expletis
1170 3739 1455 3801 postquam
1494 3731 1671 3788 fuerat
1702 3732 1909 3789 electus
1936 3733 2095 3788 annis

501 3824 837 3891 quindecim,
881 3838 1018 3894 quos
1081 3823 1447 3879 Antissiodori
1493 3839 1838 3881 commorans
1883 3834 2088 3899 egerat,

505 3914 812 3970 litterarum
858 3916 1054 3971 studiis
1104 3925 1420 3986 occupatus,
1448 3917 1588 3987 apud
1616 3916 1900 3973 Widonem
1925 3918 2093 3989 ipsius

503 4007 659 4063 urbis
685 4006 1006 4073 antistitem,
1037 4022 1067 4062 a
1085 4022 1194 4077 quo
1216 4017 1271 4063 et
1291 4009 1554 4064 diaconus
1581 4009 1865 4065 ordinatus
1891 4010 2088 4066 fuerat.

498 4097 637 4154 Nam
678 4107 907 4156 caeteros
939 4098 1226 4157 inferiores
1278 4102 1480 4173 gradus
1505 4103 1572 4158 ab
1595 4102 1820 4157 Abbone
1857 4103 2089 4160 Suesso-

502 4189 630 4244 nico
655 4188 889 4261 prmsule
935 4188 1128 4245 Remis
1170 4199 1474 4261 acceperat.
1507 4191 1777 4247 Ludovico
1812 4209 1939 4265 rege
1968 4202 2089 4264 post

499 4279 619 4334 haec
639 4295 669 4334 a
695 4279 1005 4352 Burgundia
1041 4294 1313 4349 regresso,
1344 4281 1602 4336 Artoldus
1620 4283 1905 4353 episcopus
1936 4286 2086 4340 dese-

500 4385 627 4426 rens
664 4371 973 4427 etenobium
1031 4373 1202 4426 sancti
1249 4370 1447 4435 Basoli,
1487 4371 1556 4427 ad
1604 4374 1852 4427 eumdem
1898 4389 2081 4446 regem

500 4462 861 4534 proﬁciscitur
915 4478 1039 4519 cum
1089 4464 1409 4533 quihusdam
1470 4464 1788 4535 propinquis
1851 4467 1984 4530 suis,
2048 4482 2081 4522 a

497 4553 695 4623 quibus
737 4553 984 4609 ecclesia:
1052 4554 1357 4620 beneﬁcia,
1397 4569 1517 4625 quae
1592 4556 1866 4620 tenebant,
1925 4556 2081 4614 Heri-

496 4648 683 4702 hertus
729 4661 914 4702 comes
970 4647 1287 4702 abstulerat.
1345 4646 1473 4702 Mihi
1522 4664 1740 4718 quoque
1791 4650 2078 4707 ecclesiam

496 4735 805 4790 Colmisiaci
840 4734 1127 4805 (Cormicy)
1157 4736 1260 4790 vici
1290 4737 1514 4791 abstulit
1542 4753 1665 4793 cum
1693 4747 1837 4794 terra
1875 4739 2083 4795 benefi-

497 4824 590 4887 cii,
622 4839 783 4892 quam
814 4835 943 4879 tune
967 4826 1225 4893 temporis
1254 4825 1524 4881 tenebam.
1564 4826 1675 4897 Ego
1709 4828 1942 4899 denique
1966 4829 2080 4884 dis-

497 4930 727 4986 ponens,
779 4916 1044 4970 orationis
1092 4917 1289 4986 gratia,
1337 4917 1641 4988 sepulcrum
1690 4921 1865 4977 visere
1907 4922 2082 4977 sancti

496 5006 736 5071 Martini,
769 5014 1012 5061 retentus
1062 5021 1183 5060 sunt
1214 5007 1282 5062 ab
1307 5007 1441 5078 ipso.
1473 5010 1611 5064 clam
1645 5026 1733 5066 me
1756 5013 2079 5083 quibusdam

496 5097 745 5168 personis
775 5095 1214 5151 in-imulantibus
1261 5099 1403 5168 apud
1430 5114 1576 5164 eum,
1629 5102 1772 5171 quod
1803 5104 1884 5158 sui
1914 5121 2077 5162 causa

497 5188 827 5251 nocumenti,
874 5187 959 5243 vel
1010 5187 1105 5242 lilii
1155 5188 1236 5243 sui
1288 5189 1478 5244 vellem
1522 5190 1829 5261 proﬁcisci;
1868 5203 1924 5248 et
1950 5197 2080 5265 quia

498 5279 815 5332 tcnutabam
855 5290 941 5331 me
972 5276 1099 5331 lmic
1144 5277 1327 5333 electo
1365 5289 1553 5334 nostro
1594 5279 1949 5337 committere.
1987 5289 2083 5340 ne-

767 5382 884 5396 unum
942 5368 1047 5396 nm.
1075 5368 1311 5396 nlnnA-A.
1343 5384 1464 5396 1......
1496 5370 1781 5396 ..-μη-ΛΑ...-
1833 5389 1848 5396 -

2198 3176 2449 3233 fecimus.
2477 3174 2559 3231 Ab
2585 3177 2815 3232 ecclesia
2843 3192 2973 3233 vero
3000 3188 3208 3233 sanctae
3233 3177 3418 3234 Maria:
3442 3178 3624 3235 Remis
3650 3196 3771 3236 crux

2197 3272 2392 3341 major,
2428 3286 2589 3340 quam
2636 3270 2865 3326 domnus
2895 3268 3156 3326 ﬂeriveus
3181 3271 3622 3342 archiepiscopus
3650 3286 3772 3327 auro

2196 3371 2573 3434 cooperuerat,
2605 3372 2662 3417 et
2680 3362 2909 3433 gemmis
2936 3370 3248 3427 ornaverat,
3287 3379 3318 3416 a
3350 3362 3562 3417 furibus
3602 3371 3769 3427 noctu,

2198 3456 2546 3511 tenebrarum
2603 3453 2809 3510 scilicet
2832 3454 3170 3509 amatoribus
3198 3495 3213 3519 ,
3244 3453 3513 3510 aufertur.
3544 3454 3657 3522 Qua
3685 3456 3767 3509 diu

2194 3545 2445 3615 qumsita,
2471 3546 2684 3601 tandem
2716 3553 2839 3615 post
2887 3544 3087 3598 annum
3119 3559 3245 3613 pars
3274 3546 3392 3599 auri
3423 3560 3768 3614 εθιιιιηίπιιιιξ-

2194 3653 2302 3709 que
2362 3636 2531 3708 ipsius
2573 3637 2815 3691 multatis
2863 3636 3131 3707 reperitur
3181 3636 3507 3691 latronibus.
3553 3637 3624 3690 Et
3670 3652 3765 3707 quo

2196 3728 2538 3800 postmodum
2588 3741 2721 3781 auro
2764 3726 2854 3781 hic
2900 3725 3119 3796 prmsul,
3171 3725 3384 3797 adjecta
3421 3728 3651 3797 quadam
3690 3725 3763 3779 sui

2193 3834 2408 3891 quoque
2436 3818 2672 3873 numeris
2713 3819 3035 3889 quantitate,
3060 3816 3286 3873 calicem
3319 3817 3421 3871 sub
3452 3819 3651 3872 honore
3677 3817 3759 3871 Dei

2191 3914 2485 3972 Genitricis
2509 3913 2765 3969 fabricari
2794 3911 2940 3971 fecit.
2986 3912 3211 3983 llugo..e
3237 3928 3299 3967 ac
3327 3911 3613 3968 Ileriberto
3632 3911 3757 3966 Lan-

2192 4008 2395 4062 dunum
2418 4004 2625 4076 pariter
2648 4004 3042 4068 obsidentibus,
3069 4020 3163 4058 rex
3184 4003 3517 4069 Ludovicus,
3547 4002 3757 4072 sumptis

2191 4111 2376 4153 secum
2411 4110 2547 4165 quos
2597 4096 2956 4165 undecunque
2997 4095 3253 4165 colligere
3279 4095 3455 4163 potuit
3483 4095 3536 4148 in
3582 4107 3754 4164 pagum

2188 4188 2502 4244 Portenscm
2526 4186 2691 4242 venit.
2707 4186 2825 4255 Quo
2840 4187 3024 4241 audito
3040 4186 3209 4258 llugo.
3232 4197 3290 4243 et
3311 4187 3645 4251 Heribertus,
3669 4183 3756 4240 sci-

2188 4281 2315 4335 licet
2347 4280 2492 4351 quod
2546 4292 2642 4333 rex
2687 4277 2767 4333 eis
2806 4278 3293 4348 appropinquaret,
3338 4277 3621 4333 obsidione
3680 4288 3752 4330 rc-

2189 4374 2338 4439 licta,
2388 4380 2927 4444 properant'coutra,
2976 4380 3032 4427 et
3071 4372 3406 4441 insperatum
3440 4371 3582 4441 regis
3625 4370 3753 4423 inva-

2191 4468 2382 4523 dentes
2429 4465 2750 4530 exercitum,
2800 4463 3089 4519 nonnullos
3139 4473 3410 4527 sternunt,
3458 4464 3683 4533 reliquos
3705 4460 3747 4512 in

2188 4556 2372 4626 fugam
2421 4564 2659 4611 vertunt.
2709 4555 2822 4611 Rex
2889 4556 3001 4624 ipse
3039 4571 3166 4611 cum
3210 4556 3404 4626 paucis
3459 4557 3680 4611 eductus
3724 4566 3749 4604 a

2191 4649 2325 4708 suis,
2354 4656 2408 4701 et
2460 4628 2708 4701 eximere
2743 4660 2802 4700 se
2845 4644 2984 4700 bello
3031 4656 3276 4711 coactus,
3320 4647 3410 4700 vix
3449 4645 3749 4708 evasit,Ar-

2196 4737 2341 4792 toldo
2367 4736 2622 4806 episcOpo
2646 4744 2701 4790 et
2750 4734 3010 4805 Rotgario
3037 4734 3237 4790 comite
3267 4737 3646 4807 comitantibus
3678 4749 3750 4790 sc-

2188 4842 2336 4883 cum.
2384 4825 2638 4883 Artoldus
2671 4825 2989 4895 episcopus,
3032 4825 3256 4894 perditis
3310 4828 3473 4881 rebus
3514 4841 3642 4895 quas
3689 4821 3745 4877 ibi

2190 4916 2473 4981 habuerat,
2503 4916 2571 4971 ad
2610 4916 2887 4987 Hugonem
2936 4927 2991 4971 et
3020 4915 3368 4972 Heribertum
3412 4919 3640 4974 accessit
3670 4915 3747 4969 ad-

2190 5007 2384 5063 ductos
2426 5006 2495 5061 ab
2522 5006 2734 5071 amicis,
2773 5005 3107 5077 redditisque
3156 5007 3260 5062 sibi
3313 5008 3549 5063 abbatiis
3596 5004 3743 5063 sancti

2186 5097 2364 5154 Basoli
2395 5108 2450 5154 et
2472 5097 2764 5153 Avennaco
2784 5114 2905 5153 cum
2934 5098 3063 5152 villa
3101 5096 3422 5154 Vindonissa
3450 5092 3742 5172 [Vendeure]

2186 5200 2242 5244 et
2269 5201 2425 5260 pacta
2476 5205 2611 5261 pace
2658 5205 2784 5246 cum
2838 5189 3062 5261 llugone
3117 5191 3369 5261 prresule,
3409 5194 3478 5247 ad
3526 5201 3741 5246 sanctam

2184 5280 2455 5346 Basolum,
2499 5282 2610 5337 illic
2663 5279 3005 5335 habitaturus
3058 5282 3297 5337 devenit.
3335 5281 3594 5351 Sequenti
3626 5292 3740 5335 anno

2808 5373 2922 5396 .I...“
2957 5371 3143 5396 DA_.2-

2187 5375 2331 5396 Inln\
2363 5391 2452 5396 _.._
2482 5375 2663 5396 I2.-_..-
2712 5373 2796 5396 ,.--ζ

3639 5366 3737 5396 ι’..-ιέ
3834 5360 3837 5396 i
