3904 5396
104 366 193 426 SOI

679 348 1024 429 msrouue
1062 346 1416 429 soccusw
1462 366 1804 427 REMENSIS
1843 368 2021 427 unm
2058 368 2417 440 outruon.
2455 406 2527 416 -
2563 372 2690 429 Lm.
2732 373 2822 431 tv.

3272 376 3382 434 ῑσι

104 499 237 554 papa
265 478 471 555 (Steph.
504 478 669 556 νιη)
695 487 1086 542 transmissum.
1118 485 1252 542 Cum
1276 485 1471 558 quibus
1493 483 1697 554 pariter
1723 487 1771 546 Α
1799 485 2060 555 quosdam
2085 486 2321 554 obsides,
2345 498 2403 543 ut
2426 487 2767 558 Ragenoldus
2778 504 2843 546 ex
2860 499 3013 561 parte
3036 488 3178 564 regis
3190 472 3255 547 ad
3271 503 3385 550 cot-

106 586 156 632 et
179 574 380 646 legatio
408 576 555 631 venit
596 576 931 647 principibus
959 577 1131 648 regni,
1156 585 1217 631 ut
1243 575 1573 631 Ludovicum
1603 588 1689 630 re-

107 682 215 740 gem
240 666 532 739 recipiant,
561 676 616 723 et
636 663 715 722 sic
742 676 950 740 negatos
971 683 1098 724 suos
1135 666 1364 723 Romam
1403 667 1659 739 dirigant.

668 779 900 837 CAPUT
951 780 1122 837 XXX.

97 874 161 928 De
208 871 553 944 occupatione
602 871 913 944 Altimontig
967 873 1151 944 castri,
1198 870 1277 928 re!
1332 870 1581 940 Maeonii,
1633 883 1684 930 et

637 951 807 998 morte
862 941 913 996 11
919 943 1148 997 eriberti.

171 1032 328 1089 Anno
356 1046 573 1104 quoque
602 1042 726 1103 post
775 1032 936 1087 istum
994 1031 1148 1104 (943)
1197 1032 1455 1088 Artoldus
1481 1033 1690 1103 episco-

108 1139 216 1194 pus,
267 1122 465 1179 relicto
511 1124 762 1179 coenobio
800 1124 973 1180 sancti
1020 1124 1232 1191 Basoli,
1265 1127 1332 1180 ad
1363 1141 1542 1198 regem
1569 1141 1688 1196 pro-

112 1217 270 1273 fectus
296 1226 407 1272 est.
455 1215 528 1274 At
577 1218 652 1273 illi
689 1219 959 1289 promittit
997 1219 1046 1275 ei
1080 1236 1140 1276 se
1190 1220 1529 1276 redditurum
1579 1219 1687 1277 Re-

110 1324 334 1365 mensem
371 1310 764 1381 episcopatum.
793 1311 894 1380 Qui
931 1313 1225 1384 assumptis
1269 1328 1453 1369 secum
1500 1313 1686 1369 fratri-

110 1399 199 1453 bus
220 1399 355 1465 suis,
381 1408 439 1455 et
466 1399 587 1455 aliis
609 1401 952 1472 quibusdam,
993 1403 1084 1473 qui
1126 1402 1325 1475 abjecti
1373 1402 1591 1461 fuerant
1613 1405 1682 1461 ab

109 1490 404 1559 episcopatu
455 1489 732 1548 Remensi.
773 1491 1123 1549 Altimontem
1156 1504 1398 1551 castrum
1429 1506 1678 1569 occupat.

111 1582 229 1635 Cum
251 1582 452 1650 quibus
485 1598 579 1637 rex
613 1581 916 1640 Ludovicus
957 1584 1123 1640 etiam
1159 1585 1458 1642 Mosomum
1495 1604 1683 1659 agres-

112 1687 210 1737 sns,
238 1671 516 1741 repellitur
536 1690 565 1727 a
591 1673 836 1730 ﬁdelibus
873 1675 1114 1746 Hugonis
1149 1677 1409 1750 episcopi,
1459 1679 1685 1750 quibus-

115 1763 221 1814 dam
246 1777 467 1817 suornm
511 1763 880 1834 interemptis;
918 1768 1261 1823 suburbanas
1285 1778 1464 1825 tamen
1490 1770 1679 1826 domos

116 1852 352 1921 quasdam
408 1853 579 1924 ipsius
624 1856 792 1911 castri
847 1856 1114 1913 succedit.
1169 1859 1378 1915 Interea
1426 1859 1683 1920 defuncto
1715 1836 1762 1897 Β

115 1945 379 2003 Heriberto
406 1950 630 2014 comite,
666 1952 732 2007 de
779 1954 1105 2024 recipiendis
1151 1954 1275 2012 ﬁliis
1310 1956 1479 2027 ipsius
1502 1974 1533 2012 a
1560 1975 1686 2031 rege

115 2035 282 2092 crebra
330 2036 477 2093 inter
535 2039 708 2110 ipsum
759 2056 939 2113 regem
970 2051 1026 2098 et
1078 2042 1359 2116 IIngonem
1382 2046 1682 2118 principem

117 2127 415 2185 versabatur
454 2128 708 2186 intentio.
740 2131 980 2199 Quorum
1012 2149 1107 2189 rex
1136 2135 1371 2205 primum
1422 2146 1549 2192 tunc
1575 2136 1684 2193 Ilu-

118 2236 285 2291 goncm
334 2223 830 2295 archiepiscopum,
872 2226 1263 2281 mediatorihus
1287 2225 1499 2282 Othone
1546 2228 1683 2285 duce

118 2311 576 2382 Lotbarieusium,
627 2325 685 2373 et
738 2316 1081 2375 Adalberone
1126 2319 1393 2390 praesule,
1458 2320 1683 2390 llugone

120 2418 308 2473 quoque
331 2405 469 2462 duce
500 2407 770 2478 praecipue
798 2408 1104 2474 insistente,
1131 2410 1326 2481 recipit
1359 2424 1425 2465 eo
1466 2419 1677 2478 tenore,

119 2504 170 2548 ut
189 2496 431 2562 abbatize,
455 2514 594 2568 quas
630 2498 910 2556 dimiserat
953 2501 1211 2573 Artoldus
1240 2503 1308 2557 ad
1344 2519 1524 2573 regem
1555 2521 1679 2575 pro—

121 2586 288 2655 fectus,
316 2590 546 2645 Artoldo
568 2591 822 2661 episcopo
848 2593 1267 2649 restituerentur
1294 2635 1311 2661 ,
1343 2594 1489 2650 aliud
1512 2595 1677 2650 etiam

123 2681 426 2749 episcopium
467 2682 567 2754 ipsi
609 2685 1023 2753 provideretur,
1067 2684 1328 2741 fratribus
1360 2702 1575 2759 quoque
1616 2697 1671 2743 et

123 2775 414 2846 propinquis
476 2775 593 2844 ejus
649 2778 903 2845 honores,
943 2794 1081 2848 quos
1109 2794 1176 2834 ex
1215 2781 1526 2851 episcopatu
1574 2781 1682 2837 Re-

125 2866 266 2918 tuensi
315 2867 643 2933 habuerant,
693 2868 1069 2925 redderentur.
1103 2870 1296 2927 Postea
1320 2873 1501 2927 creteri
1545 2890 1680 2944 quo-

124 2969 209 3021 que
254 2955 343 3011 ﬁlii
394 2958 664 3014 Ileriberti
719 2961 935 3015 comitis
963 2962 1353 3031 recipiuntura
1382 2979 1527 3036 rege.
1566 2964 1677 3021 Hu-

124 3061 178 3113 go
217 3047 440 3120 denique
496 3050 695 3122 prarsul
740 3050 1047 3108 Amhlicum
1125 3052 1381 3125 (Ambly)
1436 3066 1676 3113 castrum

122 3141 239 3209 cepit
305 3152 468 3213 atque
528 3143 849 3209 combussit,
931 3145 1075 3215 quod
1132 3144 1400 3201 Robertus
1459 3155 1514 3202 et
1571 3147 1677 3201 Ro-

126 3232 270 3289 dolfus
294 3232 516 3297 fratres,
566 3235 658 3305 qui
698 3234 915 3290 fuerant
962 3234 1147 3291 Remis
1180 3237 1414 3307 expulsi,
1468 3238 1671 3295 detine-

126 3322 410 3388 bant;unde
424 3324 852 3396 dept‘mdationes
876 3342 972 3397 per
983 3328 1317 3398 episcopium
1345 3328 1669 3386 Remensem

127 3414 379 3471 faciebant.
406 3416 539 3471 Item
577 3415 833 3487 prmfatus
858 3417 1302 3490 archiepiscopus
1327 3418 1677 3477 Altimontem

127 3510 442 3566 munitionem
486 3512 721 3585 obsidet,
750 3529 912 3584 quam
943 3517 1163 3571 tenebat
1190 3517 1339 3571 Dodo
1365 3502 1533 3573 frater
1577 3518 1680 3573 Ar-

129 3596 228 3653 toldi
251 3603 515 3671 episcopi;
546 3604 870 3675 tandemque
890 3614 1115 3678 accepto
1136 3607 1362 3677 parvqu
1376 3608 1545 3679 ipsius
1571 3609 1680 3665 ﬁlio

129 3690 299 3758 obside,
340 3694 593 3760 discedit,
634 3710 758 3766 rege
806 3712 1021 3768 quoque
1067 3699 1382 3755 mandante.
1413 3701 1570 3756 Auno
1595 3717 1683 3758 se-

128 3793 291 3850 quente
318 3783 466 3858 (944)
514 3786 647 3857 regii
693 3788 890 3843 milites
932 3789 1301 3862 episcopatum
1356 3790 1678 3848 Rcmensem

129 3871 484 3942 depraedantur,
520 3888 578 3931 et
620 3877 714 3933 ﬁlii
745 3877 1010 3936 lleriherti
1038 3881 1309 3937 ahbatiam
1338 3884 1509 3938 sancti
1535 3882 1681 3940 Cris-

128 3960 243 4028 pini,
269 3964 606 4039 Ragenoldus
635 3983 852 4039 quoque
877 3969 1146 4025 ahbatiam
1172 3973 1345 4028 sancti
1399 3972 1638 4028 Medardi
1663 4016 1679 4040 ,

130 4048 279 4121 sicque
300 4056 579 4112 alterutris
608 4057 1012 4115 debacchantur
1046 4061 1253 4133 rapinis
1281 4071 1445 4133 atque
1476 4065 1683 4133 deprae-

132 4141 414 4205 dalionibus.

656 4266 886 4325 CAPUT
924 4268 1117 4328 XXXI.

137 4343 189 4400 De
219 4351 467 4412 obsidione
520 4358 664 4414 urbis
717 4359 987 4443 Bernensis
1033 4364 1099 4418 ab
1145 4375 1374 4420 exercitu
1432 4365 1682 4422 Ludovici

805 4449 959 4502 regis.

1794 573 2034 645 loqnium
2061 578 2159 633 sibi
2187 587 2455 633 occurrat.
2482 579 2600 647 Quo
2630 582 2882 646 abeunte,
2907 591 3103 637 tractat
3125 600 3248 639 eum
3289 598 3380 650 eo,

1791 664 1872 719 uti
1904 679 1995 720 rex
2027 666 2246 722 obsides
2277 668 2344 722 ab
2370 668 2594 739 Ilngoue
2614 671 3023 743 archiepiscopo
3049 675 3281 744 accipiat
3326 685 3386 731 et

1792 755 1861 811 ab
1887 756 2169 811 obsidione
2187 757 2439 813 Remensi
2476 758 2741 825 discedat,
2773 771 3041 830 quatenus
3070 763 3210 819 idem
3240 780 3383 835 prte-

1789 848 1897 911 sul,
1928 849 2276 905 denominato
2303 852 2524 921 placito,
2549 854 2615 908 ad
2644 854 2970 910 reddendam
3021 857 3286 912 rationem
3313 858 3383 912 de

1788 941 2057 1004 omnibus,
2087 959 2209 1013 qua:
2232 958 2325 998 rex
2355 944 2424 997 ab
2450 959 2517 999 eo
2547 945 2846 1014 quaesierit,
2889 949 3130 1003 accedat.
3174 950 3383 1017 Quibus

1788 1028 1892 1086 hoc
1918 1032 2020 1086 sibi
2050 1040 2241 1089 tenore
2282 1034 2425 1090 datis
2466 1051 2560 1090 rex
2592 1037 2661 1090 ab
2703 1036 2984 1094 obsidione
3014 1041 3219 1096 recedit
3262 1053 3385 1111 post

1788 1120 2033 1191 quintam
2064 1124 2329 1179 decimam
2358 1141 2467 1196 qua
2492 1127 2685 1183 civitas
2715 1130 2935 1184 obsessa
2986 1129 3165 1187 fuerat
3214 1133 3378 1188 diem.

1786 1209 1897 1266 Nec
1923 1212 2094 1267 multo
2114 1223 2237 1283 post
2267 1215 2408 1270 idem
2435 1232 2528 1272 rex
2560 1232 2589 1272 a
2621 1215 2986 1275 Nordmannis
3025 1225 3383 1293 comprobem

1785 1316 1880 1358 sus
1899 1312 2002 1367 est,
2025 1304 2321 1361 etRodomi
2352 1307 2625 1364 detentus.
2647 1308 2797 1382 Ilugo
2822 1312 3382 1381 pnesulAltimontem

1784 1404 2022 1449 castrum
2076 1395 2352 1463 obsidens,
2409 1409 2533 1470 post
2583 1409 2790 1470 septem
2843 1400 3018 1458 ferme
3078 1404 3384 1460 obsidionis

1783 1483 2152 1541 hebdomadas
2208 1488 2441 1558 recipit,
2500 1491 2765 1548 reddente
2816 1492 2947 1548 illud
3002 1495 3105 1550 sibi
3162 1496 3417 1553 Dodone'

1782 1576 1967 1632 domui
2010 1579 2219 1635 Artoldi
2251 1580 2441 1647 fratre,
2474 1583 2567 1637 tali
2616 1585 2716 1638 sub
2743 1586 3071 1652 conditione,
3104 1597 3167 1643 ut
3194 1589 3382 1645 -Illium

1783 1666 1954 1733 ipsius
1980 1677 2035 1723 et
2086 1669 2255 1724 ﬁlium
2298 1670 2483 1727 fratris
2519 1672 2601 1727 sui
2643 1675 2968 1744 suscipiens,
3005 1676 3148 1733 idem
3179 1672 3383 1749 praesul

1781 1759 2108 1814 concederet
2131 1760 2212 1816 eis
2241 1768 2439 1816 terram
2468 1770 2682 1832 patrum
2707 1779 2949 1821 suorum.

2339 1874 2569 1932 CAPUT
2608 1875 2824 1932 XXXII.

1786 1962 1866 2020 De
1885 1967 2212 2023 restitutione
2252 1969 2446 2049 regule:
2487 1970 2542 2025 in
2562 1972 2889 2049 monasterio
2932 1975 3103 2049 sancti
3131 1974 3379 2049 Remigii,

2068 2049 2117 2095 et
2155 2042 2525 2095 constitutione
2555 2044 2757 2097 abbatis
2791 2044 3089 2099 lIincmari.

1853 2125 2140 2184 Advocans
2177 2128 2411 2199 denique
2437 2131 2527 2187 hic
2552 2130 2791 2202 pontifex
2817 2134 3232 2192 Ercamboldum
3264 2152 3383 2193 mo-

1786 2220 2008 2276 nasterii
2031 2223 2202 2278 sancti
2231 2223 2504 2279 Benedicti
2534 2225 2809 2290 abbatem,
2842 2228 3084 2299 regulam
3114 2232 3384 2287 monasti-

1783 2327 1903 2366 cam
1935 2313 1988 2367 in
2016 2315 2344 2370 monasterio
2370 2316 2545 2371 sancti
2592 2316 2825 2389 Remigii
2869 2321 3159 2377 restituere
3182 2322 3376 2378 decer-

1785 2409 1884 2467 tat,
1933 2406 2273 2461 constituens
2316 2405 2388 2460 ibi
2434 2407 2682 2462 abbatem
2734 2408 3087 2466 Hincmarum
3132 2414 3371 2481 ejusdem

1783 2490 1885 2547 loci
1918 2495 2265 2549 monachum.
2295 2494 2501 2566 Regina
2524 2496 2799 2568 Gerberga
2822 2514 2995 2569 nuper
3018 2500 3087 2555 ad
3108 2500 3364 2558 Othoneu

1785 2599 1967 2654 regem
1998 2585 2217 2641 fratrem
2243 2602 2399 2641 suum
2428 2587 2753 2660 legationem
2786 2590 3083 2657 direxerat,
3111 2596 3374 2652 auxilium

1783 2677 2088 2745 deposcens
2132 2679 2201 2733 ab
2248 2694 2315 2733 co
2346 2688 2533 2735 εοετιηι
2588 2680 2864 2753 Hugonem
2914 2686 3234 2757 principem,
3287 2688 3378 2743 cui

1781 2763 2103 2821 L‘auduuum
2156 2768 2488 2834 reddiderat,
2535 2778 2595 2824 ut
2630 2760 2899 2842 reciperet
2926 2772 3261 2831 Ludovicum
3291 2793 3381 2833 re-

1780 2871 1922 2928 gem,
1954 2872 2114 2926 quem
2150 2857 2339 2929 Hngo,‘
2367 2860 2468 2915 sub
2513 2862 2758 2916 custodia
2801 2873 3076 2935 receptum
3127 2881 3157 2920 a
3202 2866 3382 2922 Nord-

1782 2951 2020 3014 mannis,
2048 2952 2347 3007 retinuerat
2376 2952 2545 3024 (950).
2575 2953 2676 3021 Qui
2702 2954 2846 3011 Otho
2892 2958 3189 3013 maximum
3226 2960 3377 3015 colli-

1781 3045 1914 3113 gens
1960 3059 2026 3099 ex
2069 3045 2324 3100 omnibus
2368 3046 2555 3117 regnis
2601 3047 2714 3102 suis
2760 3050 3081 3115 exercitum,
3129 3052 3278 3105 venit
3320 3051 3381 3107 in

1783 3132 2096 3202 Franciam,
2123 3135 2430 3191 Conradum
2475 3152 2689 3207 quoque
2730 3153 2917 3194 secum
2966 3140 3171 3197 habens
3203 3141 3380 3198 Cisal-

1785 3221 1927 3293 pinae
1952 3222 2140 3279 Galliae
2170 3238 2375 3296 regem.
2425 3224 2633 3293 Quibus
2672 3242 2769 3284 rex
2795 3227 3121 3288 Ludowicus
3160 3231 3379 3288 obviam

1785 3309 2085 3380 profectus,
2115 3315 2252 3369 satis
2280 3315 2645 3372 amicabiliter
2671 3326 2729 3373 et
2750 3317 3047 3376 honoriﬁce
3086 3323 3380 3393 suscipitur

1787 3402 1856 3459 ab
1880 3402 1981 3458 eis.
2015 3402 2217 3474 Sicque
2242 3405 2451 3476 pariter
2484 3405 2803 3463 Laudunum
2846 3410 3147 3476 venientes,
3199 3411 3380 3470 consi-

1785 3492 2084 3563 derateque
2110 3497 2277 3551 castri
2328 3498 2609 3563 ﬁrmitate,
2649 3500 2997 3558 deverterunt
3039 3503 3107 3558 ab
3147 3520 3233 3568 eo,
3268 3505 3380 3560 Re-

1786 3601 2030 3643 mensent
2076 3590 2453 3660 aggredientes
2481 3591 2694 3658 urbem,
2735 3609 2898 3665 quam
2927 3595 3208 3667 cingentes
3230 3597 3376 3654 obsi-

1786 3678 1967 3745 dione,
1995 3680 2197 3751 ingenti
2224 3680 2492 3738 vallarunt
2521 3683 2784 3739 exetcitu.

2324 3797 2552 3854 CAPUT
2592 3797 2822 3855 XXXIII.

2101 3886 2177 3943 De
2205 3888 2496 3960 rcpulsione
2534 3889 2775 3960 [lagonis
2794 3889 3039 3960 episcopi.

1856 3978 2056 4034 Vidcns
2087 3988 2266 4034 autem
2298 3978 2448 4048 Hugo
2472 3979 2664 4049 przesul
2697 3978 3029 4035 obsidionem
3057 3993 3118 4036 se
3139 3980 3375 4038 tolerare

1787 4085 1893 4124 non
1928 4084 2103 4141 posse,
2136 4083 2311 4138 neque
2339 4078 2501 4123 tantte
2542 4068 2797 4124 resistere
2827 4068 3179 4135 multitudini,
3226 4070 3377 4126 locu-

1785 4170 1872 4214 tus
1904 4167 1985 4215 est
2012 4174 2133 4213 cum
2180 4159 2502 4229 quibusdam
2546 4159 2881 4231 principibus
2926 4160 3020 4231 qui
3052 4161 3377 4218 videbantur

1785 4267 1908 4307 esse
1937 4251 2039 4307 sibi
2085 4250 2269 4315 amici,
2308 4250 2560 4305 videlicet
2583 4266 2706 4306 cum
2747 4250 2997 4316 Arnulfo,
3022 4254 3112 4323 qui
3143 4254 3262 4324 ejus
3287 4270 3379 4309 so-

1785 4357 1992 4408 rorem,
2030 4352 2088 4397 ct
2129 4340 2361 4397 Widone
2411 4339 2488 4416 υ,
2538 4340 2787 4408 Uddone,
2831 4352 2880 4397 et
2910 4344 3054 4416 infra
3097 4343 3376 4419 Uddonis]

1786 4436 1910 4505 quia
1960 4435 2180 4489 amitam
2220 4434 2389 4505 ipsius
2436 4433 2667 4488 habebat
2713 4448 2960 4502 uxorem,
3010 4436 3117 4492 sed
3153 4445 3211 4492 et
3251 4452 3375 4493 cum

187 4513 318 4572 Anno
371 4530 495 4592 post
540 4522 688 4579 hunc
732 4523 906 4596 (945),
962 4526 1053 4599 qui
1102 4537 1186 4583 est
1231 4527 1394 4598 hujus
1439 4530 1686 4601 pra-sulis
1717 4527 2122 4612 D‘Ilerimanno
2140 4524 2287 4597 [ms.,
2316 4523 2649 4597 Ilermanno]
2671 4523 2920 4581 Widonis
2945 4510 3379 4597 fratrequtrsivit
3480 4528 3483 4532 “

136 4609 313 4671 quintus
338 4615 388 4669 in
411 4614 749 4687 episcOpatu,
773 4632 864 4671 rex
889 4618 1211 4683 Ludovicus,
1243 4621 1472 4677 collecto
1497 4637 1681 4679 secum

138 4693 562 4761 Nordmannorum
612 4708 875 4773 exercitu,
939 4710 1434 4767 Vcromandeusem
1483 4730 1680 4785 pagum

139 4784 446 4859 depurdatur.
493 4798 896 4871 Assumptoque
945 4814 1067 4855 cum
1119 4801 1249 4872 ipsis
1296 4801 1519 4857 Erluino
1557 4784 1679 4858 cum

140 4890 256 4945 Parte
281 4888 504 4943 militum
548 4891 781 4955 Arnulli,
825 4890 920 4946 sed
953 4902 1007 4945 et
1032 4889 1254 4948 Artoldo
1280 4892 1535 4962 epiScopo
1560 4908 1684 4947 cum

143 4967 204 5024 his
226 4978 301 5045 qui
330 4980 531 5035 dudum
563 4980 751 5037 Remis
779 4983 940 5054 ejecti
975 4982 1210 5049 fuerant,
1243 4985 1444 5040 comite
1469 5000 1686 5056 quoque

143 5057 369 5127 Bernardo
418 5089 484 5130 ac
532 5073 869 5132 Theoderico
917 5085 1110 5147 nepote
1156 5076 1346 5149 ipsius,
1386 5075 1680 5133 Remorum

144 5156 269 5215 Vallal
286 5166 492 5233 urbem;
516 5176 796 5223 vastantur
815 5167 1238 5240 circumquaque
1259 5178 1494 5238 segetes,
1519 5168 1683 5224 villa:-

148 5258 225 5311 ttue
243 5252 565 5325 diripiuntur,
590 5267 647 5315 et
674 5258 877 5330 partim
909 5272 1228 5324 exuruntur,
1258 5273 1471 5316 necnon
1502 5258 1681 5316 eccle-

149 5334 217 5368 εἴη.
234 5341 387 5368 ’.Ι-...κῃ
417 5345 521 5368 -.ηε
572 5365 625 5368 --ν
680 5360 692 5368 .
722 5365 765 5368 -,.
818 5346 1035 5368 At--.!--
1061 5364 1121 5368 ..η
1181 5365 1188 5368 .
1218 5357 1349 5368 .4....-
1402 5366 1411 5367 κ
1444 5349 1497 5368 Ιη
1522 5365 1534 5368 -
1578 5358 1658 5368 ι--

1792 4618 1861 4672 ab
1885 4617 1966 4672 cis
1994 4616 2121 4687 quid
2151 4615 2253 4671 sibi
2286 4613 2427 4670 foret
2472 4615 2761 4684 agendum.
2791 4614 2892 4681 Qui
2939 4615 3044 4671 tale
3086 4617 3375 4672 consilium

1789 4708 2053 4763 dederunt
2081 4707 2153 4771 ei,
2181 4708 2255 4758 'ut
2286 4704 2637 4776 egzederetur
2665 4719 2786 4759 cum
2826 4705 2940 4759 suis
2966 4713 3021 4761 et
3046 4705 3378 4776 relinqueret

1789 4803 2003 4867 urbem,
2032 4802 2158 4872 quia
2199 4798 2252 4853 id
2283 4799 2606 4869 dispositum
2642 4813 2672 4851 a
2704 4797 2923 4866 regibus
2954 4804 3071 4853 erat
3108 4806 3168 4852 ut
3195 4799 3377 4854 omni-

1787 4893 1962 4949 modis
1988 4892 2406 4963 expellerentur,
2436 4902 2613 4959 neque
2643 4888 2972 4943 intervenire
2994 4896 3213 4960 possent
3233 4888 3378 4959 apud

1790 5000 1944 5057 reges
1971 4998 2070 5053 pro
2101 4984 2239 5054 ipso,
2275 4984 2406 5053 quin
2432 4981 2480 5036 ei
2506 4988 2828 5037 eruerentur
2850 4981 3012 5046 oculi,
3039 4981 3083 5037 si
3112 4981 3300 5037 urbem
3322 4984 3377 5038 vi

1787 5092 1909 5149 capt
1940 5075 2283 5145 contigisset.
2331 5074 2448 5141 Quo
2470 5073 2701 5129 consilio
2725 5082 2983 5146 percepto
3022 5089 3087 5129 ac
3115 5073 3227 5128 suis
3253 5072 3379 5127 inti-

1787 5177 1956 5234 mato,
1990 5175 2116 5238 post
2161 5167 2378 5222 tertiam
2412 5164 2712 5222 obsidionis
2741 5165 2884 5219 diem
2915 5182 3036 5222 cum
3084 5179 3219 5234 pene
3245 5179 3380 5219 cun-

1786 5259 1889 5314 ctis
1912 5258 2003 5329 qui
2047 5272 2230 5314 secum
2264 5266 2394 5314 tunc
2416 5258 2648 5314 aderant
2688 5254 2973 5322 militibus,
2999 5268 3244 5327 egressus
3269 5260 3375 5330 est.

1788 5348 1873 5368 ﬁt-
1905 5364 1929 5368 υ
1968 5365 1980 5368 -
2052 5365 2081 5368 ,-
2105 5365 2113 5368 -
2138 5363 2187 5368 --
2250 5363 2356 5368 _,_,--
2418 5348 2497 5368 -..ε
2548 5346 2681 5368 ,-_.!-
2735 5351 2779 5368 ιιι
2833 5345 2911 5368 ..με
2937 5342 3158 5368 .-ἔμελ-ιη
3199 5339 3348 5368 τουτο-Α
