3904 5396
503 324 623 403 eos.

1526 376 1545 383 μ
1572 317 1964 377 ειοοοΑιιυι
1999 313 2339 389 ΟΛΝΟΜϐΙν
2359 314 2705 376 REMENSIS

3670 323 3763 391 δοι

501 455 624 512 sum
681 437 918 509 reginam
972 408 1178 500 Remis,
1226 410 1327 504 ipsi
1375 446 1532 504 reges
1578 448 1706 487 cum
1759 429 2161 488 exercitibusA
2188 425 2356 495 pium.
2404 426 2894 502 ludicitur'itaque
2943 432 3217 504 synodus,
3261 447 3381 504 qua
3424 442 3481 490 et
3527 438 3767 492 convenit

500 532 616 589 suis
648 539 846 585 terram
894 526 1134 600 llugouis
1161 525 1556 593 ingrediuntur,
1590 531 1643 579 et
1668 524 1921 594 gravibus
1954 530 2083 576 atte-

504 629 631 677 runt
656 618 1167 690 depraedationibus.
1199 614 1423 670 Terram
1457 628 1673 684 quoque
1713 610 2085 667 Nordmanno—

496 730 621 770 rum
666 723 1041 783 peragrantes,
1082 708 1199 763 loca
1245 722 1475 778 qumque
1522 707 1827 768 devastaut,
1875 713 1930 758 et
1962 703 2086 757 inde

493 814 805 863 remeantes
850 803 919 858 ad
966 817 1063 857 sua
1096 800 1297 870 quique
1348 797 1745 867 regrediuutur.
1800 796 1958 849 Anno
2000 808 2086 848 se-

492 898 685 970 quenti
713 896 860 968 (947)
886 911 979 950 rex
1001 894 1309 949 Ludovicus
1331 892 1627 946 Mosnmum
1659 898 1919 955 castrunr,
1943 886 2086 958 quod

495 990 648 1060 [lngo
683 989 868 1044 llemis
890 988 1094 1059 eiectus
1118 985 1403 1049 retinebat,
1425 984 1633 1040 obsedit
1660 1001 1674 1048 ;
1706 983 1799 1038 sed
1829 982 1962 1037 nihil
1988 997 2085 1052 pro

490 1081 635 1134 votis
686 1076 947 1138 efﬁciens,
993 1073 1364 1129 recedentibus
1415 1073 1628 1127 tandem
1667 1080 1790 1141 post
1841 1085 2083 1126 mensem

470 1168 942 1230 ."Lotharieusihus
982 1167 1073 1238 qui
1103 1180 1285 1222 secum
1315 1173 1494 1230 erant,
1527 1164 1640 1234 ipse
1672 1162 1868 1218 Remos
1902 1176 2086 1218 rever-

493 1264 533 1317 ti
548 1273 655 1317 tur.

569 1353 687 1420 Quo
713 1351 779 1405 ad
808 1349 1076 1407 Othonem
1119 1364 1302 1418 regem
1340 1347 1407 1401 ad
1456 1345 1837 1403 celebrandum
1874 1344 2083 1399 Pascha

497 1443 760 1513 profecto,
790 1441 942 1513 Hugo
974 1441 1225 1510 princeps
1254 1454 1283 1493 a
1312 1437 1637 1507 quibusdam
1660 1444 2087 1506 pnesttmptttose

498 1548 781 1603 pervasus,
827 1530 1149 1587 Remeusem
1194 1542 1319 1583 cum
1367 1526 1589 1591 Hugoue
1634 1524 1883 1595 praesule,
1922 1524 2084 1594 quasi

500 1638 627 1678 mox
667 1630 943 1695 capturus,
976 1619 1286 1691 aggreditur
1310 1618 1535 1682 urbem;
1584 1614 1954 1684 frustratoque
1990 1628 2085 1667 ne-

496 1717 664 1785 gotio,
699 1712 1075 1769 resistentibus
1116 1712 1259 1781 regis
1283 1718 1337 1765 et
1381 1709 1591 1764 Artaldi
1618 1707 1854 1778 episcopi
1899 1704 2082 1761 militi-

2188 517 2242 571 in
2288 514 2576 572 ecclesiam
2626 519 2797 574 sancti
2842 518 2986 575 Petri
3025 520 3076 575 in
3118 533 3409 594 prospectu
3454 521 3676 579 Mosomi
3708 540 3763 579 es

2185 604 2406 662 dioecesi
2453 607 2757 664 Trevireusi
2803 618 2966 681 atque
3008 610 3282 666 Remensi.
3332 611 3571 668 Veniens
3601 622 3765 668 autem

2186 694 2312 752 illuc
2364 696 2516 767 Hugo
2566 700 2798 768 pnusul,
2854 710 2908 756 et
2955 702 3166 757 locutus
3218 721 3341 759 cum
3393 703 3769 761 Rotbcrto'ar-

2187 785 2529 857 ehiepiscopo
2551 827 2567 854 ,
2602 790 2867 859 synodum
2915 791 3080 845 noluit
3118 792 3346 862 ingredi.
3380 793 3619 849 Litteras
3646 812 3768 852 vero

2185 879 2446 946 quasdam
2475 892 2544 933 ex
2590 881 2805 937 nomine
2854 882 3066 953 Agapiti
3114 883 3351 955 (Ag7pll.
3380 884 3467 951 Il)
3499 903 3651 957 papa:
3678 890 3768 941 mi-

2186 967 2258 1020 sit
2282 968 2347 1021 ad
2377 970 2656 1038 episcopos
2684 986 2778 1040 per
2822 973 3077 1028 clericum
3110 990 3308 1040 suum,
3352 980 3443 1046 qui
3478 994 3575 1033 eas
3611 981 3763 1034 ltoma

2186 1058 2478 1122 detulerat,
2516 1063 2649 1116 nihil
2689 1066 3024 1121 auctoritatis
3072 1068 3346 1123 canonica:
3397 1072 3763 1137 continentes,

2186 1149 2281 1203 sed
2328 1150 2431 1205 hoc
2468 1159 2675 1206 tantum
2721 1154 3093 1226 praecipientes
3117 1197 3133 1223 ,
3183 1167 3241 1212 ut
3271 1158 3484 1229 liagoni
3516 1160 3768 1218 Remensc

2188 1240 2509 1296 redderetur
2541 1244 2893 1316 episcopium.

2258 1332 2466 1400 Quibus
2516 1334 2672 1391 lectis
2724 1338 3114 1407 responderunt
3160 1341 3441 1412 episcopi,
3493 1360 3600 1399 non
3659 1361 3769 1401 esse

2188 1423 2407 1494 dignum
2435 1425 2516 1480 vel
2543 1442 2838 1499 congruum
2861 1469 2875 1493 ,
2902 1438 2962 1482 ut
2982 1430 3291 1500 apostolica:
3317 1432 3603 1502 legationis
3628 1450 3769 1489 man-

2186 1514 2369 1568 datum
2394 1554 2406 1576 ,
2436 1517 2579 1584 quod
2613 1505 2812 1572 dudum
2867 1518 3156 1575 Rotbertus
3182 1523 3655 1594 archiepiscopus.
3689 1526 3769 1580 de-

2186 1603 2393 1661 ferente
2431 1606 2720 1665 Frederico
2761 1609 3177 1680 Magoutiaceusi
3207 1615 3457 1684 pnesule,
3489 1630 3671 1671 coram
3697 1633 3772 1671 re-

2184 1695 2343 1766 gibus
2383 1705 2438 1752 et
2480 1698 2749 1769 episcopis
2793 1712 3153 1773 susceperat,
3207 1704 3631 1761 intermittetent
3659 1722 3769 1775 pro-

495 1807 614 1871 bus,
645 1813 834 1861 oclavo
874 1813 1159 1873 postquam
1204 1802 1537 1855 advenerant
1579 1798 1689 1863 die,
1737 1797 1877 1852 illusi
1925 1810 2071 1851 recc.
2103 1788 2152 1849 Ii
2181 1796 2302 1857 pter
2342 1787 2442 1843 has
2472 1788 2682 1846 litteras
2707 1833 2723 1857 ,
2755 1808 2890 1863 quas
2938 1795 3221 1851 insidiator
3245 1804 3299 1851 et
3324 1796 3552 1852 tantulus
3580 1798 3769 1853 ArtalJ

493 1899 648 1951 dum.
705 1895 969 1952 Defuncto
1028 1892 1254 1948 Deraldo
1316 1888 1760 1944 Ambianensium
1814 1884 2076 1955 prmsttle,

496 1970 792 2047 Tctbaldus
839 1987 1082 2058 quidam,
1119 1982 1377 2039 Ecclesiae
1425 1981 1765 2037 Suessonieze
1808 1978 2081 2034 archidia-

495 2094 666 2133 conus
706 2079 992 2133 ordiuatur
1010 2077 1078 2131 ab
1105 2075 1329 2147 llugone
1364 2074 1745 2128 Ambianensis
1772 2073 2076 2142 episcopus.

495 2170 773 2224 Couveutu
803 2166 984 2236 placiti
1023 2180 1208 2233 regum
1240 2162 1495 2218 Ludovici
1544 2170 1599 2218 et
1645 2160 1873 2217 Othonis
1919 2174 2082 2229 super

496 2258 730 2315 Charam
781 2255 960 2327 (Clter)
1007 2252 1225 2310 ﬂuvium
1276 2262 1624 2325 congregato,
1677 2267 1764 2307 res
1793 2252 1901 2305 litis
1940 2250 2082 2305 inter

496 2351 690 2406 Aldum
719 2359 773 2405 et
801 2349 1099 2420 llugonem,
1124 2347 1408 2403 Remensis
1430 2347 1684 2402 Ecclesia:
1706 2344 1984 2415 praesules,
2010 2343 2080 2398 ab

495 2442 763 2512 episcOpis
799 2442 1044 2506 auditur;
1081 2449 1136 2494 et
1163 2441 1288 2510 quia
1318 2441 1557 2511 synodus
1589 2447 1716 2491 tunc
1755 2443 2078 2507 congregata

492 2549 601 2599 non
631 2530 829 2597 fuerat,
878 2530 1166 2586 altercatio
1195 2529 1544 2586 determinari
1594 2545 1700 2583 non
1741 2529 1934 2597 potuit.
1986 2524 2081 2597 Sy-

496 2624 669 2678 nodus
705 2632 883 2677 autem
922 2623 1064 2676 circa
1105 2622 1339 2677 medium
1383 2622 1585 2675 mensis
1622 2620 1942 2674 Novembris
1986 2620 2082 2673 ha—

494 2712 668 2769 benda
717 2711 1085 2767 denuntiatur.
1136 2710 1354 2765 lutet-im
1402 2726 1531 2764 vero
1585 2710 1741 2764 sedes
1797 2708 2082 2763 Remcnsis

493 2803 721 2858 Artoldo
759 2802 1096 2869 conceditur,
1128 2802 1281 2871 llugo
1311 2801 1533 2857 Mosomi
1565 2802 1824 2855 remorari
1856 2800 2082 2870 permit—

495 2893 648 2948 titur.
679 2892 962 2957 lleriveus,
991 2907 1158 2965 nepos
1183 2891 1397 2947 lierivei
1437 2891 1851 2962 archiepiscopi,
1877 2891 2083 2946 habens

482 2972 849 3055 munitionem
880 2999 1044 3055 quant
1077 2984 1443 3039 tedilicaverat
1468 2983 1603 3038 citra
1650 2982 1951 3038 Matronam
1987 2983 2082 3037 ilu-

494 3079 660 3140 vium,
693 3076 847 3131 villas
886 3073 1168 3130 Remeusis
1209 3075 1466 3144 episcopii
1498 3075 1925 3144 circumquaque
1949 3074 2082 3129 sitas

2187 1882 2439 1951 prmsulis
2470 1886 2760 1940 exhibebat
2787 1903 2801 1952 ;
2838 1888 2945 1943 imo
2982 1890 3124 1958 quod
3153 1889 3477 1960 regulariter
3505 1901 3769 1963 coeperant

2174 1976 2449 2029 canonice
2490 1986 2944 2046 rpertractaretur.
2991 1981 3188 2050 Sicque
3217 1983 3534 2052 praecipitur
3563 1984 3769 2040 recitari

2176 2065 2476 2135 capitulum
2529 2067 2594 2122 l9
2642 2071 3091 2142 Carlhaginensis
3152 2073 3365 2127 concilii
3413 2074 3482 2127 de
3523 2086 3766 2128 accusata

2182 2163 2236 2211 et
2264 2169 2597 2215 accusatore.
2632 2160 2750 2226 Quo
2790 2163 3017 2217 recitato
3038 2205 3054 2229 ,
3087 2163 3439 2232 dijudicatum
3466 2173 3552 2218 est
3574 2205 3591 2229 ,
3617 2163 3766 2234 juvta

2185 2245 2573 2319 (illititioneur
2604 2249 2761 2319 hujus
2782 2252 3004 2321 capituli
3029 2292 3045 2316 ,
3095 2263 3153 2307 nt
3195 2253 3421 2310 Artoldo
3451 2256 3770 2311 Communia.

2180 2352 2306 2391 lem
2356 2346 2409 2392 et
2448 2339 2763 2407 parochiam
2809 2340 3130 2397 Remcnsem
3178 2345 3482 2409 retinente,
3509 2344 3656 2416 llugo
3682 2345 3767 2413 qui

2183 2428 2249 2483 ad
2278 2428 2410 2482 duas
2456 2428 2569 2498 jam
2617 2432 2853 2501 synodos
2896 2441 3151 2489 evocatus
3198 2435 3386 2489 venire
3430 2445 3761 2503 contempse-

2181 2524 2311 2583 rat,
2352 2533 2381 2571 a
2412 2520 2791 2574 communione
2836 2527 2891 2575 et
2933 2522 3194 2590 regimine
3236 2521 3528 2578 Reuteusis
3570 2525 3767 2593 episeo-

2181 2609 2256 2678 pii
2309 2609 2644 2675 abstineret,
2676 2612 2847 2666 donec
2892 2613 2958 2666 ad
3006 2614 3368 2669 universalem
3406 2617 3665 2687 synodum
3714 2629 3767 2670 se

2189 2712 2521 2771 purgaturus
2564 2713 2894 2758 occurreret.
2946 2704 3235 2775 Ipsumque
3283 2706 3578 2774 capitulum
3646 2722 3762 2761 mox

2184 2796 2237 2851 in
2294 2798 2483 2852 charta
2539 2799 2772 2853 describi
2830 2798 3079 2853 fecerunt
3135 2800 3374 2869 episcopi
3427 2813 3615 2855 coram
3673 2815 3762 2862 se.

2183 2888 2567 2943 subnectentes
2620 2888 2759 2942 hanc
2808 2889 2972 2942 etiam
3033 2889 3402 2945 deﬁnitionem
3464 2906 3656 2953 suam,
3714 2898 3766 2943 et

2184 2980 2357 3036 eidem
2408 2979 2615 3048 llngoni
2677 2979 2962 3035 miserunt.
3021 2981 3123 3048 Qui
3177 2991 3301 3050 post
3353 2982 3580 3036 alteram
3630 2982 3761 3035 diem

2181 3072 2431 3128 eamdem
2473 3072 2722 3127 chartam
2772 3072 3036 3128 ltotberlo
3090 3073 3328 3143 pontifici
3378 3074 3626 3138 remisit,
3671 3072 3764 3127 hoc

495 3167 944 3238 depraedabatur,
990 3168 1492 3223 excomutuuicatus
1549 3167 1616 3221 ab
1661 3166 1888 3221 Artoldo
1938 3180 2075 3236 prae-
2106 3164 2151 3226 C
2183 3161 2364 3216 verbis
2405 3164 2729 3217 remandans
2761 3204 2776 3228 ,
2831 3163 2973 3233 quod
3027 3164 3262 3235 ipsorum
3310 3164 3519 3233 judicio
3567 3179 3760 3233 nequa-

496 3260 634 3326 s'ule,
686 3276 783 3332 pro
840 3259 1002 3315 rebus
1051 3274 1185 3328 quas
1237 3261 1511 3314 invaserat
1551 3260 1831 3315 ecclesia».
1877 3259 2077 3313 Contra

496 3350 649 3421 cujus
672 3348 951 3420 pra-dones
977 3351 1182 3420 egressi
1218 3348 1451 3419 quadam
1492 3351 1580 3404 die
1612 3350 1955 3421 Rageuoldus
1989 3365 2080 3403 co-

482 3438 630 3504 mes,
674 3448 729 3494 et
776 3438 975 3495 fratres
1025 3440 1235 3494 Artaldi
1290 3441 1534 3510 pncsulis
1584 3455 1708 3496 cum
1755 3439 2079 3510 quibusdam

480 3532 753 3603 militibus
796 3531 1060 3596 ecclesire,
1094 3532 1239 3601 ipsos
1279 3544 1615 3602 grassatores
1653 3535 1704 3587 in
1750 3533 1929 3605 fugam
1961 3549 2081 3589 ver-

480 3624 634 3680 ‘tnnt.
681 3624 798 3693 Quo
838 3623 1022 3679 audito
1046 3664 1062 3688 ,
1112 3624 1408 3691 Heriveus,
1457 3626 1681 3679 armatis
1717 3641 1853 3695 quos
1892 3641 2077 3680 secum

495 3717 727 3771 habebat
764 3717 1048 3783 militibus,
1077 3732 1328 3789 egressus
1356 3734 1385 3771 a
1412 3734 1507 3772 sua
1541 3718 1857 3781 ntunitione,
1889 3727 2077 3773 contra

494 3817 708 3862 nostros
736 3806 801 3860 ad
830 3822 1058 3878 pugnam
1105 3809 1271 3872 venit,
1297 3818 1351 3863 et
1381 3824 1703 3879 congressus
1727 3825 1849 3864 cum
1885 3811 1963 3864 eis
1998 3810 2079 3863 in-

498 3907 791 3969 teremptus
825 3909 907 3953 est
936 3915 1059 3953 cum
1090 3916 1309 3954 suorum
1336 3901 1680 3969 quibusdam,
1722 3902 1911 3972 reliqui
1962 3918 2078 3956 om-

494 4002 591 4042 nes
617 3989 668 4041 iu
702 3988 878 4060 fugam
907 4001 1031 4045 sunt
1062 3991 1190 4057 acti,
1217 3992 1515 4046 vulneratis
1544 3993 1795 4062 utrinque
1841 3992 2075 4047 unttuul-

490 4078 582 4133 lis.
633 4078 842 4151 Corpus
872 4080 1112 4149 ejusdem
1159 4082 1359 4137 Remos
1387 4100 1418 4136 a
1471 4083 1766 4137 victoribus
1812 4084 2075 4152 perlatqu

494 4177 596 4221 est.
643 4167 795 4240 llugo
837 4169 1034 4238 praesul
1080 4186 1362 4225 assumens
1396 4186 1581 4225 secum
1613 4169 1978 4225 Theobalduut
2010 4171 2077 4226 de

498 4258 677 4313 Monte
712 4270 892 4326 acuto,
923 4261 1127 4315 sororis
1169 4276 1278 4315 sure
1327 4262 1609 4325 maritum,
1640 4278 1763 4316 cum
1811 4262 1932 4317 aliis
1959 4264 2077 4332 qui-

495 4345 722 4400 busdam
757 4334 787 4401 a
824 4346 1240 4418 grassatoribus.
1295 4350 1349 4404 in
1391 4352 1546 4407 villas
1577 4351 1761 4409 Remis
1795 4357 2077 4425 contiguas

498 4438 782 4492 vindemia:
845 4451 1083 4510 tempore
1127 4443 1292 4496 venit.
1341 4443 1442 4510 Qui
1495 4461 1656 4501 omne
1708 4462 1846 4517 pene
1893 4450 2072 4505 viuum

496 4528 694 4584 abinde
733 4530 1064 4603 colligentes,
1100 4534 1153 4589 in
1185 4534 1427 4590 diversos
1453 4550 1619 4608 pagos
1646 4539 1939 4595 abducunt.

1028 4643 1256 4702 CAPUT
1295 4645 1533 4701 XXXIV.

865 4756 942 4811 Dc
969 4758 1168 4827 synodo
1205 4755 1428 4813 Virdum'
1453 4759 1654 4815 habita.

571 4882 819 4951 Synodus
866 4896 1053 4955 postea
1102 4886 1266 4959 (947)
1306 4886 1532 4945 Virduni
1578 4890 1807 4946 habetur
1832 4933 1847 4959 ,
1887 4909 2074 4964 praem-

496 4974 656 5031 dente
684 4975 942 5030 Rutbcrto
964 4976 1270 5032 Trevirensi
1301 4981 1548 5047 praesule,
1572 4996 1693 5036 cum
1721 4985 1947 5039 Artoldo
1971 4985 2075 5040 lte-

494 5066 666 5102 πιοηαῖ
707 5065 954 5102 natali-inn
978 5067 1205 5102 Annona:
1251 5068 1811 5102 ΔιΙο-ΙΙιιιιιηηηυηιιυ-ηῗ
1851 5073 2072 5102 ριιηιεηιι

2182 3267 2345 3322 quam
2386 3252 2701 3307 ohcditurus
2754 3264 2918 3308 esset.
2974 3253 3182 3309 Interea
3229 3255 3424 3309 littera:
3472 3255 3762 3325 proclautaa

2184 3343 2346 3399 tionis
2386 3342 2595 3397 Artoldi
2640 3345 2886 3414 przesulis
2933 3346 2998 3398 ad
3037 3344 3332 3400 Romanam
3361 3347 3662 3416 diriguntur
3683 3360 3763 3399 sco

2180 3435 2322 3489 dem.
2370 3434 2608 3488 Domnus
2652 3434 2818 3505 igitur
2855 3436 3114 3506 Agapitus
3157 3452 3290 3506 papa
3323 3437 3586 3492 vicarium
3617 3450 3758 3492 suum

2180 3525 2443 3579 Marinum
2473 3525 2784 3595 cpiscOpum
2831 3527 2980 3580 misit
3012 3528 3077 3581 ad
3108 3524 3379 3583 Othonem
3414 3542 3619 3597 regem,
3650 3541 3761 3594 pro-

2179 3625 2299 3686 pter
2339 3615 2668 3670 evocandatn
2715 3626 2771 3671 et
2818 3621 3215 3689 aggregandam
3260 3620 3569 3690 generalem
3606 3632 3755 3689 syno-

2177 3704 2327 3758 dum.
2394 3703 2614 3759 Littcrte
2661 3720 2875 3775 quoque
2928 3707 3100 3777 ipsius
3154 3722 3305 3777 papa:
3355 3707 3644 3761 mittuntur
3697 3706 3758 3761 ab

2174 3797 2310 3852 urbe
2336 3798 2655 3867 quibusdam
2705 3801 2986 3869 speciatim
3032 3800 3335 3871 episcopis.
3385 3811 3643 3856 vocantes
3667 3812 3754 3854 eos

2175 3892 2245 3945 ad
2288 3892 2534 3947 eamdem
2582 3895 2865 3963 synodum.
2903 3893 3237 3965 Congregata
3288 3895 3524 3966 denique
3565 3897 3751 3967 synodo

2179 3980 2231 4033 iu
2266 3979 2462 4050 palatio
2489 3980 2878 4050 Eugulcnlteim
2918 3983 3063 4055 (948.
3095 3983 3124 4036 7
3152 3985 3350 4054 Junii),
3385 3985 3607 4040 recitata
3645 3993 3756 4040 sunt

2176 4072 2292 4127 haec
2317 4086 2438 4142 quae
2463 4084 2763 4142 sequuntur
2784 4089 2967 4130 coram
3000 4076 3215 4146 regibus
3239 4087 3293 4132 et
3319 4079 3625 4150 episcOpis:

2725 4187 2954 4245 CAPUT
2996 4188 3214 4246 XXXV.

2178 4295 2257 4349 De
2299 4298 2500 4376 synodo
2525 4297 3068 4376 apud__Engu/_enlteim
3097 4314 3409 4376 congregata
3432 4348 3446 4371 ,
3488 4317 3536 4360 et
3565 4321 3749 4361 excom-

2249 4366 2599 4443 municatione
2656 4366 2894 4443 [ingenis
2939 4366 3217 4443 episcopi:
3244 4366 3443 4430 SEries'
3472 4378 3580 4432 litis
3630 4376 3749 4429 inter

2251 4438 2529 4490 Artaldum
2557 4449 2604 4495 et
2648 4438 2927 4510 Hugoncm
2968 4438 3241 4514 episcopos
3284 4446 3521 4515 agitatio.

2254 4546 2463 4605 Sanctae
2485 4550 2738 4607 Romana:
2764 4563 2819 4608 et
2842 4556 3147 4624 apostolicce
3167 4555 3311 4612 sedis
3337 4558 3542 4614 vicario
3568 4559 3744 4613 domno

2182 4636 2435 4705 Manum,
2484 4642 2852 4713 universasque
2886 4656 3105 4714 sancta:
3149 4650 3359 4719 synodo
3406 4651 3548 4720 apud
3590 4650 3743 4720 Euga-

2183 4730 2417 4785 leuheim
2461 4743 2820 4802 congregata,
2869 4736 3180 4803 Amoenus,
3227 4738 3408 4794 divina
3437 4742 3740 4811 propitiante

2177 4819 2461 4875 clementia
2487 4861 2502 4885 ,
2555 4820 2846 4876 Remorum
2888 4825 3194 4893 episcnpus.

2249 4905 2485 4963 Domnus
2506 4908 2762 4980 Agapiius
2790 4923 2923 4981 papa
2951 4912 3158 4967 litteras
3181 4912 3338 4970 nobis
3361 4923 3417 4970 et
3446 4926 3652 4971 ctetcrts
3685 4915 3736 4967 ui

2178 4995 2445 5065 episcopis
2466 5007 2666 5053 nostra:
2688 4999 2984 5057 dimceseos
3009 5002 3208 5057 direxit
3227 5045 3241 5071 ,
3267 5005 3312 5058 iu
3341 5006 3538 5075 quibus
3564 5020 3726 5076 prece
