3904 5396
178 226 279 319 sos

653 334 656 338 λ
721 262 1067 321 lIlSTOttl£
1111 244 1465 324 ECCLESHE
1509 259 1853 320 neuessns
1889 261 2064 318 LIBRI
2104 214 2462 331 annuos.
2506 291 2574 302 —
2613 257 2743 315 ιω.
2788 259 2880 316 iv.

3320 246 3431 313 me

179 392 325 435 natus
352 379 498 436 urbis
526 387 725 437 nostra:
749 390 879 438 tunc
902 378 1082 438 ollieio
1110 360 1466 455 fungebatur,
1504 383 1571 439 ad
1601 397 1734 452 pruc-
1761 381 1811 441 Α
1837 377 2136 434 delitatem.
2171 378 2375 448 Sicque
2416 346 2873 434 concordantibus
2924 370 3134 430 cunctis
3178 381 3286 428 tam
3319 373 3433 429 cle-c

178 470 396 527 sulatum
444 469 683 540 ejusdem
712 470 857 527 sedis
907 470 1188 542 elegimus.
1236 471 1337 541 Qui
1379 472 1618 544 pontifex
1663 487 1746 526 or-

179 562 380 618 dinatus
409 558 569 633 (Vide
596 578 778 631 supra,
801 578 849 617 ε.
884 562 994 633 18),
1028 577 1310 618 assumens
1351 564 1528 618 zelum
1558 570 1745 619 contra

179 653 438 723 proximos
486 652 904 723 praedecessoris
943 654 1067 721 sui,
1108 669 1232 710 cum
1279 669 1374 711 eos
1422 670 1523 726 per
1575 663 1750 711 semet

181 760 209 799 ι
254 744 369 799 loco
410 743 680 814 depellere
726 759 834 799 non
881 745 1130 811 valeret,
1176 748 1405 803 consilio
1444 748 1578 802 inito
1623 763 1750 803 eum

179 832 484 902 quihusdam
518 832 674 887 laicis
704 834 911 889 scilicet
938 835 1268 892 consiliariis
1297 838 1431 901 suis,
1454 838 1748 892 amicitiam

179 923 406 993 qumsivit
435 921 706 978 Heriberti
724 926 956 991 comitis,
977 941 1137 996 quam
1153 928 1277 983 dato
1287 928 1637 999 jurejurando
1656 942 1751 997 per

181 1016 381 1070 eosdem
409 1014 753 1069 consiliarios
794 1017 1028 1071 obtinuit
1052 1034 1119 1072 eo
1149 1027 1358 1083 tenore,
1398 1029 1456 1072 ιιι
1486 1027 1607 1088 post
1636 1017 1752 1072 obi-

182 1114 281 1157 tum
331 1103 505 1172 ipsius
550 1105 618 1157 aJ
660 1104 977 1180 electionem
1020 1107 1290 1175 pontificis
1337 1107 1538 1162 milites
1581 1106 1753 1162 eccle-

183 1195 265 1249 sia:
305 1194 612 1250 nullatenus
664 1197 973 1268 aspirarent
1012 1198 1129 1252 sine
1173 1198 1398 1254 consilio
1441 1199 1607 1268 ipsius
1652 1199 1754 1253 He-

184 1286 391 1352 riberti;
431 1286 574 1342 idem
625 1302 754 1344 vero
802 1303 984 1343 comes
1030 1286 1257 1345 fratrem
1296 1289 1508 1346 Herivei
1545 1307 1751 1361 prmsu-

184 1378 275 1442 lis,
317 1389 373 1434 et
422 1390 647 1449 nepotes
696 1381 862 1451 ipsius
913 1396 947 1436 a
977 1382 1393 1454 participatione
1434 1398 1618 1439 rerum
1649 1384 1755 1441 Re-

182 1470 363 1525 nteusis
410 1471 668 1541 episcopii
712 1481 1011 1541 separaret.

240 1566 435 1632 Quibus
486 1566 755 1636 patratis,
808 1566 1106 1622 insimulati
1158 1578 1283 1624 sunt
1343 1568 1509 1624 iidem
1536 1569 1756 1640 propin-

182 1659 259 1728 qui
308 1657 520 1712 lierivei
569 1657 811 1727 praesulis
860 1674 890 1714 a
949 1658 1279 1714 consiliariis
1311 1659 1476 1714 Sculli
1515 1660 1752 1731 epise0pi

1845 470 1973 526 ricis
1999 485 2161 541 quam
2192 470 2347 527 laicls
2390 470 2482 541 qui
2511 478 2664 526 extra
2707 464 3041 525 obsidionem
3087 473 3243 521 erant
3263 506 3291 528 ,.
3308 467 3429 537 plu-

1846 565 1997 620 ribus
2032 565 2196 620 etiam
2222 578 2409 619 eorum
2442 563 2531 632 qui
2564 560 2728 618 clausi
2770 560 3091 615 tenebantur
3115 558 3166 612 in
3198 558 3427 628 idipsum

1846 655 2193 721 faventibus,
2238 655 2455 729 eligitur
2497 636 2817 711 humilitatis
2862 659 3061 706 nostra:
3109 663 3334 721 persona
3376 649 3429 703 in

1847 748 1952 803 hoc
1983 748 2156 819 magis
2201 760 2367 801 onere
2393 760 2552 816 quam
2586 744 2789 800 honore
2835 741 3132 797 subeundo.
3169 738 3431 811 Aperien-

1849 842 1995 897 tibus
2050 841 2265 897 tandem
2322 849 2427 893 tam
2481 838 2740 891 militibus
2792 850 2953 905 quam
2989 832 3197 888 civibus
3249 840 3431 901 portas

1850 934 1999 989 urbis
2046 933 2156 1003 regi
2207 930 2468 996 Rodulfo,
2512 937 2567 983 et
2615 923 2972 998 episcopalem
3009 920 3432 976 benedictionem

1852 1024 1985 1080 mihi
2040 1021 2377 1077 tradentibus
2426 1018 2695 1089 episcopis
2744 1016 2836 1086 qui
2887 1014 3115 1095 aderant
3159 1012 3342 1065 decem
3380 1017 3433 1065 et

1850 1129 1975 1173 octo
2004 1157 2021 1181 ,
2064 1125 2121 1171 et
2165 1116 2582 1186 suscipientibus
2626 1123 2864 1167 nostram
2918 1108 3281 1164 humilitatem
3326 1118 3435 1161 tam

1851 1208 1999 1264 clero
2035 1206 2290 1262 universo
2338 1221 2500 1276 quam
2552 1203 2770 1274 reliquis
2815 1198 3061 1263 civibus,
3104 1197 3230 1252 inibi
3271 1197 3439 1252 intro-

1855 1298 2068 1354 nizatus
2096 1298 2163 1351 ab
2199 1296 2468 1366 episcopis
2512 1304 2710 1369 nostra:
2752 1292 3049 1346 dian-eseos
3074 1330 3089 1353 ,
3128 1287 3435 1359 impositum

1851 1388 1984 1455 mihi
2011 1388 2035 1453 ,'
2056 1398 2215 1459 prout
2249 1387 2390 1442 Deus
2416 1386 2712 1449 concessit,
2752 1382 3112 1437 ministerium
3145 1396 3238 1449 per
3266 1393 3438 1432 annos

1851 1479 2025 1538 ferme
2065 1496 2261 1536 novem
2298 1478 2525 1534 tractavi
2554 1518 2570 1541 ,
2601 1476 2859 1531 ordinans
2890 1488 2985 1544 per
3013 1471 3289 1526 dioecesim
3325 1464 3440 1539 cpio

1852 1594 2047 1649 scopos
2088 1588 2214 1635 octo
2238 1619 2254 1643 ,
2295 1585 2351 1633 ct
2396 1577 2451 1632 in
2499 1572 2771 1642 episcopio
2812 1569 3010 1625 multos
3036 1609 3067 1633 ,,
3100 1576 3259 1637 prout
3293 1582 3443 1621 com-

1853 1681 2043 1744 petens
2086 1670 2415 1733 videbatur,
2462 1665 2690 1721 clericos
2718 1705 2731 1727 ,
2777 1675 3058 1732 quousque
3107 1673 3248 1713 nono
3297 1666 3441 1726 post-

183 1749 240 1804 de
263 1748 571 1804 inﬁdelitate
613 1749 787 1821 ipsius
821 1751 1053 1807 senioris
1079 1751 1201 1817 sui,
1234 1750 1608 1822 'accersitoque
1638 1751 1742 1807 He-

1854 1764 2067 1821 modum
2100 1777 2276 1821 anno,
2306 1768 2592 1832 postquam
2623 1754 2953 1810 Ludovicum
2982 1765 3160 1820 regem
3181 1789 3196 1813 ,
3225 1746 3443 1802 favente

184 1842 366 1897 riberto
425 1843 624 1898 comite
685 1858 807 1899 cum
870 1842 1114 1914 pluribus
1167 1844 1283 1900 suis
1348 1843 1608 1912 jubentur
1679 1846 1747 1899 a:l

184 1932 422 1988 rationem
474 1933 805 1989 reddendam
866 1948 1050 1988 coram
1098 1933 1231 2003 ipsis
1280 1934 1483 1988 venire.
1520 1934 1589 1988 Et
1623 1933 1750 2003 quia

184 2034 346 2080 contra
379 2040 473 2080 eos
504 2040 533 2078 a
564 2025 761 2095 quibus
793 2026 1028 2080 accusati
1052 2024 1298 2089 fuerant,
1330 2025 1584 2095 singulari
1622 2042 1752 2081 con-

183 2116 309 2187 gredi
333 2115 635 2172 certamine
655 2116 962 2178 noluerunt,
992 2115 1218 2172 sublatis
1240 2117 1309 2172 ab
1330 2118 1409 2171 eis
1432 2118 1593 2173 rebus
1613 2133 1749 2187 quas

185 2222 239 2262 ex
279 2209 528 2278 episcopo
575 2207 961 2277 possidebant,
1002 2207 1380 2279 comprehensi
1418 2217 1547 2263 sunt
1588 2218 1753 2278 atque

187 2297 376 2352 deducti
419 2311 514 2366 per
551 2295 898 2352 lleribertum
928 2298 1182 2354 comitem
1213 2300 1278 2354 ad
1309 2298 1625 2354 Rotbertum
1658 2316 1743 2355 re-

186 2401 317 2457 gem,
347 2401 379 2441 a
410 2403 515 2455 quo
541 2387 703 2441 etiam
734 2387 835 2440 sub
863 2388 1108 2442 custodia
1146 2397 1314 2454 sunt,
1347 2389 1550 2444 detenti
1582 2405 1753 2459 usque

188 2476 240 2529 ad
278 2490 501 2533 mortem
545 2477 716 2547 ipsius
755 2477 1025 2534 Rutberti.
1061 2479 1246 2536 Tertio
1277 2482 1491 2536 demum
1526 2482 1611 2537 sui
1644 2483 1751 2553 epi-

189 2581 413 2640 seopatus
452 2586 626 2633 anno,
658 2572 872 2627 Seulfns
911 2572 1254 2643 episcopatus
1282 2578 1364 2645 (ut
1397 2575 1579 2645 plures
1604 2592 1755 2632 asse-

190 2666 311 2725 runt)
327 2664 396 2717 ab
412 2662 680 2718 lleribcrti
710 2663 1070 2720 familiaribus
1101 2682 1305 2720 veneno
1322 2675 1540 2736 potatus
1564 2666 1754 2721 defun-

189 2754 325 2824 gitur.
360 2755 477 2812 Mox
508 2756 693 2825 itaque
718 2772 902 2813 eomes
942 2757 1259 2814 lleribertus
1306 2758 1493 2814 urbem
1520 2758 1754 2815 Remem

189 2858 281 2900 Sem
295 2847 442 2910 adiit,
459 2857 514 2902 et
527 2848 770 2903 ecclesiae
784 2848 1005 2918 milites,
1022 2849 1343 2906 clericorum
1366 2866 1579 2921 quoque
1594 2866 1753 2921 quos-

191 2937 288 2991 dam
342 2938 406 2994 de
434 2940 671 2995 rectoris
701 2940 963 2995 electione
1014 2941 1081 2995 ad
1114 2957 1270 2996 suum
1305 2942 1595 2997 concilium
1630 2944 1751 3011 (ceu

188 3026 391 3096 iuratum
420 3028 621 3098 fuerat)
652 3029 929 3084 intendere
958 3028 1106 3085 fecit.
1153 3029 1286 3085 Cum
1317 3032 1518 3101 quibus
1548 3032 1611 3087 ad
1648 3031 1754 3087 Ro-

1852 1855 2075 1928 Hugone
2096 1854 2415 1923 cunctisque
2431 1849 2579 1921 regni
2594 1845 2945 1919 principibus,
2963 1840 3290 1908 Gcrbergam
3306 1852 3443 1907 quo-

1851 1962 1957 2018 que
1986 1944 2222 2018 reginam
2245 1942 2626 1999 bent-dixeram
2651 1946 2705 1992 et
2734 1952 2889 1992 sacro
2910 1933 3250 2005 perfuderam
3292 1930 3442 1984 ebri-

1853 2016 2360 2105 smate,iinstigatus
2385 2032 2538 2102 llugo
2569 2045 2751 2086 comes
2776 2026 3051 2082 iracundia
3068 2022 3208 2094 quod
3231 2020 3279 2077 ei
3311 2020 3443 2077 con-

1851 2130 2056 2187 sentire
2068 2128 2151 2184 vel
2171 2127 2420 2197 conjungi
2441 2122 2702 2178 noluerim
2719 2121 2782 2175 ad
2802 2119 2970 2190 ipsius
2998 2117 3140 2185 regis
3154 2113 3444 2168 infidelita-

1854 2234 1985 2285 tem,
2017 2220 2276 2275 adhibitis
2325 2232 2508 2272 secum
2537 2212 2819 2269 Hcribcrto
2846 2208 3065 2272 comite,
3087 2215 3140 2261 et
3173 2203 3443 2259 Willehuo

1852 2311 2319 2367 Nordmannornm
2348 2306 2614 2378 principe,
2642 2304 2962 2358 Remensem
2992 2297 3205 2353 obsidet
3235 2295 3444 2349 urbem.

1851 2402 1963 2458 Nec
1993 2401 2230 2472 longum,
2254 2408 2408 2455 sexta
2444 2396 2650 2450 scilicet
2681 2391 2978 2447 obsidionis
3016 2391 3119 2451 die,
3138 2388 3356 2442 deseror
3377 2383 3445 2441 ab

1852 2495 1998 2551 omni
2029 2509 2167 2565 pene
2184 2500 2328 2549 emtu
2354 2489 2558 2545 laicalis
2584 2486 2810 2544 militim.
2841 2484 3039 2553 Sicque
3069 2481 3357 2536 derelictus
3379 2478 3446 2534 ab

1853 2592 1962 2655 his,
1979 2589 2044 2644 ad
2060 2588 2335 2657 Hugonem
2349 2594 2403 2639 et
2417 2582 2759 2639 lleribertum
2775 2575 3067 2647 compellor
3085 2574 3257 2635 exire,
3276 2587 3303 2626 a
3327 2570 3450 2640 qui-

1854 2682 1955 2736 bus
1977 2686 2285 2733 coarctatus
2296 2683 2353 2729 et
2367 2670 2717 2734 conterritus,
2742 2684 2906 2737 cogor
2928 2676 3127 2727 memet
3150 2660 3444 2733 episcopali

1854 2770 2237 2842 procuratione
2256 2767 2511 2822 abdicare
2550 2764 2752 2836 (supra,
2785 2778 2832 2815 c.
2868 2760 2983 2824 27),
3008 2767 3062 2813 et
3092 2757 3164 2811 ita
3204 2770 3289 2810 me
3329 2750 3449 2826 pro-

1854 2864 2152 2935 pollentes,
2205 2860 2259 2914 in
2310 2855 2559 2913 cmuobio
2601 2852 2770 2907 sancti
2818 2850 2995 2905 Basoli
3046 2847 3287 2902 habitare
3318 2860 3451 2899 con-

1854 2926 2087 3010 stituunt
2109 2926 2145 3013 :7
2174 2949 2452 3018 llugonem
2498 2960 2626 3000 vero
2677 2943 2844 2996 filium
2879 2936 3184 2999 lleriberti,
3217 2936 3307 3005 qui
3340 2926 3452 2987 Ao-

1862 3043 2138 3102 tissiodori
2188 3042 2453 3097 diaconus
2498 3036 2780 3093 ordinatus
2824 3031 3032 3096 fuerat,
3066 3030 3117 3083 in
3148 3028 3334 3082 urbem
3365 3025 3448 3081 in-

174 3116 369 3173 ‘dulfmn
398 3134 580 3191 regem
620 3135 852 3190 pergens
898 3121 952 3176 in
987 3121 1348 3192 Burgundiam
1374 3162 1393 3188 ,
1421 3122 1658 3178 obtinuit
1684 3124 1751 3178 ab

1858 3135 2185 3198 troducunt,
2235 3140 2291 3185 et
2338 3129 2556 3185 civitate
2595 3126 2893 3197 potiuntur.
2930 3119 3234 3176 Ludovicus
3264 3112 3446 3172 autem

190 3222 243 3263 eo
299 3221 353 3265 ut
404 3212 506 3267 sibi
558 3213 993 3268 committeretur
1066 3214 1208 3269 idem
1267 3215 1635 3284 episcopium,
1688 3231 1755 3272 eo

193 3311 383 3368 tenore,
422 3314 485 3360 ut
534 3315 644 3361 tam
692 3305 906 3362 clericis
961 3322 1124 3376 quam
1183 3306 1337 3364 laicis
1383 3308 1625 3364 debitum
1658 3308 1754 3366 ho-

193 3409 351 3450 norem
401 3400 729 3455 concederet
773 3409 828 3454 et
859 3410 1246 3463 conservaret.
1293 3413 1394 3458 nec
1425 3401 1751 3470 injustitiam

193 3485 323 3541 alicui
370 3488 575 3547 faceret
629 3509 643 3545 :
696 3492 788 3549 sed
827 3493 1005 3562 ipsum
1048 3494 1383 3564 episcopium
1425 3511 1583 3565 :equo
1624 3495 1751 3566 jure

194 3582 525 3649 gubernaret,
575 3583 745 3640 donec
777 3584 934 3640 talem
983 3585 1240 3641 clericum
1268 3587 1444 3642 eidem
1475 3588 1585 3657 regi
1617 3602 1753 3658 pra:-

194 3682 441 3739 seutaret,
488 3676 579 3746 qui
615 3676 681 3731 ad
708 3677 1011 3747 episcopale
1041 3678 1398 3733 ministerium
1445 3693 1750 3748 exsequen-

196 3762 296 3818 dum
324 3766 418 3819 rite
461 3766 701 3823 ordinari
743 3768 967 3824 valeret.
1014 3769 1117 3836 Qui
1171 3784 1353 3825 comes
1403 3769 1471 3825 ad
1497 3770 1748 3827 eamdem

195 3853 356 3911 urbem
398 3873 678 3928 regressus
699 3898 715 3923 ,
759 3872 848 3914 res
884 3860 1141 3930 episcopii
1174 3859 1359 3929 (prout
1391 3860 1492 3915 sibi
1529 3860 1752 3932 placuit)

197 3942 462 4005 fanturibus
493 3951 609 4006 suis
643 3951 825 4005 divisit
849 3989 866 4015 ,
915 3952 1126 4006 caeteris
1154 3951 1418 4016 abstulit,
1459 3961 1515 4007 et
1544 3954 1751 4022 absque

197 4036 280 4091 ullo
314 4039 512 4109 judicio
542 4041 625 4096 vel
670 4042 818 4115 lege,
847 4057 983 4115 quos
1012 4042 1186 4098 voluit
1214 4043 1375 4097 rebus
1403 4042 1750 4114 esspoliavit,

195 4130 262 4183 rel
285 4133 345 4186 ab
373 4135 505 4189 urbe
548 4136 802 4204 propulit.
837 4134 1145 4191 Oialricum
1176 4136 1409 4207 denique
1439 4136 1750 4208 Aqucnsem

197 4219 469 4295 episcopum
498 4226 550 4280 in
579 4229 766 4281 eadem
795 4229 925 4283 urbe
954 4227 1254 4297 suscipiens
1280 4229 1586 4300 epiSCOpale
1618 4229 1749 4284 inibi

198 4318 526 4376 ministerium
573 4322 853 4378 celebrare
897 4325 1172 4395 prmeepit.
1224 4323 1424 4394 Sicque
1452 4339 1549 4394 per
1577 4340 1752 4380 annos

198 4418 302 4471 sex,
346 4419 397 4463 et
445 4426 511 4466 eo
561 4411 794 4482 amplius
826 4413 965 4468 idem
1016 4415 1346 4484 episcopium
1381 4429 1478 4469 suo
1511 4414 1750 4470 dominio

197 4495 482 4564 vindicavit,
537 4517 635 4571 pro
684 4502 838 4556 libitu
880 4517 1097 4573 proprio
1143 4504 1271 4569 illud
1310 4512 1552 4561 tractans
1596 4514 1651 4560 et
1691 4506 1745 4561 in

199 4589 298 4643 sedc
321 4593 559 4660 praesulis
588 4592 854 4671 residens,
890 4602 999 4648 tam
1048 4595 1161 4666 ipse
1206 4612 1367 4666 quam
1395 4597 1592 4666 conqu
1621 4612 1714 4652 sua
1732 4636 1748 4660 ,

199 4682 338 4740 donec
377 4689 604 4757 septimo
651 4689 866 4742 tandem
915 4703 1090 4753 anno,
1130 4688 1273 4746 ortis
1315 4689 1454 4744 inter
1489 4688 1663 4759 ipsum
1695 4698 1754 4744 et

201 4788 346 4847 regem
392 4778 680 4834 Rodulfmn
705 4789 868 4848 atque
907 4778 1190 4849 llugonem
1233 4781 1486 4836 eomitetn
1526 4781 1769 4849 quibus-u

200 4867 296 4923 dazn
332 4873 731 4940 simultatibus,
785 4871 1048 4927 ltodnlfus
1098 4889 1352 4940 rescum
1409 4871 1638 4944 ﬂugone
1697 4880 1755 4928 et

201 4955 373 5018 Rusone
411 4964 574 5021 fratre
620 4981 752 5030 suo,
805 4963 1125 5033 ceterisque
1173 4964 1416 5034 pluribus
1468 4975 1578 5021 tam
1632 4965 1751 5035 epi-

201 5054 343 5123 scopis
364 5096 379 5120 ,
423 5073 583 5128 quam
616 5057 910 5113 comitibus
947 5047 1236 5111 Remorum
1287 5055 1497 5111 obsidet
1526 5044 1747 5121 urbem,

200 5151 601 5205 succensentibus
626 5149 728 5205 sibi
753 5146 1057 5217 episcopis,
1087 5156 1141 5201 et
1169 5148 1627 5216 conquerentilms
1655 5147 1750 5201 ad-

201 5244 351 5291 tersus
370 5256 487 5295 eum
530 5240 673 5310 quod
705 5250 819 5293 tant
844 5236 1101 5291 diuturno
1131 5246 1373 5305 tempore
1397 5276 1414 5299 ,
1449 5246 1640 5293 contra
1671 5235 1752 5291 di-

203 5324 307 5381 vinae
330 5329 453 5396 legis
479 5332 840 5387 auctoritates
863 5366 880 5393 ,
926 5326 1064 5382 hanc
1091 5330 1278 5387 urbem
1308 5328 1633 5396 permiserit.
1650 5342 1749 5381 va-

1855 3243 1952 3283 rex
1974 3241 2003 3280 a
2027 3221 2336 3292 Burgundia
2363 3219 2598 3284 rediens,
2630 3231 2716 3271 me
2743 3214 2883 3285 apud
2912 3221 3159 3269 sanctum
3191 3204 3443 3263 Basolum

1855 3319 2078 3389 reperit,
2094 3327 2445 3372 etassumens
2456 3325 2664 3374 secum,
2678 3307 2835 3364 sintut
2849 3322 2968 3361 cum
2985 3301 3299 3375 propinquis
3312 3297 3461 3353 meis

1855 3428 2087 3484 quorum
2113 3424 2200 3465 res
2228 3407 2545 3462 llcribertus
2570 3417 2753 3458 comes
2774 3399 3093 3462 abstulerat,
3125 3395 3447 3450 Laudunutn

1855 3502 2099 3565 deducit,
2141 3497 2283 3569 quod
2333 3505 2570 3551 castrum
2601 3503 2730 3548 tunc
2773 3490 3094 3546 obsidebant
3133 3484 3448 3539 Ilcribertus

1855 3603 1912 3649 et
1949 3592 2144 3662 Hugo:
2178 3589 2461 3656 solutaque
2504 3584 2784 3641 obsidione
2833 3580 3086 3650 oppidum
3135 3573 3446 3662 ingrediun-

1856 3692 1968 3747 tur,
2017 3658 2278 3749 nobisqne
2321 3684 2553 3732 metatus
2596 3670 2820 3744 degendi
2856 3666 3183 3738 disponitur.
3227 3658 3449 3719 Interim

1855 3775 2037 3835 clerici
2086 3772 2255 3827 nostri
2291 3770 2390 3824 loci
2441 3768 2537 3823 sed
2582 3774 2637 3820 et
2671 3763 2795 3818 laici
2836 3760 3071 3832 quidam
3099 3755 3333 3826 pessime
3374 3750 3444 3809 ab

1855 3868 2143 3924 licriberto
2190 3868 2517 3924 tractantur,
2541 3865 2595 3913 et
2631 3854 2849 3925 quidam
2884 3851 3206 3907 clericorum
3258 3846 3310 3898 in
3339 3842 3441 3897 cu-

1853 3956 2048 4012 stodiis
2092 3950 2481 4013 retruduntur,
2534 3962 2620 4002 res
2673 3959 2861 3999 eorum
2908 3939 3228 3994 auferuntur
3280 3941 3443 4004 atque

1855 4049 2210 4120 diripiuntur,
2261 4043 2463 4114 rapina:
2505 4056 2602 4113 per
2645 4046 2810 4094 totam
2852 4035 3038 4091 urbem
3064 4031 3210 4087 licite
3252 4022 3445 4111 perpe-

1856 4152 2093 4199 ιΐαιιιυτ.

1924 4233 2147 4289 Interea»
2165 4233 2535 4286 convocantur
2560 4220 2797 4296 episcopi
2822 4227 3022 4275 nostra:
3053 4216 3351 4273 diteceseos
3374 4212 3441 4269 ab

1855 4323 2078 4394 Hngone
2120 4328 2179 4376 et
2213 4318 2520 4379 lleriberto,
2556 4311 2930 4386 satagentibus
2971 4316 3025 4364 et
3073 4305 3446 4377 qurerentibns

1856 4417 1926 4470 ab
1975 4414 2056 4468 eis
2082 4411 2148 4465 de
2194 4409 2537 4464 ordinatione
2573 4404 2815 4476 [ingenis
2866 4401 2957 4456 lilii
3004 4398 3294 4455 lleriberti.
3339 4396 3443 4470 Qui

1852 4486 2169 4561 Suessionis
2220 4497 2554 4569 congregati,
2604 4480 2829 4550 mittunt
2876 4491 2944 4545 ad
2996 4505 3083 4543 me
3127 4488 3465 4542 Landununr

1861 4593 2227 4666 llildegarium
2265 4590 2577 4658 episcopum
2616 4599 2739 4639 cum
2773 4581 2893 4636 aliis
2929 4578 3248 4649 quibusdam
3298 4575 3446 4644 lega-

1862 4690 1955 4752 tis,
1992 4684 2311 4741 mandantes
2342 4689 2399 4734 ut
2444 4678 2511 4732 ad
2556 4691 2652 4733 eos
2690 4674 2952 4735 venirem,
3000 4670 3067 4724 ad
3106 4667 3468 4724 consentieu-i

1859 4781 1986 4838 dum
2014 4776 2225 4833 scilicet
2268 4771 2429 4841 hujus
2453 4766 2817 4824 ordinationis
2844 4760 3209 4834 perversitati.
3242 4758 3463 4825 Quibus

1862 4866 2196 4929 remandavi,
2223 4863 2369 4933 quod
2410 4875 2516 4916 non
2558 4869 2709 4915 esset
2735 4856 2871 4913 mibi
2909 4862 3225 4925 competens
3254 4850 3319 4904 ad
3358 4863 3452 4927 eos

1861 4962 1956 5017 illo
2002 4955 2313 5030 proficisci,
2352 4953 2444 5009 ubi
2481 4950 2795 5007 adversarii
2829 4954 2886 5003 et
2921 4945 3132 5002 inimici
3181 4942 3285 4996 mei
3329 4954 3481 4997 cum

1846 5055 1994 5126 ipsis
2018 5058 2175 5106 erant
2202 5044 2500 5119 aggregati.
2531 5042 2688 5108 Quod
2716 5044 2761 5101 si
2791 5040 2939 5111 loqui
2981 5049 3197 5112 mecum
3231 5031 3458 5090 vellent,~

1856 5148 1929 5203 ad
1958 5145 2118 5201 talem
2147 5143 2325 5201 lacum
2354 5136 2699 5204 devenirent,
2725 5134 2827 5205 ubi
2846 5146 2962 5186 sine
2985 5124 3225 5200 periculo
3255 5121 3321 5173 ad
3357 5132 3482 5172 eos.

1848 5235 2121 5292 accedere
2142 5245 2380 5302 possem.
2414 5225 2629 5294 Quibus
2658 5218 3070 5281 advenientibus
3089 5218 3148 5270 in
3181 5211 3356 5283 locum
3383 5208 3453 5261 ab

1859 5326 2066 5381 eisdem
2096 5321 2385 5385 delectum,
2428 5313 2715 5387 profectus
2741 5325 2861 5369 sum
2886 5297 3450 5371 ad‘eos,,adveniens-
