  <div class='ocr_page' id='page_1' title='image "/cluster/home/n/w/nwhite01/storage/ocr_20150623/135/hvd.32044015471758/159.png"; bbox 0 0 3904 5396; ppageno 0'>
   <div class='ocr_carea' id='block_1_1' title="bbox 516 247 622 304">
    <p class='ocr_par' dir='ltr' id='par_1_1' title="bbox 516 247 622 304">
     <span class='ocr_line' id='line_1_1' title="bbox 516 247 622 304; baseline 0.019 -2"><span class='ocrx_word' id='word_1_1' title='bbox 516 247 622 304; x_wconf 76' lang='lat'><strong>507</strong></span> 
     </span>
    </p>
   </div>
   <div class='ocr_carea' id='block_1_2' title="bbox 1585 264 2730 330">
    <p class='ocr_par' dir='ltr' id='par_1_2' title="bbox 1585 264 2730 330">
     <span class='ocr_line' id='line_1_2' title="bbox 1585 264 2730 330; baseline 0.009 -9"><span class='ocrx_word' id='word_1_2' title='bbox 1585 264 1977 324; x_wconf 73' lang='lat' dir='ltr'><strong>FLODOABDl</strong></span> <span class='ocrx_word' id='word_1_3' title='bbox 2013 267 2336 326; x_wconf 70' lang='lat' dir='ltr'><strong>CANONICI</strong></span> <span class='ocrx_word' id='word_1_4' title='bbox 2378 272 2730 330; x_wconf 68' lang='lat' dir='ltr'><strong>REMENSIS</strong></span> 
     </span>
    </p>
   </div>
   <div class='ocr_carea' id='block_1_3' title="bbox 3696 266 3794 338">
    <p class='ocr_par' dir='ltr' id='par_1_3' title="bbox 3696 266 3794 338">
     <span class='ocr_line' id='line_1_3' title="bbox 3696 266 3794 338; baseline 0.02 -2"><span class='ocrx_word' id='word_1_5' title='bbox 3696 266 3794 338; x_wconf 71' lang='lat'><strong>503</strong></span> 
     </span>
    </p>
   </div>
   <div class='ocr_carea' id='block_1_4' title="bbox 516 371 3797 466">
    <p class='ocr_par' dir='ltr' id='par_1_4' title="bbox 516 371 3797 466">
     <span class='ocr_line' id='line_1_4' title="bbox 516 371 3797 466; baseline 0.009 -43"><span class='ocrx_word' id='word_1_6' title='bbox 516 371 841 430; x_wconf 82' lang='lat' dir='ltr'><strong>omulmodls</strong></span> <span class='ocrx_word' id='word_1_7' title='bbox 879 374 1128 443; x_wconf 73' lang='lat' dir='ltr'><strong>suadere,</strong></span> <span class='ocrx_word' id='word_1_8' title='bbox 1161 385 1219 435; x_wconf 86' lang='lat' dir='ltr'><strong>ut</strong></span> <span class='ocrx_word' id='word_1_9' title='bbox 1252 379 1331 438; x_wconf 75' lang='lat' dir='ltr'><strong>eis</strong></span> <span class='ocrx_word' id='word_1_10' title='bbox 1355 381 1412 436; x_wconf 92' lang='lat' dir='ltr'><strong>in</strong></span> <span class='ocrx_word' id='word_1_11' title='bbox 1448 381 1551 439; x_wconf 87' lang='lat' dir='ltr'><strong>hac</strong></span> <span class='ocrx_word' id='word_1_12' title='bbox 1594 385 1936 441; x_wconf 85' lang='lat' dir='ltr'><strong>ordinatione</strong></span> <span class='ocrx_word' id='word_1_13' title='bbox 1970 399 2103 441; x_wconf 86' lang='lat' dir='ltr'><strong>eou-</strong></span> <span class='ocrx_word' id='word_1_14' title='bbox 2130 391 2184 449; x_wconf 75' lang='grc' dir='ltr'><strong>Α</strong></span> <span class='ocrx_word' id='word_1_15' title='bbox 2211 386 2636 447; x_wconf 80' lang='lat' dir='ltr'><strong>misericordiam</strong></span> <span class='ocrx_word' id='word_1_16' title='bbox 2678 390 2795 457; x_wconf 87' lang='lat' dir='ltr'><strong>Dei.</strong></span> <span class='ocrx_word' id='word_1_17' title='bbox 2824 391 2994 448; x_wconf 84' lang='lat' dir='ltr'><strong>donec</strong></span> <span class='ocrx_word' id='word_1_18' title='bbox 3038 389 3157 464; x_wconf 83' lang='lat' dir='ltr'><strong>ipse</strong></span> <span class='ocrx_word' id='word_1_19' title='bbox 3199 392 3443 466; x_wconf 79' lang='lat' dir='ltr'><strong>dignatus</strong></span> <span class='ocrx_word' id='word_1_20' title='bbox 3488 404 3581 452; x_wconf 85' lang='lat' dir='ltr'><strong>est</strong></span> <span class='ocrx_word' id='word_1_21' title='bbox 3618 396 3672 450; x_wconf 92' lang='lat' dir='ltr'><strong>in</strong></span> <span class='ocrx_word' id='word_1_22' title='bbox 3711 412 3797 451; x_wconf 82' lang='lat' dir='ltr'><strong>cor</strong></span> 
     </span>
    </p>
   </div>
   <div class='ocr_carea' id='block_1_5' title="bbox 515 464 2104 546">
    <p class='ocr_par' dir='ltr' id='par_1_5' title="bbox 515 464 2104 546">
     <span class='ocr_line' id='line_1_5' title="bbox 515 464 2104 546; baseline 0.008 -30"><span class='ocrx_word' id='word_1_23' title='bbox 515 464 735 519; x_wconf 83' lang='lat' dir='ltr'><strong>sensum</strong></span> <span class='ocrx_word' id='word_1_24' title='bbox 777 465 1099 535; x_wconf 76' lang='lat' dir='ltr'><strong>praeberem,</strong></span> <span class='ocrx_word' id='word_1_25' title='bbox 1148 470 1525 539; x_wconf 75' lang='lat' dir='ltr'><strong>promittentes</strong></span> <span class='ocrx_word' id='word_1_26' title='bbox 1565 489 1654 529; x_wconf 87' lang='lat' dir='ltr'><strong>res</strong></span> <span class='ocrx_word' id='word_1_27' title='bbox 1682 474 1965 531; x_wconf 89' lang='lat' dir='ltr'><strong>nonnullas</strong></span> <span class='ocrx_word' id='word_1_28' title='bbox 1990 476 2104 546; x_wconf 88' lang='lat' dir='ltr'><strong>epi-</strong></span> 
     </span>
    </p>
   </div>
   <div class='ocr_carea' id='block_1_6' title="bbox 517 553 2106 636">
    <p class='ocr_par' dir='ltr' id='par_1_6' title="bbox 517 553 2106 636">
     <span class='ocr_line' id='line_1_6' title="bbox 517 553 2106 636; baseline 0.01 -29"><span class='ocrx_word' id='word_1_29' title='bbox 517 553 688 623; x_wconf 85' lang='lat' dir='ltr'><strong>seopii</strong></span> <span class='ocrx_word' id='word_1_30' title='bbox 736 554 866 611; x_wconf 90' lang='lat' dir='ltr'><strong>mihi</strong></span> <span class='ocrx_word' id='word_1_31' title='bbox 901 571 960 613; x_wconf 91' lang='lat' dir='ltr'><strong>se</strong></span> <span class='ocrx_word' id='word_1_32' title='bbox 1007 557 1411 629; x_wconf 89' lang='lat' dir='ltr'><strong>impetraturos.</strong></span> <span class='ocrx_word' id='word_1_33' title='bbox 1454 564 1524 619; x_wconf 83' lang='lat' dir='ltr'><strong>At</strong></span> <span class='ocrx_word' id='word_1_34' title='bbox 1553 578 1651 635; x_wconf 84' lang='lat' dir='ltr'><strong>ego</strong></span> <span class='ocrx_word' id='word_1_35' title='bbox 1682 575 1966 636; x_wconf 79' lang='lat' dir='ltr'><strong>postquam</strong></span> <span class='ocrx_word' id='word_1_36' title='bbox 2018 582 2106 623; x_wconf 87' lang='lat' dir='ltr'><strong>re-</strong></span> 
     </span>
    </p>
   </div>
   <div class='ocr_carea' id='block_1_7' title="bbox 518 647 2105 729">
    <p class='ocr_par' dir='ltr' id='par_1_7' title="bbox 518 647 2105 729">
     <span class='ocr_line' id='line_1_7' title="bbox 518 647 2105 729; baseline 0.011 -33"><span class='ocrx_word' id='word_1_37' title='bbox 518 660 775 714; x_wconf 83' lang='lat' dir='ltr'><strong>sponsum</strong></span> <span class='ocrx_word' id='word_1_38' title='bbox 807 647 898 701; x_wconf 90' lang='lat' dir='ltr'><strong>diu</strong></span> <span class='ocrx_word' id='word_1_39' title='bbox 926 649 1261 716; x_wconf 87' lang='lat' dir='ltr'><strong>distuleram,</strong></span> <span class='ocrx_word' id='word_1_40' title='bbox 1289 654 1480 711; x_wconf 88' lang='lat' dir='ltr'><strong>videns</strong></span> <span class='ocrx_word' id='word_1_41' title='bbox 1510 671 1604 712; x_wconf 91' lang='lat' dir='ltr'><strong>eos</strong></span> <span class='ocrx_word' id='word_1_42' title='bbox 1639 666 1864 712; x_wconf 87' lang='lat' dir='ltr'><strong>cunctos</strong></span> <span class='ocrx_word' id='word_1_43' title='bbox 1895 657 1946 713; x_wconf 91' lang='lat' dir='ltr'><strong>in</strong></span> <span class='ocrx_word' id='word_1_44' title='bbox 1978 670 2105 729; x_wconf 83' lang='lat' dir='ltr'><strong>pro-</strong></span> 
     </span>
    </p>
   </div>
   <div class='ocr_carea' id='block_1_8' title="bbox 514 736 2106 819">
    <p class='ocr_par' dir='ltr' id='par_1_8' title="bbox 514 736 2106 819">
     <span class='ocr_line' id='line_1_8' title="bbox 514 736 2106 819; baseline 0.009 -29"><span class='ocrx_word' id='word_1_45' title='bbox 514 736 695 806; x_wconf 87' lang='lat' dir='ltr'><strong>posito</strong></span> <span class='ocrx_word' id='word_1_46' title='bbox 724 740 868 807; x_wconf 88' lang='lat' dir='ltr'><strong>quod</strong></span> <span class='ocrx_word' id='word_1_47' title='bbox 910 753 1163 811; x_wconf 84' lang='lat' dir='ltr'><strong>ceperant</strong></span> <span class='ocrx_word' id='word_1_48' title='bbox 1197 756 1633 815; x_wconf 81' lang='lat' dir='ltr'><strong>perseverantes,</strong></span> <span class='ocrx_word' id='word_1_49' title='bbox 1675 764 1903 819; x_wconf 79' lang='lat' dir='ltr'><strong>surgens</strong></span> <span class='ocrx_word' id='word_1_50' title='bbox 1935 750 2106 805; x_wconf 89' lang='lat' dir='ltr'><strong>inter-</strong></span> 
     </span>
    </p>
   </div>
   <div class='ocr_carea' id='block_1_9' title="bbox 514 825 2105 902">
    <p class='ocr_par' dir='ltr' id='par_1_9' title="bbox 514 825 2105 902">
     <span class='ocr_line' id='line_1_9' title="bbox 514 825 2105 902; baseline 0.009 -23"><span class='ocrx_word' id='word_1_51' title='bbox 514 825 626 880; x_wconf 75' lang='lat' dir='ltr'><strong>dixi</strong></span> <span class='ocrx_word' id='word_1_52' title='bbox 683 830 861 896; x_wconf 81' lang='lat' dir='ltr'><strong>palam</strong></span> <span class='ocrx_word' id='word_1_53' title='bbox 921 831 1134 887; x_wconf 91' lang='lat' dir='ltr'><strong>cunctis</strong></span> <span class='ocrx_word' id='word_1_54' title='bbox 1186 834 1571 902; x_wconf 85' lang='lat' dir='ltr'><strong>audientibus,</strong></span> <span class='ocrx_word' id='word_1_55' title='bbox 1628 831 2105 894; x_wconf 78' lang='lat' dir='ltr'><strong>excommunieans</strong></span> 
     </span>
    </p>
   </div>
   <div class='ocr_carea' id='block_1_10' title="bbox 514 919 2105 1002">
    <p class='ocr_par' dir='ltr' id='par_1_10' title="bbox 514 919 2105 1002">
     <span class='ocr_line' id='line_1_10' title="bbox 514 919 2105 1002; baseline 0.009 -31"><span class='ocrx_word' id='word_1_56' title='bbox 514 919 840 974; x_wconf 90' lang='lat' dir='ltr'><strong>auctoritate</strong></span> <span class='ocrx_word' id='word_1_57' title='bbox 873 922 966 977; x_wconf 90' lang='lat' dir='ltr'><strong>Dei</strong></span> <span class='ocrx_word' id='word_1_58' title='bbox 998 922 1176 979; x_wconf 77' lang='lat' dir='ltr'><strong>Patris</strong></span> <span class='ocrx_word' id='word_1_59' title='bbox 1204 927 1611 997; x_wconf 87' lang='lat' dir='ltr'><strong>omnipotentis,</strong></span> <span class='ocrx_word' id='word_1_60' title='bbox 1651 940 1709 984; x_wconf 87' lang='lat' dir='ltr'><strong>et</strong></span> <span class='ocrx_word' id='word_1_61' title='bbox 1731 929 1872 992; x_wconf 84' lang='lat' dir='ltr'><strong>Filii,</strong></span> <span class='ocrx_word' id='word_1_62' title='bbox 1901 940 1955 985; x_wconf 92' lang='lat' dir='ltr'><strong>et</strong></span> <span class='ocrx_word' id='word_1_63' title='bbox 1984 928 2105 1002; x_wconf 89' lang='lat' dir='ltr'><strong>Spi-</strong></span> 
     </span>
    </p>
   </div>
   <div class='ocr_carea' id='block_1_11' title="bbox 513 1009 2103 1077">
    <p class='ocr_par' dir='ltr' id='par_1_11' title="bbox 513 1009 2103 1077">
     <span class='ocr_line' id='line_1_11' title="bbox 513 1009 2103 1077; baseline 0.009 -14"><span class='ocrx_word' id='word_1_64' title='bbox 513 1009 657 1065; x_wconf 80' lang='lat' dir='ltr'><strong>ritus</strong></span> <span class='ocrx_word' id='word_1_65' title='bbox 682 1011 876 1076; x_wconf 89' lang='lat' dir='ltr'><strong>sancti,</strong></span> <span class='ocrx_word' id='word_1_66' title='bbox 904 1021 963 1067; x_wconf 92' lang='lat' dir='ltr'><strong>ut</strong></span> <span class='ocrx_word' id='word_1_67' title='bbox 1002 1014 1182 1071; x_wconf 89' lang='lat' dir='ltr'><strong>nullus</strong></span> <span class='ocrx_word' id='word_1_68' title='bbox 1205 1032 1391 1071; x_wconf 89' lang='lat' dir='ltr'><strong>eorum</strong></span> <span class='ocrx_word' id='word_1_69' title='bbox 1422 1018 1490 1073; x_wconf 90' lang='lat' dir='ltr'><strong>ad</strong></span> <span class='ocrx_word' id='word_1_70' title='bbox 1521 1021 1763 1075; x_wconf 81' lang='lat' dir='ltr'><strong>eamdem</strong></span> <span class='ocrx_word' id='word_1_71' title='bbox 1803 1021 2103 1077; x_wconf 87' lang='lat' dir='ltr'><strong>ordinatio-</strong></span> 
     </span>
    </p>
   </div>
   <div class='ocr_carea' id='block_1_12' title="bbox 520 1106 2103 1182">
    <p class='ocr_par' dir='ltr' id='par_1_12' title="bbox 520 1106 2103 1182">
     <span class='ocr_line' id='line_1_12' title="bbox 520 1106 2103 1182; baseline 0.008 -25"><span class='ocrx_word' id='word_1_72' title='bbox 520 1118 646 1158; x_wconf 87' lang='lat' dir='ltr'><strong>nem</strong></span> <span class='ocrx_word' id='word_1_73' title='bbox 678 1106 991 1172; x_wconf 86' lang='lat' dir='ltr'><strong>accederet,</strong></span> <span class='ocrx_word' id='word_1_74' title='bbox 1017 1123 1117 1165; x_wconf 89' lang='lat' dir='ltr'><strong>ncc</strong></span> <span class='ocrx_word' id='word_1_75' title='bbox 1142 1108 1302 1164; x_wconf 86' lang='lat' dir='ltr'><strong>alicui</strong></span> <span class='ocrx_word' id='word_1_76' title='bbox 1344 1111 1397 1165; x_wconf 93' lang='lat' dir='ltr'><strong>in</strong></span> <span class='ocrx_word' id='word_1_77' title='bbox 1437 1112 1724 1182; x_wconf 86' lang='lat' dir='ltr'><strong>episc0paii</strong></span> <span class='ocrx_word' id='word_1_78' title='bbox 1759 1114 1980 1178; x_wconf 83' lang='lat' dir='ltr'><strong>honore,</strong></span> <span class='ocrx_word' id='word_1_79' title='bbox 2017 1128 2103 1169; x_wconf 91' lang='lat' dir='ltr'><strong>me</strong></span> 
     </span>
    </p>
   </div>
   <div class='ocr_carea' id='block_1_13' title="bbox 515 1192 2101 1267">
    <p class='ocr_par' dir='ltr' id='par_1_13' title="bbox 515 1192 2101 1267">
     <span class='ocr_line' id='line_1_13' title="bbox 515 1192 2101 1267; baseline 0.006 -23"><span class='ocrx_word' id='word_1_80' title='bbox 515 1192 760 1259; x_wconf 78' lang='lat' dir='ltr'><strong>vivente,</strong></span> <span class='ocrx_word' id='word_1_81' title='bbox 809 1211 1000 1251; x_wconf 89' lang='lat' dir='ltr'><strong>manus</strong></span> <span class='ocrx_word' id='word_1_82' title='bbox 1048 1196 1375 1267; x_wconf 84' lang='lat' dir='ltr'><strong>imponeret;</strong></span> <span class='ocrx_word' id='word_1_83' title='bbox 1410 1199 1503 1254; x_wconf 92' lang='lat' dir='ltr'><strong>sed</strong></span> <span class='ocrx_word' id='word_1_84' title='bbox 1547 1215 1646 1255; x_wconf 90' lang='lat' dir='ltr'><strong>nec</strong></span> <span class='ocrx_word' id='word_1_85' title='bbox 1691 1200 1829 1255; x_wconf 90' lang='lat' dir='ltr'><strong>ullus</strong></span> <span class='ocrx_word' id='word_1_86' title='bbox 1858 1200 2101 1256; x_wconf 87' lang='lat' dir='ltr'><strong>eamdem</strong></span> 
     </span>
    </p>
   </div>
   <div class='ocr_carea' id='block_1_14' title="bbox 514 1279 2104 1359">
    <p class='ocr_par' dir='ltr' id='par_1_14' title="bbox 514 1279 2104 1359">
     <span class='ocr_line' id='line_1_14' title="bbox 514 1279 2104 1359; baseline 0.008 -24"><span class='ocrx_word' id='word_1_87' title='bbox 514 1279 947 1340; x_wconf 83' lang='lat' dir='ltr'><strong>benedictionem</strong></span> <span class='ocrx_word' id='word_1_88' title='bbox 978 1289 1251 1356; x_wconf 88' lang='lat' dir='ltr'><strong>suscipere</strong></span> <span class='ocrx_word' id='word_1_89' title='bbox 1294 1299 1662 1359; x_wconf 72' lang='lat' dir='ltr'><strong>praesumeret.</strong></span> <span class='ocrx_word' id='word_1_90' title='bbox 1690 1290 1842 1358; x_wconf 86' lang='lat' dir='ltr'><strong>Quod</strong></span> <span class='ocrx_word' id='word_1_91' title='bbox 1871 1291 1917 1345; x_wconf 90' lang='lat' dir='ltr'><strong>si</strong></span> <span class='ocrx_word' id='word_1_92' title='bbox 1964 1290 2104 1348; x_wconf 83' lang='lat' dir='ltr'><strong>forte</strong></span> 
     </span>
    </p>
   </div>
   <div class='ocr_carea' id='block_1_15' title="bbox 517 1377 2104 1455">
    <p class='ocr_par' dir='ltr' id='par_1_15' title="bbox 517 1377 2104 1455">
     <span class='ocr_line' id='line_1_15' title="bbox 517 1377 2104 1455; baseline 0.006 -23"><span class='ocrx_word' id='word_1_93' title='bbox 517 1377 695 1444; x_wconf 84' lang='lat' dir='ltr'><strong>ﬁeret,</strong></span> <span class='ocrx_word' id='word_1_94' title='bbox 729 1380 796 1434; x_wconf 88' lang='lat' dir='ltr'><strong>ad</strong></span> <span class='ocrx_word' id='word_1_95' title='bbox 841 1380 1024 1438; x_wconf 89' lang='lat' dir='ltr'><strong>sedem</strong></span> <span class='ocrx_word' id='word_1_96' title='bbox 1073 1381 1420 1451; x_wconf 70' lang='lat' dir='ltr'><strong>apostolicam</strong></span> <span class='ocrx_word' id='word_1_97' title='bbox 1468 1400 1561 1439; x_wconf 91' lang='lat' dir='ltr'><strong>eos</strong></span> <span class='ocrx_word' id='word_1_98' title='bbox 1589 1400 1962 1455; x_wconf 85' lang='lat' dir='ltr'><strong>provocarem.</strong></span> <span class='ocrx_word' id='word_1_99' title='bbox 1994 1385 2104 1442; x_wconf 82' lang='lat' dir='ltr'><strong>illis</strong></span> 
     </span>
    </p>
   </div>
   <div class='ocr_carea' id='block_1_16' title="bbox 514 1470 2104 1546">
    <p class='ocr_par' dir='ltr' id='par_1_16' title="bbox 514 1470 2104 1546">
     <span class='ocr_line' id='line_1_16' title="bbox 514 1470 2104 1546; baseline 0.004 -20"><span class='ocrx_word' id='word_1_100' title='bbox 514 1470 645 1526; x_wconf 86' lang='lat' dir='ltr'><strong>inde</strong></span> <span class='ocrx_word' id='word_1_101' title='bbox 666 1470 991 1539; x_wconf 84' lang='lat' dir='ltr'><strong>furentibus,</strong></span> <span class='ocrx_word' id='word_1_102' title='bbox 1018 1482 1079 1529; x_wconf 91' lang='lat' dir='ltr'><strong>ut</strong></span> <span class='ocrx_word' id='word_1_103' title='bbox 1102 1490 1314 1546; x_wconf 82' lang='lat' dir='ltr'><strong>possem</strong></span> <span class='ocrx_word' id='word_1_104' title='bbox 1343 1476 1493 1531; x_wconf 77' lang='lat' dir='ltr'><strong>exire</strong></span> <span class='ocrx_word' id='word_1_105' title='bbox 1514 1476 1581 1533; x_wconf 92' lang='lat' dir='ltr'><strong>de</strong></span> <span class='ocrx_word' id='word_1_106' title='bbox 1608 1476 1784 1532; x_wconf 86' lang='lat' dir='ltr'><strong>medio</strong></span> <span class='ocrx_word' id='word_1_107' title='bbox 1809 1492 2020 1543; x_wconf 89' lang='lat' dir='ltr'><strong>eorum,</strong></span> <span class='ocrx_word' id='word_1_108' title='bbox 2046 1485 2104 1533; x_wconf 89' lang='lat' dir='ltr'><strong>et</strong></span> 
     </span>
    </p>
   </div>
   <div class='ocr_carea' id='block_1_17' title="bbox 515 1561 2101 1637">
    <p class='ocr_par' dir='ltr' id='par_1_17' title="bbox 515 1561 2101 1637">
     <span class='ocr_line' id='line_1_17' title="bbox 515 1561 2101 1637; baseline 0.004 -20"><span class='ocrx_word' id='word_1_109' title='bbox 515 1561 836 1618; x_wconf 85' lang='lat' dir='ltr'><strong>Laudunum</strong></span> <span class='ocrx_word' id='word_1_110' title='bbox 865 1565 1088 1632; x_wconf 84' lang='lat' dir='ltr'><strong>reverti,</strong></span> <span class='ocrx_word' id='word_1_111' title='bbox 1134 1567 1426 1637; x_wconf 84' lang='lat' dir='ltr'><strong>temperavi</strong></span> <span class='ocrx_word' id='word_1_112' title='bbox 1469 1583 1784 1637; x_wconf 84' lang='lat' dir='ltr'><strong>responsum</strong></span> <span class='ocrx_word' id='word_1_113' title='bbox 1821 1568 2008 1623; x_wconf 89' lang='lat' dir='ltr'><strong>dicens</strong></span> <span class='ocrx_word' id='word_1_114' title='bbox 2039 1577 2101 1624; x_wconf 90' lang='lat' dir='ltr'><strong>ut</strong></span> 
     </span>
    </p>
   </div>
   <div class='ocr_carea' id='block_1_18' title="bbox 494 1638 2105 1738">
    <p class='ocr_par' dir='ltr' id='par_1_18' title="bbox 494 1638 2105 1738">
     <span class='ocr_line' id='line_1_18' title="bbox 494 1638 2105 1738; baseline 0.005 -31"><span class='ocrx_word' id='word_1_115' title='bbox 494 1638 799 1738; x_wconf 52' lang='lat' dir='ltr'><strong>Eruitterent</strong></span> <span class='ocrx_word' id='word_1_116' title='bbox 833 1671 1067 1725; x_wconf 91' lang='lat' dir='ltr'><strong>mecum,</strong></span> <span class='ocrx_word' id='word_1_117' title='bbox 1093 1658 1184 1728; x_wconf 89' lang='lat' dir='ltr'><strong>qui</strong></span> <span class='ocrx_word' id='word_1_118' title='bbox 1207 1658 1287 1714; x_wconf 89' lang='lat' dir='ltr'><strong>eis</strong></span> <span class='ocrx_word' id='word_1_119' title='bbox 1337 1660 1697 1725; x_wconf 88' lang='lat' dir='ltr'><strong>renuntiaret,</strong></span> <span class='ocrx_word' id='word_1_120' title='bbox 1725 1661 1854 1732; x_wconf 89' lang='lat' dir='ltr'><strong>quid</strong></span> <span class='ocrx_word' id='word_1_121' title='bbox 1895 1660 2105 1717; x_wconf 83' lang='lat' dir='ltr'><strong>consilii</strong></span> 
     </span>
    </p>
   </div>
   <div class='ocr_carea' id='block_1_19' title="bbox 2205 477 3794 552">
    <p class='ocr_par' dir='ltr' id='par_1_19' title="bbox 2205 477 3794 552">
     <span class='ocr_line' id='line_1_19' title="bbox 2205 477 3794 552; baseline 0.003 -18"><span class='ocrx_word' id='word_1_122' title='bbox 2205 477 2389 534; x_wconf 90' lang='lat' dir='ltr'><strong>domui</strong></span> <span class='ocrx_word' id='word_1_123' title='bbox 2428 480 2572 552; x_wconf 86' lang='lat' dir='ltr'><strong>regis</strong></span> <span class='ocrx_word' id='word_1_124' title='bbox 2617 480 2847 538; x_wconf 82' lang='lat' dir='ltr'><strong>Othonis</strong></span> <span class='ocrx_word' id='word_1_125' title='bbox 2889 482 3123 550; x_wconf 84' lang='lat' dir='ltr'><strong>mittere,</strong></span> <span class='ocrx_word' id='word_1_126' title='bbox 3166 493 3226 538; x_wconf 90' lang='lat' dir='ltr'><strong>ut</strong></span> <span class='ocrx_word' id='word_1_127' title='bbox 3271 484 3338 539; x_wconf 88' lang='lat' dir='ltr'><strong>ad</strong></span> <span class='ocrx_word' id='word_1_128' title='bbox 3386 485 3794 541; x_wconf 78' lang='lat' dir='ltr'><strong>subventioueui</strong></span> 
     </span>
    </p>
   </div>
   <div class='ocr_carea' id='block_1_20' title="bbox 2203 570 3797 647">
    <p class='ocr_par' dir='ltr' id='par_1_20' title="bbox 2203 570 3797 647">
     <span class='ocr_line' id='line_1_20' title="bbox 2203 570 3797 647; baseline 0.003 -20"><span class='ocrx_word' id='word_1_129' title='bbox 2203 570 2434 627; x_wconf 81' lang='lat' dir='ltr'><strong>senioris</strong></span> <span class='ocrx_word' id='word_1_130' title='bbox 2462 572 2565 628; x_wconf 93' lang='lat' dir='ltr'><strong>mei</strong></span> <span class='ocrx_word' id='word_1_131' title='bbox 2598 573 2764 644; x_wconf 87' lang='lat' dir='ltr'><strong>regis,</strong></span> <span class='ocrx_word' id='word_1_132' title='bbox 2803 582 2859 630; x_wconf 86' lang='lat' dir='ltr'><strong>et</strong></span> <span class='ocrx_word' id='word_1_133' title='bbox 2897 584 3161 641; x_wconf 90' lang='lat' dir='ltr'><strong>nostram,</strong></span> <span class='ocrx_word' id='word_1_134' title='bbox 3198 586 3508 647; x_wconf 87' lang='lat' dir='ltr'><strong>properaret</strong></span> <span class='ocrx_word' id='word_1_135' title='bbox 3538 576 3599 632; x_wconf 89' lang='lat' dir='ltr'><strong>in</strong></span> <span class='ocrx_word' id='word_1_136' title='bbox 3636 575 3797 632; x_wconf 81' lang='lat' dir='ltr'><strong>Fran-</strong></span> 
     </span>
    </p>
   </div>
   <div class='ocr_carea' id='block_1_21' title="bbox 2203 659 2996 739">
    <p class='ocr_par' dir='ltr' id='par_1_21' title="bbox 2203 659 2996 739">
     <span class='ocr_line' id='line_1_21' title="bbox 2203 659 2996 739; baseline 0.004 -23"><span class='ocrx_word' id='word_1_137' title='bbox 2203 659 2342 716; x_wconf 83' lang='lat' dir='ltr'><strong>ciam</strong></span> <span class='ocrx_word' id='word_1_138' title='bbox 2367 660 2543 733; x_wconf 64' lang='lat' dir='ltr'><strong>(Vide</strong></span> <span class='ocrx_word' id='word_1_139' title='bbox 2576 680 2760 734; x_wconf 80' lang='lat' dir='ltr'><strong>supra,</strong></span> <span class='ocrx_word' id='word_1_140' title='bbox 2793 664 2996 739; x_wconf 64' lang='lat'><strong>6.52).</strong></span> 
     </span>
    </p>
   </div>
   <div class='ocr_carea' id='block_1_22' title="bbox 2273 752 3799 830">
    <p class='ocr_par' dir='ltr' id='par_1_22' title="bbox 2273 752 3799 830">
     <span class='ocr_line' id='line_1_22' title="bbox 2273 752 3799 830; baseline 0.003 -23"><span class='ocrx_word' id='word_1_141' title='bbox 2273 752 2515 824; x_wconf 90' lang='lat' dir='ltr'><strong>Denique</strong></span> <span class='ocrx_word' id='word_1_142' title='bbox 2542 764 2825 826; x_wconf 85' lang='lat' dir='ltr'><strong>postquam</strong></span> <span class='ocrx_word' id='word_1_143' title='bbox 2862 758 3077 813; x_wconf 92' lang='lat' dir='ltr'><strong>domina</strong></span> <span class='ocrx_word' id='word_1_144' title='bbox 3126 765 3308 815; x_wconf 90' lang='lat' dir='ltr'><strong>nostra</strong></span> <span class='ocrx_word' id='word_1_145' title='bbox 3354 758 3539 830; x_wconf 79' lang='lat' dir='ltr'><strong>regina</strong></span> <span class='ocrx_word' id='word_1_146' title='bbox 3589 757 3799 814; x_wconf 63' lang='lat' dir='ltr'><strong>Laudo.</strong></span> 
     </span>
    </p>
   </div>
   <div class='ocr_carea' id='block_1_23' title="bbox 2205 846 3801 920">
    <p class='ocr_par' dir='ltr' id='par_1_23' title="bbox 2205 846 3801 920">
     <span class='ocr_line' id='line_1_23' title="bbox 2205 846 3801 920; baseline 0.003 -23"><span class='ocrx_word' id='word_1_147' title='bbox 2205 858 2356 910; x_wconf 86' lang='lat' dir='ltr'><strong>num,</strong></span> <span class='ocrx_word' id='word_1_148' title='bbox 2383 856 2603 916; x_wconf 89' lang='lat' dir='ltr'><strong>propter</strong></span> <span class='ocrx_word' id='word_1_149' title='bbox 2624 846 3016 903; x_wconf 87' lang='lat' dir='ltr'><strong>absolutionem</strong></span> <span class='ocrx_word' id='word_1_150' title='bbox 3055 848 3238 903; x_wconf 91' lang='lat' dir='ltr'><strong>domui</strong></span> <span class='ocrx_word' id='word_1_151' title='bbox 3279 849 3441 920; x_wconf 86' lang='lat' dir='ltr'><strong>regis,</strong></span> <span class='ocrx_word' id='word_1_152' title='bbox 3482 848 3801 918; x_wconf 85' lang='lat' dir='ltr'><strong>reliquerat,</strong></span> 
     </span>
    </p>
   </div>
   <div class='ocr_carea' id='block_1_24' title="bbox 2203 936 3800 1011">
    <p class='ocr_par' dir='ltr' id='par_1_24' title="bbox 2203 936 3800 1011">
     <span class='ocr_line' id='line_1_24' title="bbox 2203 936 3800 1011; baseline 0.003 -22"><span class='ocrx_word' id='word_1_153' title='bbox 2203 949 2456 1003; x_wconf 84' lang='lat' dir='ltr'><strong>egressus</strong></span> <span class='ocrx_word' id='word_1_154' title='bbox 2490 936 2615 991; x_wconf 89' lang='lat' dir='ltr'><strong>inde</strong></span> <span class='ocrx_word' id='word_1_155' title='bbox 2644 938 2710 992; x_wconf 90' lang='lat' dir='ltr'><strong>ad</strong></span> <span class='ocrx_word' id='word_1_156' title='bbox 2740 938 2994 993; x_wconf 89' lang='lat' dir='ltr'><strong>domuum</strong></span> <span class='ocrx_word' id='word_1_157' title='bbox 3029 953 3210 1011; x_wconf 88' lang='lat' dir='ltr'><strong>regem</strong></span> <span class='ocrx_word' id='word_1_158' title='bbox 3241 939 3505 994; x_wconf 80' lang='lat' dir='ltr'><strong>Othonem</strong></span> <span class='ocrx_word' id='word_1_159' title='bbox 3543 955 3674 994; x_wconf 90' lang='lat' dir='ltr'><strong>cum</strong></span> <span class='ocrx_word' id='word_1_160' title='bbox 3726 954 3800 993; x_wconf 82' lang='lat' dir='ltr'><strong>se-</strong></span> 
     </span>
    </p>
   </div>
   <div class='ocr_carea' id='block_1_25' title="bbox 2204 1026 3804 1103">
    <p class='ocr_par' dir='ltr' id='par_1_25' title="bbox 2204 1026 3804 1103">
     <span class='ocr_line' id='line_1_25' title="bbox 2204 1026 3804 1103; baseline 0.004 -23"><span class='ocrx_word' id='word_1_161' title='bbox 2204 1026 2359 1082; x_wconf 88' lang='lat' dir='ltr'><strong>niore</strong></span> <span class='ocrx_word' id='word_1_162' title='bbox 2389 1042 2510 1084; x_wconf 88' lang='lat' dir='ltr'><strong>meo</strong></span> <span class='ocrx_word' id='word_1_163' title='bbox 2541 1029 2728 1085; x_wconf 81' lang='lat' dir='ltr'><strong>deveni</strong></span> <span class='ocrx_word' id='word_1_164' title='bbox 2767 1045 2910 1101; x_wconf 79' lang='lat' dir='ltr'><strong>rege,</strong></span> <span class='ocrx_word' id='word_1_165' title='bbox 2942 1032 3208 1103; x_wconf 87' lang='lat' dir='ltr'><strong>simulque</strong></span> <span class='ocrx_word' id='word_1_166' title='bbox 3237 1032 3437 1089; x_wconf 81' lang='lat' dir='ltr'><strong>Remos</strong></span> <span class='ocrx_word' id='word_1_167' title='bbox 3474 1035 3804 1089; x_wconf 80' lang='lat' dir='ltr'><strong>accessimus</strong></span> 
     </span>
    </p>
   </div>
   <div class='ocr_carea' id='block_1_26' title="bbox 2205 1114 3798 1194">
    <p class='ocr_par' dir='ltr' id='par_1_26' title="bbox 2205 1114 3798 1194">
     <span class='ocr_line' id='line_1_26' title="bbox 2205 1114 3798 1194; baseline 0.006 -24"><span class='ocrx_word' id='word_1_168' title='bbox 2205 1114 2413 1186; x_wconf 74' lang='lat' dir='ltr'><strong>(supra,</strong></span> <span class='ocrx_word' id='word_1_169' title='bbox 2452 1135 2500 1173; x_wconf 85' lang='lat' dir='ltr'><strong>c.</strong></span> <span class='ocrx_word' id='word_1_170' title='bbox 2541 1119 2655 1192; x_wconf 76' lang='lat'><strong>&#39;55).</strong></span> <span class='ocrx_word' id='word_1_171' title='bbox 2695 1120 2943 1194; x_wconf 81' lang='lat' dir='ltr'><strong>Cingitur</strong></span> <span class='ocrx_word' id='word_1_172' title='bbox 2985 1124 3168 1194; x_wconf 87' lang='lat' dir='ltr'><strong>itaque</strong></span> <span class='ocrx_word' id='word_1_173' title='bbox 3215 1125 3364 1182; x_wconf 84' lang='lat' dir='ltr'><strong>urbis</strong></span> <span class='ocrx_word' id='word_1_174' title='bbox 3393 1127 3731 1183; x_wconf 81' lang='lat' dir='ltr'><strong>exercitibus</strong></span> <span class='ocrx_word' id='word_1_175' title='bbox 3750 1134 3798 1180; x_wconf 86' lang='lat' dir='ltr'><strong>et</strong></span> 
     </span>
    </p>
   </div>
   <div class='ocr_carea' id='block_1_27' title="bbox 2204 1209 3795 1282">
    <p class='ocr_par' dir='ltr' id='par_1_27' title="bbox 2204 1209 3795 1282">
     <span class='ocr_line' id='line_1_27' title="bbox 2204 1209 3795 1282; baseline 0.007 -20"><span class='ocrx_word' id='word_1_176' title='bbox 2204 1209 2438 1279; x_wconf 88' lang='lat' dir='ltr'><strong>episcopi</strong></span> <span class='ocrx_word' id='word_1_177' title='bbox 2462 1212 2553 1282; x_wconf 89' lang='lat' dir='ltr'><strong>qui</strong></span> <span class='ocrx_word' id='word_1_178' title='bbox 2578 1213 2825 1279; x_wconf 87' lang='lat' dir='ltr'><strong>aderant,</strong></span> <span class='ocrx_word' id='word_1_179' title='bbox 2850 1230 2937 1270; x_wconf 90' lang='lat' dir='ltr'><strong>me</strong></span> <span class='ocrx_word' id='word_1_180' title='bbox 2960 1217 3076 1279; x_wconf 84' lang='lat' dir='ltr'><strong>sedi</strong></span> <span class='ocrx_word' id='word_1_181' title='bbox 3100 1226 3297 1273; x_wconf 85' lang='lat' dir='ltr'><strong>nostrae</strong></span> <span class='ocrx_word' id='word_1_182' title='bbox 3319 1218 3531 1273; x_wconf 89' lang='lat' dir='ltr'><strong>restitui</strong></span> <span class='ocrx_word' id='word_1_183' title='bbox 3556 1230 3795 1273; x_wconf 88' lang='lat' dir='ltr'><strong>censent.</strong></span> 
     </span>
    </p>
   </div>
   <div class='ocr_carea' id='block_1_28' title="bbox 2205 1298 3797 1381">
    <p class='ocr_par' dir='ltr' id='par_1_28' title="bbox 2205 1298 3797 1381">
     <span class='ocr_line' id='line_1_28' title="bbox 2205 1298 3797 1381; baseline 0.008 -27"><span class='ocrx_word' id='word_1_184' title='bbox 2205 1298 2496 1358; x_wconf 81' lang='lat' dir='ltr'><strong>Maudatur</strong></span> <span class='ocrx_word' id='word_1_185' title='bbox 2547 1320 2676 1375; x_wconf 78' lang='lat' dir='ltr'><strong>ergo</strong></span> <span class='ocrx_word' id='word_1_186' title='bbox 2723 1305 2929 1376; x_wconf 84' lang='lat' dir='ltr'><strong>Hugoni</strong></span> <span class='ocrx_word' id='word_1_187' title='bbox 2977 1324 3007 1363; x_wconf 90' lang='lat' dir='ltr'><strong>a</strong></span> <span class='ocrx_word' id='word_1_188' title='bbox 3054 1310 3253 1366; x_wconf 89' lang='lat' dir='ltr'><strong>domno</strong></span> <span class='ocrx_word' id='word_1_189' title='bbox 3298 1327 3425 1381; x_wconf 84' lang='lat' dir='ltr'><strong>rege</strong></span> <span class='ocrx_word' id='word_1_190' title='bbox 3463 1311 3705 1376; x_wconf 85' lang='lat' dir='ltr'><strong>Othone,</strong></span> <span class='ocrx_word' id='word_1_191' title='bbox 3746 1322 3797 1367; x_wconf 89' lang='lat' dir='ltr'><strong>ut</strong></span> 
     </span>
    </p>
   </div>
   <div class='ocr_carea' id='block_1_29' title="bbox 2205 1390 3800 1464">
    <p class='ocr_par' dir='ltr' id='par_1_29' title="bbox 2205 1390 3800 1464">
     <span class='ocr_line' id='line_1_29' title="bbox 2205 1390 3800 1464; baseline 0.007 -21"><span class='ocrx_word' id='word_1_192' title='bbox 2205 1390 2552 1460; x_wconf 71' lang='lat' dir='ltr'><strong>egrediatur,</strong></span> <span class='ocrx_word' id='word_1_193' title='bbox 2568 1402 2625 1448; x_wconf 90' lang='lat' dir='ltr'><strong>et</strong></span> <span class='ocrx_word' id='word_1_194' title='bbox 2648 1410 2932 1464; x_wconf 88' lang='lat' dir='ltr'><strong>pervasam</strong></span> <span class='ocrx_word' id='word_1_195' title='bbox 2962 1396 3177 1453; x_wconf 88' lang='lat' dir='ltr'><strong>deserat</strong></span> <span class='ocrx_word' id='word_1_196' title='bbox 3201 1398 3409 1454; x_wconf 87' lang='lat' dir='ltr'><strong>urbem.</strong></span> <span class='ocrx_word' id='word_1_197' title='bbox 3458 1398 3533 1454; x_wconf 79' lang='lat' dir='ltr'><strong>At</strong></span> <span class='ocrx_word' id='word_1_198' title='bbox 3580 1401 3673 1455; x_wconf 87' lang='lat' dir='ltr'><strong>ille</strong></span> <span class='ocrx_word' id='word_1_199' title='bbox 3709 1418 3800 1456; x_wconf 83' lang='grc' dir='ltr'><strong>ιιιι⁴</strong></span> 
     </span>
    </p>
   </div>
   <div class='ocr_carea' id='block_1_30' title="bbox 2208 1484 3798 1561">
    <p class='ocr_par' dir='ltr' id='par_1_30' title="bbox 2208 1484 3798 1561">
     <span class='ocr_line' id='line_1_30' title="bbox 2208 1484 3798 1561; baseline 0.006 -25"><span class='ocrx_word' id='word_1_200' title='bbox 2208 1492 2330 1538; x_wconf 91' lang='lat' dir='ltr'><strong>tans</strong></span> <span class='ocrx_word' id='word_1_201' title='bbox 2367 1484 2676 1555; x_wconf 90' lang='lat' dir='ltr'><strong>aliquandiu</strong></span> <span class='ocrx_word' id='word_1_202' title='bbox 2711 1496 2767 1542; x_wconf 93' lang='lat' dir='ltr'><strong>et</strong></span> <span class='ocrx_word' id='word_1_203' title='bbox 2807 1502 2903 1558; x_wconf 90' lang='lat' dir='ltr'><strong>pro</strong></span> <span class='ocrx_word' id='word_1_204' title='bbox 2934 1505 3111 1561; x_wconf 82' lang='lat' dir='ltr'><strong>posse,</strong></span> <span class='ocrx_word' id='word_1_205' title='bbox 3144 1490 3233 1546; x_wconf 92' lang='lat' dir='ltr'><strong>ubi</strong></span> <span class='ocrx_word' id='word_1_206' title='bbox 3268 1492 3400 1546; x_wconf 90' lang='lat' dir='ltr'><strong>vidit</strong></span> <span class='ocrx_word' id='word_1_207' title='bbox 3437 1494 3510 1547; x_wconf 90' lang='lat' dir='ltr'><strong>ad</strong></span> <span class='ocrx_word' id='word_1_208' title='bbox 3550 1493 3798 1548; x_wconf 83' lang='lat' dir='ltr'><strong>resisten-</strong></span> 
     </span>
    </p>
   </div>
   <div class='ocr_carea' id='block_1_31' title="bbox 2207 1574 3798 1651">
    <p class='ocr_par' dir='ltr' id='par_1_31' title="bbox 2207 1574 3798 1651">
     <span class='ocr_line' id='line_1_31' title="bbox 2207 1574 3798 1651; baseline 0.005 -22"><span class='ocrx_word' id='word_1_209' title='bbox 2207 1574 2334 1631; x_wconf 92' lang='lat' dir='ltr'><strong>dum</strong></span> <span class='ocrx_word' id='word_1_210' title='bbox 2391 1578 2610 1647; x_wconf 89' lang='lat' dir='ltr'><strong>penitus</strong></span> <span class='ocrx_word' id='word_1_211' title='bbox 2647 1576 2893 1636; x_wconf 82' lang='lat' dir='ltr'><strong>sulllcere</strong></span> <span class='ocrx_word' id='word_1_212' title='bbox 2940 1595 2999 1636; x_wconf 89' lang='lat' dir='ltr'><strong>se</strong></span> <span class='ocrx_word' id='word_1_213' title='bbox 3050 1595 3389 1651; x_wconf 88' lang='lat' dir='ltr'><strong>nequaquam</strong></span> <span class='ocrx_word' id='word_1_214' title='bbox 3437 1582 3651 1648; x_wconf 86' lang='lat' dir='ltr'><strong>valere,</strong></span> <span class='ocrx_word' id='word_1_215' title='bbox 3708 1598 3798 1637; x_wconf 90' lang='lat' dir='ltr'><strong>nee</strong></span> 
     </span>
    </p>
   </div>
   <div class='ocr_carea' id='block_1_32' title="bbox 2208 1668 3796 1743">
    <p class='ocr_par' dir='ltr' id='par_1_32' title="bbox 2208 1668 3796 1743">
     <span class='ocr_line' id='line_1_32' title="bbox 2208 1668 3796 1743; baseline 0.004 -19"><span class='ocrx_word' id='word_1_216' title='bbox 2208 1668 2505 1725; x_wconf 91' lang='lat' dir='ltr'><strong>amicorum</strong></span> <span class='ocrx_word' id='word_1_217' title='bbox 2553 1670 2655 1726; x_wconf 89' lang='lat' dir='ltr'><strong>sibi</strong></span> <span class='ocrx_word' id='word_1_218' title='bbox 2697 1672 2948 1743; x_wconf 60' lang='lat' dir='ltr'><strong>praesidia</strong></span> <span class='ocrx_word' id='word_1_219' title='bbox 2981 1673 3289 1742; x_wconf 90' lang='lat' dir='ltr'><strong>subvenire,</strong></span> <span class='ocrx_word' id='word_1_220' title='bbox 3321 1675 3573 1731; x_wconf 87' lang='lat' dir='ltr'><strong>decernit</strong></span> <span class='ocrx_word' id='word_1_221' title='bbox 3602 1691 3796 1730; x_wconf 77' lang='lat' dir='ltr'><strong>exeun-</strong></span> 
     </span>
    </p>
   </div>
   <div class='ocr_carea' id='block_1_33' title="bbox 514 1741 3792 1831">
    <p class='ocr_par' dir='ltr' id='par_1_33' title="bbox 514 1741 3792 1831">
     <span class='ocr_line' id='line_1_33' title="bbox 514 1741 3792 1831; baseline 0.006 -30"><span class='ocrx_word' id='word_1_222' title='bbox 514 1747 760 1818; x_wconf 82' lang='lat' dir='ltr'><strong>reperire</strong></span> <span class='ocrx_word' id='word_1_223' title='bbox 786 1749 1022 1805; x_wconf 86' lang='lat' dir='ltr'><strong>valerem</strong></span> <span class='ocrx_word' id='word_1_224' title='bbox 1065 1767 1228 1821; x_wconf 91' lang='lat' dir='ltr'><strong>super</strong></span> <span class='ocrx_word' id='word_1_225' title='bbox 1263 1751 1365 1808; x_wconf 90' lang='lat' dir='ltr'><strong>hac</strong></span> <span class='ocrx_word' id='word_1_226' title='bbox 1411 1766 1470 1808; x_wconf 90' lang='lat' dir='ltr'><strong>re</strong></span> <span class='ocrx_word' id='word_1_227' title='bbox 1515 1752 1569 1807; x_wconf 92' lang='lat' dir='ltr'><strong>in</strong></span> <span class='ocrx_word' id='word_1_228' title='bbox 1600 1752 1819 1808; x_wconf 89' lang='lat' dir='ltr'><strong>domina</strong></span> <span class='ocrx_word' id='word_1_229' title='bbox 1867 1767 1986 1808; x_wconf 89' lang='lat' dir='ltr'><strong>mea</strong></span> <span class='ocrx_word' id='word_1_230' title='bbox 2021 1767 2109 1808; x_wconf 88' lang='lat' dir='ltr'><strong>re-</strong></span> <span class='ocrx_word' id='word_1_231' title='bbox 2136 1741 2184 1802; x_wconf 80' lang='grc' dir='ltr'><strong>Β</strong></span> <span class='ocrx_word' id='word_1_232' title='bbox 2211 1758 2362 1825; x_wconf 90' lang='lat' dir='ltr'><strong>dum,</strong></span> <span class='ocrx_word' id='word_1_233' title='bbox 2387 1775 2634 1831; x_wconf 68' lang='lat' dir='ltr'><strong>quaerens</strong></span> <span class='ocrx_word' id='word_1_234' title='bbox 2656 1741 2715 1816; x_wconf 81' lang='lat' dir='ltr'><strong>ut</strong></span> <span class='ocrx_word' id='word_1_235' title='bbox 2734 1762 2869 1817; x_wconf 90' lang='lat' dir='ltr'><strong>liber</strong></span> <span class='ocrx_word' id='word_1_236' title='bbox 2888 1778 3011 1819; x_wconf 91' lang='lat' dir='ltr'><strong>eum</strong></span> <span class='ocrx_word' id='word_1_237' title='bbox 3028 1765 3141 1820; x_wconf 92' lang='lat' dir='ltr'><strong>suis</strong></span> <span class='ocrx_word' id='word_1_238' title='bbox 3160 1741 3465 1821; x_wconf 88' lang='lat' dir='ltr'><strong>dimittatur</strong></span> <span class='ocrx_word' id='word_1_239' title='bbox 3485 1766 3792 1821; x_wconf 86' lang='lat' dir='ltr'><strong>abscedere.</strong></span> 
     </span>
    </p>
   </div>
   <div class='ocr_carea' id='block_1_34' title="bbox 515 1838 2109 1915">
    <p class='ocr_par' dir='ltr' id='par_1_34' title="bbox 515 1838 2109 1915">
     <span class='ocr_line' id='line_1_34' title="bbox 515 1838 2109 1915; baseline 0.005 -22"><span class='ocrx_word' id='word_1_240' title='bbox 515 1838 665 1910; x_wconf 89' lang='lat' dir='ltr'><strong>gina,</strong></span> <span class='ocrx_word' id='word_1_241' title='bbox 694 1851 750 1896; x_wconf 90' lang='lat' dir='ltr'><strong>et</strong></span> <span class='ocrx_word' id='word_1_242' title='bbox 780 1839 1025 1898; x_wconf 74' lang='lat' dir='ltr'><strong>ﬁdelibus</strong></span> <span class='ocrx_word' id='word_1_243' title='bbox 1050 1843 1187 1914; x_wconf 83' lang='lat' dir='ltr'><strong>ejus,</strong></span> <span class='ocrx_word' id='word_1_244' title='bbox 1226 1844 1353 1915; x_wconf 85' lang='lat' dir='ltr'><strong>quia</strong></span> <span class='ocrx_word' id='word_1_245' title='bbox 1381 1859 1478 1899; x_wconf 80' lang='lat' dir='ltr'><strong>rex</strong></span> <span class='ocrx_word' id='word_1_246' title='bbox 1512 1860 1619 1900; x_wconf 91' lang='lat' dir='ltr'><strong>non</strong></span> <span class='ocrx_word' id='word_1_247' title='bbox 1651 1845 1858 1899; x_wconf 89' lang='lat' dir='ltr'><strong>aderat.</strong></span> <span class='ocrx_word' id='word_1_248' title='bbox 1897 1843 1978 1900; x_wconf 81' lang='lat' dir='ltr'><strong>Ad</strong></span> <span class='ocrx_word' id='word_1_249' title='bbox 2005 1844 2109 1901; x_wconf 89' lang='lat' dir='ltr'><strong>hoc</strong></span> 
     </span>
    </p>
   </div>
   <div class='ocr_carea' id='block_1_35' title="bbox 483 1930 2109 2009">
    <p class='ocr_par' dir='ltr' id='par_1_35' title="bbox 483 1930 2109 2009">
     <span class='ocr_line' id='line_1_35' title="bbox 483 1930 2109 2009; baseline 0.004 -23"><span class='ocrx_word' id='word_1_250' title='bbox 483 1930 592 2009; x_wconf 11' lang='lat' dir='ltr'><strong>Villi</strong></span> <span class='ocrx_word' id='word_1_251' title='bbox 622 1933 842 1989; x_wconf 86' lang='lat' dir='ltr'><strong>mittunt</strong></span> <span class='ocrx_word' id='word_1_252' title='bbox 873 1934 1159 1991; x_wconf 87' lang='lat' dir='ltr'><strong>Deroldmn</strong></span> <span class='ocrx_word' id='word_1_253' title='bbox 1203 1937 1536 2008; x_wconf 89' lang='lat' dir='ltr'><strong>episcopum,</strong></span> <span class='ocrx_word' id='word_1_254' title='bbox 1575 1946 1830 2008; x_wconf 87' lang='lat' dir='ltr'><strong>putantes</strong></span> <span class='ocrx_word' id='word_1_255' title='bbox 1855 1950 1943 1992; x_wconf 84' lang='lat' dir='ltr'><strong>me</strong></span> <span class='ocrx_word' id='word_1_256' title='bbox 1985 1952 2109 1993; x_wconf 89' lang='lat' dir='ltr'><strong>esse</strong></span> 
     </span>
    </p>
   </div>
   <div class='ocr_carea' id='block_1_36' title="bbox 519 2027 2110 2096">
    <p class='ocr_par' dir='ltr' id='par_1_36' title="bbox 519 2027 2110 2096">
     <span class='ocr_line' id='line_1_36' title="bbox 519 2027 2110 2096; baseline 0.005 -20"><span class='ocrx_word' id='word_1_257' title='bbox 519 2031 855 2079; x_wconf 86' lang='lat' dir='ltr'><strong>mutaturum</strong></span> <span class='ocrx_word' id='word_1_258' title='bbox 886 2027 1190 2082; x_wconf 88' lang='lat' dir='ltr'><strong>consilium.</strong></span> <span class='ocrx_word' id='word_1_259' title='bbox 1237 2027 1355 2096; x_wconf 86' lang='lat' dir='ltr'><strong>Quo</strong></span> <span class='ocrx_word' id='word_1_260' title='bbox 1388 2028 1659 2093; x_wconf 85' lang='lat' dir='ltr'><strong>veniente,</strong></span> <span class='ocrx_word' id='word_1_261' title='bbox 1705 2038 1760 2084; x_wconf 90' lang='lat' dir='ltr'><strong>et</strong></span> <span class='ocrx_word' id='word_1_262' title='bbox 1793 2044 1978 2084; x_wconf 81' lang='lat' dir='ltr'><strong>coram</strong></span> <span class='ocrx_word' id='word_1_263' title='bbox 2015 2029 2110 2084; x_wconf 88' lang='lat' dir='ltr'><strong>do—</strong></span> 
     </span>
    </p>
   </div>
   <div class='ocr_carea' id='block_1_37' title="bbox 519 2113 2107 2192">
    <p class='ocr_par' dir='ltr' id='par_1_37' title="bbox 519 2113 2107 2192">
     <span class='ocr_line' id='line_1_37' title="bbox 519 2113 2107 2192; baseline 0.006 -25"><span class='ocrx_word' id='word_1_264' title='bbox 519 2113 666 2169; x_wconf 87' lang='lat' dir='ltr'><strong>mina</strong></span> <span class='ocrx_word' id='word_1_265' title='bbox 697 2115 880 2186; x_wconf 80' lang='lat' dir='ltr'><strong>regina</strong></span> <span class='ocrx_word' id='word_1_266' title='bbox 917 2125 972 2172; x_wconf 87' lang='lat' dir='ltr'><strong>et</strong></span> <span class='ocrx_word' id='word_1_267' title='bbox 1000 2116 1248 2174; x_wconf 79' lang='lat' dir='ltr'><strong>fidelibus</strong></span> <span class='ocrx_word' id='word_1_268' title='bbox 1273 2117 1392 2189; x_wconf 91' lang='lat' dir='ltr'><strong>ejus</strong></span> <span class='ocrx_word' id='word_1_269' title='bbox 1438 2118 1561 2175; x_wconf 89' lang='lat' dir='ltr'><strong>inde</strong></span> <span class='ocrx_word' id='word_1_270' title='bbox 1591 2135 1678 2175; x_wconf 91' lang='lat' dir='ltr'><strong>me</strong></span> <span class='ocrx_word' id='word_1_271' title='bbox 1708 2119 2107 2192; x_wconf 87' lang='lat' dir='ltr'><strong>interpellante,</strong></span> 
     </span>
    </p>
   </div>
   <div class='ocr_carea' id='block_1_38' title="bbox 518 2202 2111 2281">
    <p class='ocr_par' dir='ltr' id='par_1_38' title="bbox 518 2202 2111 2281">
     <span class='ocr_line' id='line_1_38' title="bbox 518 2202 2111 2281; baseline 0.006 -21"><span class='ocrx_word' id='word_1_272' title='bbox 518 2207 719 2261; x_wconf 90' lang='lat' dir='ltr'><strong>iterum</strong></span> <span class='ocrx_word' id='word_1_273' title='bbox 749 2222 1046 2280; x_wconf 76' lang='lat' dir='ltr'><strong>exsurgens</strong></span> <span class='ocrx_word' id='word_1_274' title='bbox 1082 2210 1320 2281; x_wconf 74' lang='lat' dir='ltr'><strong>praefatae</strong></span> <span class='ocrx_word' id='word_1_275' title='bbox 1347 2212 1565 2267; x_wconf 89' lang='lat' dir='ltr'><strong>modum</strong></span> <span class='ocrx_word' id='word_1_276' title='bbox 1592 2202 2111 2269; x_wconf 74' lang='lat' dir='ltr'><strong>excotnmunicatio-</strong></span> 
     </span>
    </p>
   </div>
   <div class='ocr_carea' id='block_1_39' title="bbox 521 2297 2109 2373">
    <p class='ocr_par' dir='ltr' id='par_1_39' title="bbox 521 2297 2109 2373">
     <span class='ocr_line' id='line_1_39' title="bbox 521 2297 2109 2373; baseline 0.006 -22"><span class='ocrx_word' id='word_1_277' title='bbox 521 2297 610 2352; x_wconf 88' lang='lat' dir='ltr'><strong>nis</strong></span> <span class='ocrx_word' id='word_1_278' title='bbox 646 2297 701 2351; x_wconf 92' lang='lat' dir='ltr'><strong>in</strong></span> <span class='ocrx_word' id='word_1_279' title='bbox 744 2298 965 2354; x_wconf 90' lang='lat' dir='ltr'><strong>eosdem</strong></span> <span class='ocrx_word' id='word_1_280' title='bbox 1005 2301 1288 2371; x_wconf 88' lang='lat' dir='ltr'><strong>episcopos</strong></span> <span class='ocrx_word' id='word_1_281' title='bbox 1331 2302 1603 2373; x_wconf 90' lang='lat' dir='ltr'><strong>jaculatus</strong></span> <span class='ocrx_word' id='word_1_282' title='bbox 1655 2318 1812 2371; x_wconf 89' lang='lat' dir='ltr'><strong>sum;</strong></span> <span class='ocrx_word' id='word_1_283' title='bbox 1866 2304 2109 2361; x_wconf 89' lang='lat' dir='ltr'><strong>vocatio-</strong></span> 
     </span>
    </p>
   </div>
   <div class='ocr_carea' id='block_1_40' title="bbox 524 2388 2106 2463">
    <p class='ocr_par' dir='ltr' id='par_1_40' title="bbox 524 2388 2106 2463">
     <span class='ocr_line' id='line_1_40' title="bbox 524 2388 2106 2463; baseline 0.006 -23"><span class='ocrx_word' id='word_1_284' title='bbox 524 2401 650 2441; x_wconf 87' lang='lat' dir='ltr'><strong>nem</strong></span> <span class='ocrx_word' id='word_1_285' title='bbox 696 2403 911 2459; x_wconf 87' lang='lat' dir='ltr'><strong>quoque</strong></span> <span class='ocrx_word' id='word_1_286' title='bbox 955 2388 1022 2442; x_wconf 89' lang='lat' dir='ltr'><strong>ad</strong></span> <span class='ocrx_word' id='word_1_287' title='bbox 1059 2389 1242 2446; x_wconf 87' lang='lat' dir='ltr'><strong>sedem</strong></span> <span class='ocrx_word' id='word_1_288' title='bbox 1282 2392 1623 2461; x_wconf 85' lang='lat' dir='ltr'><strong>apostotilam</strong></span> <span class='ocrx_word' id='word_1_289' title='bbox 1657 2393 1857 2448; x_wconf 89' lang='lat' dir='ltr'><strong>iterare</strong></span> <span class='ocrx_word' id='word_1_290' title='bbox 1899 2395 2106 2463; x_wconf 88' lang='lat' dir='ltr'><strong>curavi,</strong></span> 
     </span>
    </p>
   </div>
   <div class='ocr_carea' id='block_1_41' title="bbox 481 2462 2109 2559">
    <p class='ocr_par' dir='ltr' id='par_1_41' title="bbox 481 2462 2109 2559">
     <span class='ocr_line' id='line_1_41' title="bbox 481 2462 2109 2559; baseline 0.008 -22"><span class='ocrx_word' id='word_1_291' title='bbox 481 2462 996 2541; x_wconf 29' lang='lat' dir='ltr'><strong>‘excommunieans</strong></span> <span class='ocrx_word' id='word_1_292' title='bbox 1049 2486 1224 2558; x_wconf 89' lang='lat' dir='ltr'><strong>ipsum</strong></span> <span class='ocrx_word' id='word_1_293' title='bbox 1273 2489 1418 2546; x_wconf 91' lang='lat' dir='ltr'><strong>hunc</strong></span> <span class='ocrx_word' id='word_1_294' title='bbox 1456 2491 1780 2559; x_wconf 90' lang='lat' dir='ltr'><strong>Deroldum,</strong></span> <span class='ocrx_word' id='word_1_295' title='bbox 1835 2493 1887 2550; x_wconf 91' lang='lat' dir='ltr'><strong>id</strong></span> <span class='ocrx_word' id='word_1_296' title='bbox 1928 2502 1987 2549; x_wconf 91' lang='lat' dir='ltr'><strong>ut</strong></span> <span class='ocrx_word' id='word_1_297' title='bbox 2028 2493 2109 2550; x_wconf 90' lang='lat' dir='ltr'><strong>eis</strong></span> 
     </span>
    </p>
   </div>
   <div class='ocr_carea' id='block_1_42' title="bbox 520 2576 2106 2656">
    <p class='ocr_par' dir='ltr' id='par_1_42' title="bbox 520 2576 2106 2656">
     <span class='ocr_line' id='line_1_42' title="bbox 520 2576 2106 2656; baseline 0.007 -27"><span class='ocrx_word' id='word_1_298' title='bbox 520 2576 741 2632; x_wconf 89' lang='lat' dir='ltr'><strong>omnino</strong></span> <span class='ocrx_word' id='word_1_299' title='bbox 786 2592 894 2633; x_wconf 89' lang='lat' dir='ltr'><strong>non</strong></span> <span class='ocrx_word' id='word_1_300' title='bbox 946 2586 1187 2647; x_wconf 88' lang='lat' dir='ltr'><strong>taceret,</strong></span> <span class='ocrx_word' id='word_1_301' title='bbox 1242 2579 1337 2637; x_wconf 87' lang='lat' dir='ltr'><strong>sed</strong></span> <span class='ocrx_word' id='word_1_302' title='bbox 1382 2583 1591 2639; x_wconf 89' lang='lat' dir='ltr'><strong>cunctis</strong></span> <span class='ocrx_word' id='word_1_303' title='bbox 1645 2584 1929 2641; x_wconf 88' lang='lat' dir='ltr'><strong>manifeste</strong></span> <span class='ocrx_word' id='word_1_304' title='bbox 1976 2601 2106 2656; x_wconf 84' lang='lat' dir='ltr'><strong>pro-</strong></span> 
     </span>
    </p>
   </div>
   <div class='ocr_carea' id='block_1_43' title="bbox 517 2664 709 2721">
    <p class='ocr_par' dir='ltr' id='par_1_43' title="bbox 517 2664 709 2721">
     <span class='ocr_line' id='line_1_43' title="bbox 517 2664 709 2721; baseline 0.005 -1"><span class='ocrx_word' id='word_1_305' title='bbox 517 2664 709 2721; x_wconf 85' lang='lat' dir='ltr'><strong>ferret.</strong></span> 
     </span>
    </p>
   </div>
   <div class='ocr_carea' id='block_1_44' title="bbox 592 2754 2110 2833">
    <p class='ocr_par' dir='ltr' id='par_1_44' title="bbox 592 2754 2110 2833">
     <span class='ocr_line' id='line_1_44' title="bbox 592 2754 2110 2833; baseline 0.006 -23"><span class='ocrx_word' id='word_1_306' title='bbox 592 2754 689 2812; x_wconf 85' lang='lat' dir='ltr'><strong>His</strong></span> <span class='ocrx_word' id='word_1_307' title='bbox 722 2757 796 2814; x_wconf 89' lang='lat' dir='ltr'><strong>ita</strong></span> <span class='ocrx_word' id='word_1_308' title='bbox 823 2759 1012 2831; x_wconf 82' lang='lat' dir='ltr'><strong>gestis,</strong></span> <span class='ocrx_word' id='word_1_309' title='bbox 1041 2760 1493 2833; x_wconf 85' lang='lat' dir='ltr'><strong>parvipeudentes</strong></span> <span class='ocrx_word' id='word_1_310' title='bbox 1522 2763 1597 2819; x_wconf 90' lang='lat' dir='ltr'><strong>illi</strong></span> <span class='ocrx_word' id='word_1_311' title='bbox 1628 2774 1871 2823; x_wconf 90' lang='lat' dir='ltr'><strong>nostram</strong></span> <span class='ocrx_word' id='word_1_312' title='bbox 1895 2779 2110 2821; x_wconf 81' lang='lat' dir='ltr'><strong>excom-</strong></span> 
     </span>
    </p>
   </div>
   <div class='ocr_carea' id='block_1_45' title="bbox 480 2849 2105 2927">
    <p class='ocr_par' dir='ltr' id='par_1_45' title="bbox 480 2849 2105 2927">
     <span class='ocr_line' id='line_1_45' title="bbox 480 2849 2105 2927; baseline 0.007 -26"><span class='ocrx_word' id='word_1_313' title='bbox 480 2849 966 2923; x_wconf 18' lang='lat' dir='ltr'><strong>‘municatiouem,</strong></span> <span class='ocrx_word' id='word_1_314' title='bbox 1013 2849 1199 2910; x_wconf 82' lang='lat' dir='ltr'><strong>Remis</strong></span> <span class='ocrx_word' id='word_1_315' title='bbox 1244 2856 1531 2922; x_wconf 87' lang='lat' dir='ltr'><strong>accedunt,</strong></span> <span class='ocrx_word' id='word_1_316' title='bbox 1582 2864 1637 2910; x_wconf 90' lang='lat' dir='ltr'><strong>et</strong></span> <span class='ocrx_word' id='word_1_317' title='bbox 1663 2856 1881 2927; x_wconf 90' lang='lat' dir='ltr'><strong>quidam</strong></span> <span class='ocrx_word' id='word_1_318' title='bbox 1916 2870 2105 2912; x_wconf 87' lang='lat' dir='ltr'><strong>eorum</strong></span> 
     </span>
    </p>
   </div>
   <div class='ocr_carea' id='block_1_46' title="bbox 482 2942 2107 3018">
    <p class='ocr_par' dir='ltr' id='par_1_46' title="bbox 482 2942 2107 3018">
     <span class='ocr_line' id='line_1_46' title="bbox 482 2942 2107 3018; baseline 0.004 -22"><span class='ocrx_word' id='word_1_319' title='bbox 482 2942 850 3013; x_wconf 81' lang='lat' dir='ltr'><strong>ordinatioui</strong></span> <span class='ocrx_word' id='word_1_320' title='bbox 905 2945 1032 3001; x_wconf 88' lang='lat' dir='ltr'><strong>huic</strong></span> <span class='ocrx_word' id='word_1_321' title='bbox 1077 2959 1272 3001; x_wconf 88' lang='lat' dir='ltr'><strong>manus</strong></span> <span class='ocrx_word' id='word_1_322' title='bbox 1319 2947 1678 3018; x_wconf 86' lang='lat' dir='ltr'><strong>appliearunt,</strong></span> <span class='ocrx_word' id='word_1_323' title='bbox 1723 2949 1938 3018; x_wconf 90' lang='lat' dir='ltr'><strong>quidam</strong></span> <span class='ocrx_word' id='word_1_324' title='bbox 1979 2962 2107 3003; x_wconf 88' lang='lat' dir='ltr'><strong>vero</strong></span> 
     </span>
    </p>
   </div>
   <div class='ocr_carea' id='block_1_47' title="bbox 484 3036 2102 3111">
    <p class='ocr_par' dir='ltr' id='par_1_47' title="bbox 484 3036 2102 3111">
     <span class='ocr_line' id='line_1_47' title="bbox 484 3036 2102 3111; baseline 0.004 -23"><span class='ocrx_word' id='word_1_325' title='bbox 484 3102 489 3107; x_wconf 29' lang='grc'><strong><em>,</em></strong></span> <span class='ocrx_word' id='word_1_326' title='bbox 518 3049 580 3089; x_wconf 87' lang='lat' dir='ltr'><strong>se</strong></span> <span class='ocrx_word' id='word_1_327' title='bbox 607 3036 931 3092; x_wconf 80' lang='lat' dir='ltr'><strong>subduxisse</strong></span> <span class='ocrx_word' id='word_1_328' title='bbox 961 3036 1228 3093; x_wconf 89' lang='lat' dir='ltr'><strong>sciuntur.</strong></span> <span class='ocrx_word' id='word_1_329' title='bbox 1259 3038 1369 3110; x_wconf 86' lang='lat' dir='ltr'><strong>Ego</strong></span> <span class='ocrx_word' id='word_1_330' title='bbox 1391 3053 1520 3094; x_wconf 91' lang='lat' dir='ltr'><strong>vero</strong></span> <span class='ocrx_word' id='word_1_331' title='bbox 1549 3054 1671 3094; x_wconf 91' lang='lat' dir='ltr'><strong>cum</strong></span> <span class='ocrx_word' id='word_1_332' title='bbox 1706 3054 1832 3111; x_wconf 89' lang='lat' dir='ltr'><strong>rege</strong></span> <span class='ocrx_word' id='word_1_333' title='bbox 1858 3054 2102 3106; x_wconf 90' lang='lat' dir='ltr'><strong>manens,</strong></span> 
     </span>
    </p>
   </div>
   <div class='ocr_carea' id='block_1_48' title="bbox 2212 1847 3793 1925">
    <p class='ocr_par' dir='ltr' id='par_1_48' title="bbox 2212 1847 3793 1925">
     <span class='ocr_line' id='line_1_48' title="bbox 2212 1847 3793 1925; baseline 0.004 -21"><span class='ocrx_word' id='word_1_334' title='bbox 2212 1847 2553 1907; x_wconf 82' lang='lat' dir='ltr'><strong>Permittitur</strong></span> <span class='ocrx_word' id='word_1_335' title='bbox 2598 1852 2780 1923; x_wconf 88' lang='lat' dir='ltr'><strong>itaque</strong></span> <span class='ocrx_word' id='word_1_336' title='bbox 2823 1867 2989 1909; x_wconf 87' lang='lat' dir='ltr'><strong>sanus</strong></span> <span class='ocrx_word' id='word_1_337' title='bbox 3032 1854 3203 1921; x_wconf 82' lang='lat' dir='ltr'><strong>exire,</strong></span> <span class='ocrx_word' id='word_1_338' title='bbox 3247 1871 3369 1911; x_wconf 91' lang='lat' dir='ltr'><strong>eum</strong></span> <span class='ocrx_word' id='word_1_339' title='bbox 3410 1856 3671 1912; x_wconf 84' lang='lat' dir='ltr'><strong>omnibus</strong></span> <span class='ocrx_word' id='word_1_340' title='bbox 3710 1857 3793 1925; x_wconf 83' lang='lat' dir='ltr'><strong>qui</strong></span> 
     </span>
    </p>
   </div>
   <div class='ocr_carea' id='block_1_49' title="bbox 2210 1941 3793 2015">
    <p class='ocr_par' dir='ltr' id='par_1_49' title="bbox 2210 1941 3793 2015">
     <span class='ocr_line' id='line_1_49' title="bbox 2210 1941 3793 2015; baseline 0.001 -17"><span class='ocrx_word' id='word_1_341' title='bbox 2210 1958 2393 1998; x_wconf 91' lang='lat' dir='ltr'><strong>secum</strong></span> <span class='ocrx_word' id='word_1_342' title='bbox 2437 1941 2654 2000; x_wconf 89' lang='lat' dir='ltr'><strong>voluere</strong></span> <span class='ocrx_word' id='word_1_343' title='bbox 2685 1944 2953 2009; x_wconf 84' lang='lat' dir='ltr'><strong>comitari,</strong></span> <span class='ocrx_word' id='word_1_344' title='bbox 2980 1951 3035 1999; x_wconf 91' lang='lat' dir='ltr'><strong>et</strong></span> <span class='ocrx_word' id='word_1_345' title='bbox 3063 1960 3395 2015; x_wconf 71' lang='lat' dir='ltr'><strong>qumcunque</strong></span> <span class='ocrx_word' id='word_1_346' title='bbox 3420 1963 3609 2003; x_wconf 88' lang='lat' dir='ltr'><strong>secum</strong></span> <span class='ocrx_word' id='word_1_347' title='bbox 3645 1947 3793 2002; x_wconf 81' lang='lat' dir='ltr'><strong>voluit</strong></span> 
     </span>
    </p>
   </div>
   <div class='ocr_carea' id='block_1_50' title="bbox 2211 2033 3792 2107">
    <p class='ocr_par' dir='ltr' id='par_1_50' title="bbox 2211 2033 3792 2107">
     <span class='ocr_line' id='line_1_50' title="bbox 2211 2033 3792 2107; baseline 0 -19"><span class='ocrx_word' id='word_1_348' title='bbox 2211 2034 2377 2100; x_wconf 88' lang='lat' dir='ltr'><strong>ferre,</strong></span> <span class='ocrx_word' id='word_1_349' title='bbox 2413 2033 2558 2089; x_wconf 90' lang='lat' dir='ltr'><strong>nullo</strong></span> <span class='ocrx_word' id='word_1_350' title='bbox 2596 2034 3021 2101; x_wconf 85' lang='lat' dir='ltr'><strong>contradicente,</strong></span> <span class='ocrx_word' id='word_1_351' title='bbox 3066 2036 3396 2105; x_wconf 73' lang='lat' dir='ltr'><strong>asportavit.</strong></span> <span class='ocrx_word' id='word_1_352' title='bbox 3439 2035 3646 2107; x_wconf 89' lang='lat' dir='ltr'><strong>Sicque</strong></span> <span class='ocrx_word' id='word_1_353' title='bbox 3683 2051 3792 2091; x_wconf 87' lang='lat' dir='ltr'><strong>cum</strong></span> 
     </span>
    </p>
   </div>
   <div class='ocr_carea' id='block_1_51' title="bbox 2211 2125 3789 2198">
    <p class='ocr_par' dir='ltr' id='par_1_51' title="bbox 2211 2125 3789 2198">
     <span class='ocr_line' id='line_1_51' title="bbox 2211 2125 3789 2198; baseline -0.002 -16"><span class='ocrx_word' id='word_1_354' title='bbox 2211 2126 2427 2197; x_wconf 88' lang='lat' dir='ltr'><strong>regibus</strong></span> <span class='ocrx_word' id='word_1_355' title='bbox 2470 2127 2833 2198; x_wconf 87' lang='lat' dir='ltr'><strong>introgressus</strong></span> <span class='ocrx_word' id='word_1_356' title='bbox 2862 2125 3073 2192; x_wconf 90' lang='lat' dir='ltr'><strong>urbem,</strong></span> <span class='ocrx_word' id='word_1_357' title='bbox 3101 2127 3383 2198; x_wconf 73' lang='lat' dir='ltr'><strong>prmcipior</strong></span> <span class='ocrx_word' id='word_1_358' title='bbox 3428 2127 3553 2183; x_wconf 91' lang='lat' dir='ltr'><strong>loco</strong></span> <span class='ocrx_word' id='word_1_359' title='bbox 3597 2135 3789 2190; x_wconf 88' lang='lat' dir='ltr'><strong>nostro,</strong></span> 
     </span>
    </p>
   </div>
   <div class='ocr_carea' id='block_1_52' title="bbox 2210 2217 3795 2291">
    <p class='ocr_par' dir='ltr' id='par_1_52' title="bbox 2210 2217 3795 2291">
     <span class='ocr_line' id='line_1_52' title="bbox 2210 2217 3795 2291; baseline -0.004 -15"><span class='ocrx_word' id='word_1_360' title='bbox 2210 2228 2266 2276; x_wconf 92' lang='lat' dir='ltr'><strong>et</strong></span> <span class='ocrx_word' id='word_1_361' title='bbox 2296 2219 2485 2275; x_wconf 89' lang='lat' dir='ltr'><strong>honori</strong></span> <span class='ocrx_word' id='word_1_362' title='bbox 2530 2219 2758 2274; x_wconf 81' lang='lat' dir='ltr'><strong>restitui.</strong></span> <span class='ocrx_word' id='word_1_363' title='bbox 2800 2217 3095 2289; x_wconf 90' lang='lat' dir='ltr'><strong>Susceptus</strong></span> <span class='ocrx_word' id='word_1_364' title='bbox 3134 2220 3297 2291; x_wconf 82' lang='lat' dir='ltr'><strong>igitur</strong></span> <span class='ocrx_word' id='word_1_365' title='bbox 3327 2235 3358 2274; x_wconf 88' lang='lat' dir='ltr'><strong>a</strong></span> <span class='ocrx_word' id='word_1_366' title='bbox 3390 2220 3609 2275; x_wconf 88' lang='lat' dir='ltr'><strong>domuis</strong></span> <span class='ocrx_word' id='word_1_367' title='bbox 3635 2217 3795 2273; x_wconf 84' lang='lat' dir='ltr'><strong>archi-</strong></span> 
     </span>
    </p>
   </div>
   <div class='ocr_carea' id='block_1_53' title="bbox 2209 2311 3791 2384">
    <p class='ocr_par' dir='ltr' id='par_1_53' title="bbox 2209 2311 3791 2384">
     <span class='ocr_line' id='line_1_53' title="bbox 2209 2311 3791 2384; baseline -0.003 -17"><span class='ocrx_word' id='word_1_368' title='bbox 2209 2312 2475 2384; x_wconf 89' lang='lat' dir='ltr'><strong>episcopis</strong></span> <span class='ocrx_word' id='word_1_369' title='bbox 2504 2313 2763 2368; x_wconf 82' lang='lat' dir='ltr'><strong>Rotberto</strong></span> <span class='ocrx_word' id='word_1_370' title='bbox 2788 2312 3115 2377; x_wconf 86' lang='lat' dir='ltr'><strong>Trevirensi,</strong></span> <span class='ocrx_word' id='word_1_371' title='bbox 3155 2322 3210 2369; x_wconf 92' lang='lat' dir='ltr'><strong>et</strong></span> <span class='ocrx_word' id='word_1_372' title='bbox 3246 2312 3541 2368; x_wconf 87' lang='lat' dir='ltr'><strong>Frederico</strong></span> <span class='ocrx_word' id='word_1_373' title='bbox 3588 2311 3791 2382; x_wconf 75' lang='lat' dir='ltr'><strong>Magon-</strong></span> 
     </span>
    </p>
   </div>
   <div class='ocr_carea' id='block_1_54' title="bbox 2210 2402 3788 2474">
    <p class='ocr_par' dir='ltr' id='par_1_54' title="bbox 2210 2402 3788 2474">
     <span class='ocr_line' id='line_1_54' title="bbox 2210 2402 3788 2474; baseline -0.003 -17"><span class='ocrx_word' id='word_1_374' title='bbox 2210 2403 2433 2459; x_wconf 87' lang='lat' dir='ltr'><strong>tiacensi</strong></span> <span class='ocrx_word' id='word_1_375' title='bbox 2487 2403 2869 2458; x_wconf 86' lang='lat' dir='ltr'><strong>comitantibus</strong></span> <span class='ocrx_word' id='word_1_376' title='bbox 2918 2403 3129 2458; x_wconf 74' lang='lat' dir='ltr'><strong>cmleris</strong></span> <span class='ocrx_word' id='word_1_377' title='bbox 3169 2412 3225 2458; x_wconf 89' lang='lat' dir='ltr'><strong>et</strong></span> <span class='ocrx_word' id='word_1_378' title='bbox 3262 2402 3788 2474; x_wconf 86' lang='lat' dir='ltr'><strong>congratulautibus,</strong></span> 
     </span>
    </p>
   </div>
   <div class='ocr_carea' id='block_1_55' title="bbox 2210 2495 3786 2566">
    <p class='ocr_par' dir='ltr' id='par_1_55' title="bbox 2210 2495 3786 2566">
     <span class='ocr_line' id='line_1_55' title="bbox 2210 2495 3786 2566; baseline -0.004 -14"><span class='ocrx_word' id='word_1_379' title='bbox 2210 2507 2318 2552; x_wconf 89' lang='lat' dir='ltr'><strong>tam</strong></span> <span class='ocrx_word' id='word_1_380' title='bbox 2346 2496 2560 2554; x_wconf 86' lang='lat' dir='ltr'><strong>clericis</strong></span> <span class='ocrx_word' id='word_1_381' title='bbox 2588 2495 2841 2552; x_wconf 78' lang='lat' dir='ltr'><strong>Ecclesim</strong></span> <span class='ocrx_word' id='word_1_382' title='bbox 2867 2505 3088 2563; x_wconf 65' lang='lat' dir='ltr'><strong>nostrae,</strong></span> <span class='ocrx_word' id='word_1_383' title='bbox 3121 2512 3284 2566; x_wconf 89' lang='lat' dir='ltr'><strong>quam</strong></span> <span class='ocrx_word' id='word_1_384' title='bbox 3314 2496 3538 2566; x_wconf 87' lang='lat' dir='ltr'><strong>reliquis</strong></span> <span class='ocrx_word' id='word_1_385' title='bbox 3572 2495 3786 2553; x_wconf 86' lang='lat' dir='ltr'><strong>civibus.</strong></span> 
     </span>
    </p>
   </div>
   <div class='ocr_carea' id='block_1_56' title="bbox 2207 2590 3788 2662">
    <p class='ocr_par' dir='ltr' id='par_1_56' title="bbox 2207 2590 3788 2662">
     <span class='ocr_line' id='line_1_56' title="bbox 2207 2590 3788 2662; baseline -0.002 -17"><span class='ocrx_word' id='word_1_386' title='bbox 2207 2591 2277 2645; x_wconf 88' lang='lat' dir='ltr'><strong>ab</strong></span> <span class='ocrx_word' id='word_1_387' title='bbox 2322 2591 2453 2661; x_wconf 87' lang='lat' dir='ltr'><strong>ipsis</strong></span> <span class='ocrx_word' id='word_1_388' title='bbox 2498 2590 2756 2646; x_wconf 88' lang='lat' dir='ltr'><strong>restituor</strong></span> <span class='ocrx_word' id='word_1_389' title='bbox 2802 2591 3075 2647; x_wconf 85' lang='lat' dir='ltr'><strong>cathedrae</strong></span> <span class='ocrx_word' id='word_1_390' title='bbox 3122 2590 3434 2662; x_wconf 86' lang='lat' dir='ltr'><strong>episcopali.</strong></span> <span class='ocrx_word' id='word_1_391' title='bbox 3477 2591 3634 2661; x_wconf 87' lang='lat' dir='ltr'><strong>[lngo</strong></span> <span class='ocrx_word' id='word_1_392' title='bbox 3675 2603 3788 2642; x_wconf 87' lang='lat' dir='ltr'><strong>vero</strong></span> 
     </span>
    </p>
   </div>
   <div class='ocr_carea' id='block_1_57' title="bbox 2208 2675 3788 2749">
    <p class='ocr_par' dir='ltr' id='par_1_57' title="bbox 2208 2675 3788 2749">
     <span class='ocr_line' id='line_1_57' title="bbox 2208 2675 3788 2749; baseline -0.003 -16"><span class='ocrx_word' id='word_1_393' title='bbox 2208 2676 2393 2733; x_wconf 78' lang='lat' dir='ltr'><strong>Remis</strong></span> <span class='ocrx_word' id='word_1_394' title='bbox 2436 2692 2687 2749; x_wconf 84' lang='lat' dir='ltr'><strong>egressus</strong></span> <span class='ocrx_word' id='word_1_395' title='bbox 2726 2675 3021 2732; x_wconf 78' lang='lat' dir='ltr'><strong>Mosomum</strong></span> <span class='ocrx_word' id='word_1_396' title='bbox 3062 2688 3299 2734; x_wconf 88' lang='lat' dir='ltr'><strong>castrum</strong></span> <span class='ocrx_word' id='word_1_397' title='bbox 3342 2693 3465 2732; x_wconf 91' lang='lat' dir='ltr'><strong>cum</strong></span> <span class='ocrx_word' id='word_1_398' title='bbox 3498 2678 3617 2733; x_wconf 88' lang='lat' dir='ltr'><strong>suis</strong></span> <span class='ocrx_word' id='word_1_399' title='bbox 3645 2691 3788 2733; x_wconf 84' lang='lat' dir='ltr'><strong>occu-</strong></span> 
     </span>
    </p>
   </div>
   <div class='ocr_carea' id='block_1_58' title="bbox 2207 2764 3784 2841">
    <p class='ocr_par' dir='ltr' id='par_1_58' title="bbox 2207 2764 3784 2841">
     <span class='ocr_line' id='line_1_58' title="bbox 2207 2764 3784 2841; baseline -0.004 -18"><span class='ocrx_word' id='word_1_400' title='bbox 2207 2778 2330 2841; x_wconf 88' lang='lat' dir='ltr'><strong>pat,</strong></span> <span class='ocrx_word' id='word_1_401' title='bbox 2365 2778 2422 2825; x_wconf 89' lang='lat' dir='ltr'><strong>et</strong></span> <span class='ocrx_word' id='word_1_402' title='bbox 2447 2770 2697 2823; x_wconf 88' lang='lat' dir='ltr'><strong>muniens</strong></span> <span class='ocrx_word' id='word_1_403' title='bbox 2724 2776 2914 2825; x_wconf 88' lang='lat' dir='ltr'><strong>contra</strong></span> <span class='ocrx_word' id='word_1_404' title='bbox 2954 2766 3141 2824; x_wconf 82' lang='lat' dir='ltr'><strong>ﬁdeles</strong></span> <span class='ocrx_word' id='word_1_405' title='bbox 3181 2770 3324 2840; x_wconf 82' lang='lat' dir='ltr'><strong>regis</strong></span> <span class='ocrx_word' id='word_1_406' title='bbox 3358 2768 3594 2824; x_wconf 85' lang='lat' dir='ltr'><strong>senioris</strong></span> <span class='ocrx_word' id='word_1_407' title='bbox 3633 2764 3784 2821; x_wconf 86' lang='lat' dir='ltr'><strong>nostn&#39;</strong></span> 
     </span>
    </p>
   </div>
   <div class='ocr_carea' id='block_1_59' title="bbox 2176 2858 3783 2929">
    <p class='ocr_par' dir='ltr' id='par_1_59' title="bbox 2176 2858 3783 2929">
     <span class='ocr_line' id='line_1_59' title="bbox 2176 2858 3783 2929; baseline -0.004 -14"><span class='ocrx_word' id='word_1_408' title='bbox 2176 2922 2179 2923; x_wconf 22' lang='grc' dir='ltr'><em>ν</em></span> <span class='ocrx_word' id='word_1_409' title='bbox 2209 2859 2432 2915; x_wconf 83' lang='lat' dir='ltr'><strong>detinet.</strong></span> <span class='ocrx_word' id='word_1_410' title='bbox 2472 2858 2669 2915; x_wconf 82' lang='lat' dir='ltr'><strong>Habito</strong></span> <span class='ocrx_word' id='word_1_411' title='bbox 2697 2859 2925 2929; x_wconf 86' lang='lat' dir='ltr'><strong>denique</strong></span> <span class='ocrx_word' id='word_1_412' title='bbox 2950 2858 3201 2929; x_wconf 88' lang='lat' dir='ltr'><strong>colloquii</strong></span> <span class='ocrx_word' id='word_1_413' title='bbox 3229 2859 3427 2929; x_wconf 89' lang='lat' dir='ltr'><strong>placito</strong></span> <span class='ocrx_word' id='word_1_414' title='bbox 3452 2858 3605 2911; x_wconf 88' lang='lat' dir='ltr'><strong>inter</strong></span> <span class='ocrx_word' id='word_1_415' title='bbox 3626 2870 3783 2925; x_wconf 85' lang='lat' dir='ltr'><strong>reges,</strong></span> 
     </span>
    </p>
   </div>
   <div class='ocr_carea' id='block_1_60' title="bbox 2208 2948 3785 3013">
    <p class='ocr_par' dir='ltr' id='par_1_60' title="bbox 2208 2948 3785 3013">
     <span class='ocr_line' id='line_1_60' title="bbox 2208 2948 3785 3013; baseline -0.007 -7"><span class='ocrx_word' id='word_1_416' title='bbox 2208 2950 2473 3006; x_wconf 86' lang='lat' dir='ltr'><strong>seniorem</strong></span> <span class='ocrx_word' id='word_1_417' title='bbox 2500 2966 2678 3004; x_wconf 91' lang='lat' dir='ltr'><strong>meum</strong></span> <span class='ocrx_word' id='word_1_418' title='bbox 2698 2948 2949 3004; x_wconf 88' lang='lat' dir='ltr'><strong>videlicet</strong></span> <span class='ocrx_word' id='word_1_419' title='bbox 2972 2964 3036 3005; x_wconf 89' lang='lat' dir='ltr'><strong>ac</strong></span> <span class='ocrx_word' id='word_1_420' title='bbox 3056 2949 3309 3004; x_wconf 87' lang='lat' dir='ltr'><strong>domuum</strong></span> <span class='ocrx_word' id='word_1_421' title='bbox 3330 2948 3621 3009; x_wconf 86' lang='lat' dir='ltr'><strong>Othonem,</strong></span> <span class='ocrx_word' id='word_1_422' title='bbox 3643 2958 3785 3013; x_wconf 86' lang='lat' dir='ltr'><strong>super</strong></span> 
     </span>
    </p>
   </div>
   <div class='ocr_carea' id='block_1_61' title="bbox 2210 3035 3786 3115">
    <p class='ocr_par' dir='ltr' id='par_1_61' title="bbox 2210 3035 3786 3115">
     <span class='ocr_line' id='line_1_61' title="bbox 2210 3035 3786 3115; baseline -0.008 -16"><span class='ocrx_word' id='word_1_423' title='bbox 2210 3040 2442 3099; x_wconf 85' lang='lat' dir='ltr'><strong>Charam</strong></span> <span class='ocrx_word' id='word_1_424' title='bbox 2481 3040 2852 3115; x_wconf 69' lang='lat' dir='ltr'><strong>[nz.,Karam]</strong></span> <span class='ocrx_word' id='word_1_425' title='bbox 2890 3040 3133 3106; x_wconf 85' lang='lat' dir='ltr'><strong>ﬂuvium,</strong></span> <span class='ocrx_word' id='word_1_426' title='bbox 3174 3040 3525 3096; x_wconf 90' lang='lat' dir='ltr'><strong>convenimus</strong></span> <span class='ocrx_word' id='word_1_427' title='bbox 3564 3039 3634 3094; x_wconf 92' lang='lat' dir='ltr'><strong>ad</strong></span> <span class='ocrx_word' id='word_1_428' title='bbox 3673 3035 3786 3092; x_wconf 89' lang='lat' dir='ltr'><strong>illud</strong></span> 
     </span>
    </p>
   </div>
   <div class='ocr_carea' id='block_1_62' title="bbox 518 3106 3782 3207">
    <p class='ocr_par' dir='ltr' id='par_1_62' title="bbox 518 3106 3782 3207">
     <span class='ocr_line' id='line_1_62' title="bbox 518 3106 3782 3207; baseline 0.002 -29"><span class='ocrx_word' id='word_1_429' title='bbox 518 3140 658 3195; x_wconf 88' lang='lat' dir='ltr'><strong>quas</strong></span> <span class='ocrx_word' id='word_1_430' title='bbox 688 3125 762 3181; x_wconf 90' lang='lat' dir='ltr'><strong>illi</strong></span> <span class='ocrx_word' id='word_1_431' title='bbox 789 3127 961 3182; x_wconf 89' lang='lat' dir='ltr'><strong>scitur</strong></span> <span class='ocrx_word' id='word_1_432' title='bbox 983 3129 1262 3199; x_wconf 83' lang='lat' dir='ltr'><strong>angustias</strong></span> <span class='ocrx_word' id='word_1_433' title='bbox 1285 3106 1570 3200; x_wconf 73' lang='lat' dir='ltr'><strong>pertulisse</strong></span> <span class='ocrx_word' id='word_1_434' title='bbox 1590 3106 2024 3204; x_wconf 41' lang='lat' dir='ltr'><strong>secutn&#39;pertuli;</strong></span> <span class='ocrx_word' id='word_1_435' title='bbox 2048 3143 2104 3189; x_wconf 89' lang='lat' dir='ltr'><strong>et</strong></span> <span class='ocrx_word' id='word_1_436' title='bbox 2131 3106 2176 3169; x_wconf 78' lang='lat' dir='ltr'><strong>C</strong></span> <span class='ocrx_word' id='word_1_437' title='bbox 2210 3141 2318 3188; x_wconf 88' lang='lat' dir='ltr'><strong>tam</strong></span> <span class='ocrx_word' id='word_1_438' title='bbox 2359 3106 2653 3205; x_wconf 72' lang='lat' dir='ltr'><strong>egoquam</strong></span> <span class='ocrx_word' id='word_1_439' title='bbox 2694 3134 2809 3204; x_wconf 88' lang='lat' dir='ltr'><strong>ipse</strong></span> <span class='ocrx_word' id='word_1_440' title='bbox 2855 3134 3007 3207; x_wconf 76' lang='lat' dir='ltr'><strong>llugo</strong></span> <span class='ocrx_word' id='word_1_441' title='bbox 3049 3150 3173 3191; x_wconf 91' lang='lat' dir='ltr'><strong>eum</strong></span> <span class='ocrx_word' id='word_1_442' title='bbox 3215 3133 3623 3190; x_wconf 87' lang='lat' dir='ltr'><strong>ordinatoribus</strong></span> <span class='ocrx_word' id='word_1_443' title='bbox 3667 3130 3782 3187; x_wconf 88' lang='lat' dir='ltr'><strong>suis.</strong></span> 
     </span>
    </p>
   </div>
   <div class='ocr_carea' id='block_1_63' title="bbox 493 3216 2101 3293">
    <p class='ocr_par' dir='ltr' id='par_1_63' title="bbox 493 3216 2101 3293">
     <span class='ocr_line' id='line_1_63' title="bbox 493 3216 2101 3293; baseline 0.007 -25"><span class='ocrx_word' id='word_1_444' title='bbox 493 3216 737 3285; x_wconf 71' lang='lat' dir='ltr'><strong>quando</strong></span> <span class='ocrx_word' id='word_1_445' title='bbox 758 3232 881 3272; x_wconf 92' lang='lat' dir='ltr'><strong>eum</strong></span> <span class='ocrx_word' id='word_1_446' title='bbox 917 3217 1056 3274; x_wconf 89' lang='lat' dir='ltr'><strong>bello</strong></span> <span class='ocrx_word' id='word_1_447' title='bbox 1080 3220 1319 3291; x_wconf 83' lang='lat' dir='ltr'><strong>aggressi</strong></span> <span class='ocrx_word' id='word_1_448' title='bbox 1347 3231 1474 3278; x_wconf 92' lang='lat' dir='ltr'><strong>sunt</strong></span> <span class='ocrx_word' id='word_1_449' title='bbox 1499 3221 1653 3293; x_wconf 72' lang='lat' dir='ltr'><strong>[lngo</strong></span> <span class='ocrx_word' id='word_1_450' title='bbox 1681 3233 1736 3278; x_wconf 89' lang='lat' dir='ltr'><strong>et</strong></span> <span class='ocrx_word' id='word_1_451' title='bbox 1764 3223 2101 3293; x_wconf 82' lang='lat' dir='ltr'><strong>Heribertus,</strong></span> 
     </span>
    </p>
   </div>
   <div class='ocr_carea' id='block_1_64' title="bbox 486 3306 2105 3385">
    <p class='ocr_par' dir='ltr' id='par_1_64' title="bbox 486 3306 2105 3385">
     <span class='ocr_line' id='line_1_64' title="bbox 486 3306 2105 3385; baseline 0.005 -22"><span class='ocrx_word' id='word_1_452' title='bbox 486 3380 487 3383; x_wconf 16' lang='grc' dir='ltr'><strong>η</strong></span> <span class='ocrx_word' id='word_1_453' title='bbox 517 3323 640 3363; x_wconf 88' lang='lat' dir='ltr'><strong>cum</strong></span> <span class='ocrx_word' id='word_1_454' title='bbox 672 3306 788 3377; x_wconf 91' lang='lat' dir='ltr'><strong>ipso</strong></span> <span class='ocrx_word' id='word_1_455' title='bbox 817 3324 987 3374; x_wconf 91' lang='lat' dir='ltr'><strong>eram,</strong></span> <span class='ocrx_word' id='word_1_456' title='bbox 1022 3319 1078 3365; x_wconf 90' lang='lat' dir='ltr'><strong>et</strong></span> <span class='ocrx_word' id='word_1_457' title='bbox 1106 3313 1194 3367; x_wconf 78' lang='lat' dir='ltr'><strong>vix</strong></span> <span class='ocrx_word' id='word_1_458' title='bbox 1227 3312 1416 3369; x_wconf 89' lang='lat' dir='ltr'><strong>mortis</strong></span> <span class='ocrx_word' id='word_1_459' title='bbox 1442 3314 1591 3369; x_wconf 84' lang='lat' dir='ltr'><strong>evasi</strong></span> <span class='ocrx_word' id='word_1_460' title='bbox 1624 3314 1943 3385; x_wconf 89' lang='lat' dir='ltr'><strong>perieulum.</strong></span> <span class='ocrx_word' id='word_1_461' title='bbox 1973 3314 2105 3371; x_wconf 84' lang='lat' dir='ltr'><strong>Pro-</strong></span> 
     </span>
    </p>
   </div>
   <div class='ocr_carea' id='block_1_65' title="bbox 514 3398 2104 3476">
    <p class='ocr_par' dir='ltr' id='par_1_65' title="bbox 514 3398 2104 3476">
     <span class='ocr_line' id='line_1_65' title="bbox 514 3398 2104 3476; baseline 0.009 -25"><span class='ocrx_word' id='word_1_462' title='bbox 514 3398 701 3469; x_wconf 85' lang='lat' dir='ltr'><strong>lapsus</strong></span> <span class='ocrx_word' id='word_1_463' title='bbox 731 3402 912 3472; x_wconf 88' lang='lat' dir='ltr'><strong>itaque</strong></span> <span class='ocrx_word' id='word_1_464' title='bbox 949 3404 1151 3460; x_wconf 79' lang='lat' dir='ltr'><strong>auxilio</strong></span> <span class='ocrx_word' id='word_1_465' title='bbox 1189 3413 1243 3461; x_wconf 92' lang='lat' dir='ltr'><strong>et</strong></span> <span class='ocrx_word' id='word_1_466' title='bbox 1290 3407 1623 3476; x_wconf 90' lang='lat' dir='ltr'><strong>protectione</strong></span> <span class='ocrx_word' id='word_1_467' title='bbox 1667 3407 1761 3462; x_wconf 88' lang='lat' dir='ltr'><strong>Dei</strong></span> <span class='ocrx_word' id='word_1_468' title='bbox 1812 3411 1877 3463; x_wconf 92' lang='lat' dir='ltr'><strong>de</strong></span> <span class='ocrx_word' id='word_1_469' title='bbox 1927 3409 2104 3466; x_wconf 91' lang='lat' dir='ltr'><strong>medio</strong></span> 
     </span>
    </p>
   </div>
   <div class='ocr_carea' id='block_1_66' title="bbox 484 3491 2101 3570">
    <p class='ocr_par' dir='ltr' id='par_1_66' title="bbox 484 3491 2101 3570">
     <span class='ocr_line' id='line_1_66' title="bbox 484 3491 2101 3570; baseline 0.007 -25"><span class='ocrx_word' id='word_1_470' title='bbox 484 3566 487 3569; x_wconf 14' lang='grc' dir='ltr'>Ἴ</span> <span class='ocrx_word' id='word_1_471' title='bbox 515 3491 883 3560; x_wconf 88' lang='lat' dir='ltr'><strong>inimicorum,</strong></span> <span class='ocrx_word' id='word_1_472' title='bbox 907 3494 1169 3567; x_wconf 89' lang='lat' dir='ltr'><strong>profugus</strong></span> <span class='ocrx_word' id='word_1_473' title='bbox 1189 3505 1243 3553; x_wconf 91' lang='lat' dir='ltr'><strong>et</strong></span> <span class='ocrx_word' id='word_1_474' title='bbox 1270 3499 1622 3568; x_wconf 83' lang='lat' dir='ltr'><strong>vagabuudns</strong></span> <span class='ocrx_word' id='word_1_475' title='bbox 1646 3498 1762 3553; x_wconf 89' lang='lat' dir='ltr'><strong>loca</strong></span> <span class='ocrx_word' id='word_1_476' title='bbox 1790 3499 1929 3554; x_wconf 86' lang='lat' dir='ltr'><strong>invia</strong></span> <span class='ocrx_word' id='word_1_477' title='bbox 1952 3516 2101 3570; x_wconf 77' lang='lat' dir='ltr'><strong>qua:-</strong></span> 
     </span>
    </p>
   </div>
   <div class='ocr_carea' id='block_1_67' title="bbox 513 3585 2102 3658">
    <p class='ocr_par' dir='ltr' id='par_1_67' title="bbox 513 3585 2102 3658">
     <span class='ocr_line' id='line_1_67' title="bbox 513 3585 2102 3658; baseline 0.007 -20"><span class='ocrx_word' id='word_1_478' title='bbox 513 3597 623 3652; x_wconf 86' lang='lat' dir='ltr'><strong>que</strong></span> <span class='ocrx_word' id='word_1_479' title='bbox 656 3585 928 3657; x_wconf 85' lang='lat' dir='ltr'><strong>silvasque</strong></span> <span class='ocrx_word' id='word_1_480' title='bbox 958 3586 1246 3658; x_wconf 83' lang='lat' dir='ltr'><strong>perlustro,</strong></span> <span class='ocrx_word' id='word_1_481' title='bbox 1280 3605 1385 3645; x_wconf 93' lang='lat' dir='ltr'><strong>non</strong></span> <span class='ocrx_word' id='word_1_482' title='bbox 1420 3605 1585 3645; x_wconf 89' lang='lat' dir='ltr'><strong>ausus</strong></span> <span class='ocrx_word' id='word_1_483' title='bbox 1614 3598 1764 3645; x_wconf 87' lang='lat' dir='ltr'><strong>certo</strong></span> <span class='ocrx_word' id='word_1_484' title='bbox 1799 3592 2102 3649; x_wconf 88' lang='lat' dir='ltr'><strong>consistere</strong></span> 
     </span>
    </p>
   </div>
   <div class='ocr_carea' id='block_1_68' title="bbox 514 3674 2102 3753">
    <p class='ocr_par' dir='ltr' id='par_1_68' title="bbox 514 3674 2102 3753">
     <span class='ocr_line' id='line_1_68' title="bbox 514 3674 2102 3753; baseline 0.008 -25"><span class='ocrx_word' id='word_1_485' title='bbox 514 3674 656 3731; x_wconf 90' lang='lat' dir='ltr'><strong>loco.</strong></span> <span class='ocrx_word' id='word_1_486' title='bbox 681 3674 920 3733; x_wconf 89' lang='lat' dir='ltr'><strong>Comites</strong></span> <span class='ocrx_word' id='word_1_487' title='bbox 947 3688 1126 3734; x_wconf 88' lang='lat' dir='ltr'><strong>autem</strong></span> <span class='ocrx_word' id='word_1_488' title='bbox 1161 3679 1316 3750; x_wconf 87' lang='lat' dir='ltr'><strong>Hugo</strong></span> <span class='ocrx_word' id='word_1_489' title='bbox 1338 3689 1393 3734; x_wconf 90' lang='lat' dir='ltr'><strong>et</strong></span> <span class='ocrx_word' id='word_1_490' title='bbox 1420 3679 1736 3737; x_wconf 87' lang='lat' dir='ltr'><strong>llerihertus</strong></span> <span class='ocrx_word' id='word_1_491' title='bbox 1764 3681 1909 3737; x_wconf 79' lang='lat' dir='ltr'><strong>aﬂ‘ati</strong></span> <span class='ocrx_word' id='word_1_492' title='bbox 1940 3699 2102 3753; x_wconf 87' lang='lat' dir='ltr'><strong>quos-</strong></span> 
     </span>
    </p>
   </div>
   <div class='ocr_carea' id='block_1_69' title="bbox 510 3766 2100 3841">
    <p class='ocr_par' dir='ltr' id='par_1_69' title="bbox 510 3766 2100 3841">
     <span class='ocr_line' id='line_1_69' title="bbox 510 3766 2100 3841; baseline 0.006 -20"><span class='ocrx_word' id='word_1_493' title='bbox 510 3766 635 3821; x_wconf 89' lang='lat' dir='ltr'><strong>dam</strong></span> <span class='ocrx_word' id='word_1_494' title='bbox 675 3776 893 3824; x_wconf 88' lang='lat' dir='ltr'><strong>nostros</strong></span> <span class='ocrx_word' id='word_1_495' title='bbox 933 3770 1141 3826; x_wconf 88' lang='lat' dir='ltr'><strong>amicos</strong></span> <span class='ocrx_word' id='word_1_496' title='bbox 1183 3771 1285 3828; x_wconf 89' lang='lat' dir='ltr'><strong>sibi</strong></span> <span class='ocrx_word' id='word_1_497' title='bbox 1333 3774 1598 3841; x_wconf 87' lang='lat' dir='ltr'><strong>subditos,</strong></span> <span class='ocrx_word' id='word_1_498' title='bbox 1632 3776 1861 3830; x_wconf 89' lang='lat' dir='ltr'><strong>suadent</strong></span> <span class='ocrx_word' id='word_1_499' title='bbox 1911 3786 1970 3831; x_wconf 86' lang='lat' dir='ltr'><strong>ut</strong></span> <span class='ocrx_word' id='word_1_500' title='bbox 2014 3794 2100 3833; x_wconf 89' lang='lat' dir='ltr'><strong>me</strong></span> 
     </span>
    </p>
   </div>
   <div class='ocr_carea' id='block_1_70' title="bbox 509 3857 2100 3934">
    <p class='ocr_par' dir='ltr' id='par_1_70' title="bbox 509 3857 2100 3934">
     <span class='ocr_line' id='line_1_70' title="bbox 509 3857 2100 3934; baseline 0.007 -24"><span class='ocrx_word' id='word_1_501' title='bbox 509 3857 869 3928; x_wconf 88' lang='lat' dir='ltr'><strong>requirentes,</strong></span> <span class='ocrx_word' id='word_1_502' title='bbox 905 3860 973 3914; x_wconf 86' lang='lat' dir='ltr'><strong>ad</strong></span> <span class='ocrx_word' id='word_1_503' title='bbox 1004 3861 1148 3930; x_wconf 89' lang='lat' dir='ltr'><strong>ipsos</strong></span> <span class='ocrx_word' id='word_1_504' title='bbox 1189 3862 1477 3931; x_wconf 87' lang='lat' dir='ltr'><strong>deducant,</strong></span> <span class='ocrx_word' id='word_1_505' title='bbox 1514 3864 1833 3934; x_wconf 77' lang='lat' dir='ltr'><strong>pollicentes</strong></span> <span class='ocrx_word' id='word_1_506' title='bbox 1867 3881 1925 3921; x_wconf 90' lang='lat' dir='ltr'><strong>se</strong></span> <span class='ocrx_word' id='word_1_507' title='bbox 1967 3866 2100 3921; x_wconf 89' lang='lat' dir='ltr'><strong>mihi</strong></span> 
     </span>
    </p>
   </div>
   <div class='ocr_carea' id='block_1_71' title="bbox 506 3948 2095 4025">
    <p class='ocr_par' dir='ltr' id='par_1_71' title="bbox 506 3948 2095 4025">
     <span class='ocr_line' id='line_1_71' title="bbox 506 3948 2095 4025; baseline 0.005 -23"><span class='ocrx_word' id='word_1_508' title='bbox 506 3948 910 4016; x_wconf 89' lang='lat' dir='ltr'><strong>benefacturos,</strong></span> <span class='ocrx_word' id='word_1_509' title='bbox 941 3959 996 4006; x_wconf 88' lang='lat' dir='ltr'><strong>et</strong></span> <span class='ocrx_word' id='word_1_510' title='bbox 1038 3954 1199 4008; x_wconf 87' lang='lat' dir='ltr'><strong>rebus</strong></span> <span class='ocrx_word' id='word_1_511' title='bbox 1230 3969 1364 4023; x_wconf 88' lang='lat' dir='ltr'><strong>quas</strong></span> <span class='ocrx_word' id='word_1_512' title='bbox 1389 3953 1490 4024; x_wconf 88' lang='lat' dir='ltr'><strong>ipsi</strong></span> <span class='ocrx_word' id='word_1_513' title='bbox 1519 3956 1781 4025; x_wconf 81' lang='lat' dir='ltr'><strong>petissent</strong></span> <span class='ocrx_word' id='word_1_514' title='bbox 1810 3956 2095 4012; x_wconf 83' lang='lat' dir='ltr'><strong>dilaturos.</strong></span> 
     </span>
    </p>
   </div>
   <div class='ocr_carea' id='block_1_72' title="bbox 506 4036 2096 4119">
    <p class='ocr_par' dir='ltr' id='par_1_72' title="bbox 506 4036 2096 4119">
     <span class='ocr_line' id='line_1_72' title="bbox 506 4036 2096 4119; baseline 0.008 -27"><span class='ocrx_word' id='word_1_515' title='bbox 506 4036 867 4109; x_wconf 81' lang='lat' dir='ltr'><strong>Requirentes</strong></span> <span class='ocrx_word' id='word_1_516' title='bbox 894 4057 1023 4113; x_wconf 83' lang='lat' dir='ltr'><strong>ergo</strong></span> <span class='ocrx_word' id='word_1_517' title='bbox 1058 4060 1145 4099; x_wconf 91' lang='lat' dir='ltr'><strong>me</strong></span> <span class='ocrx_word' id='word_1_518' title='bbox 1196 4045 1408 4111; x_wconf 89' lang='lat' dir='ltr'><strong>amicis,</strong></span> <span class='ocrx_word' id='word_1_519' title='bbox 1441 4047 1720 4115; x_wconf 87' lang='lat' dir='ltr'><strong>reperiunt</strong></span> <span class='ocrx_word' id='word_1_520' title='bbox 1748 4062 1847 4119; x_wconf 91' lang='lat' dir='ltr'><strong>per</strong></span> <span class='ocrx_word' id='word_1_521' title='bbox 1882 4049 2096 4105; x_wconf 88' lang='lat' dir='ltr'><strong>diversa</strong></span> 
     </span>
    </p>
   </div>
   <div class='ocr_carea' id='block_1_73' title="bbox 462 4132 2100 4202">
    <p class='ocr_par' dir='ltr' id='par_1_73' title="bbox 462 4132 2100 4202">
     <span class='ocr_line' id='line_1_73' title="bbox 462 4132 2100 4202; baseline 0.007 -20"><span class='ocrx_word' id='word_1_522' title='bbox 462 4138 463 4141; x_wconf 78' lang='lat'>‘</span> <span class='ocrx_word' id='word_1_523' title='bbox 502 4140 817 4199; x_wconf 81' lang='lat' dir='ltr'><strong>vagantem,</strong></span> <span class='ocrx_word' id='word_1_524' title='bbox 847 4142 903 4186; x_wconf 89' lang='lat' dir='ltr'><strong>et</strong></span> <span class='ocrx_word' id='word_1_525' title='bbox 934 4132 1006 4185; x_wconf 87' lang='lat' dir='ltr'><strong>ita</strong></span> <span class='ocrx_word' id='word_1_526' title='bbox 1033 4134 1298 4202; x_wconf 90' lang='lat' dir='ltr'><strong>perducor</strong></span> <span class='ocrx_word' id='word_1_527' title='bbox 1322 4150 1353 4186; x_wconf 88' lang='lat' dir='ltr'><strong>a</strong></span> <span class='ocrx_word' id='word_1_528' title='bbox 1383 4135 1640 4191; x_wconf 78' lang='lat' dir='ltr'><strong>fratribus</strong></span> <span class='ocrx_word' id='word_1_529' title='bbox 1668 4136 1804 4191; x_wconf 89' lang='lat' dir='ltr'><strong>meis</strong></span> <span class='ocrx_word' id='word_1_530' title='bbox 1832 4146 1885 4191; x_wconf 91' lang='lat' dir='ltr'><strong>et</strong></span> <span class='ocrx_word' id='word_1_531' title='bbox 1908 4138 2100 4193; x_wconf 84' lang='lat' dir='ltr'><strong>amicis</strong></span> 
     </span>
    </p>
   </div>
   <div class='ocr_carea' id='block_1_74' title="bbox 505 4222 2097 4297">
    <p class='ocr_par' dir='ltr' id='par_1_74' title="bbox 505 4222 2097 4297">
     <span class='ocr_line' id='line_1_74' title="bbox 505 4222 2097 4297; baseline 0.004 -19"><span class='ocrx_word' id='word_1_532' title='bbox 505 4223 574 4278; x_wconf 88' lang='lat' dir='ltr'><strong>ad</strong></span> <span class='ocrx_word' id='word_1_533' title='bbox 604 4222 857 4293; x_wconf 85' lang='lat' dir='ltr'><strong>praefatos</strong></span> <span class='ocrx_word' id='word_1_534' title='bbox 885 4222 1134 4280; x_wconf 88' lang='lat' dir='ltr'><strong>comites.</strong></span> <span class='ocrx_word' id='word_1_535' title='bbox 1174 4223 1275 4290; x_wconf 86' lang='lat' dir='ltr'><strong>Qui</strong></span> <span class='ocrx_word' id='word_1_536' title='bbox 1304 4233 1588 4296; x_wconf 86' lang='lat' dir='ltr'><strong>postquam</strong></span> <span class='ocrx_word' id='word_1_537' title='bbox 1622 4241 1708 4282; x_wconf 88' lang='lat' dir='ltr'><strong>me</strong></span> <span class='ocrx_word' id='word_1_538' title='bbox 1737 4227 1791 4281; x_wconf 93' lang='lat' dir='ltr'><strong>in</strong></span> <span class='ocrx_word' id='word_1_539' title='bbox 1831 4237 2097 4297; x_wconf 86' lang='lat' dir='ltr'><strong>potestate</strong></span> 
     </span>
    </p>
   </div>
   <div class='ocr_carea' id='block_1_75' title="bbox 439 4312 2091 4387">
    <p class='ocr_par' dir='ltr' id='par_1_75' title="bbox 439 4312 2091 4387">
     <span class='ocr_line' id='line_1_75' title="bbox 439 4312 2091 4387; baseline 0.004 -18"><span class='ocrx_word' id='word_1_540' title='bbox 439 4353 443 4357; x_wconf 51' lang='grc' dir='ltr'><strong><em>ν</em></strong></span> <span class='ocrx_word' id='word_1_541' title='bbox 503 4329 603 4369; x_wconf 88' lang='lat' dir='ltr'><strong>sua</strong></span> <span class='ocrx_word' id='word_1_542' title='bbox 632 4312 990 4384; x_wconf 91' lang='lat' dir='ltr'><strong>conspiciunt,</strong></span> <span class='ocrx_word' id='word_1_543' title='bbox 1022 4329 1265 4384; x_wconf 56' lang='lat' dir='ltr'><strong>quaerere</strong></span> <span class='ocrx_word' id='word_1_544' title='bbox 1288 4327 1573 4386; x_wconf 85' lang='lat' dir='ltr'><strong>coeperunt</strong></span> <span class='ocrx_word' id='word_1_545' title='bbox 1602 4327 1662 4371; x_wconf 92' lang='lat' dir='ltr'><strong>ut</strong></span> <span class='ocrx_word' id='word_1_546' title='bbox 1708 4317 1789 4372; x_wconf 87' lang='lat' dir='ltr'><strong>eis</strong></span> <span class='ocrx_word' id='word_1_547' title='bbox 1815 4318 2091 4387; x_wconf 84' lang='lat' dir='ltr'><strong>palliuma</strong></span> 
     </span>
    </p>
   </div>
   <div class='ocr_carea' id='block_1_76' title="bbox 504 4402 2093 4473">
    <p class='ocr_par' dir='ltr' id='par_1_76' title="bbox 504 4402 2093 4473">
     <span class='ocr_line' id='line_1_76' title="bbox 504 4402 2093 4473; baseline 0.003 -13"><span class='ocrx_word' id='word_1_548' title='bbox 504 4404 635 4460; x_wconf 86' lang='lat' dir='ltr'><strong>sede</strong></span> <span class='ocrx_word' id='word_1_549' title='bbox 665 4402 908 4460; x_wconf 81' lang='lat' dir='ltr'><strong>Romana</strong></span> <span class='ocrx_word' id='word_1_550' title='bbox 931 4404 1060 4459; x_wconf 89' lang='lat' dir='ltr'><strong>mihi</strong></span> <span class='ocrx_word' id='word_1_551' title='bbox 1087 4404 1340 4460; x_wconf 87' lang='lat' dir='ltr'><strong>collatum</strong></span> <span class='ocrx_word' id='word_1_552' title='bbox 1371 4406 1664 4473; x_wconf 89' lang='lat' dir='ltr'><strong>traderem,</strong></span> <span class='ocrx_word' id='word_1_553' title='bbox 1691 4417 1746 4463; x_wconf 90' lang='lat' dir='ltr'><strong>et</strong></span> <span class='ocrx_word' id='word_1_554' title='bbox 1772 4409 2093 4465; x_wconf 87' lang='lat' dir='ltr'><strong>sacerdotali</strong></span> 
     </span>
    </p>
   </div>
   <div class='ocr_carea' id='block_1_77' title="bbox 504 4475 2170 4568">
    <p class='ocr_par' dir='ltr' id='par_1_77' title="bbox 504 4475 2170 4568">
     <span class='ocr_line' id='line_1_77' title="bbox 504 4475 2170 4568; baseline 0.004 -19"><span class='ocrx_word' id='word_1_555' title='bbox 504 4510 593 4549; x_wconf 86' lang='lat' dir='ltr'><strong>me</strong></span> <span class='ocrx_word' id='word_1_556' title='bbox 621 4493 920 4551; x_wconf 85' lang='lat' dir='ltr'><strong>ministerio</strong></span> <span class='ocrx_word' id='word_1_557' title='bbox 946 4495 1161 4565; x_wconf 88' lang='lat' dir='ltr'><strong>penitus</strong></span> <span class='ocrx_word' id='word_1_558' title='bbox 1182 4494 1485 4565; x_wconf 88' lang='lat' dir='ltr'><strong>abjurarcm</strong></span> <span class='ocrx_word' id='word_1_559' title='bbox 1514 4497 1656 4568; x_wconf 89' lang='lat' dir='ltr'><strong>quod</strong></span> <span class='ocrx_word' id='word_1_560' title='bbox 1681 4497 1986 4554; x_wconf 87' lang='lat' dir='ltr'><strong>nullatenus</strong></span> <span class='ocrx_word' id='word_1_561' title='bbox 2007 4515 2094 4556; x_wconf 88' lang='lat' dir='ltr'><strong>me</strong></span> <span class='ocrx_word' id='word_1_562' title='bbox 2124 4475 2170 4537; x_wconf 76' lang='grc' dir='ltr'><strong>ί)</strong></span> 
     </span>
    </p>
   </div>
   <div class='ocr_carea' id='block_1_78' title="bbox 500 4591 2098 4668">
    <p class='ocr_par' dir='ltr' id='par_1_78' title="bbox 500 4591 2098 4668">
     <span class='ocr_line' id='line_1_78' title="bbox 500 4591 2098 4668; baseline 0.004 -24"><span class='ocrx_word' id='word_1_563' title='bbox 500 4591 796 4653; x_wconf 81' lang='lat' dir='ltr'><strong>facturum,</strong></span> <span class='ocrx_word' id='word_1_564' title='bbox 834 4604 1010 4661; x_wconf 90' lang='lat' dir='ltr'><strong>neque</strong></span> <span class='ocrx_word' id='word_1_565' title='bbox 1037 4606 1135 4662; x_wconf 89' lang='lat' dir='ltr'><strong>pro</strong></span> <span class='ocrx_word' id='word_1_566' title='bbox 1155 4606 1340 4647; x_wconf 91' lang='lat' dir='ltr'><strong>amore</strong></span> <span class='ocrx_word' id='word_1_567' title='bbox 1375 4592 1535 4663; x_wconf 84' lang='lat' dir='ltr'><strong>hujus</strong></span> <span class='ocrx_word' id='word_1_568' title='bbox 1557 4592 1681 4668; x_wconf 78' lang='lat' dir='ltr'><strong>vitae</strong></span> <span class='ocrx_word' id='word_1_569' title='bbox 1704 4595 1989 4663; x_wconf 64' lang='lat' dir='ltr'><strong>praesentis</strong></span> <span class='ocrx_word' id='word_1_570' title='bbox 2020 4605 2098 4650; x_wconf 83' lang='lat' dir='ltr'><strong>at-</strong></span> 
     </span>
    </p>
   </div>
   <div class='ocr_carea' id='block_1_79' title="bbox 490 4682 2093 4757">
    <p class='ocr_par' dir='ltr' id='par_1_79' title="bbox 490 4682 2093 4757">
     <span class='ocr_line' id='line_1_79' title="bbox 490 4682 2093 4757; baseline 0.004 -22"><span class='ocrx_word' id='word_1_571' title='bbox 490 4690 693 4749; x_wconf 29' lang='lat' dir='ltr'><strong>,tcstor.</strong></span> <span class='ocrx_word' id='word_1_572' title='bbox 726 4682 1014 4738; x_wconf 86' lang='lat' dir='ltr'><strong>Districtus</strong></span> <span class='ocrx_word' id='word_1_573' title='bbox 1044 4682 1208 4753; x_wconf 86' lang='lat' dir='ltr'><strong>igitur</strong></span> <span class='ocrx_word' id='word_1_574' title='bbox 1230 4693 1284 4738; x_wconf 88' lang='lat' dir='ltr'><strong>et</strong></span> <span class='ocrx_word' id='word_1_575' title='bbox 1315 4685 1725 4756; x_wconf 86' lang='lat' dir='ltr'><strong>coangustiatus</strong></span> <span class='ocrx_word' id='word_1_576' title='bbox 1753 4686 1821 4740; x_wconf 89' lang='lat' dir='ltr'><strong>ab</strong></span> <span class='ocrx_word' id='word_1_577' title='bbox 1847 4686 1949 4748; x_wconf 87' lang='lat' dir='ltr'><strong>eis.</strong></span> <span class='ocrx_word' id='word_1_578' title='bbox 1976 4688 2093 4757; x_wconf 88' lang='lat' dir='ltr'><strong>epi-</strong></span> 
     </span>
    </p>
   </div>
   <div class='ocr_carea' id='block_1_80' title="bbox 501 4775 2090 4849">
    <p class='ocr_par' dir='ltr' id='par_1_80' title="bbox 501 4775 2090 4849">
     <span class='ocr_line' id='line_1_80' title="bbox 501 4775 2090 4849; baseline 0.003 -19"><span class='ocrx_word' id='word_1_579' title='bbox 501 4775 671 4844; x_wconf 85' lang='lat' dir='ltr'><strong>scopii</strong></span> <span class='ocrx_word' id='word_1_580' title='bbox 699 4777 914 4831; x_wconf 89' lang='lat' dir='ltr'><strong>tandem</strong></span> <span class='ocrx_word' id='word_1_581' title='bbox 950 4778 1109 4832; x_wconf 86' lang='lat' dir='ltr'><strong>rebus</strong></span> <span class='ocrx_word' id='word_1_582' title='bbox 1134 4778 1516 4832; x_wconf 87' lang='lat' dir='ltr'><strong>abrenuntiare</strong></span> <span class='ocrx_word' id='word_1_583' title='bbox 1543 4777 1835 4849; x_wconf 84' lang='lat' dir='ltr'><strong>compellor</strong></span> <span class='ocrx_word' id='word_1_584' title='bbox 1860 4796 1872 4832; x_wconf 92' lang='lat'>:</span> <span class='ocrx_word' id='word_1_585' title='bbox 1901 4779 2090 4849; x_wconf 82' lang='lat' dir='ltr'><strong>sicque</strong></span> 
     </span>
    </p>
   </div>
   <div class='ocr_carea' id='block_1_81' title="bbox 505 4864 2091 4936">
    <p class='ocr_par' dir='ltr' id='par_1_81' title="bbox 505 4864 2091 4936">
     <span class='ocr_line' id='line_1_81' title="bbox 505 4864 2091 4936; baseline 0.003 -16"><span class='ocrx_word' id='word_1_586' title='bbox 505 4880 695 4920; x_wconf 79' lang='lat' dir='ltr'><strong>rursus</strong></span> <span class='ocrx_word' id='word_1_587' title='bbox 719 4865 786 4919; x_wconf 91' lang='lat' dir='ltr'><strong>ad</strong></span> <span class='ocrx_word' id='word_1_588' title='bbox 816 4866 874 4921; x_wconf 90' lang='lat' dir='ltr'><strong>S.</strong></span> <span class='ocrx_word' id='word_1_589' title='bbox 907 4864 1160 4920; x_wconf 90' lang='lat' dir='ltr'><strong>Basolum</strong></span> <span class='ocrx_word' id='word_1_590' title='bbox 1194 4868 1349 4936; x_wconf 90' lang='lat' dir='ltr'><strong>quasi</strong></span> <span class='ocrx_word' id='word_1_591' title='bbox 1383 4884 1599 4933; x_wconf 88' lang='lat' dir='ltr'><strong>vacans,</strong></span> <span class='ocrx_word' id='word_1_592' title='bbox 1635 4869 1974 4925; x_wconf 86' lang='lat' dir='ltr'><strong>habitaturus</strong></span> <span class='ocrx_word' id='word_1_593' title='bbox 1996 4871 2091 4925; x_wconf 88' lang='lat' dir='ltr'><strong>de-</strong></span> 
     </span>
    </p>
   </div>
   <div class='ocr_carea' id='block_1_82' title="bbox 498 4956 2090 5032">
    <p class='ocr_par' dir='ltr' id='par_1_82' title="bbox 498 4956 2090 5032">
     <span class='ocr_line' id='line_1_82' title="bbox 498 4956 2090 5032; baseline 0.002 -16"><span class='ocrx_word' id='word_1_594' title='bbox 498 4960 693 5016; x_wconf 87' lang='lat' dir='ltr'><strong>ducor.</strong></span> <span class='ocrx_word' id='word_1_595' title='bbox 720 4956 891 5013; x_wconf 84' lang='lat' dir='ltr'><strong>Mausi</strong></span> <span class='ocrx_word' id='word_1_596' title='bbox 914 4958 1148 5029; x_wconf 90' lang='lat' dir='ltr'><strong>denique</strong></span> <span class='ocrx_word' id='word_1_597' title='bbox 1175 4962 1361 5029; x_wconf 88' lang='lat' dir='ltr'><strong>paucis</strong></span> <span class='ocrx_word' id='word_1_598' title='bbox 1386 4960 1574 5016; x_wconf 88' lang='lat' dir='ltr'><strong>diebus</strong></span> <span class='ocrx_word' id='word_1_599' title='bbox 1597 4962 1651 5016; x_wconf 92' lang='lat' dir='ltr'><strong>in</strong></span> <span class='ocrx_word' id='word_1_600' title='bbox 1683 4964 1797 5032; x_wconf 90' lang='lat' dir='ltr'><strong>ipso</strong></span> <span class='ocrx_word' id='word_1_601' title='bbox 1818 4966 2090 5031; x_wconf 78' lang='lat' dir='ltr'><strong>ccenohio,</strong></span> 
     </span>
    </p>
   </div>
   <div class='ocr_carea' id='block_1_83' title="bbox 500 5049 2083 5125">
    <p class='ocr_par' dir='ltr' id='par_1_83' title="bbox 500 5049 2083 5125">
     <span class='ocr_line' id='line_1_83' title="bbox 500 5049 2083 5125; baseline 0.003 -20"><span class='ocrx_word' id='word_1_602' title='bbox 500 5049 852 5125; x_wconf 85' lang='lat' dir='ltr'><strong>quoadusque</strong></span> <span class='ocrx_word' id='word_1_603' title='bbox 867 5050 1205 5119; x_wconf 86' lang='lat' dir='ltr'><strong>comperiens</strong></span> <span class='ocrx_word' id='word_1_604' title='bbox 1223 5066 1318 5119; x_wconf 81' lang='lat' dir='ltr'><strong>per</strong></span> <span class='ocrx_word' id='word_1_605' title='bbox 1334 5060 1510 5105; x_wconf 88' lang='lat' dir='ltr'><strong>certos</strong></span> <span class='ocrx_word' id='word_1_606' title='bbox 1524 5067 1590 5106; x_wconf 81' lang='lat' dir='ltr'><strong>ex</strong></span> <span class='ocrx_word' id='word_1_607' title='bbox 1607 5051 1961 5108; x_wconf 83' lang='lat' dir='ltr'><strong>familiaribus</strong></span> <span class='ocrx_word' id='word_1_608' title='bbox 1975 5054 2083 5110; x_wconf 83' lang='lat' dir='ltr'><strong>He—</strong></span> 
     </span>
    </p>
   </div>
   <div class='ocr_carea' id='block_1_84' title="bbox 431 5141 2085 5211">
    <p class='ocr_par' dir='ltr' id='par_1_84' title="bbox 431 5141 2085 5211">
     <span class='ocr_line' id='line_1_84' title="bbox 431 5141 2085 5211; baseline -0.001 -8"><span class='ocrx_word' id='word_1_609' title='bbox 431 5147 434 5155; x_wconf 80' lang='grc'>’</span> <span class='ocrx_word' id='word_1_610' title='bbox 496 5143 689 5204; x_wconf 82' lang='lat' dir='ltr'><strong>riberti</strong></span> <span class='ocrx_word' id='word_1_611' title='bbox 708 5142 921 5198; x_wconf 89' lang='lat' dir='ltr'><strong>comitis</strong></span> <span class='ocrx_word' id='word_1_612' title='bbox 936 5141 1174 5207; x_wconf 87' lang='lat' dir='ltr'><strong>nuntios,</strong></span> <span class='ocrx_word' id='word_1_613' title='bbox 1191 5143 1333 5211; x_wconf 85' lang='lat' dir='ltr'><strong>quod</strong></span> <span class='ocrx_word' id='word_1_614' title='bbox 1348 5143 1416 5198; x_wconf 89' lang='lat' dir='ltr'><strong>ab</strong></span> <span class='ocrx_word' id='word_1_615' title='bbox 1433 5158 1497 5198; x_wconf 94' lang='lat' dir='ltr'><strong>eo</strong></span> <span class='ocrx_word' id='word_1_616' title='bbox 1513 5143 1650 5199; x_wconf 90' lang='lat' dir='ltr'><strong>male</strong></span> <span class='ocrx_word' id='word_1_617' title='bbox 1667 5144 1732 5198; x_wconf 89' lang='lat' dir='ltr'><strong>de</strong></span> <span class='ocrx_word' id='word_1_618' title='bbox 1748 5162 1864 5200; x_wconf 86' lang='lat' dir='ltr'><strong>mea</strong></span> <span class='ocrx_word' id='word_1_619' title='bbox 1885 5155 2085 5202; x_wconf 85' lang='lat' dir='ltr'><strong>tracta-</strong></span> 
     </span>
    </p>
   </div>
   <div class='ocr_carea' id='block_1_85' title="bbox 496 5235 2085 5308">
    <p class='ocr_par' dir='ltr' id='par_1_85' title="bbox 496 5235 2085 5308">
     <span class='ocr_line' id='line_1_85' title="bbox 496 5235 2085 5308; baseline -0.003 -11"><span class='ocrx_word' id='word_1_620' title='bbox 496 5241 660 5298; x_wconf 83' lang='lat' dir='ltr'><strong>batur</strong></span> <span class='ocrx_word' id='word_1_621' title='bbox 672 5237 994 5308; x_wconf 87' lang='lat' dir='ltr'><strong>perditione,</strong></span> <span class='ocrx_word' id='word_1_622' title='bbox 1013 5235 1209 5291; x_wconf 90' lang='lat' dir='ltr'><strong>iterum</strong></span> <span class='ocrx_word' id='word_1_623' title='bbox 1228 5236 1532 5306; x_wconf 87' lang='lat' dir='ltr'><strong>iterumque</strong></span> <span class='ocrx_word' id='word_1_624' title='bbox 1558 5237 1759 5291; x_wconf 88' lang='lat' dir='ltr'><strong>nuntiis</strong></span> <span class='ocrx_word' id='word_1_625' title='bbox 1780 5237 2085 5306; x_wconf 89' lang='lat' dir='ltr'><strong>bujusmodi</strong></span> 
     </span>
    </p>
   </div>
   <div class='ocr_carea' id='block_1_86' title="bbox 497 5328 2088 5396">
    <p class='ocr_par' dir='ltr' id='par_1_86' title="bbox 497 5328 2088 5396">
     <span class='ocr_line' id='line_1_86' title="bbox 497 5328 2088 5396; baseline -0.002 -9"><span class='ocrx_word' id='word_1_626' title='bbox 497 5332 813 5396; x_wconf 80' lang='lat' dir='ltr'><strong>pavefactus</strong></span> <span class='ocrx_word' id='word_1_627' title='bbox 831 5339 886 5387; x_wconf 89' lang='lat' dir='ltr'><strong>et</strong></span> <span class='ocrx_word' id='word_1_628' title='bbox 906 5330 1190 5396; x_wconf 86' lang='lat' dir='ltr'><strong>impulsus,</strong></span> <span class='ocrx_word' id='word_1_629' title='bbox 1207 5328 1383 5384; x_wconf 90' lang='lat' dir='ltr'><strong>locum</strong></span> <span class='ocrx_word' id='word_1_630' title='bbox 1402 5328 1634 5393; x_wconf 89' lang='lat' dir='ltr'><strong>deserui,</strong></span> <span class='ocrx_word' id='word_1_631' title='bbox 1651 5329 1836 5383; x_wconf 91' lang='lat' dir='ltr'><strong>etabdi</strong></span> <span class='ocrx_word' id='word_1_632' title='bbox 1845 5337 1895 5383; x_wconf 87' lang='lat' dir='ltr'><strong>ta</strong></span> <span class='ocrx_word' id='word_1_633' title='bbox 1918 5332 2088 5387; x_wconf 89' lang='lat' dir='ltr'><strong>lustra</strong></span> 
     </span>
    </p>
   </div>
   <div class='ocr_carea' id='block_1_87' title="bbox 2204 3220 3785 3296">
    <p class='ocr_par' dir='ltr' id='par_1_87' title="bbox 2204 3220 3785 3296">
     <span class='ocr_line' id='line_1_87' title="bbox 2204 3220 3785 3296; baseline -0.006 -16"><span class='ocrx_word' id='word_1_634' title='bbox 2204 3224 2391 3296; x_wconf 88' lang='lat' dir='ltr'><strong>Ibique</strong></span> <span class='ocrx_word' id='word_1_635' title='bbox 2417 3240 2506 3279; x_wconf 87' lang='lat' dir='ltr'><strong>res</strong></span> <span class='ocrx_word' id='word_1_636' title='bbox 2534 3224 2646 3279; x_wconf 88' lang='lat' dir='ltr'><strong>litis</strong></span> <span class='ocrx_word' id='word_1_637' title='bbox 2679 3224 2838 3295; x_wconf 90' lang='lat' dir='ltr'><strong>hujus</strong></span> <span class='ocrx_word' id='word_1_638' title='bbox 2863 3226 2930 3278; x_wconf 89' lang='lat' dir='ltr'><strong>ab</strong></span> <span class='ocrx_word' id='word_1_639' title='bbox 2950 3224 3217 3295; x_wconf 88' lang='lat' dir='ltr'><strong>episcopis</strong></span> <span class='ocrx_word' id='word_1_640' title='bbox 3258 3224 3514 3278; x_wconf 89' lang='lat' dir='ltr'><strong>auditur:</strong></span> <span class='ocrx_word' id='word_1_641' title='bbox 3548 3220 3785 3292; x_wconf 88' lang='lat' dir='ltr'><strong>protulit-</strong></span> 
     </span>
    </p>
   </div>
   <div class='ocr_carea' id='block_1_88' title="bbox 2206 3314 3782 3389">
    <p class='ocr_par' dir='ltr' id='par_1_88' title="bbox 2206 3314 3782 3389">
     <span class='ocr_line' id='line_1_88' title="bbox 2206 3314 3782 3389; baseline -0.008 -18"><span class='ocrx_word' id='word_1_642' title='bbox 2206 3331 2312 3389; x_wconf 80' lang='lat' dir='ltr'><strong>que</strong></span> <span class='ocrx_word' id='word_1_643' title='bbox 2346 3317 2554 3372; x_wconf 85' lang='lat' dir='ltr'><strong>litteras</strong></span> <span class='ocrx_word' id='word_1_644' title='bbox 2590 3315 2658 3371; x_wconf 84' lang='lat' dir='ltr'><strong>ad</strong></span> <span class='ocrx_word' id='word_1_645' title='bbox 2697 3316 2878 3371; x_wconf 88' lang='lat' dir='ltr'><strong>sedem</strong></span> <span class='ocrx_word' id='word_1_646' title='bbox 2923 3314 3246 3381; x_wconf 81' lang='lat' dir='ltr'><strong>Romanam,</strong></span> <span class='ocrx_word' id='word_1_647' title='bbox 3297 3314 3450 3384; x_wconf 90' lang='lat' dir='ltr'><strong>quasi</strong></span> <span class='ocrx_word' id='word_1_648' title='bbox 3499 3327 3569 3367; x_wconf 77' lang='lat' dir='ltr'><strong>ex</strong></span> <span class='ocrx_word' id='word_1_649' title='bbox 3620 3317 3782 3366; x_wconf 90' lang='lat' dir='ltr'><strong>nostra</strong></span> 
     </span>
    </p>
   </div>
   <div class='ocr_carea' id='block_1_89' title="bbox 2204 3404 3783 3481">
    <p class='ocr_par' dir='ltr' id='par_1_89' title="bbox 2204 3404 3783 3481">
     <span class='ocr_line' id='line_1_89' title="bbox 2204 3404 3783 3481; baseline -0.008 -17"><span class='ocrx_word' id='word_1_650' title='bbox 2204 3424 2432 3481; x_wconf 86' lang='lat' dir='ltr'><strong>persona</strong></span> <span class='ocrx_word' id='word_1_651' title='bbox 2469 3407 2640 3471; x_wconf 85' lang='lat' dir='ltr'><strong>datas,</strong></span> <span class='ocrx_word' id='word_1_652' title='bbox 2671 3405 3035 3461; x_wconf 81' lang='lat' dir='ltr'><strong>excusationis</strong></span> <span class='ocrx_word' id='word_1_653' title='bbox 3064 3419 3219 3472; x_wconf 66' lang='lat' dir='ltr'><strong>meae,</strong></span> <span class='ocrx_word' id='word_1_654' title='bbox 3267 3419 3332 3481; x_wconf 85' lang='lat' dir='ltr'><strong>ac</strong></span> <span class='ocrx_word' id='word_1_655' title='bbox 3371 3404 3416 3459; x_wconf 92' lang='lat' dir='ltr'><strong>si</strong></span> <span class='ocrx_word' id='word_1_656' title='bbox 3464 3404 3783 3457; x_wconf 87' lang='lat' dir='ltr'><strong>vacationem</strong></span> 
     </span>
    </p>
   </div>
   <div class='ocr_carea' id='block_1_90' title="bbox 2179 3487 3784 3572">
    <p class='ocr_par' dir='ltr' id='par_1_90' title="bbox 2179 3487 3784 3572">
     <span class='ocr_line' id='line_1_90' title="bbox 2179 3487 3784 3572; baseline -0.008 -17"><span class='ocrx_word' id='word_1_657' title='bbox 2179 3487 2451 3572; x_wconf 74' lang='lat' dir='ltr'><strong>petentes</strong></span> <span class='ocrx_word' id='word_1_658' title='bbox 2483 3496 2968 3554; x_wconf 88' lang='lat' dir='ltr'><strong>administrationis</strong></span> <span class='ocrx_word' id='word_1_659' title='bbox 3001 3496 3256 3566; x_wconf 86' lang='lat' dir='ltr'><strong>episcopii</strong></span> <span class='ocrx_word' id='word_1_660' title='bbox 3287 3493 3459 3550; x_wconf 77' lang='lat' dir='ltr'><strong>nos‘tri</strong></span> <span class='ocrx_word' id='word_1_661' title='bbox 3500 3511 3514 3547; x_wconf 91' lang='lat'><strong>:</strong></span> <span class='ocrx_word' id='word_1_662' title='bbox 3547 3506 3684 3563; x_wconf 88' lang='lat' dir='ltr'><strong>quas</strong></span> <span class='ocrx_word' id='word_1_663' title='bbox 3710 3504 3784 3543; x_wconf 80' lang='lat' dir='ltr'><strong>ine</strong></span> 
     </span>
    </p>
   </div>
   <div class='ocr_carea' id='block_1_91' title="bbox 2205 3585 3781 3664">
    <p class='ocr_par' dir='ltr' id='par_1_91' title="bbox 2205 3585 3781 3664">
     <span class='ocr_line' id='line_1_91' title="bbox 2205 3585 3781 3664; baseline -0.008 -16"><span class='ocrx_word' id='word_1_664' title='bbox 2205 3608 2478 3664; x_wconf 89' lang='lat' dir='ltr'><strong>nunquam</strong></span> <span class='ocrx_word' id='word_1_665' title='bbox 2508 3593 2772 3658; x_wconf 87' lang='lat' dir='ltr'><strong>dietasse,</strong></span> <span class='ocrx_word' id='word_1_666' title='bbox 2801 3604 2975 3660; x_wconf 91' lang='lat' dir='ltr'><strong>neque</strong></span> <span class='ocrx_word' id='word_1_667' title='bbox 3003 3589 3087 3644; x_wconf 88' lang='lat' dir='ltr'><strong>vel</strong></span> <span class='ocrx_word' id='word_1_668' title='bbox 3114 3586 3503 3644; x_wconf 87' lang='lat' dir='ltr'><strong>subscribendo</strong></span> <span class='ocrx_word' id='word_1_669' title='bbox 3531 3585 3781 3654; x_wconf 87' lang='lat' dir='ltr'><strong>aliquate-</strong></span> 
     </span>
    </p>
   </div>
   <div class='ocr_carea' id='block_1_92' title="bbox 2201 3685 3778 3754">
    <p class='ocr_par' dir='ltr' id='par_1_92' title="bbox 2201 3685 3778 3754">
     <span class='ocr_line' id='line_1_92' title="bbox 2201 3685 3778 3754; baseline -0.008 -14"><span class='ocrx_word' id='word_1_670' title='bbox 2201 3700 2305 3741; x_wconf 85' lang='lat' dir='ltr'><strong>nus</strong></span> <span class='ocrx_word' id='word_1_671' title='bbox 2332 3685 2716 3741; x_wconf 88' lang='lat' dir='ltr'><strong>corroborasse</strong></span> <span class='ocrx_word' id='word_1_672' title='bbox 2766 3690 3100 3754; x_wconf 83' lang='lat' dir='ltr'><strong>protestatus</strong></span> <span class='ocrx_word' id='word_1_673' title='bbox 3146 3696 3267 3738; x_wconf 91' lang='lat' dir='ltr'><strong>sum</strong></span> <span class='ocrx_word' id='word_1_674' title='bbox 3295 3691 3456 3750; x_wconf 91' lang='lat' dir='ltr'><strong>atque</strong></span> <span class='ocrx_word' id='word_1_675' title='bbox 3502 3686 3778 3750; x_wconf 84' lang='lat' dir='ltr'><strong>protestor.</strong></span> 
     </span>
    </p>
   </div>
   <div class='ocr_carea' id='block_1_93' title="bbox 2203 3772 3778 3848">
    <p class='ocr_par' dir='ltr' id='par_1_93' title="bbox 2203 3772 3778 3848">
     <span class='ocr_line' id='line_1_93' title="bbox 2203 3772 3778 3848; baseline -0.007 -15"><span class='ocrx_word' id='word_1_676' title='bbox 2203 3778 2271 3833; x_wconf 85' lang='lat' dir='ltr'><strong>Et</strong></span> <span class='ocrx_word' id='word_1_677' title='bbox 2298 3778 2424 3848; x_wconf 88' lang='lat' dir='ltr'><strong>quia</strong></span> <span class='ocrx_word' id='word_1_678' title='bbox 2456 3786 2581 3832; x_wconf 90' lang='lat' dir='ltr'><strong>tunc</strong></span> <span class='ocrx_word' id='word_1_679' title='bbox 2605 3777 2841 3848; x_wconf 86' lang='lat' dir='ltr'><strong>synodus</strong></span> <span class='ocrx_word' id='word_1_680' title='bbox 2863 3784 3155 3831; x_wconf 90' lang='lat' dir='ltr'><strong>convocata</strong></span> <span class='ocrx_word' id='word_1_681' title='bbox 3180 3789 3284 3828; x_wconf 91' lang='lat' dir='ltr'><strong>non</strong></span> <span class='ocrx_word' id='word_1_682' title='bbox 3313 3772 3488 3827; x_wconf 89' lang='lat' dir='ltr'><strong>fuerat</strong></span> <span class='ocrx_word' id='word_1_683' title='bbox 3519 3772 3598 3844; x_wconf 88' lang='lat' dir='ltr'><strong>(id</strong></span> <span class='ocrx_word' id='word_1_684' title='bbox 3628 3784 3778 3840; x_wconf 82' lang='lat' dir='ltr'><strong>oppo-</strong></span> 
     </span>
    </p>
   </div>
   <div class='ocr_carea' id='block_1_94' title="bbox 2201 3863 3777 3936">
    <p class='ocr_par' dir='ltr' id='par_1_94' title="bbox 2201 3863 3777 3936">
     <span class='ocr_line' id='line_1_94' title="bbox 2201 3863 3777 3936; baseline -0.009 -13"><span class='ocrx_word' id='word_1_685' title='bbox 2201 3868 2455 3923; x_wconf 90' lang='lat' dir='ltr'><strong>nentibus</strong></span> <span class='ocrx_word' id='word_1_686' title='bbox 2478 3865 2778 3922; x_wconf 83' lang='lat' dir='ltr'><strong>fautoribus</strong></span> <span class='ocrx_word' id='word_1_687' title='bbox 2802 3865 2968 3936; x_wconf 91' lang='lat' dir='ltr'><strong>ipsius</strong></span> <span class='ocrx_word' id='word_1_688' title='bbox 2993 3864 3254 3936; x_wconf 83' lang='lat' dir='ltr'><strong>Hugouis)</strong></span> <span class='ocrx_word' id='word_1_689' title='bbox 3294 3863 3580 3919; x_wconf 88' lang='lat' dir='ltr'><strong>altercatio</strong></span> <span class='ocrx_word' id='word_1_690' title='bbox 3612 3868 3777 3917; x_wconf 88' lang='lat' dir='ltr'><strong>nostra</strong></span> 
     </span>
    </p>
   </div>
   <div class='ocr_carea' id='block_1_95' title="bbox 2201 3954 3775 4037">
    <p class='ocr_par' dir='ltr' id='par_1_95' title="bbox 2201 3954 3775 4037">
     <span class='ocr_line' id='line_1_95' title="bbox 2201 3954 3775 4037; baseline -0.008 -21"><span class='ocrx_word' id='word_1_691' title='bbox 2201 3958 2548 4017; x_wconf 87' lang='lat' dir='ltr'><strong>determinari</strong></span> <span class='ocrx_word' id='word_1_692' title='bbox 2590 3972 2695 4013; x_wconf 90' lang='lat' dir='ltr'><strong>non</strong></span> <span class='ocrx_word' id='word_1_693' title='bbox 2733 3959 2928 4028; x_wconf 89' lang='lat' dir='ltr'><strong>potuit.</strong></span> <span class='ocrx_word' id='word_1_694' title='bbox 2969 3955 3219 4037; x_wconf 84' lang='lat' dir='ltr'><strong>Synodus</strong></span> <span class='ocrx_word' id='word_1_695' title='bbox 3259 3962 3437 4035; x_wconf 84' lang='lat' dir='ltr'><strong>autem</strong></span> <span class='ocrx_word' id='word_1_696' title='bbox 3482 3954 3632 4010; x_wconf 87' lang='lat' dir='ltr'><strong>circa</strong></span> <span class='ocrx_word' id='word_1_697' title='bbox 3679 3964 3775 4005; x_wconf 77' lang='lat' dir='ltr'><strong>ine-</strong></span> 
     </span>
    </p>
   </div>
   <div class='ocr_carea' id='block_1_96' title="bbox 2201 4045 3778 4112">
    <p class='ocr_par' dir='ltr' id='par_1_96' title="bbox 2201 4045 3778 4112">
     <span class='ocr_line' id='line_1_96' title="bbox 2201 4045 3778 4112; baseline -0.009 -5"><span class='ocrx_word' id='word_1_698' title='bbox 2201 4051 2349 4108; x_wconf 92' lang='lat' dir='ltr'><strong>dium</strong></span> <span class='ocrx_word' id='word_1_699' title='bbox 2378 4051 2580 4106; x_wconf 89' lang='lat' dir='ltr'><strong>mensis</strong></span> <span class='ocrx_word' id='word_1_700' title='bbox 2607 4049 2925 4105; x_wconf 86' lang='lat' dir='ltr'><strong>Novembris</strong></span> <span class='ocrx_word' id='word_1_701' title='bbox 2949 4046 3193 4103; x_wconf 90' lang='lat' dir='ltr'><strong>habenda</strong></span> <span class='ocrx_word' id='word_1_702' title='bbox 3242 4045 3466 4102; x_wconf 79' lang='lat' dir='ltr'><strong>Virduui</strong></span> <span class='ocrx_word' id='word_1_703' title='bbox 3516 4046 3778 4112; x_wconf 81' lang='lat' dir='ltr'><strong>utriusque</strong></span> 
     </span>
    </p>
   </div>
   <div class='ocr_carea' id='block_1_97' title="bbox 2199 4134 3777 4215">
    <p class='ocr_par' dir='ltr' id='par_1_97' title="bbox 2199 4134 3777 4215">
     <span class='ocr_line' id='line_1_97' title="bbox 2199 4134 3777 4215; baseline -0.008 -17"><span class='ocrx_word' id='word_1_704' title='bbox 2199 4143 2375 4215; x_wconf 89' lang='lat' dir='ltr'><strong>partis</strong></span> <span class='ocrx_word' id='word_1_705' title='bbox 2420 4142 2689 4213; x_wconf 86' lang='lat' dir='ltr'><strong>episcopis</strong></span> <span class='ocrx_word' id='word_1_706' title='bbox 2739 4140 3102 4195; x_wconf 88' lang='lat' dir='ltr'><strong>auuueutibus</strong></span> <span class='ocrx_word' id='word_1_707' title='bbox 3150 4138 3517 4193; x_wconf 91' lang='lat' dir='ltr'><strong>denuntiatur.</strong></span> <span class='ocrx_word' id='word_1_708' title='bbox 3577 4134 3777 4192; x_wconf 84' lang='lat' dir='ltr'><strong>Interim</strong></span> 
     </span>
    </p>
   </div>
   <div class='ocr_carea' id='block_1_98' title="bbox 2200 4224 3774 4301">
    <p class='ocr_par' dir='ltr' id='par_1_98' title="bbox 2200 4224 3774 4301">
     <span class='ocr_line' id='line_1_98' title="bbox 2200 4224 3774 4301; baseline -0.008 -14"><span class='ocrx_word' id='word_1_709' title='bbox 2200 4248 2331 4289; x_wconf 86' lang='lat' dir='ltr'><strong>vero</strong></span> <span class='ocrx_word' id='word_1_710' title='bbox 2357 4232 2513 4288; x_wconf 88' lang='lat' dir='ltr'><strong>sedes</strong></span> <span class='ocrx_word' id='word_1_711' title='bbox 2550 4231 2832 4287; x_wconf 74' lang='lat' dir='ltr'><strong>Bernensis</strong></span> <span class='ocrx_word' id='word_1_712' title='bbox 2855 4231 2988 4285; x_wconf 85' lang='lat' dir='ltr'><strong>mihi</strong></span> <span class='ocrx_word' id='word_1_713' title='bbox 3023 4229 3254 4301; x_wconf 84' lang='lat' dir='ltr'><strong>regenda</strong></span> <span class='ocrx_word' id='word_1_714' title='bbox 3286 4228 3631 4290; x_wconf 86' lang='lat' dir='ltr'><strong>decernitur;</strong></span> <span class='ocrx_word' id='word_1_715' title='bbox 3655 4224 3774 4280; x_wconf 86' lang='lat' dir='ltr'><strong>idem</strong></span> 
     </span>
    </p>
   </div>
   <div class='ocr_carea' id='block_1_99' title="bbox 2198 4315 3773 4395">
    <p class='ocr_par' dir='ltr' id='par_1_99' title="bbox 2198 4315 3773 4395">
     <span class='ocr_line' id='line_1_99' title="bbox 2198 4315 3773 4395; baseline -0.008 -16"><span class='ocrx_word' id='word_1_716' title='bbox 2198 4339 2330 4381; x_wconf 82' lang='lat' dir='ltr'><strong>vero</strong></span> <span class='ocrx_word' id='word_1_717' title='bbox 2355 4323 2507 4395; x_wconf 82' lang='lat' dir='ltr'><strong>Hugo</strong></span> <span class='ocrx_word' id='word_1_718' title='bbox 2536 4322 2757 4379; x_wconf 80' lang='lat' dir='ltr'><strong>Mosomi</strong></span> <span class='ocrx_word' id='word_1_719' title='bbox 2788 4322 3111 4377; x_wconf 89' lang='lat' dir='ltr'><strong>commorari</strong></span> <span class='ocrx_word' id='word_1_720' title='bbox 3144 4319 3493 4391; x_wconf 83' lang='lat' dir='ltr'><strong>permittitur.</strong></span> <span class='ocrx_word' id='word_1_721' title='bbox 3538 4316 3648 4372; x_wconf 84' lang='lat' dir='ltr'><strong>Nec</strong></span> <span class='ocrx_word' id='word_1_722' title='bbox 3673 4315 3773 4368; x_wconf 82' lang='lat' dir='ltr'><strong>lon-</strong></span> 
     </span>
    </p>
   </div>
   <div class='ocr_carea' id='block_1_100' title="bbox 2182 4400 3774 4485">
    <p class='ocr_par' dir='ltr' id='par_1_100' title="bbox 2182 4400 3774 4485">
     <span class='ocr_line' id='line_1_100' title="bbox 2182 4400 3774 4485; baseline -0.011 -16"><span class='ocrx_word' id='word_1_723' title='bbox 2182 4400 2187 4405; x_wconf 59' lang='grc'><em>’</em></span> <span class='ocrx_word' id='word_1_724' title='bbox 2199 4430 2348 4485; x_wconf 84' lang='lat' dir='ltr'><strong>gum,</strong></span> <span class='ocrx_word' id='word_1_725' title='bbox 2382 4414 2615 4469; x_wconf 90' lang='lat' dir='ltr'><strong>instante</strong></span> <span class='ocrx_word' id='word_1_726' title='bbox 2645 4412 2852 4469; x_wconf 89' lang='lat' dir='ltr'><strong>scilicet</strong></span> <span class='ocrx_word' id='word_1_727' title='bbox 2880 4409 3166 4465; x_wconf 65' lang='lat' dir='ltr'><strong>vindemiae</strong></span> <span class='ocrx_word' id='word_1_728' title='bbox 3196 4417 3457 4478; x_wconf 88' lang='lat' dir='ltr'><strong>tempore,</strong></span> <span class='ocrx_word' id='word_1_729' title='bbox 3489 4407 3582 4463; x_wconf 91' lang='lat' dir='ltr'><strong>hic</strong></span> <span class='ocrx_word' id='word_1_730' title='bbox 3612 4413 3774 4460; x_wconf 84' lang='lat' dir='ltr'><strong>noster</strong></span> 
     </span>
    </p>
   </div>
   <div class='ocr_carea' id='block_1_101' title="bbox 2197 4490 3774 4577">
    <p class='ocr_par' dir='ltr' id='par_1_101' title="bbox 2197 4490 3774 4577">
     <span class='ocr_line' id='line_1_101' title="bbox 2197 4490 3774 4577; baseline -0.01 -14"><span class='ocrx_word' id='word_1_731' title='bbox 2197 4509 2421 4563; x_wconf 63' lang='lat' dir='ltr'><strong>tumulus</strong></span> <span class='ocrx_word' id='word_1_732' title='bbox 2449 4505 2622 4577; x_wconf 79' lang='lat' dir='ltr'><strong>llugo,</strong></span> <span class='ocrx_word' id='word_1_733' title='bbox 2660 4517 2941 4559; x_wconf 91' lang='lat' dir='ltr'><strong>assumens</strong></span> <span class='ocrx_word' id='word_1_734' title='bbox 2987 4516 3170 4556; x_wconf 88' lang='lat' dir='ltr'><strong>secum</strong></span> <span class='ocrx_word' id='word_1_735' title='bbox 3227 4498 3599 4555; x_wconf 89' lang='lat' dir='ltr'><strong>Theobaldum</strong></span> <span class='ocrx_word' id='word_1_736' title='bbox 3652 4490 3774 4563; x_wconf 77' lang='lat' dir='ltr'><strong>regis</strong></span> 
     </span>
    </p>
   </div>
   <div class='ocr_carea' id='block_1_102' title="bbox 2196 4580 3772 4668">
    <p class='ocr_par' dir='ltr' id='par_1_102' title="bbox 2196 4580 3772 4668">
     <span class='ocr_line' id='line_1_102' title="bbox 2196 4580 3772 4668; baseline -0.011 -18"><span class='ocrx_word' id='word_1_737' title='bbox 2196 4596 2474 4651; x_wconf 90' lang='lat' dir='ltr'><strong>inimicum</strong></span> <span class='ocrx_word' id='word_1_738' title='bbox 2501 4603 2557 4651; x_wconf 91' lang='lat' dir='ltr'><strong>et</strong></span> <span class='ocrx_word' id='word_1_739' title='bbox 2583 4593 2734 4665; x_wconf 90' lang='lat' dir='ltr'><strong>regni</strong></span> <span class='ocrx_word' id='word_1_740' title='bbox 2763 4591 2952 4655; x_wconf 88' lang='lat' dir='ltr'><strong>nostri,</strong></span> <span class='ocrx_word' id='word_1_741' title='bbox 2985 4606 3109 4646; x_wconf 90' lang='lat' dir='ltr'><strong>cum</strong></span> <span class='ocrx_word' id='word_1_742' title='bbox 3141 4590 3262 4643; x_wconf 90' lang='lat' dir='ltr'><strong>aliis</strong></span> <span class='ocrx_word' id='word_1_743' title='bbox 3297 4586 3544 4668; x_wconf 83' lang='lat' dir='ltr'><strong>pluribus</strong></span> <span class='ocrx_word' id='word_1_744' title='bbox 3577 4580 3772 4639; x_wconf 86' lang='lat' dir='ltr'><strong>malefa-</strong></span> 
     </span>
    </p>
   </div>
   <div class='ocr_carea' id='block_1_103' title="bbox 2198 4678 3773 4751">
    <p class='ocr_par' dir='ltr' id='par_1_103' title="bbox 2198 4678 3773 4751">
     <span class='ocr_line' id='line_1_103' title="bbox 2198 4678 3773 4751; baseline -0.011 -8"><span class='ocrx_word' id='word_1_745' title='bbox 2198 4687 2483 4751; x_wconf 87' lang='lat' dir='ltr'><strong>ctoribus,</strong></span> <span class='ocrx_word' id='word_1_746' title='bbox 2545 4687 2600 4740; x_wconf 91' lang='lat' dir='ltr'><strong>in</strong></span> <span class='ocrx_word' id='word_1_747' title='bbox 2649 4683 2803 4739; x_wconf 90' lang='lat' dir='ltr'><strong>villas</strong></span> <span class='ocrx_word' id='word_1_748' title='bbox 2848 4681 3135 4737; x_wconf 70' lang='lat' dir='ltr'><strong>Bernensis</strong></span> <span class='ocrx_word' id='word_1_749' title='bbox 3189 4680 3445 4750; x_wconf 86' lang='lat' dir='ltr'><strong>episcopii</strong></span> <span class='ocrx_word' id='word_1_750' title='bbox 3510 4678 3773 4746; x_wconf 82' lang='lat' dir='ltr'><strong>contiguas</strong></span> 
     </span>
    </p>
   </div>
   <div class='ocr_carea' id='block_1_104' title="bbox 2198 4768 3772 4853">
    <p class='ocr_par' dir='ltr' id='par_1_104' title="bbox 2198 4768 3772 4853">
     <span class='ocr_line' id='line_1_104' title="bbox 2198 4768 3772 4853; baseline -0.012 -19"><span class='ocrx_word' id='word_1_751' title='bbox 2198 4777 2319 4834; x_wconf 91' lang='lat' dir='ltr'><strong>urbi</strong></span> <span class='ocrx_word' id='word_1_752' title='bbox 2348 4778 2582 4843; x_wconf 87' lang='lat' dir='ltr'><strong>devenit,</strong></span> <span class='ocrx_word' id='word_1_753' title='bbox 2618 4785 2673 4830; x_wconf 88' lang='lat' dir='ltr'><strong>et</strong></span> <span class='ocrx_word' id='word_1_754' title='bbox 2698 4791 2857 4830; x_wconf 84' lang='lat' dir='ltr'><strong>omne</strong></span> <span class='ocrx_word' id='word_1_755' title='bbox 2885 4790 3022 4843; x_wconf 81' lang='lat' dir='ltr'><strong>pene</strong></span> <span class='ocrx_word' id='word_1_756' title='bbox 3057 4774 3241 4826; x_wconf 89' lang='lat' dir='ltr'><strong>vinum</strong></span> <span class='ocrx_word' id='word_1_757' title='bbox 3291 4785 3354 4825; x_wconf 85' lang='lat' dir='ltr'><strong>ex</strong></span> <span class='ocrx_word' id='word_1_758' title='bbox 3403 4770 3490 4825; x_wconf 89' lang='lat' dir='ltr'><strong>his</strong></span> <span class='ocrx_word' id='word_1_759' title='bbox 3535 4768 3772 4853; x_wconf 71' lang='lat' dir='ltr'><strong>colligens</strong></span> 
     </span>
    </p>
   </div>
   <div class='ocr_carea' id='block_1_105' title="bbox 2197 4853 3770 4936">
    <p class='ocr_par' dir='ltr' id='par_1_105' title="bbox 2197 4853 3770 4936">
     <span class='ocr_line' id='line_1_105' title="bbox 2197 4853 3770 4936; baseline -0.011 -12"><span class='ocrx_word' id='word_1_760' title='bbox 2197 4871 2251 4924; x_wconf 89' lang='lat' dir='ltr'><strong>in</strong></span> <span class='ocrx_word' id='word_1_761' title='bbox 2273 4869 2516 4923; x_wconf 83' lang='lat' dir='ltr'><strong>diversos</strong></span> <span class='ocrx_word' id='word_1_762' title='bbox 2544 4882 2707 4936; x_wconf 86' lang='lat' dir='ltr'><strong>pagus</strong></span> <span class='ocrx_word' id='word_1_763' title='bbox 2729 4866 2920 4920; x_wconf 91' lang='lat' dir='ltr'><strong>abduci</strong></span> <span class='ocrx_word' id='word_1_764' title='bbox 2948 4865 3093 4919; x_wconf 87' lang='lat' dir='ltr'><strong>fecit.</strong></span> <span class='ocrx_word' id='word_1_765' title='bbox 3136 4863 3272 4917; x_wconf 88' lang='lat' dir='ltr'><strong>Tum</strong></span> <span class='ocrx_word' id='word_1_766' title='bbox 3301 4860 3468 4916; x_wconf 88' lang='lat' dir='ltr'><strong>multa</strong></span> <span class='ocrx_word' id='word_1_767' title='bbox 3493 4859 3633 4913; x_wconf 90' lang='lat' dir='ltr'><strong>mala</strong></span> <span class='ocrx_word' id='word_1_768' title='bbox 3662 4853 3770 4910; x_wconf 84' lang='lat' dir='ltr'><strong>inibl</strong></span> 
     </span>
    </p>
   </div>
   <div class='ocr_carea' id='block_1_106' title="bbox 2196 4946 3769 5047">
    <p class='ocr_par' dir='ltr' id='par_1_106' title="bbox 2196 4946 3769 5047">
     <span class='ocr_line' id='line_1_106' title="bbox 2196 4946 3769 5047; baseline -0.008 -32"><span class='ocrx_word' id='word_1_769' title='bbox 2196 4946 2522 5033; x_wconf 79' lang='lat' dir='ltr'><strong>perpetrata,</strong></span> <span class='ocrx_word' id='word_1_770' title='bbox 2554 4968 2606 5012; x_wconf 89' lang='lat' dir='ltr'><strong>et</strong></span> <span class='ocrx_word' id='word_1_771' title='bbox 2631 4958 2872 5013; x_wconf 76' lang='lat' dir='ltr'><strong>ecclesia:</strong></span> <span class='ocrx_word' id='word_1_772' title='bbox 2898 4965 3096 5011; x_wconf 70' lang='lat' dir='ltr'><strong>nostrae</strong></span> <span class='ocrx_word' id='word_1_773' title='bbox 3124 4956 3369 5010; x_wconf 82' lang='lat' dir='ltr'><strong>homines</strong></span> <span class='ocrx_word' id='word_1_774' title='bbox 3394 4952 3592 5022; x_wconf 90' lang='lat' dir='ltr'><strong>captivi</strong></span> <span class='ocrx_word' id='word_1_775' title='bbox 3622 4947 3769 5047; x_wconf 76' lang='lat' dir='ltr'><strong>abdu—</strong></span> 
     </span>
    </p>
   </div>
   <div class='ocr_carea' id='block_1_107' title="bbox 2196 5046 3768 5121">
    <p class='ocr_par' dir='ltr' id='par_1_107' title="bbox 2196 5046 3768 5121">
     <span class='ocr_line' id='line_1_107' title="bbox 2196 5046 3768 5121; baseline -0.011 -11"><span class='ocrx_word' id='word_1_776' title='bbox 2196 5054 2290 5121; x_wconf 90' lang='lat' dir='ltr'><strong>cti,</strong></span> <span class='ocrx_word' id='word_1_777' title='bbox 2334 5061 2389 5109; x_wconf 91' lang='lat' dir='ltr'><strong>et</strong></span> <span class='ocrx_word' id='word_1_778' title='bbox 2417 5053 2483 5108; x_wconf 90' lang='lat' dir='ltr'><strong>ad</strong></span> <span class='ocrx_word' id='word_1_779' title='bbox 2510 5052 2933 5121; x_wconf 88' lang='lat' dir='ltr'><strong>redemptionem</strong></span> <span class='ocrx_word' id='word_1_780' title='bbox 2959 5050 3126 5104; x_wconf 87' lang='lat' dir='ltr'><strong>variis</strong></span> <span class='ocrx_word' id='word_1_781' title='bbox 3148 5057 3274 5103; x_wconf 90' lang='lat' dir='ltr'><strong>sunt</strong></span> <span class='ocrx_word' id='word_1_782' title='bbox 3300 5046 3476 5101; x_wconf 85' lang='lat' dir='ltr'><strong>adacti</strong></span> <span class='ocrx_word' id='word_1_783' title='bbox 3511 5046 3768 5099; x_wconf 75' lang='lat' dir='ltr'><strong>tormentis</strong></span> 
     </span>
    </p>
   </div>
   <div class='ocr_carea' id='block_1_108' title="bbox 2199 5129 3767 5218">
    <p class='ocr_par' dir='ltr' id='par_1_108' title="bbox 2199 5129 3767 5218">
     <span class='ocr_line' id='line_1_108' title="bbox 2199 5129 3767 5218; baseline -0.009 -18"><span class='ocrx_word' id='word_1_784' title='bbox 2199 5132 2405 5218; x_wconf 77' lang='lat' dir='ltr'><strong>(supra,</strong></span> <span class='ocrx_word' id='word_1_785' title='bbox 2434 5163 2482 5199; x_wconf 87' lang='lat' dir='ltr'><strong>c.</strong></span> <span class='ocrx_word' id='word_1_786' title='bbox 2508 5143 2618 5213; x_wconf 66' lang='grc'><strong>54).</strong></span> <span class='ocrx_word' id='word_1_787' title='bbox 2657 5142 2906 5214; x_wconf 86' lang='lat' dir='ltr'><strong>Synodus</strong></span> <span class='ocrx_word' id='word_1_788' title='bbox 2945 5150 3127 5195; x_wconf 89' lang='lat' dir='ltr'><strong>autem</strong></span> <span class='ocrx_word' id='word_1_789' title='bbox 3155 5140 3297 5195; x_wconf 90' lang='lat' dir='ltr'><strong>circa</strong></span> <span class='ocrx_word' id='word_1_790' title='bbox 3327 5136 3563 5192; x_wconf 88' lang='lat' dir='ltr'><strong>medium</strong></span> <span class='ocrx_word' id='word_1_791' title='bbox 3589 5129 3767 5188; x_wconf 70' lang='lat' dir='ltr'><strong>mensis</strong></span> 
     </span>
    </p>
   </div>
   <div class='ocr_carea' id='block_1_109' title="bbox 2199 5225 3766 5317">
    <p class='ocr_par' dir='ltr' id='par_1_109' title="bbox 2199 5225 3766 5317">
     <span class='ocr_line' id='line_1_109' title="bbox 2199 5225 3766 5317; baseline -0.011 -22"><span class='ocrx_word' id='word_1_792' title='bbox 2199 5238 2532 5300; x_wconf 88' lang='lat' dir='ltr'><strong>denuntiata,</strong></span> <span class='ocrx_word' id='word_1_793' title='bbox 2583 5235 2803 5289; x_wconf 82' lang='lat' dir='ltr'><strong>Virduni</strong></span> <span class='ocrx_word' id='word_1_794' title='bbox 2832 5233 3155 5297; x_wconf 86' lang='lat' dir='ltr'><strong>celebratur,</strong></span> <span class='ocrx_word' id='word_1_795' title='bbox 3182 5228 3502 5301; x_wconf 65' lang='lat' dir='ltr'><strong>praesidente</strong></span> <span class='ocrx_word' id='word_1_796' title='bbox 3531 5225 3766 5317; x_wconf 39' lang='lat' dir='ltr'><strong>{temeti-0</strong></span> 
     </span>
    </p>
   </div>
   <div class='ocr_carea' id='block_1_110' title="bbox 2198 5314 3765 5396">
    <p class='ocr_par' dir='ltr' id='par_1_110' title="bbox 2198 5314 3765 5396">
     <span class='ocr_line' id='line_1_110' title="bbox 2198 5314 3765 5396; baseline -0.008 -14"><span class='ocrx_word' id='word_1_797' title='bbox 2198 5328 2413 5396; x_wconf 84' lang='lat' dir='ltr'><strong>presule</strong></span> <span class='ocrx_word' id='word_1_798' title='bbox 2458 5324 2793 5382; x_wconf 84' lang='lat' dir='ltr'><strong>Trevirensi,</strong></span> <span class='ocrx_word' id='word_1_799' title='bbox 2824 5331 3094 5393; x_wconf 79' lang='lat' dir='ltr'><strong>praecepto</strong></span> <span class='ocrx_word' id='word_1_800' title='bbox 3122 5320 3301 5376; x_wconf 92' lang='lat' dir='ltr'><strong>domui</strong></span> <span class='ocrx_word' id='word_1_801' title='bbox 3345 5332 3495 5387; x_wconf 61' lang='lat' dir='ltr'><strong>papa</strong></span> <span class='ocrx_word' id='word_1_802' title='bbox 3538 5314 3765 5370; x_wconf 69' lang='lat' dir='ltr'><strong>Romani.</strong></span> 
     </span>
    </p>
   </div>
  </div>
