3904 5396
238 258 347 317 309

820 259 1163 319 IIIS'I‘ORIE
1205 260 1558 320 ECCLESIAE
1597 260 1941 319 REMENSIS
1979 260 2157 318 LIBIii
2192 259 2547 330 QUATUOB'.
2586 297 2653 305 —
2692 263 2818 318 LIB.
2861 263 2977 345 IV.

3386 263 3494 321 5:0

238 379 295 427 ct
321 368 571 435 Gozlino,
601 371 788 429 venire
816 374 1155 445 contempsit.
1204 373 1467 431 Universa
1505 389 1635 430 vero
1664 388 1826 446 syno-
1849 380 1897 439 Α
1926 387 2047 429 sees
2071 374 2326 444 episcOpi,
2353 377 2566 431 easdem
2595 378 2796 433 litteras
2836 378 2902 432 ad
2927 378 3106 434 sedem
3134 378 3498 449 delegaverint

182 524 189 535 ‘
239 460 341 513 dus
378 460 512 526 mihi
545 460 814 519 Remeuse
852 464 1151 534 regendum
1193 465 1435 520 decernit
1470 463 1821 534 episcopium.

236 548 604 625 lndiciturque
629 557 819 613 iterum
843 558 1080 630 synodus
1099 558 1341 614 habenda
1360 558 1449 614 die
1471 559 1656 613 Iduum
1677 573 1825 611 men-

236 643 316 696 sis
348 640 630 710 Januarii,
668 662 787 716 quae
827 658 884 703 et
930 658 1250 719 aggregatur
1277 687 1295 713 ,
1344 657 1399 702 ut
1451 648 1822 703 denuntiatum

237 733 465 801 fuerat,
522 737 577 792 in
623 737 850 794 ecclesia
900 740 1072 794 sancti
1123 739 1265 794 Petri
1318 748 1443 792 ante
1481 745 1823 807 pmSpectum

235 826 407 879 castri
461 826 709 894 Mosomi,
756 845 786 884 a
829 831 1027 885 domno
1074 830 1337 886 Rutberto
1380 827 1823 884 convenientibus

233 917 457 971 cznteris
485 934 695 988 quoque
736 919 1072 977 Trevirensis
1113 922 1407 978 ditcceseos
1443 920 1732 991 episcopis,
1767 928 1824 975 et

236 1008 510 1079 aliquibus
537 1011 832 1068 Remensis.
872 1011 1106 1070 Veniens
1131 1022 1307 1069 autem
1335 1011 1458 1068 illuc
1476 1012 1700 1068 aemulus
1726 1026 1825 1067 no-

235 1109 354 1156 ster
381 1100 556 1173 ungo,
583 1113 641 1158 et
662 1104 870 1160 locutus
897 1121 1017 1160 cum
1048 1106 1247 1161 domno
1276 1104 1537 1160 Rmberto
1560 1103 1822 1175 synodum

236 1190 411 1245 noluit
433 1192 671 1261 ingredi;
698 1195 907 1251 litteras
938 1209 1065 1250 vero
1087 1195 1239 1265 quasi
1277 1210 1341 1250 ex
1391 1194 1606 1248 nomine
1638 1192 1822 1248 domui

235 1296 387 1352 papae
421 1284 619 1338 direxit
649 1283 717 1338 ad
756 1286 1038 1354 episcopos
1080 1300 1175 1355 per
1216 1284 1469 1340 clericum
1508 1299 1685 1348 suum,
1730 1281 1824 1353 qui

234 1388 331 1429 eas
354 1374 525 1429 Roma
555 1376 809 1431 detulisse
829 1378 1121 1441 ferebatur,
1146 1376 1278 1431 nihil
1302 1375 1645 1431 auctoritatis
1664 1389 1825 1429 cano-

235 1464 374 1520 nica:
403 1466 764 1532 continentes,
810 1467 905 1522 sed
945 1467 1046 1522 hoc
1090 1477 1293 1522 tantum
1339 1467 1735 1537 prazcipientcs,
1765 1472 1828 1520 ut

235 1554 445 1627 iiugoni
478 1554 744 1613 Remense
767 1557 1079 1612 redderetur
1101 1557 1455 1627 episcopium.
1495 1555 1702 1623 Quibus
1733 1569 1824 1610 re-

233 1647 418 1702 citatis
445 1648 691 1704 ineuntes
730 1649 965 1720 episcopi
1001 1650 1284 1705 consilium
1312 1666 1434 1705 cum
1464 1650 1749 1705 abbatibus
1769 1655 1824 1720 et

1922 465 2297 533 apostolicam,
2326 480 2425 533 pro
2455 468 2842 523 restauratione
2869 467 3107 539 Hugonis
3146 470 3198 523 in
3239 471 3365 525 sede
3393 470 3498 527 Re-

1921 556 2115 620 mensi,
2136 565 2194 609 et
2210 556 2525 625 expulsione
2544 557 2769 612 Artoldi.
2795 558 2923 615 Post
2943 575 3167 629 quarum
3190 560 3496 630 lectionem,

1919 656 2271 714 exsurgentes
2315 647 2569 703 Artoldus
2612 649 2825 719 praesul,
2864 659 2920 704 et
2962 650 3215 720 praefatus
3239 651 3499 707 Roduli‘us

1918 736 2012 806 qui
2061 737 2112 791 in
2152 737 2356 791 eisdem
2397 737 2592 792 litteris
2629 738 3026 804 nominabatur,
3060 739 3344 796 Fulbcrtus
3366 757 3503 810 quo-

1919 843 2028 899 que
2060 828 2470 887 Cameracensis
2511 832 2736 887 antistes
2777 846 2870 886 eas
2908 832 3116 903 litteras
3156 834 3498 900 refutarunt,

1919 930 2224 978 astruentes
2248 924 2390 991 quod
2418 937 2512 977 eas
2539 931 2694 978 antea
2727 938 2997 992 nunquam
3028 924 3261 979 viderint
3294 924 3377 980 vel
3406 940 3503 979 au-

1918 1007 2138 1075 dierint,
2166 1026 2339 1079 neque
2376 1012 2431 1066 in
2459 1026 2645 1067 earum
2671 1012 3003 1083 delegatione
3027 1028 3344 1070 consensum
3366 1031 3503 1084 pra:-

1921 1099 2160 1156 bueriut.
2201 1102 2407 1170 Quibus
2444 1104 2568 1158 dum
2614 1105 2755 1159 idem
2803 1105 3034 1161 clericus
3077 1108 3348 1162 contraire
3393 1123 3501 1162 non

1922 1200 2118 1262 posset,
2153 1192 2280 1247 licet
2316 1193 2368 1248 in
2408 1207 2503 1249 eos
2528 1194 2815 1250 calumniis
2856 1194 3204 1266 obstrepens,
3248 1198 3505 1272 praecepit

1921 1282 2152 1338 domnus
2178 1281 2442 1350 Marinus,
2467 1299 2759 1357 suggerens
2789 1285 3051 1341 universa:
3070 1289 3297 1356 synodo,
3319 1298 3378 1342 ut
3402 1290 3501 1344 sibi
3588 1293 3594 1299 ’

1922 1370 2205 1427 consilium
2226 1381 2282 1426 et
2306 1381 2510 1429 rectum
2526 1373 2785 1443 judicium
2812 1373 3113 1444 proferrent
3139 1392 3301 1447 super
3322 1377 3505 1446 hujus-

1924 1462 2071 1518 ntodi
2099 1462 2513 1532 calumniatore,
2535 1474 2590 1522 et
2618 1463 3006 1522 calumniarum
3034 1464 3087 1520 in
3116 1468 3393 1538 episcopos
3413 1470 3508 1524 dc-

1923 1555 2119 1611 latore.

1994 1647 2064 1701 At
2108 1645 2206 1712 illi,
2243 1657 2527 1721 postquam
2571 1650 2776 1709 delator
2818 1655 3029 1726 publice
3071 1653 3380 1711 confutatus
3422 1667 3505 1710 est

233 1742 448 1797 ceteris
495 1743 584 1811 qui
634 1718 859 1799 aderant
893 1718 1243 1813 sapientibus,
1282 1742 1671 1812 responderunt
1714 1718 1818 1798 non
1850 1739 1895 1797 Β
1924 1736 2056 1792 falsa
2081 1718 2352 1804 detulisse,
2381 1718 2536 1796 iectis
2557 1742 2806 1813 capitulis
2820 1718 2892 1800 de
2915 1744 3279 1814 hujuscemodi
3302 1744 3503 1799 calum-

230 1849 352 1889 esse
382 1834 609 1904 dignum
635 1835 722 1889 vel
757 1849 1079 1905 congruum,
1107 1843 1166 1888 ttt
1192 1836 1504 1888 mandatum
1544 1833 1826 1904 legationis

135 1922 140 1924 ⁷
232 1924 545 1994 apostolica:
577 1965 595 1990 ,
645 1939 806 1993 quam
859 1925 1058 1979 dudum
1114 1923 1405 1980 Rothertus
1462 1925 1825 1994 archiepisco-

230 2036 355 2089 pus,
382 2014 661 2075 dtfcrcnte
692 2014 978 2070 Frederico
1001 2016 1232 2085 prmsule
1258 2015 1698 2086 hlagontiacensi,
1729 2031 1823 2071 co-

230 2128 346 2167 ram
375 2115 595 2183 regibus
614 2125 667 2167 et
691 2108 955 2183 episcopis
981 2119 1088 2169 tam
1113 2107 1298 2164 Galliae
1337 2125 1500 2179 quam
1522 2109 1826 2165 Germania!

232 2213 565 2273 susceperat.
592 2215 644 2259 et
675 2214 880 2274 partem
903 2206 1013 2275 jam
1044 2201 1415 2277 praeceptionis
1444 2201 1612 2275 ipsius
1632 2216 1826 2272 exege-

234 2304 335 2358 rat,
352 2305 578 2365 propter
596 2294 712 2350 illas
732 2297 938 2351 litteras
960 2296 1361 2361 intermitteret,
1382 2313 1519 2368 quas
1539 2293 1827 2352 insidiator

233 2398 420 2443 noster
457 2388 749 2446 exhibebat
789 2408 802 2444 :
849 2391 958 2445 imo
1003 2390 1144 2461 quod
1204 2391 1528 2462 regulariter
1582 2398 1821 2462 emptum

235 2478 431 2545 fuerat,
471 2487 531 2533 ut
564 2480 823 2534 canonice
861 2488 1301 2549 pertractaretur,
1341 2481 1668 2536 unanimiter
1691 2497 1825 2536 cen-

232 2579 393 2635 sent;
428 2570 845 2640 praecipiturque
871 2571 1086 2627 recitari
1112 2570 1406 2641 capitulum
1432 2572 1826 2643 Cartliaginen-

236 2661 311 2715 sis
337 2660 556 2715 concilii
586 2676 787 2716 nonum
817 2660 1106 2726 decimum,
1142 2661 1210 2717 de
1237 2670 1490 2716 accusato
1518 2670 1573 2717 et
1602 2676 1826 2717 accusa-

236 2762 374 2806 tore.
401 2752 520 2818 Quo
550 2753 804 2817 recitato,
842 2751 1139 2822 judicatum
1167 2763 1249 2808 est
1272 2753 1425 2824 juxta
1454 2753 1823 2809 deﬁnitionem

238 2842 408 2911 ipsius
439 2843 681 2912 capituli,
723 2852 782 2897 ut
824 2844 1257 2899 communionem
1296 2852 1351 2898 et
1377 2844 1690 2914 parochiam
1721 2844 1827 2899 Re-

212 2949 482 2988 -tuensem
515 2949 601 2988 me
625 2935 914 3001 retinente,
941 2936 1115 3007 Hugo,
1134 2936 1229 3005 qui
1254 2936 1397 3009 [ms.,
1426 2935 1574 3009 quia]
1602 2937 1669 2992 ad
1693 2938 1826 2992 duas

229 3021 344 3092 jam
371 3024 605 3093 synodos
625 3009 877 3080 evocatus
905 3025 1166 3082 interesse
1185 3034 1601 3097 contempserat,
1626 3042 1657 3081 a
1680 3042 1827 3083 com-

1927 1827 2248 1893 niatoribus,
2271 1828 2514 1899 judicant
2538 1840 2594 1887 et
2622 1834 2950 1890 unanimiter
2977 1843 3200 1892 censent
3229 1851 3375 1900 eum,
3399 1850 3506 1905 quo

1923 1916 2207 1973 fruebatur
2244 1919 2449 1975 honore
2476 1920 2677 1991 privari
2707 1923 2926 1990 debere,
2955 1938 3019 1979 ac
3045 1924 3337 1979 secundum
3362 1925 3508 1995 capi-

1924 2011 2157 2072 tulorum
2186 2019 2427 2067 tenorem
2453 2013 2508 2068 in
2537 2014 2785 2070 exsilium
2814 2016 3040 2077 retrudi.
3067 2016 3391 2072 Diaconatus
3412 2016 3510 2087 igi-

1926 2110 2012 2156 tur
2044 2117 2152 2173 quo
2179 2101 2503 2173 fungebatur
2527 2104 2828 2161 ministerio
2856 2105 3133 2172 multatus,
3164 2122 3192 2161 a
3218 2117 3508 2177 conspectu

1924 2193 2115 2263 synodi
2159 2195 2478 2261 reprobatus
2514 2195 2795 2251 abscessit.
2843 2196 3068 2253 Artoldo
3096 2213 3224 2254 vero
3258 2198 3470 2269 praesuli
3493 2240 3507 2260 .

1924 2284 2015 2352 qui
2046 2284 2297 2338 omnibus
2325 2299 2384 2338 se
2410 2286 2629 2356 synodis
2668 2295 2987 2357 praesentem
3026 2289 3375 2354 exhibuerat,
3404 2306 3509 2345 nou

1925 2375 2198 2454 rcftgiens
2245 2376 2502 2447 synodale
2543 2375 2832 2447 judicium,
2875 2380 3203 2449 episcopium
3246 2381 3511 2438 Remeuse

1919 2474 2072 2545 juxta
2100 2488 2371 2529 canonum
2400 2469 2645 2530 instituta
2674 2480 2990 2531 sanctorum
3024 2468 3242 2525 Patrum
3269 2471 3508 2534 decreta.

1924 2565 2144 2619 omnino
2183 2565 2522 2620 retinendum
2554 2574 2717 2637 atque
2745 2562 3137 2637 disponendum
3178 2562 3508 2627 decernunt.

1923 2654 2165 2720 laudant,
2214 2665 2377 2726 atque
2425 2656 2799 2711 corroborant.
2853 2656 3098 2712 Secunda
3148 2647 3511 2712 consesSiottia

1925 2744 2035 2809 die,
2088 2752 2214 2815 post
2260 2745 2516 2800 recitatas
2552 2746 2748 2801 divina:
2782 2746 3121 2802 auctoritatis
3159 2746 3414 2802 lectiones
3457 2761 3513 2800 et

1927 2835 2116 2891 Marini
2145 2835 2334 2892 vicarii
2375 2836 2785 2902 allocutionem,
2818 2839 3083 2909 suggessit
3111 2840 3340 2895 domnus
3376 2839 3511 2894 itot-

1925 2926 2140 2993 bertus,
2171 2926 2511 2984 Trevirensis
2534 2929 2990 3000 archiepiscopus,
3013 2942 3071 2986 ut
3089 2930 3338 3001 quoniam
3354 2929 3512 3001 juxta

1929 3034 2102 3075 sacrae
2139 3019 2273 3090 legis
2316 3020 2585 3087 instituta,
2628 3021 2935 3076 restitutum
2965 3031 3126 3092 atque
3152 3032 3509 3081 restauratum

240 3114 495 3169 munione
522 3123 578 3168 et
602 3115 863 3185 regimine
894 3114 1176 3171 Ilemcnsis
1201 3093 1453 3187 cpiscopii
1497 3119 1827 3188 abstineret,
1855 3093 1900 3158 ο
1931 3110 2107 3167 fuerat
2142 3112 2410 3170 Remel!“
2433 3114 2652 3170 Ατιοιάο
2675 3114 2886 3186 Imm!“
2908 3115 3258 3188 episcopium:
3290 3114 3342 3168 iﬂ
3372 3113 3516 3183 eius‘

240 3205 411 3259 donec
438 3204 507 3258 ad
546 3205 905 3260 universalem
947 3207 1243 3277 synodum,
1291 3223 1413 3277 quae
1456 3207 1824 3279 indicebatur,

239 3310 361 3351 sese
409 3306 734 3368 purgaturus
752 3338 769 3362 ,
795 3299 878 3353 vel
904 3300 1171 3356 rationem
1201 3301 1509 3356 redditurus
1532 3313 1832 3373 praesenta-

239 3392 341 3438 ret.
375 3383 663 3454 Ipsumque
697 3386 988 3455 capitulum
1026 3402 1149 3442 mox
1178 3388 1231 3443 in
1259 3388 1444 3444 charta
1472 3392 1707 3463 episc0pi
1738 3408 1831 3449 co-

241 3488 357 3526 ram
406 3488 469 3527 se
508 3472 739 3530 describi
770 3473 1043 3542 iecerunt,
1071 3478 1448 3535 subnectentes
1491 3482 1631 3536 hanc
1665 3482 1826 3537 etiam

212 3565 608 3619 .detinitionem
638 3582 815 3635 suam,
859 3576 918 3623 et
957 3569 1132 3624 eidem
1160 3570 1367 3641 Ilugoni
1399 3572 1679 3628 miserunt.
1724 3574 1828 3642 Qui

241 3667 363 3725 post
392 3656 618 3711 alteram
652 3657 794 3713 diem
825 3659 1071 3713 chartam
1113 3668 1358 3715 eamdem
1394 3660 1657 3718 Rotberto
1693 3678 1830 3734 prte-

240 3746 341 3801 snli
391 3747 620 3809 remisit,
665 3747 765 3803 hoc
797 3748 976 3805 verbis
1011 3752 1372 3808 remandans:
1411 3753 1553 3822 quod
1589 3754 1829 3823 ipsorum

235 3839 442 3909 judicio
473 3853 808 3910 nequaquam
835 3840 1146 3896 obediturus
1170 3850 1333 3897 esset.
1352 3842 1829 3913 Sicqueabsoluto

242 3931 493 3996 concilio,
530 3933 642 4002 ipse
677 3931 972 3987 Mosomum
1014 3941 1204 3995 contra
1250 3935 1503 3990 mandata
1551 3951 1734 4007 regum
1774 3946 1831 3993 et

243 4024 623 4095 epiScoporum
662 4026 874 4089 retinet,
913 4034 970 4079 et
1008 4041 1108 4095 ego
1135 4025 1333 4082 Remos
1358 4042 1636 4096 regressus
1660 4028 1833 4084 recla-

244 4116 500 4172 matiouis
550 4131 686 4171 mea:
732 4116 983 4186 querelas
1033 4117 1100 4172 ad
1153 4120 1334 4172 sedem
1389 4118 1687 4174 Romanam
1736 4134 1835 4190 per

243 4205 450 4277 legatos
495 4206 676 4261 domui
723 4207 865 4278 regis
906 4206 1133 4263 Othonis
1173 4207 1468 4273 destinavi,
1516 4209 1835 4280 praestolans

224 4297 504 4369 .mandata
549 4296 719 4364 ipsius
753 4306 954 4353 sanctae
998 4298 1177 4363 sedis,
1208 4296 1322 4366 ejus
1362 4297 1595 4354 decretis
1632 4309 1688 4355 et
1714 4300 1835 4355 uni-

227 4388 485 4443 .versalis.
517 4386 675 4457 hujus
718 4388 890 4443 sancti
926 4388 1139 4445 concilii
1174 4388 1341 4444 vestri
1376 4387 1595 4457 judiciis
1637 4405 1830 4461 parere

246 4488 486 4548 paratus.
1296 4498 1299 4501 ·

312 4568 439 4624 Post
487 4584 719 4638 quarum
766 4568 1065 4625 litterarum
1114 4571 1521 4637 recitationem,
1561 4578 1619 4626 et
1643 4585 1833 4626 eamm

245 4673 462 4731 propter
488 4678 645 4733 reges
675 4660 828 4731 juxta
851 4662 1231 4717 Tltudesticam
1260 4661 1405 4735 [ms.,
1436 4663 1787 4718 Teutonicam
1814 4679 1828 4727 ;

240 4750 287 4821 j,
334 4751 709 4823 Theotiscam]
736 4753 971 4823 linguam
1009 4752 1529 4822 interpretationem,
1561 4753 1837 4823 ingressus

245 4843 467 4910 quidam
494 4842 838 4913 Sigehaldus,
870 4843 1128 4913 praemissi
1161 4842 1401 4913 Hugouis
1427 4844 1676 4909 clericus,
1701 4851 1838 4897 attu-

245 4931 299 4986 lit
322 4934 531 4989 litteras
555 4947 703 5002 quas.
722 4931 892 4987 Roma
917 4932 1203 4998 detulerat,
1238 4949 1482 5004 quasque
1501 4935 1612 5003 jam
1646 4935 1699 4989 in
1730 4932 1836 4987 alia

247 5023 451 5093 synodo
482 5022 710 5077 Mosomi
736 5020 1127 5090 propalaverat.
1156 5024 1418 5109 Asserens
1447 5025 1666 5080 easdem
1693 5023 1838 5077 litte-

1073 5114 1250 5136 -.Ι......ι
1284 5112 1481 5136 11η-Ξ..-
1505 5115 1703 5136 -.ε--..2,ι
1741 5112 1799 5136 Δ..

361 5113 461 5136 -21-Ξ
490 5111 675 5136 0-.-...
711 5112 776 5136 ..1.
807 5111 920 5136 ﬁn”-
957 5113 1043 5136 ηυξ

1931 3204 2054 3260 dem
2083 3205 2225 3261 sedis
2249 3205 2555 3261 invasorem
2586 3207 2841 3278 synodale
2861 3216 3206 3278 perageretur
3229 3205 3510 3275 judicium.

1931 3294 2194 3366 Praecepit
2221 3297 2406 3368 itaque
2434 3296 2672 3354 Marinus
2691 3299 2958 3363 vicarius,
2990 3308 3047 3353 ut
3083 3292 3397 3353 canonicam
3425 3314 3515 3353 su-

1928 3399 2028 3454 per
2053 3385 2156 3440 hac
2176 3386 2594 3456 praesumptione
2616 3387 2852 3459 synodus
2881 3385 3152 3458 proferret
3166 3386 3510 3442 sententiam.

1916 3476 2196 3533 .Jubentur
2232 3492 2365 3548 ergo
2396 3476 2765 3549 sancttelegis
2804 3478 3069 3533 catholica
3113 3477 3331 3533 recitari
3369 3476 3543 3545 capi-.

1932 3568 2062 3625 tuta.
2094 3568 2301 3634 Quibus
2325 3569 2573 3625 recitatis
2593 3609 2608 3634 ,
2645 3570 2935 3625 secundum
2962 3585 3237 3624 sacrorum
3271 3568 3515 3624 instituta

1932 3677 2222 3727 canonum,
2261 3670 2316 3716 et
2341 3670 2649 3716 sanctorum
2679 3664 2892 3715 decreta
2922 3660 3164 3728 Patrum,
3199 3660 3360 3725 Sitti,
3388 3659 3512 3713 Ale-

1928 3752 2141 3814 ttandri,
2168 3751 2480 3816 Innocentii,
2508 3751 2732 3815 Zosimi,
2754 3751 3030 3815 Bonifacii,
3059 3750 3354 3813 leestini,
3385 3748 3518 3803 Leo-

1934 3843 2037 3907 nis,
2071 3841 2410 3912 Symmachi,
2438 3851 2865 3909 cznterorumque
2908 3848 3216 3893 sanctorum
3260 3836 3515 3893 Ecclesia:

1936 3932 2028 3987 Dci
2074 3930 2374 3994 doctorum,
2412 3930 3044 3993 excommunicaverunt,
3076 3936 3130 3983 et
3159 3927 3228 3982 ah
3264 3926 3517 3984 Ecclesia:

1938 4020 2030 4075 Dei
2058 4020 2267 4091 gremio
2296 4018 2604 4089 repulerunt
2633 4018 2948 4089 praedictum
2981 4018 3255 4087 Ilugonem
3285 4017 3517 4072 Remen-

1934 4114 2011 4169 sis
2046 4112 2301 4168 Ecclesiae
2341 4127 2714 4182 pervasorem,
2756 4111 2927 4167 donec
2965 4112 3031 4166 ad
3060 4110 3429 4181 paenitentiam
3459 4116 3516 4165 et

1934 4204 2149 4273 dignam
2176 4200 2600 4257 satisfactionem
2628 4200 2815 4256 venire
2842 4210 3178 4271 procuraret.

2005 4293 2228 4349 Caeteris
2264 4307 2478 4363 quoque
2506 4293 2694 4348 diebus
2727 4292 2918 4363 synodi
2949 4301 3179 4348 tractata
3214 4299 3342 4347 sunt
3368 4306 3517 4361 quic-

1936 4386 2058 4441 dam
2088 4385 2397 4441 necessaria
2436 4385 2502 4440 de
2544 4385 2764 4440 incestis
2806 4384 3097 4456 conjugiis,
3139 4393 3195 4440 et
3235 4385 3517 4447 ecclesiis,

1857 4451 1911 4512 D
1939 4491 2059 4546 quae
2087 4476 2419 4545 presbyteris
2443 4476 2495 4529 in
2520 4476 2762 4547 partibus
2781 4451 3084 4533 Germania:
3105 4476 3386 4539 dabantur,
3413 4476 3521 4529 imo

1940 4567 2313 4621 vendebantur
2342 4564 2598 4630 indebite,
2628 4563 3075 4620 etauferebantur
3105 4564 3308 4627 illicite,
3337 4565 3522 4634 prohi-

1938 4658 2218 4726 bitumque
2276 4671 2340 4710 ac
2368 4664 2631 4710 statutum
2670 4670 2738 4709 ne
2775 4654 2826 4708 id
2851 4656 3070 4708 omnino
3102 4662 3523 4724 priesumerctur

1941 4746 2009 4801 ab
2051 4747 2271 4816 aliquo:
2323 4744 2416 4800 scd
2445 4745 2591 4799 etde
2628 4743 2748 4798 aliis
2774 4742 3029 4798 Ecclesiae
3068 4743 3160 4797 Dei
3201 4740 3520 4795 utilitatibus

1939 4844 2169 4890 tractata
2194 4842 2339 4898 sunt,
2365 4844 2420 4888 et
2443 4834 2658 4887 deﬁnita
2696 4832 2966 4888 nonnulla.
2994 4833 3323 4888 Interearex
3347 4831 3525 4885 Ludo-

1939 4924 2092 4979 vicus
2119 4926 2440 4993 deprecatur
2468 4938 2645 4993 regem
2688 4922 2971 4989 Othonem,
3015 4936 3072 4978 ut
3098 4923 3390 4978 subsidium
3421 4921 3527 4974 sibi

1941 5012 2079 5068 ferat
2103 5022 2292 5070 contra
2325 5013 2601 5082 ﬂugonetn
2632 5025 2684 5068 et
2710 5015 3202 5069 cietcrosinimicos
3231 5027 3375 5066 suos.
3417 5010 3521 5074 Qui

1943 5104 2109 5136 παιῖια
2149 5105 2444 5136 nonne-(Iane
2508 5102 2648 5136 ἶιιιιηι
2683 5110 2734 5136 nl
2782 5102 3059 5136 Pana-ulna
3089 5106 3191 5136 Anc
3224 5117 3340 5136 mnu
3369 5113 3527 5136 »γι-ιν-
