3904 5396
456 290 554 345 5H

1525 289 1922 348 FLODOARDI
1960 289 2283 348 CANOMCI
2316 289 2664 348 REMENSIS

3639 279 3764 337 ’512

455 403 720 459 Rodulfus
761 403 1133 462 Laudunensis
1181 421 1303 460 cum
1351 403 1692 464 Adalberone
1745 404 2040 470 Mettensi,
2072 409 2118 466 Α
2147 380 2242 460 siis
2289 417 2476 460 eorum
2525 403 2646 478 [mn
2689 405 2738 474 j,
2788 369 3042 461 Ecclesia:
3093 403 3442 477 Suessorum]
3483 402 3768 460 intulerat

457 495 828 551 hebdomadas
851 495 966 552 fere
987 504 1238 568 quatuor.
1264 497 1520 552 Exercitu
1549 497 1780 566 denique
1799 497 2047 561 collecto.

459 583 844 641 Lotharienscs
887 587 1123 658 episcopi
1171 587 1468 642 Mosomum
1515 597 1724 658 petunt,
1769 589 2050 658 ipsumque

457 675 769 732 obsidentes
807 688 1044 732 castrum
1087 688 1248 748 atque
1278 689 1680 749 oppugnantes,
1713 679 1914 734 milites
1957 679 2048 751 qui

460 777 619 819 erant
647 766 716 822 ibi
748 783 872 822 cum
913 769 1136 838 llngone
1161 769 1228 822 a:l
1257 770 1582 824 deditionem
1611 770 1970 840 compellunt,
1996 779 2053 824 et

460 858 698 925 acceptis
730 858 799 912 ab
836 859 915 913 eis
956 859 1234 915 obsidibus
1265 869 1495 930 pergunt
1521 861 1734 916 obviam
1779 861 2052 918 Lud0vico

461 946 574 1015 regi
623 955 679 1002 et
723 946 974 1002 Conrado
1015 951 1136 1004 duci
1169 951 1222 1004 in
1267 962 1452 1018 partes
1491 951 1861 1008 Laudunensis
1907 953 2050 1023 pagi.

459 1036 723 1092 Obsideut
747 1039 910 1110 igitur
934 1039 1006 1094 ibi
1039 1041 1142 1095 dux
1175 1050 1228 1094 et
1256 1041 1532 1096 exercitus
1559 1043 1845 1110 quanulam
1878 1043 2054 1096 muni-

459 1127 664 1183 tionem
721 1145 883 1199 quam
932 1131 1293 1187 a‘dilicaverat
1333 1142 1388 1188 et
1443 1135 1661 1188 tenebat
1695 1133 2056 1200 ,Tlteobaldus

463 1220 519 1273 iu
551 1219 670 1275 loco
701 1221 792 1290 qui
833 1222 1030 1278 dicitur
1071 1223 1222 1279 Mons
1249 1233 1468 1288 acutus,
1502 1226 1592 1294 qui
1635 1234 1691 1280 et
1731 1223 2052 1278 Laudunum

461 1315 652 1366 Contra
695 1329 874 1382 regem
905 1315 1192 1370 retinebat.
1239 1317 1352 1372 lloc
1384 1318 1545 1370 etiam
1588 1318 1842 1385 Oppidum
1885 1331 2050 1386 expu-

463 1413 728 1474 gnautes,
766 1407 977 1460 tandem
1031 1421 1138 1461 non
1187 1407 1304 1462 siue
1336 1423 1486 1462 mora
1535 1407 1786 1477 capiunt,
1826 1408 2054 1476 indeque

463 1493 785 1549 Laudunum
818 1499 1016 1552 adeunt
1039 1541 1054 1564 ,
1096 1507 1150 1552 et
1189 1500 1240 1552 in
1268 1499 1494 1554 ecclesia
1530 1499 1586 1552 S.
1623 1499 1888 1554 Vincentii
1919 1513 2052 1554 cou-

465 1585 694 1654 gregati,
739 1587 974 1656 cpiseopi
1013 1590 1327 1658 praulictum
1359 1587 1714 1644 Thethaldum
1743 1604 2053 1644 excommu-

462 1677 688 1744 nicant;
731 1678 1008 1750 llugonem
1057 1696 1242 1735 verum
1287 1681 1585 1752 principem
1623 1689 1816 1734 vocant
1859 1681 2053 1736 litteris

2109 543 2118 552 .
2155 495 2318 550 mala.
2359 495 2606 566 Requirit
2649 513 2780 569 ergo
2823 498 2890 553 de
2933 499 3216 554 vocatione
3265 499 3434 569 ipsius
3483 497 3770 568 principis

2153 583 2416 650 Marinus,
2435 598 2614 642 utrum
2637 587 2858 657 perlatae
2881 587 2928 642 ei
2951 587 3183 644 fuissent
3207 589 3400 644 littera:
3419 589 3768 647 vocationis,

2153 691 2290 744 quas
2313 677 2362 730 ei
2399 677 2748 748 perferendas
2773 678 3134 748 delegat-erat.
3165 677 3262 734 Cui
3292 679 3664 748 respondetur
3695 677 3774 729 ab

2151 765 2376 822 Artoldo
2405 769 2832 840 archiepiscopo,
2862 771 3002 838 quod
3035 772 3280 839 quaalam
3311 786 3500 824 earum
3525 769 3773 839 perlata:

2153 859 2282 924 sint,
2313 861 2558 930 qumdam
2596 879 2726 918 vero
2763 863 2988 932 perferri
3031 863 3390 933 nequiverint,
3422 877 3610 916 earum
3669 876 3772 928 ge-

2155 951 2272 1005 rulo
2307 951 2376 1008 ab
2411 953 2579 1022 ipsius
2615 953 3012 1023 grassatoribus
3047 954 3374 1024 intercepto;
3413 960 3644 1007 vocatus
3683 961 3774 1002 ta-

2157 1058 2278 1096 men
2301 1041 2460 1098 l‘nerit
2485 1055 2590 1098 tam
2615 1044 2807 1098 litteris
2829 1059 2989 1112 quam
3011 1043 3329 1112 quibusdam
3375 1041 3768 1096 intermmtiis.

2155 1131 2467 1200 Requiritur
2491 1133 2674 1202 itaque
2703 1133 2745 1186 si
2767 1134 2904 1187 adsit
2927 1133 3122 1202 aliquis
3143 1147 3206 1187 ex
3231 1142 3386 1202 parte
3410 1132 3580 1202 ipsius
3601 1132 3770 1200 lega-

2157 1233 2263 1278 tus.
2321 1225 2420 1280 Ubi
2473 1241 2596 1280 cum
2649 1225 2830 1280 nullus
2883 1226 3074 1280 fuisset
3111 1226 3382 1290 inventus,
3441 1225 3770 1280 decernitur

2153 1319 2573 1386 exspectandum
2618 1318 2662 1371 si
2724 1317 2862 1372 forte
2905 1320 3231 1372 adventuros
3277 1327 3420 1372 esset
3461 1318 3512 1370 in
3561 1316 3770 1370 crasti-

2155 1423 2300 1463 num.
2347 1408 2498 1475 Quod
2527 1425 2650 1464 cum
2695 1409 2914 1463 minime
2954 1411 3291 1480 contigisset,
3327 1421 3384 1464 et
3427 1424 3620 1462 omnes
3667 1409 3766 1476 qni

2155 1498 2399 1563 aderant,
2451 1511 2559 1553 tam
2588 1500 2766 1554 clerici
2795 1515 2956 1569 quam
3002 1501 3234 1555 illustres
3285 1501 3450 1566 laici,
3499 1515 3618 1553 cuin
3665 1516 3767 1553 ex-

2155 1589 2666 1644 commuuicandum
2699 1604 2820 1644 esse
2847 1591 3230 1654 acclamarent,
3261 1591 3520 1644 delinitur
3545 1591 3608 1642 ab
3635 1588 3764 1657 epi-

2156 1678 2336 1748 scopis
2366 1679 2504 1734 hanc
2531 1680 3141 1734 excomtuunieationem
3181 1680 3358 1733 adhuc
3397 1679 3762 1733 differendam

464 1785 528 1823 ex
557 1781 711 1838 parte
743 1773 936 1826 Marini
957 1773 1115 1842 legati
1141 1773 1288 1828 sedis
1311 1774 1618 1844 apostolicae
1648 1783 1700 1827 et
1729 1789 1848 1837 sua,
1872 1773 2058 1828 venire
2091 1765 2132 1823 Β
2163 1785 2334 1841 usque
2363 1773 2427 1827 ad
2453 1773 2593 1826 diem
2625 1773 2812 1842 synodi
2845 1774 3080 1826 tertiam.
3130 1771 3418 1826 Tractatnr
3461 1781 3646 1826 autem
3695 1771 3764 1824 de

463 1864 530 1914 ad
563 1863 994 1918 emendationem
1040 1881 1139 1934 pro
1177 1865 1334 1918 malis
1376 1881 1494 1934 quae
1537 1873 1726 1920 contra
1773 1879 1954 1934 regem
2003 1873 2060 1919 et

462 1952 746 2022 episcopos
791 1963 996 2024 egerat.
1051 1953 1212 2008 Wido
1257 1953 1488 2024 denique
1539 1955 1877 2010 Suessonica:
1908 1954 2058 2008 urbis

462 2043 748 2112 cpisc0pus
780 2047 846 2099 ad
881 2059 1058 2116 regem
1085 2044 1418 2100 Ludovicum
1447 2047 1700 2108 veniens,
1729 2045 1903 2100 eidem
1939 2061 2058 2100 sese

465 2135 788 2198 committit,
837 2145 1170 2206 pacaturque
1198 2153 1320 2192 cum
1349 2137 1572 2192 Artaldo
1616 2137 2057 2208 archiepiscopo,

466 2226 810 2282 satisfaciens
853 2228 928 2282 illi
967 2244 1063 2297 pro
1091 2230 1428 2286 ordinatione
1473 2230 1731 2301 llugonis.
1773 2231 2057 2286 Conradus

465 2333 682 2387 quoque
709 2319 815 2374 dux
856 2321 1019 2376 liliam
1051 2321 1305 2378 Ludovici
1347 2323 1490 2394 regis
1519 2339 1674 2378 sacro
1704 2323 1770 2378 de
1795 2321 1944 2378 fonte
1969 2340 2057 2378 suo

467 2409 658 2480 saepit.
701 2409 897 2482 Sit-que
956 2422 1172 2482 recepto
1213 2400 1456 2469 Mosomo
1495 2423 1678 2470 castro
1731 2425 1788 2469 et
1831 2430 2054 2482 everso,

465 2501 848 2560 Litltarienses
877 2515 1224 2562 revertuntur
1249 2508 1300 2562 in
1333 2522 1450 2564 sua.

1001 2620 1232 2677 CAPUT
1278 2623 1518 2678 XXXVI.

467 2705 545 2761 De
577 2707 868 2766 obsessione
899 2710 972 2766 uel
1003 2713 1299 2766 incensione
1328 2715 1470 2795 urbis
1500 2713 1824 2770 Suessonica:
1852 2715 1917 2768 ab
1943 2713 2057 2767 Ilu-

1079 2798 1209 2851 gone
1236 2795 1439 2838 comite.

540 2872 707 2942 Igitur
740 2871 911 2944 litigo,
945 2873 1144 2928 nullam
1181 2891 1388 2930 moram
1417 2877 1645 2943 faciens,
1675 2877 1895 2934 collecta
1925 2893 2052 2934 suo-

469 2980 587 3016 rum
629 2966 794 3019 multa
825 2965 1408 3040 Nordmannorumque
1448 2987 1607 3028 manu
1630 3014 1644 3034 .
1676 2973 2054 3029 Suessonicam

467 3057 782 3123 aggreditur
824 3058 1042 3123 urbem,
1089 3067 1135 3112 et
1183 3060 1433 3116 obsidens
1469 3072 1774 3134 oppugnat,
1805 3063 2057 3132 ceditque

467 3147 773 3200 notmullos.
813 3149 1027 3216 lniectis
1053 3152 1218 3204 etiam
1259 3152 1470 3222 ignibus
1499 3156 1714 3208 donmm
1748 3155 1934 3210 matris
1963 3169 2053 3210 ec-

469 3237 648 3290 clesiae
674 3239 972 3303 succendit,
1013 3241 1280 3312 simulque
1308 3243 1542 3298 claustra
1576 3245 1960 3298 eauonicorum
2003 3254 2063 3298 et

469 3335 680 3395 partem
727 3327 1002 3394 civitatis;
1041 3345 1143 3386 nec
1192 3341 1368 3388 tamen
1419 3335 1588 3402 ipsam
1636 3349 1829 3402 capere
1875 3333 2062 3388 valens

470 3417 662 3472 tubem
697 3420 938 3494 reliquit,
976 3431 1030 3475 et
1054 3423 1117 3478 ad
1155 3427 1441 3492 quamdam
1473 3426 1856 3490 munitionem,
1899 3439 2060 3493 quam

473 3511 817 3582 Ragenoldus
849 3531 1033 3572 comes
1057 3517 1312 3574 Ludovici
1351 3535 1513 3589 super
1539 3519 1782 3574 Axonam
1808 3519 2026 3572 ﬂuvium
2044 3555 2060 3581 ,

471 3602 678 3674 inloco
715 3605 808 3676 qui
853 3605 1055 3662 dicitur
1083 3608 1385 3664 Rauciacus
1431 3609 1686 3680 (Raucy),
1727 3609 2059 3672 aedificabat.

475 3695 724 3761 devenit,
767 3699 1046 3768 ipsamque
1075 3701 1254 3756 adhuc
1285 3701 1652 3779 imperfectam
1684 3702 1878 3756 castris
1904 3703 2060 3757 valla-

473 3789 572 3842 vit.
604 3789 709 3844 Sed
739 3806 838 3846 nec
862 3792 1030 3862 ipsam
1064 3794 1235 3863 cepit;
1263 3795 1416 3850 villas
1445 3803 1622 3850 tamen
1656 3793 1950 3866 llemcnsisl
1977 3810 2066 3850 ec—

471 3879 652 3936 clesiae
681 3883 872 3937 castris
901 3885 1014 3940 suis
1047 3887 1330 3953 centiguas
1373 3887 1692 3942 devastavit.
1720 3885 1910 3941 l-‘lures
1933 3901 2067 3956 quo-

473 3983 581 4037 que
620 3970 934 4026 colonorum
978 3974 1259 4044 praedones
1303 3976 1469 4046 ipsius
1507 3977 1919 4040 interemerunt,
1947 3976 2066 4028 vio-

474 4056 651 4114 lantes
680 4061 962 4127 ecclesias,
999 4074 1052 4118 et
1093 4066 1144 4118 in
1189 4073 1395 4118 tantum
1443 4065 1838 4120 dcbacchantes
1891 4073 1954 4117 ut
2011 4064 2065 4118 in

475 4145 806 4220 Culmiciaeo
858 4154 975 4208 vico
1025 4165 1131 4208 tam
1195 4155 1336 4210 infra
1383 4171 1544 4224 quam
1593 4158 1738 4211 circa
1784 4155 2066 4210 ecclesiam

477 4237 592 4292 fere
618 4239 1045 4308 quadringentos
1069 4243 1317 4296 homines
1347 4243 1747 4306 interfecerint,
1787 4243 2069 4312 ipsmnquc

479 4330 740 4398 templum
773 4332 932 4384 rebus
957 4332 1169 4398 penitus
1203 4332 1573 4402 exspoliarint.
1609 4331 1792 4386 Multis
1819 4347 1948 4402 ergo
1973 4332 2070 4386 lla-

481 4420 630 4491 gitiis
659 4429 787 4474 tunc
818 4423 1180 4490 perpetratis,
1221 4423 1374 4493 llugo
1417 4424 1630 4478 tandem
1675 4439 1800 4478 enm
1845 4425 1956 4478 suis
1989 4439 2070 4478 re-

479 4513 722 4584 greditur
749 4515 1164 4584 grassatoribus.
1213 4515 1396 4584 ltaque
1431 4515 1632 4572 milites
1670 4516 1766 4584 qui
1811 4516 2072 4570 hactenus

477 4619 604 4659 cum
648 4603 872 4677 llugone
906 4606 1123 4662 fuerant
1153 4609 1635 4672 cxcomtnunicati,
1682 4609 1748 4663 ad
1789 4608 2070 4662 Artnldum

476 4697 768 4766 praesulem
791 4707 1152 4754 revertuntur.
1183 4698 1282 4766 Qui
1309 4698 1594 4754 nonnullos
1614 4715 1826 4763 eorum,
1851 4699 2072 4752 redditis

477 4788 560 4842 eis
591 4789 752 4842 rebus
777 4805 916 4857 quas
945 4789 1264 4854 habuerant,
1297 4790 1509 4859 recipit,
1543 4791 1802 4860 quosdam
1832 4803 1956 4843 vero
1983 4803 2069 4841 re—

474 4875 613 4944 jicit.
667 4876 798 4931 Post
833 4879 950 4933 lucc
989 4877 1244 4933 Treviros
1286 4879 1649 4947 proliciscitur
1693 4880 1760 4932 ad
1805 4879 2067 4950 synodum

480 4953 603 5020 cum
649 4969 917 5036 episcopis
941 4968 1172 5023 Widone
1203 4969 1561 5032 Suessouico,
1591 4970 1819 5024 Rodull‘o
1855 4969 2072 5023 Laudo-

485 5055 672 5122 nensi,
721 5067 777 5110 et
821 5055 1138 5112 Wincl‘redo
1183 5056 1497 5111 Moriucnsi.
1545 5057 1662 5123 Quo
1693 5058 2074 5128 pervenientes

485 5147 755 5204 Marinum
787 5161 908 5202 sese
935 5147 1333 5214 prmstolantem
1362 5149 1640 5215 reperiunt
1664 5164 1785 5202 eum
1813 5148 2075 5202 Rotberto

488 5236 934 5278 an-hinniernnn!
978 5245 1295 5278 rmlprnrnm
1346 5251 1474 5278 worn
1519 5235 1950 5278 lntlmrinnsinm
1991 5235 2072 5278 vel

2161 1866 2429 1936 episcopis
2479 1867 2572 1936 qui
2603 1868 2776 1921 vocati
2821 1866 3036 1922 fuerant
3076 1877 3132 1922 et
3177 1867 3364 1921 venire
3407 1863 3763 1924 distulerant,

2161 1957 2243 2012 vel
2293 1958 2380 2012 his
2425 1958 2516 2028 qui
2559 1959 2880 2013 ordinationi
2921 1958 3156 2028 llugonis
3201 1957 3499 2027 participes
3536 1953 3764 2008 exstite-

2163 2057 2304 2104 rant.
2363 2049 2432 2102 Et
2479 2047 2639 2103 Wido
2685 2049 2902 2118 quidem
2959 2049 3240 2119 episcopus
3283 2046 3638 2102 Suessonicus
3703 2057 3764 2098 se

2161 2139 2502 2209 culpabilem.
2539 2149 2838 2208 prostratus
2871 2153 3054 2194 coram
3091 2137 3295 2192 Marino
3335 2137 3541 2192 vicario
3569 2145 3619 2189 et
3653 2133 3763 2187 Ar-

2162 2229 2306 2283 toldo
2351 2229 2776 2298 archiepiscopo,
2815 2229 3120 2284 confitetur.
3161 2225 3620 2282 lutet-cedentibus
3653 2239 3756 2276 au-

2163 2331 2268 2376 tem
2311 2335 2408 2389 pro
2441 2333 2504 2374 eo
2533 2319 2672 2388 apud
2711 2318 2976 2372 Marinum
3006 2317 3264 2372 Rotberto
3303 2325 3359 2370 et
3399 2312 3623 2368 Artoldo
3669 2327 3760 2365 ar-

2161 2401 2542 2479 eniepiscopis,
2579 2408 2786 2462 absolvi
2821 2408 2888 2462 ab
2915 2409 3018 2462 hac
3049 2422 3188 2462 noxa
3221 2415 3480 2461 meretur.
3522 2403 3760 2460 Wicfre-

2161 2502 2261 2557 dus
2293 2501 2613 2558 llorinensis
2642 2503 2899 2558 immunis
2919 2502 2988 2556 ab
3017 2503 3204 2556 eadem
3227 2499 3574 2555 ordinatione
3604 2513 3758 2568 repe-

2161 2596 2320 2652 ritur.
2385 2597 2556 2652 Adest
2605 2594 2913 2650 Trausmari
2961 2593 3336 2648 Noviomensis
3379 2591 3760 2660 (Transmorus

2167 2684 2408 2741 Noaiom.
2463 2686 2536 2740 42
2573 2687 2732 2756 episc.
2765 2687 2818 2740 in
2856 2685 2962 2739 tab.
3003 2683 3270 2753 Demadi.)
3295 2683 3531 2753 episcopi
3555 2683 3760 2752 legatus

2161 2777 2378 2848 quidam
2413 2775 2718 2845 presbyter,
2767 2786 3017 2829 astruens
3055 2773 3304 2829 eumdem
3347 2773 3636 2842 prtesulem
3679 2773 3752 2824 ita

2161 2867 2310 2938 gravi
2348 2865 2606 2936 languore
2643 2866 2947 2929 detentum,
2995 2875 3055 2918 ut
3092 2863 3157 2917 ad
3200 2863 3447 2918 eamdem
3493 2862 3753 2932 synodum

2162 2958 2345 3012 venire
2377 2973 2483 3012 non
2517 2956 2761 3010 valuerit.
2821 2955 2875 3010 Id
2919 2969 3134 3025 quoque
3179 2961 3454 3009 nostrates
3499 2953 3590 3022 qni
3635 2949 3760 3004 ade-

2163 3059 2307 3116 rant,
2348 3059 2670 3106 attestantur
2705 3049 2963 3118 episcopi.

2686 3139 2914 3196 CAPUT
2961 3139 3222 3194 XXXVII.

2377 3235 2452 3288 De
2489 3232 3026 3288 excorrznnmicutioue
3061 3231 3301 3301 [lagonis
3339 3229 3546 3282 contitis

2236 3323 2418 3378 Tertia
2455 3323 2666 3377 tandem
2699 3321 2808 3386 die,
2843 3320 3120 3375 insistente
3165 3320 3437 3388 pracipne
3489 3313 3756 3370 Luitdulfo

2169 3423 2344 3484 legato
2367 3423 2420 3467 et
2441 3412 2717 3482 capellano
2748 3411 2888 3481 regis
2915 3410 3168 3474 Othonis,
3207 3411 3462 3480 quoniam
3490 3409 3632 3463 idem
3669 3421 3764 3461 rex.

2167 3507 2220 3560 id
2261 3507 2482 3561 omnino
2516 3506 2628 3560 fieri
2661 3505 3028 3574 prmcipicbat,
3073 3503 3583 3559 excommunicatur
3613 3501 3758 3568 [lngo

2167 3612 2371 3662 comes,
2403 3597 2650 3650 inimicus
2681 3595 2934 3650 Ludovici
2981 3595 3156 3665 regis,
3187 3609 3285 3664 pro
3307 3607 3468 3662 supra
3497 3605 3763 3646 memora-

2169 3689 2238 3743 tis
2265 3688 2419 3742 malis
2445 3689 2513 3742 ab
2545 3688 2660 3754 ipso
2683 3685 3000 3756 perpetratis
3027 3725 3042 3750 ,
3073 3699 3140 3738 eo
3168 3695 3344 3739 tamen
3393 3685 3556 3738 modo
3597 3683 3758 3736 donec

2169 3780 2472 3850 resipiscat,
2497 3780 2562 3835 ad
2593 3780 3018 3836 satisfactionem
3061 3793 3244 3834 coram
3283 3778 3494 3832 Marino
3535 3777 3754 3836 vicario,

2170 3873 2252 3926 vel
2283 3873 2566 3942 episcopis,
2597 3873 2794 3942 quibus
2827 3871 3076 3938 injuriam
3097 3869 3257 3934 fecit,
3296 3870 3571 3924 deveniat.
3613 3867 3757 3936 Quod

2169 3963 2216 4018 si
2251 3961 2433 4018 facere
2464 3962 2868 4031 contempserit,
2915 3961 3138 4016 Romam
3183 3977 3278 4031 pro
3314 3963 3396 4016 sui
3425 3959 3758 4014 absolutione

2170 4054 2562 4122 proficiscatur.
2609 4052 3162 4108 Exeommnnicantur
3203 4061 3256 4106 et
3298 4053 3404 4106 duo
3447 4049 3762 4122 pseunloepi-

2171 4145 2318 4213 scopi
2349 4145 2416 4198 ab
2447 4143 2670 4214 llugone
2697 4143 2956 4196 danmato
2979 4142 3240 4206 ordinati,
3285 4141 3582 4196 Tetbaldus
3619 4139 3716 4212 [ms
3743 4177 3754 4200 ,

2173 4233 2533 4306 Theobaldus}
2573 4243 2628 4290 et
2663 4235 2754 4288 lvo
2781 4249 2794 4286 :
2825 4233 2974 4302 prior
3013 4242 3135 4302 post
3177 4232 3550 4302 expulsiouem
3601 4231 3758 4299 ipsius

2174 4327 2228 4382 in
2258 4325 2606 4380 Ambianensi
2663 4324 2825 4389 urbe;
2855 4325 2992 4378 alter
3017 4333 3138 4394 post
3175 4323 3586 4378 damnationem
3629 4319 3760 4386 ejus-

2175 4417 2297 4470 dem
2338 4415 2600 4485 llugonis,
2645 4415 2698 4470 in
2743 4413 3134 4468 Silvanectensi
3183 4415 3251 4466 ab
3303 4413 3418 4482 ipso
3463 4409 3758 4466 constituti.

2105 4468 2150 4528 ο
2179 4507 2693 4561 Excommunicatur
2729 4505 2892 4558 etiam
2923 4503 3142 4573 quidam
3184 4501 3414 4558 clericus
3443 4500 3762 4554 Landnnen-

2179 4599 2277 4660 sis,
2307 4597 2524 4653 nomine
2547 4595 2842 4658 Adelonus,
2875 4611 3034 4662 quem
3066 4595 3340 4649 accusavit
3369 4591 3636 4645 Rodulfus
3658 4588 3762 4658 epi-

2179 4705 2373 4759 scapus
2398 4705 2562 4753 suus,
2591 4703 2655 4743 eo
2683 4689 2826 4756 quod
2872 4687 3190 4740 'l‘etbaldum
3237 4683 3760 4739 excommunicatnm

2179 4783 2232 4837 in
2255 4781 2538 4836 ecclesiam
2565 4779 2938 4834 introduxerit.
2967 4779 3200 4832 Vocatur
3223 4774 3567 4844 llildegarius
3586 4773 3766 4826 Belvau

2180 4869 2358 4926 censis
2397 4870 2682 4939 episcopus
2719 4867 2914 4922 litteris
2961 4867 3169 4936 prtefati
3218 4865 3430 4928 Marini,
3487 4873 3550 4917 ut
3597 4863 3762 4916 veniat

2177 4977 2361 5018 coram
2405 4963 2542 5028 ipso,
2581 4960 2665 5014 vel
2711 4969 2802 5014 eat
2850 4959 3077 5013 Romam
3143 4959 3408 5013 rationem
3463 4957 3760 5010 redditurus

2175 5068 2360 5110 coram
2390 5053 2586 5106 domno
2610 5067 2772 5122 papa,
2794 5067 2893 5120 pro
2919 5050 3102 5105 illicita
3123 5049 3467 5104 ordinatione
3489 5048 3760 5115 praedicto-

2181 5163 2298 5202 rum
2329 5145 2928 5215 pseudoepiscoporum,
2952 5145 3037 5197 cui
3072 5141 3410 5197 interfuerat.
3453 5139 3693 5194 Vocatur
3715 5145 3762 5190 et

2182 5239 2499 5278 Hm-Hmrlnc
2525 5235 2790 5278 Hnrilmrli
2821 5237 3036 5278 muniti:
3057 5235 3199 5278 ﬁlia:
3249 5238 3314 5278 sui
3341 5233 3756 5278 entisl'..r~tinnetn
