3904 5396
105 394 205 482 3ιέ

666 428 1015 487 HISTORIA}
1053 426 1408 488 ecccssus
1447 376 1797 482 assignas
1829 420 2011 476 metu
2048 420 2409 490 nonnon.
2447 447 2522 466 -
2560 423 2687 478 un.
2730 421 2821 478 tv.

3178 416 3183 419 ‘
3266 412 3378 479 ’δη

104 539 390 598 crationem
418 539 559 596 idem
586 520 845 604 Marinus,
875 549 1067 597 exacta
1116 541 1293 596 hieme
1333 540 1559 595 Romam
1602 552 1689 594 re-
1792 530 2002 598 Remis,
2025 530 2275 588 ultimum
2302 533 2385 590 sui
2412 550 2606 590 cursus
2650 535 2846 590 ibidem
2874 533 3068 593 clausit
3098 536 3262 603 diem,
3285 536 3377 596 ubi

104 632 341 685 vertitur.
402 628 652 686 Nascitur
682 633 792 701 regi
820 632 1094 688 Ludovico
1123 632 1267 687 [ilius
1293 671 1308 695 ,
1338 646 1509 701 quem
1541 643 1681 699 prse-

104 720 179 775 sul
204 718 455 777 Artoldus
481 721 547 779 de
574 738 730 778 sacro
754 723 900 779 fonte
926 723 1188 794 suscepit,
1220 722 1389 793 patris
1410 722 1458 777 ei
1488 736 1683 777 nomen

105 813 392 883 imponens.

602 902 831 961 CAPUT
875 905 1169 961 XXXVI".

103 994 176 1050 De
190 995 496 1063 quibusdam
518 996 747 1050 ecclesiis
770 1000 848 1052 vel
870 1000 1199 1052 monasteriis
1222 998 1363 1052 urbis
1390 997 1680 1053 Remensis.

167 1085 351 1141 Plures
400 1086 636 1157 denique
690 1089 830 1158 apud
892 1106 993 1145 nos
1045 1092 1315 1160 quondam
1368 1100 1682 1147 sanctorum

106 1175 243 1231 fuere
268 1178 525 1243 basilicae,
557 1179 651 1234 sed
681 1188 735 1233 et
760 1182 1087 1237 monasteria
1118 1180 1253 1236 infra
1286 1181 1366 1236 vel
1402 1183 1547 1238 circa
1579 1181 1685 1236 [ie-

107 1282 327 1321 nzensem
364 1268 503 1323 hanc
537 1269 723 1326 urbem
750 1311 765 1334 ,
800 1286 921 1341 qua:
951 1273 1108 1327 modo
1139 1288 1245 1327 non
1275 1272 1460 1327 haberi
1489 1273 1683 1343 proba-

107 1368 206 1412 tur.
242 1358 355 1411 Duo
389 1367 568 1413 tamen
599 1361 776 1416 adhuc
812 1372 1103 1432 supersunt
1141 1362 1276 1417 infra
1314 1364 1502 1418 urbem
1533 1362 1682 1433 puel-

105 1448 261 1503 larum
286 1451 623 1506 emonaSteria
656 1467 672 1505 :
706 1468 934 1522 quorum
970 1470 1134 1508 unum
1171 1454 1334 1527 (quod
1371 1456 1621 1525 superius
1651 1472 1679 1510 a

107 1540 199 1593 situ
225 1539 427 1595 scilicet
453 1540 555 1595 loci
589 1542 951 1611 nuncupatur)
977 1542 1034 1597 S.
1067 1544 1376 1599 Baldericus
1397 1547 1683 1617 presbyter

106 1647 212 1683 cum
235 1645 418 1685 sorore
441 1647 537 1686 sua
575 1631 737 1696 Bova,
780 1630 1017 1701 ejusdem
1061 1633 1295 1703 cognobii
1339 1637 1679 1705 postmodum

106 1723 381 1786 abbatissa,
413 1724 465 1778 in
495 1725 701 1779 honore
727 1735 929 1780 sancta:
952 1725 1155 1791 Mariae,
1197 1726 1278 1781 vel
1317 1728 1489 1781 sancti
1532 1726 1678 1781 Petri

106 1817 453 1871 construxisse
473 1815 723 1871 traditur.
762 1816 861 1884 Qui
892 1818 1054 1889 regali
1087 1833 1284 1889 genere
1308 1820 1485 1873 exorti
1514 1818 1679 1873 fuisse

1786 633 1844 679 et
1869 624 2112 695 sepultus
2141 633 2385 696 tempore
2407 640 2511 680 non
2549 624 2763 681 modico
2789 626 3075 698 requievit.

2378 715 2611 773 CAPUT
2656 716 2769 771 XL.

1969 808 2050 864 De
2084 808 2356 864 miraculis
2381 820 2496 881 post
2524 810 2720 863 obitum
2761 809 2925 878 ipsius
2963 810 3201 865 ostensis.

1855 901 2119 958 Processu
2147 903 2378 972 denique
2415 903 2674 972 temporis
2718 900 2997 972 diligentia
3045 902 3374 956 clericorum

1786 1000 2141 1061 pncnotatum
2167 992 2335 1062 ipsius
2357 992 2496 1047 beati
2545 992 2646 1046 viri
2689 993 3079 1046 monasterium
3136 992 3376 1047 incolen-

1786 1084 1941 1149 tium,
1967 1083 2083 1152 ejus
2107 1093 2189 1139 est
2220 1082 2350 1141 illuc
2396 1086 2579 1140 furtim
2633 1101 2831 1155 corpus
2879 1084 3140 1149 delatum,
3181 1083 3383 1139 tlclusis

1782 1173 1976 1230 fraude
2008 1176 2347 1240 custodibus,
2375 1176 2561 1232 Remis
2586 1175 2846 1231 ablatum.
2876 1175 3025 1245 Quos
3070 1179 3195 1231 dtnn
3235 1178 3380 1232 inse-

1782 1277 2081 1339 querentur
2115 1270 2338 1340 quidam
2383 1271 2529 1325 cives
2560 1271 2889 1335 ltetnenscs,
2919 1287 2985 1326 eo
3034 1286 3207 1340 usque
3257 1280 3385 1325 sunt

1785 1359 2056 1429 persecuti
2110 1360 2282 1414 donec
2325 1375 2420 1416 eos
2453 1362 2572 1415 visu
2623 1361 2841 1431 quidam
2890 1361 3380 1433 deprehenderent.

1782 1451 2028 1522 Dumque
2066 1452 2414 1506 turbarentur
2450 1455 2642 1506 horum
2694 1455 2926 1508 adventu
2984 1453 3122 1509 sacri
3179 1453 3381 1507 latores

1781 1543 2043 1614 pignoris,
2075 1542 2214 1596 inter
2242 1552 2500 1613 utrosque
2528 1543 2694 1598 densa
2726 1544 2985 1599 dirimens
3013 1544 3204 1598 nebula
3238 1544 3378 1597 divi—

1780 1635 1926 1690 nitus
1951 1635 2190 1690 creditur
2219 1633 2387 1701 illata,
2421 1650 2526 1706 qua
2582 1645 2873 1706 sequentes
2921 1635 3261 1691 obtenebrati
3286 1677 3300 1699 ,
3327 1645 3384 1690 et

1779 1739 1971 1781 errore
1996 1727 2049 1780 in
2080 1725 2235 1781 devia
2266 1725 2427 1796 rapti,
2455 1728 2678 1798 vestigia
2704 1727 3125 1797 praecedentium
3160 1742 3381 1781 servare

1781 1818 2156 1887 nequiverunt.
2177 1818 2471 1874 Evectores
2493 1829 2672 1874 autem
2702 1819 2842 1874 sacri
2866 1810 3109 1889 corporis
3135 1819 3184 1872 in
3215 1828 3376 1873 nocte

108 1898 412 1964 referuntur,
451 1916 602 1972 patre
636 1904 843 1959 scilicet
884 1904 1168 1978 Sigeberto
1218 1921 1364 1978 rege,
1414 1908 1678 1963 habentes
1709 1909 1751 1966 Β
1779 1907 2037 1977 splendor
2058 1921 2292 1978 superne
2318 1909 2519 1964 missus
2552 1909 2855 1969 irradiavit,
2884 1908 3054 1964 donec
3089 1908 3156 1963 ad
3199 1898 3380 1980 proxi-

107 2001 324 2061 neptem,
353 1995 567 2048 nomine
598 1994 822 2057 Dodam.
849 1996 1209 2052 castissimum
1256 1997 1516 2067 puellam,
1556 2013 1678 2068 qtue

107 2084 407 2153 deSponsata
431 2086 597 2143 fuisse
621 2087 793 2144 fertur
812 2090 1028 2145 cuidam
1051 2091 1286 2161 magnati
1310 2090 1553 2161 ejusdem
1588 2107 1675 2145 re-

108 2172 175 2244 gis
197 2174 457 2245 Sigeberti
478 2194 492 2243 ;
516 2193 785 2249 quamque
806 2178 1029 2250 prmfata
1052 2180 1220 2251 ipsius
1242 2181 1407 2235 amita
1432 2179 1574 2236 Bova
1595 2181 1680 2234 in-

108 2266 317 2322 stituens
336 2269 401 2321 ad
424 2270 766 2325 serviendum
800 2270 928 2336 Deo,
952 2272 1383 2342 servandatnque
1415 2280 1677 2343 perpetuo

109 2356 486 2427 virginitatem,
523 2361 592 2415 ab
643 2375 831 2417 amore
876 2362 1073 2417 terreni
1106 2363 1301 2417 avertit
1338 2365 1543 2434 sponsi.
1572 2364 1676 2432 Qui

111 2463 213 2502 eum
236 2450 336 2503 sibi
366 2451 768 2516 adversaretur,
817 2468 1071 2523 sponsam
1130 2454 1370 2509 innitens
1427 2456 1673 2509 eamdem

111 2543 392 2614 corripere,
437 2558 665 2599 ascenso
712 2560 870 2615 equo,
921 2546 1046 2601 dum
1102 2547 1155 2602 id
1191 2558 1419 2603 conatur
1459 2564 1676 2619 quoquo

111 2634 252 2687 modo
293 2636 609 2706 adimplere,
656 2637 869 2694 furente
920 2639 1103 2709 lapsus
1158 2641 1225 2696 ab
1272 2657 1434 2711 equo,
1488 2641 1674 2698 fractis

111 2724 407 2790 cervicibus,
441 2728 674 2782 traditur
712 2730 1003 2785 interiisse.
1035 2730 1197 2786 Beata
1248 2732 1480 2803 denique
1528 2733 1673 2788 Doda

114 2815 156 2867 in
192 2818 449 2873 castitatis
494 2821 768 2890 proposito
820 2836 1164 2890 permanens.
1220 2824 1398 2878 annue
1450 2841 1562 2880 sua:
1619 2820 1672 2879 in

112 2901 327 2971 ejusdem
353 2908 665 2963 monasterii
696 2910 957 2965 successit
986 2912 1263 2982 regimine.
1300 2912 1430 2980 Qua:
1471 2929 1673 2983 praece-

111 3000 240 3058 ptum
278 3008 493 3063 quoque
535 2996 916 3064 innnunitatis,
965 2999 1106 3068 quod
1156 3002 1334 3057 adhuc
1387 3003 1528 3073 apud
1573 3020 1671 3059 nos

111 3077 332 3147 habetur,
361 3099 389 3138 a
422 3086 666 3156 principe
705 3086 930 3158 Pippino
977 3090 1150 3146 cidem
1194 3094 1534 3161 postmodum
1570 3095 1668 3149 ob-

112 3174 248 3228 tinnit
300 3176 412 3232 fieri
455 3178 724 3234 ctenobio.
771 3180 1010 3248 Quarum
1062 3197 1291 3254 corpora
1342 3184 1395 3238 in
1442 3186 1666 3241 ecclesia

1785 2012 1928 2050 mam
1955 1998 2208 2052 emnoliio
2235 1998 2657 2069 possessionem,
2685 2014 2806 2069 qua:
2836 1999 3034 2054 dicitur
3071 1998 3195 2054 villa
3244 1999 3381 2069 Spa-

1783 2087 1914 2142 nttlli
1947 2086 2065 2160 [αι.,
2094 2087 2400 2162 Spamulli],
2430 2089 2793 2161 infatigabiles
2839 2097 3220 2160 pervenerunt.
3274 2088 3376 2144 Ubi

1782 2180 1907 2250 quia
1938 2189 2130 2236 sancta
2192 2182 2490 2251 deposuere
2547 2174 2825 2244 membra,
2852 2182 2905 2235 in
2959 2181 3165 2235 honore
3213 2178 3380 2250 ipsius

1779 2280 1969 2343 postea
2006 2281 2316 2328 constructa
2352 2282 2435 2328 est
2467 2272 2718 2329 ecclesia.
2759 2271 2966 2340 Quibus
3011 2271 3206 2326 abindc
3252 2286 3375 2326 cum

1780 2382 1937 2421 sacro
1966 2368 2409 2437 promoventibus
2444 2369 2691 2438 pignore,
2733 2367 2822 2421 ubi
2873 2369 3204 2422 monasterio
3249 2354 3407 2437 pro--

1778 2457 2042 2528 pinquare
2069 2468 2369 2529 ceperunt,
2398 2460 2639 2515 ecclesia:
2666 2461 2817 2531 signa
2865 2443 3098 2514 comobii
3153 2466 3369 2529 sponte,

1780 2550 1983 2619 absque
2004 2551 2243 2604 humano
2272 2550 2754 2617 scilicetimpulsu,
2804 2552 3051 2605 sonuisse
3099 2549 3369 2604 feruntur.

1774 2638 1933 2706 Quod
1958 2641 2239 2696 audientes
2268 2640 2464 2696 fratres
2493 2642 2707 2696 obviam
2741 2650 2868 2696 sunt
2914 2640 3117 2711 egressi
3149 2658 3162 2694 :
3187 2640 3373 2707 sicque

1778 2730 1867 2785 diu
1893 2731 2193 2786 desiderata
2211 2732 2566 2802 suscipientes
2583 2732 2975 2797 munera,dum
3004 2733 3056 2786 in
3086 2732 3371 2787 ecclesiam
3406 2762 3409 2763 ν

1772 2823 1951 2877 ‘sancti
1981 2822 2235 2879 Germani
2257 2839 2318 2879 ea
2343 2832 2609 2879 conantur
2624 2824 2846 2888 inferre,
2864 2825 3374 2894 tantopersentiunt

1768 2914 1904 2975 ante
1937 2920 2107 2991 ipsius
2129 2921 2409 2976 introitum
2435 2921 2675 2976 basilica:
2697 2921 2871 2977 defixa
2895 2922 3152 2991 pondere,
3174 2930 3233 2976 ut
3256 2921 3372 2976 hare

1777 3028 2115 3082 nequaquam
2164 3015 2443 3083 potuerint
2487 3014 2715 3069 ulterius
2766 3029 3050 3080 emovere;
3102 3030 3224 3068 cum
3275 3006 3407 3084 per

1774 3105 2011 3159 triduum
2056 3106 2109 3160 id
2152 3106 2417 3162 enitentes
2460 3096 2604 3161 omni
2633 3108 2919 3176 gestierint‘
2936 3106 3219 3163 conamine
3241 3122 3368 3176 per-

1773 3206 2009 3265 petrare.
2038 3194 2129 3251 Sic
2146 3197 2362 3251 demum
2388 3206 2532 3253 tecto
2554 3212 2719 3266 super
2739 3196 2911 3251 defixa
2937 3196 3155 3252 condito
3200 3212 3372 3251 mem-

109 3274 238 3321 (τινα
268 3286 445 3327 muros
491 3272 663 3337 urbis.
716 3274 804 3328 ubi
857 3276 1089 3345 primum
1138 3276 1436 3346 puellarum
1496 3280 1670 3332 fuerat
1698 3275 1742 3334 C
1774 3284 1872 3339 bra
1907 3285 2255 3352 confessoris,
2284 3302 2380 3358 per
2410 3287 2700 3341 triennium
2725 3286 2833 3343 illic
2858 3286 2931 3342 ita
2963 3287 3226 3344 mansisse
3251 3296 3364 3341 tra-

109 3363 493 3426 monasterinm,
518 3364 777 3419 tumulata
812 3366 902 3419 diu
931 3366 1273 3437 quieverunt,
1305 3367 1476 3422 donec
1525 3376 1670 3437 post-

108 3450 320 3517 modum,
364 3454 783 3510 revelationibus
833 3457 1151 3525 quibusdam
1214 3457 1443 3522 elevata,
1492 3467 1549 3513 et
1600 3460 1668 3514 ad

111 3537 226 3596 hanc
255 3548 443 3599 ttovam
492 3556 618 3600 sunt
659 3547 943 3603 ecclesiam
990 3550 1213 3620 perlata,
1244 3550 1550 3621 ibidemque
1578 3567 1670 3604 ve-

106 3632 386 3689 nerabiliter
431 3633 717 3705 coliocata,
758 3640 1012 3694 continua
1057 3639 1485 3695 honoriﬁcantur
1534 3641 1665 3697 inibi

106 3721 197 3780 Deo
228 3726 600 3787 famulantium
633 3736 932 3789 reverentia
964 3736 1284 3805 puellarum.

610 3824 838 3881 CAPUT
887 3826 1133 3881 XXXIX.

431 3915 507 3971 De
554 3928 734 3972 sancto
771 3918 1051 3974 Baldert'co
1096 3919 1302 3974 abbate.

158 4005 372 4064 Sanctus
401 4020 581 4066 autem
608 4011 920 4069 Baldericus
949 4012 1035 4085 (S.
1062 4014 1321 4084 Bauldry)
1354 4022 1478 4083 post
1502 4014 1661 4085 hujus

100 4103 378 4157 monasterii
440 4105 942 4170 constructionem,
1026 4104 1202 4160 locum
1256 4121 1506 4175 quarens
1568 4106 1656 4161 ubi

99 4201 227 4246 snam
265 4210 477 4265 quoque
509 4197 862 4253 constitueret
892 4198 1305 4264 habitationem,
1331 4199 1382 4252 in
1410 4214 1513 4269 qua
1540 4200 1657 4254 col-

100 4279 228 4339 lectis
257 4302 437 4341 secum
467 4288 601 4342 viris
645 4288 892 4359 religiose
939 4290 1270 4354 conversari,
1301 4290 1517 4360 Deoque
1556 4290 1677 4345 de-r

101 4381 197 4426 vote
226 4390 287 4430 ac
309 4376 492 4446 quiete
516 4377 722 4432 servire
748 4378 973 4443 valeret,
1027 4380 1242 4435 tandem
1285 4380 1488 4448 reperit
1549 4380 1653 4437 sibi

99 4460 317 4526 placitura
394 4482 556 4536 quem
623 4467 810 4522 dicunt
890 4467 1124 4525 Montem
1182 4470 1432 4525 Faleouis
1475 4471 1651 4527 locum

101 4549 479 4627 (llontfaucon).
555 4556 655 4625 Qui
690 4558 842 4614 locus
870 4566 995 4613 tunc
1026 4560 1281 4629 temporis
1330 4561 1652 4616 inhabitabi-

1772 3373 1992 3429 duntur.
2035 3375 2152 3442 Quo
2192 3376 2453 3447 temporis
2486 3385 2708 3447 peracto
2737 3377 2934 3448 spatio,
2978 3377 3047 3430 ad
3078 3376 3365 3431 ecclesiam

1771 3465 1943 3519 sancti
1980 3464 2279 3531 Laurentii,
2304 3467 2393 3521 ubi
2420 3467 2609 3521 vivens
2633 3467 2746 3537 ipse
2792 3464 2895 3522 sibi
2938 3448 3241 3537 sepulcrum
3272 3472 3368 3536 pa-

1768 3566 2015 3621 raverat,
2047 3556 2321 3613 celebrato
2366 3573 2464 3628 per
2509 3554 3007 3628 triduumjejunio,
3055 3548 3365 3613 venerabile

1769 3662 1968 3716 corpus
1995 3647 2113 3718 ejus
2143 3648 2433 3716 perlatum,
2459 3656 2513 3702 et
2540 3648 2594 3701 in
2624 3663 2723 3703 suo
2749 3657 3064 3703 reverenter
3085 3656 3170 3703 est
3196 3647 3364 3717 depo-

1763 3738 1927 3792 situm
1971 3739 2326 3809 sarcophago.
2379 3738 2563 3808 Ibique
2615 3747 2831 3793 constat
2873 3738 3170 3794 venerabili
3214 3737 3362 3791 cultu

1763 3839 2057 3890 servatum,
2091 3843 2259 3897 usque
2289 3829 2355 3883 ad
2398 3838 2642 3898 tempora
2682 3829 2864 3884 Iiaroli
2896 3828 3060 3899 regis,
3102 3836 3155 3882 et
3198 3826 3362 3883 Hinc-

1763 3919 1899 3973 mari
1921 3918 2335 3989 archiepisc0pi,
2359 3920 2577 3987 quando
2600 3918 2931 3973 Nordmanni
2957 3920 3056 3973 huc
3077 3906 3364 3989 cteperunt

1761 4024 1986 4078 regnum
2017 4008 2352 4078 depopulari.
2385 4009 2624 4075 Quorum
2656 4016 2868 4064 terrore
2896 4007 3158 4079 compulsi
3191 4023 3359 4063 cano-
3420 3996 3423 3999 ’

1759 4101 1866 4156 nit-i
1916 4099 2163 4167 ejusdem
2197 4100 2334 4164 loci,
2368 4116 2565 4170 corpus
2600 4099 2759 4169 hujus
2797 4101 3009 4171 patroni
3041 4101 3122 4155 sui
3165 4101 3231 4156 de
3273 4115 3370 4155 se-

1758 4192 1947 4262 pulcro
1976 4191 2211 4262 levatum
2251 4204 2417 4261 super
2443 4192 2615 4247 altare
2644 4192 2818 4247 sancti
2849 4191 3129 4246 Laurentii
3161 4205 3361 4263 posue-

1756 4292 1911 4336 runt.
1924 4281 2083 4351 Quod
2109 4284 2235 4338 dum
2267 4283 2446 4347 ﬁeret,
2472 4291 2583 4338 tres
2603 4292 2769 4354 gutta:
2791 4283 3070 4355 sanguinis
3094 4282 3160 4337 de
3181 4282 3361 4353 capite

1754 4379 1923 4450 ipsius
1957 4380 2327 4447 deﬂuxerunt,
2366 4378 2437 4435 ita
2484 4382 2732 4436 recentes
2761 4388 2815 4435 et
2849 4380 3055 4444 calidae,
3092 4395 3156 4436 ac
3197 4380 3241 4435 si
3289 4379 3359 4435 de

1753 4472 1968 4525 vivente
1999 4470 2326 4540 prolinerent
2354 4480 2603 4541 cerpure.
2630 4470 2832 4541 Sicque
2863 4471 3096 4526 delatum
3124 4479 3209 4525 est
3237 4469 3359 4524 Vir—
3430 4466 3435 4472 ’

1755 4562 1979 4618 dunum.
2007 4562 2165 4619 Unde
2188 4560 2420 4618 relatum
2446 4564 2499 4617 in
2528 4563 2756 4618 ecclesia
2780 4571 2864 4618 est
2889 4564 3062 4618 sancti
3086 4546 3352 4617 Germani

98 4641 351 4708 lis,deusis
379 4650 727 4717 operiebatur
778 4650 949 4715 silvis,
992 4667 1128 4722 quas
1176 4652 1292 4721 ipse
1344 4654 1646 4717 succidcns,
1680 4624 1728 4682 D
1755 4655 2015 4709 locatum.

96 4740 276 4807 proprio
312 4742 412 4797 sibi
482 4741 673 4797 labore
727 4743 969 4798 condidit
1019 4744 1409 4799 habitaculum.
1457 4746 1651 4802 Fertur

97 4839 241 4885 autem
262 4849 439 4898 avem,
461 4848 624 4902 quam
650 4850 1023 4904 nuncupamus
1050 4836 1316 4892 falconem
1335 4877 1350 4900 ,
1382 4839 1642 4906 prteviam

97 4925 131 4969 et
162 4923 299 4990 quasi
330 4925 636 4993 pmlucem
667 4925 900 4992 itineris,
927 4926 1051 4981 dum
1079 4927 1253 4984 locum
1297 4928 1443 4985 illum
1484 4946 1650 5001 expe-

98 5013 222 5074 teret,
258 5012 533 5079 habuisse,
578 5029 697 5083 quae
754 5015 878 5070 loco
922 5017 1101 5072 eidem
1143 5017 1421 5087 insederit,
1454 5036 1518 5077 ac
1549 5037 1646 5090 per

1826 4746 2048 4802 Interim
2081 4746 2207 4801 dum
2238 4759 2337 4799 suo
2364 4745 2579 4800 abesset
2621 4745 2973 4810 monasterio,
3014 4743 3352 4802 Nordmanni

1754 4839 1821 4893 ad
1860 4838 1915 4893 id
1954 4845 2319 4906 pervenerunt
2356 4852 2368 4891 :
2406 4837 2498 4891 sed
2544 4836 2774 4891 Domino
2818 4835 2946 4892 illud
2992 4843 3307 4907 protegente
3335 4872 3351 4897 ,

1754 4945 1856 4985 nec
1886 4928 2146 4984 ecclesias
2188 4928 2567 4994 incenderunt,
2599 4944 2699 4983 nec
2729 4927 2999 4997 homines,
3044 4928 3145 4984 nisi
3186 4943 3352 4981 uuam

1753 5020 2016 5074 duntaxat
2062 5017 2364 5082 mulierem,
2393 5019 2735 5075 occiderunt.
2781 5016 2850 5073 Ut
2896 5032 3075 5075 autem
3107 5031 3352 5073 recesse-

96 5098 290 5196 tridnum
322 5104 413 5159 illo
435 5105 655 5160 rediens
683 5106 737 5159 in
769 5104 907 5168 loco,
933 5108 1020 5162 ubi
1049 5125 1194 5164 nune
1221 5110 1453 5165 habetur
1474 5110 1646 5167 altare
1746 5121 1907 5175 runt,
1929 5110 2129 5164 altaria
2166 5109 2484 5165 muneribus
2526 5112 2639 5167 suis
2685 5109 2962 5167 cunmlata
3009 5110 3351 5166 dimiserunt.
3444 5166 3449 5173 η

96 5192 133 5222 in
179 5192 366 5222 Iun-anna
418 5196 594 5222 ηειηιιιε
640 5195 792 5222 τῖλε-ζ
833 5200 1053 5222 ΑκΑ-Ιαίξ
1107 5199 1216 5222 -2..-
1249 5210 1454 5222 ..-...-.---n
1476 5204 1534 5222 ..Ω

1759 5202 1832 5222 ιι.
1858 5216 1923 5222 .--
1965 5200 2078 5222 -.ιιι
2120 5201 2237 5222 ,Ι-...-
2272 5197 2501 5222 \L.-J...-
2536 5220 2541 5221 γ
2595 5205 2608 5218 ο
2654 5219 2665 5221 -
2690 5200 2714 5222 ..1
2746 5216 2861 5222 ..--._-
2890 5203 2927 5222 I-
2980 5220 2983 5221 ν
3019 5203 3192 5222 1-..“-..
3227 5213 3321 5222 ......
