3904 5396
504 312 610 370 315

1571 321 1970 380 FLODOARDI
2008 321 2330 378 CANUMC!
2371 322 2730 380 REMENSIS-
3676 330 3766 386 3l6

505 424 701 491 victus,
731 438 924 496 przeter
970 446 1134 487 unam
1190 433 1528 492 solummodo
1571 452 1794 493 sumens
1822 438 2090 510 glandem,
2122 445 2170 504 Α
2199 438 2488 492 sanitatem
2517 440 2925 512 integerrimam
2955 441 3198 512 recipere
3245 449 3462 506 meruit,
3490 451 3544 495 et
3587 443 3662 497 sic
3686 460 3764 512 pe-

507 535 680 590 neque
707 521 928 587 famem,
951 540 1127 594 neque
1152 527 1298 582 sitim
1326 544 1516 598 passus
1543 527 1710 584 fuisse
1738 541 2090 590 memoratur.

502 611 811 682 iterumque
843 626 969 670 tunc
993 616 1144 672 locus
1166 619 1306 673 idem
1342 621 1550 675 meritis
1589 621 1747 691 hujus
1774 624 1912 677 beati
1936 624 2034 677 viri
2064 640 2095 678 a

502 705 740 759 cazdibus
769 717 824 760 et
851 707 1099 764 incendio
1127 725 1458 782 paganorum
1491 713 1749 768 liberatus
1774 723 1878 768 est.
1905 715 2095 768 Postea

503 802 758 870 contigit,
787 811 845 854 ut
871 804 1091 872 quidam
1123 807 1424 874 praedones,
1459 809 1619 878 regiae
1662 808 1961 874 majestatis
1983 809 2100 863 infi-

506 892 674 954 deles,
709 893 774 946 ad
806 895 1056 949 ennulem
1106 895 1422 951 devenirent
1466 897 1661 962 locum,
1711 911 1765 954 et
1806 915 1908 953 non
1945 901 2097 955 inve-

504 986 717 1040 nientes
767 987 838 1040 ibi
892 1004 1111 1041 manum
1163 1000 1552 1061 repugnantem
1601 992 1738 1056 sibi,
1793 993 2097 1048 desolatunt

505 1079 732 1146 praedari
770 1083 1008 1150 aggressi
1037 1091 1164 1137 sunt
1195 1083 1390 1138 locum.
1421 1087 1574 1150 Quod
1602 1088 1726 1140 dum
1755 1097 2094 1156 peragerent,

505 1186 656 1238 s'gna
699 1171 942 1226 ecclesiae
982 1173 1156 1228 sancti
1209 1173 1509 1240 Laurentii,
1557 1178 1770 1232 nemine
1816 1178 2097 1246 pulsante,

504 1276 698 1314 sonare
727 1274 1030 1332 cteperuut.
1059 1274 1114 1319 et
1153 1268 1258 1320 duo
1288 1271 1428 1322 cerei
1471 1286 1667 1339 supero
1697 1282 1823 1325 sunt
1864 1273 1984 1342 igne
2019 1273 2099 1327 di-

509 1354 712 1407 vinitus
760 1359 994 1412 accensi.
1039 1358 1390 1417 Prmdonibus
1428 1379 1555 1417 vero
1597 1365 1790 1420 timore
1835 1367 2100 1435 perculsis

506 1455 563 1498 et
598 1445 1020 1516 aufugientihus,
1059 1468 1198 1506 unus
1251 1470 1442 1508 eorum
1492 1457 1774 1526 prolapsus
1815 1459 1882 1512 ad
1927 1459 2097 1529 ipsam

507 1541 819 1592 monasterii
866 1551 1076 1610 portam
1123 1548 1348 1609 corruit,
1407 1557 1625 1619 tamque
1658 1550 1773 1618 ipso
1802 1566 1964 1619 quam
2006 1566 2099 1604 su-

509 1631 675 1700 perbo
716 1633 834 1702 ejus
875 1650 1015 1704 equo
1059 1637 1210 1691 ruina
1245 1640 1504 1703 contrito.
1551 1651 1699 1697 utres
1741 1659 1988 1712 quoque,
2045 1646 2098 1698 in

507 1725 701 1790 quibus
734 1725 914 1780 viuum
940 1729 1221 1793 deferebat
1252 1730 1512 1798 ablatum,
1541 1735 1771 1802 disrupti
1812 1743 1955 1788 sunt.
1980 1735 2099 1790 Cae-

2201 529 2358 584 dibus
2381 531 2493 585 suis
2521 532 2588 585 ad
2619 547 2714 585 sua
2746 547 2911 586 sanus
2948 533 3190 588 recessit.
3239 533 3654 586 Demorantihus
3695 535 3768 588 hic

2200 622 2437 692 prrefatis
2462 639 2556 693 per
2583 625 2708 678 anni
2736 626 2970 694 spatium
3007 641 3128 680 cuin
3157 635 3384 696 patrono
3425 641 3524 678 suo
3554 626 3768 690 clericis,

2201 712 2344 766 nulla
2391 723 2448 766 ut
2495 712 2676 768 ferunt
2718 715 2832 769 dies
2872 715 3155 784 prmteriit,
3197 732 3306 785 quo
3329 731 3435 769 non
3464 716 3661 769 ibidem
3687 716 3769 770 Dei

2201 803 2456 856 miracula
2497 813 2864 873 patrarentur.
2895 806 2950 859 ln
2986 806 3118 876 ipsis
3161 817 3338 860 autem
3390 805 3588 875 vigiliis
3617 807 3770 859 sancti

2199 891 2425 947 Joannis
2473 894 2748 965 Baptistae,
2799 896 3194 950 conﬂuentibus
3231 896 3298 950 de
3333 896 3578 950 Saxonia
3620 896 3771 965 pluri-

2200 987 2322 1051 bus,
2353 996 2409 1040 et
2459 1003 2488 1040 a
2551 988 2858 1060 longinquis
2895 989 3057 1043 etiam
3114 989 3450 1058 regionibus,
3501 989 3686 1042 decem
3728 1001 3775 1042 et

2199 1090 2324 1134 octo
2382 1080 2610 1150 insignia
2667 1083 2968 1151 probantur
3035 1091 3288 1148 ostensa;
3346 1083 3548 1151 vixque
3597 1082 3773 1151 aliquis

2201 1185 2344 1241 aeger
2364 1172 2617 1235 accessit,
2641 1172 2731 1241 qui
2765 1189 2868 1226 non
2907 1172 3095 1242 sospes
3146 1173 3435 1242 alacerque
3485 1175 3770 1227 recesserit.

2203 1261 2304 1318 Ubi
2334 1273 2480 1318 larua
2509 1280 2690 1319 rerum
2723 1265 2902 1320 delata
2933 1275 3018 1320 est
3055 1267 3232 1335 copia,
3276 1275 3333 1319 ut
3373 1276 3428 1319 et
3456 1265 3558 1334 ipsi
3612 1266 3773 1318 (lcriri

2202 1358 2396 1411 eximie
2429 1357 2689 1420 viverent,
2726 1368 2780 1411 et
2810 1367 3034 1412 carteros
3059 1359 3148 1428 qui
3181 1367 3559 1411 remanserant
3598 1359 3650 1410 in
3678 1373 3775 1410 mo-

2201 1447 2441 1500 nasterio
2463 1456 2854 1512 sustentarent,
2887 1448 3284 1516 ecclesiamque
3308 1449 3480 1516 ipsius
3521 1446 3658 1500 vilice
3680 1463 3773 1499 am—

2202 1537 2528 1606 pliticarent,
2562 1539 2644 1593 vel
2675 1540 3016 1595 decorarent.
3049 1541 3241 1595 Postea
3291 1540 3517 1609 contigit
3575 1549 3630 1592 ut
3674 1556 3775 1609 pro.

2204 1639 2326 1699 pter
2373 1646 2527 1700 aqua:
2583 1631 2955 1704 indigentiam,
3008 1631 3154 1689 foras
3199 1643 3353 1688 extra
3401 1634 3772 1688 monasterium

2203 1735 2384 1782 suum,
2417 1723 2556 1776 idem
2598 1739 2816 1779 sacrum
2867 1741 3066 1796 corpus
3107 1725 3411 1789 eﬂ'erretur,
3471 1735 3528 1780 et
3579 1727 3773 1778 obviam

507 1814 606 1868 teri
655 1817 755 1870 hoc
789 1817 1032 1873 videntes
1058 1860 1073 1881 ,
1117 1821 1274 1876 donis
1301 1823 1584 1879 ecclesiam
1633 1837 2055 1882 muneraverunt
2079 1867 2094 1894 ,

2208 1811 2373 1865 sancti
2402 1808 2577 1865 Jovini
2604 1813 2920 1884 pignoribus
2951 1824 3280 1886 portaretur.
3313 1813 3478 1882 Cujus
3511 1816 3635 1869 dum
3670 1816 3776 1869 fuis—

512 1913 768 1976 tnetuque
795 1905 972 1964 aﬂ‘ccti
1012 1923 1369 1966 recesserunt.

1099 2002 1328 2060 CAPUT
1368 2004 1500 2062 XLI.

1029 2091 1106 2147 De
1143 2095 1264 2148 t't'lla
1303 2095 1581 2154 i’l'aslicia.

582 2176 752 2246 llnjus
803 2183 1129 2237 venerabilis
1185 2186 1286 2240 loci
1339 2191 1584 2245 canonici
1635 2190 1792 2246 famis
1830 2197 2100 2264 quondam

512 2271 838 2325 necessitate
881 2275 1144 2342 compulsi
1173 2317 1186 2340 ,
1236 2280 1467 2348 sumptis
1493 2298 1520 2334 a
1554 2298 1782 2352 corpore
1809 2287 2102 2340 venerandi

514 2361 724 2426 patroni
759 2361 840 2415 sui
877 2363 1137 2434 reliquiis,
1176 2368 1241 2420 ad
1272 2384 1423 2422 suam
1455 2373 1744 2438 quamdam
1779 2375 1982 2439 villam,
2014 2391 2106 2430 su-

509 2465 606 2520 pra
652 2453 820 2522 ripam
872 2453 1043 2510 libeni
1096 2459 1302 2525 sitam,
1352 2473 1707 2532 cognomento
1751 2465 2101 2534 Waslieiam,

499 2560 672 2612 quam
695 2548 912 2615 quidatn
927 2565 1114 2603 eorum
1137 2552 1324 2615 abbas,
1343 2557 1558 2610 nomine
1582 2555 1905 2621 Adelardus,
1928 2560 2103 2614 eidem

513 2639 814 2693 contulerat
845 2643 1115 2706 coenobio,
1149 2643 1375 2711 profecti
1409 2658 1555 2701 sunt.
1609 2648 1705 2702 Ubi
1739 2651 1864 2704 dum
1903 2666 2105 2720 pagen-

513 2741 622 2790 ses,
659 2727 796 2782 alma
829 2742 1149 2786 venerantes
1179 2735 1428 2803 pignora,
1453 2752 1547 2791 sua
1577 2737 1716 2791 dona
1746 2738 1959 2795 deferre
1989 2754 2103 2795 οω-

513 2819 755 2886 pissent,
807 2821 974 2874 abbas
1023 2823 1241 2891 quidam
1295 2828 1632 2895 monasterii,
1685 2831 1827 2898 quod
1881 2840 2107 2886 vocatur

517 2909 719 2972 Bonna,
750 2928 981 2984 pergens
1007 2917 1072 2969 ad
1102 2916 1475 2974 Willebertum
1501 2921 1876 2978 (lolonienscm
1901 2940 2107 2995 praesu-

509 3000 639 3064 lem,
672 3006 831 3074 ςωρίι
872 3007 1009 3062 hanc
1051 3008 1314 3066 infamare
1354 3011 1718 3081 devotionem,
1767 3031 1866 3072 nec
1913 3033 2102 3073 revera

503 3097 682 3170 szmcti
741 3097 970 3167 alicujus
1016 3101 1238 3169 pignora
1274 3103 1401 3159 illuc
1431 3116 1682 3162 astruens
1726 3122 1850 3164 esse
1896 3109 2096 3166 delata.

2203 1913 2286 1959 set
2314 1905 2364 1958 in
2394 1921 2680 1960 occursum
2711 1907 3001 1977 perlatum,
3030 1925 3155 1964 mox
3194 1917 3253 1962 ut
3298 1909 3458 1963 simul
3508 1921 3775 1970 venerunt,

2203 1996 2519 2053 obnubilato
2567 1998 2706 2052 coelo
2733 2015 2854 2054 cum
2882 2016 3071 2069 magna
3119 2001 3338 2055 siccitas
3377 2002 3667 2066 existeret,
3696 2017 3775 2054 eo-

2203 2091 2353 2162 piosa
2386 2091 2688 2160 pluviarum
2718 2092 2986 2148 viseﬂ'usa
3009 2103 3122 2157 est;
3165 2102 3221 2148 et
3247 2093 3373 2146 dum
3418 2093 3776 2147 humectaren-

2206 2188 2294 2234 tur
2323 2183 2497 2237 imbre
2519 2183 2760 2236 omnium
2789 2184 3133 2247 vestimenta,
3175 2183 3332 2251 pallia
3365 2184 3649 2245 duntaxat,
3675 2199 3777 2250 qua:

2206 2295 2368 2348 supra
2422 2289 2731 2335 sanctorum
2780 2281 3126 2348 praefatorum
3177 2279 3492 2334 ferebantur
3545 2294 3775 2348 corpora,

2207 2371 2424 2441 penitus
2471 2371 2675 2425 intacta
2726 2381 3043 2425 manserunt
3089 2387 3119 2424 a
3168 2371 3371 2442 pluvia.
3435 2370 3513 2424 lbi
3575 2370 3775 2439 quidam

2206 2461 2392 2516 luscus
2421 2461 2600 2515 lumen
2630 2463 2812 2515 amissi
2873 2463 3066 2532 recipit
3113 2462 3276 2517 oculi.
3327 2461 3430 2529 Qui
3489 2462 3665 2515 statim
3711 2460 3779 2513 fu-

2207 2553 2392 2624 giens,
2425 2569 2525 2607 nec
2581 2552 2744 2605 Deum
2803 2551 3138 2624 glorificans,
3168 2563 3224 2605 ut
3265 2563 3378 2606 erat
3407 2551 3679 2622 jocnlaris.
3711 2552 3778 2603 in-

2207 2654 2393 2716 gratus
2445 2645 2698 2708 recessit;
2754 2653 2810 2698 at
2859 2642 2946 2698 ubi
3001 2643 3219 2698 domum
3264 2644 3551 2714 pervenit,
3615 2644 3777 2696 lumen

2208 2735 2352 2804 quod
2376 2743 2651 2804 receperat
2680 2735 2872 2788 iterum
2917 2734 3171 2805 perdidit.
3222 2733 3357 2788 Dum
3398 2749 3532 2788 vero
3571 2747 3777 2802 perven-

2210 2835 2322 2879 tum
2356 2825 2526 2880 estad
2552 2825 2941 2879 monasterium
2967 2841 3088 2879 cum
3133 2825 3417 2893 utriusque
3456 2825 3625 2879 sancti
3665 2838 3776 2877 cor-

2209 2933 2361 2988 pore,
2399 2918 2474 2971 ita
2517 2917 2690 2972 sancti
2737 2916 3001 2971 Balderici
3039 2916 3232 2985 pignus
3281 2925 3364 2970 est
3417 2925 3774 2986 aggravatum.

2211 3016 2270 3062 ut
2299 3007 2603 3062 nullatenus
2648 3008 2851 3062 moveri
2903 3017 3086 3076 posset
3111 3047 3136 3073 ,.
3175 3008 3346 3061 donec
3395 3007 3574 3060 sancti
3621 3003 3778 3058 lavini

2213 3113 2385 3168 usque
2407 3097 2474 3153 ad
2499 3098 2806 3153 ccenobium
2840 3101 3144 3169 pra-cedere
3173 3100 3415 3152 membra
3443 3098 3716 3153 fecissent.

514 3183 790 3267 Timentes
827 3199 1008 3243 autem
1054 3193 1300 3247 canonici
1337 3195 1428 3264 qui
1464 3199 1815 3263 advenerant,
1857 3216 1926 3256 ne
1969 3202 2104 3258 forte

2282 3191 2418 3246 Cum
2448 3203 2630 3247 autem
2674 3192 2902 3247 doamus
2947 3193 3096 3247 Dado
3126 3190 3486 3247 Virdunensis
3513 3193 3778 3261 episc0pus

513 3279 1016 3350 constringerentur
1044 3293 1095 3336 et
1125 3283 1524 3340 discuterentur
1555 3289 1623 3343 ab
1651 3291 1927 3360 episcopo,
1975 3307 2108 3362 quo-

519 3369 663 3423 niam
703 3379 870 3426 totum
903 3374 1069 3442 ipsius
1104 3377 1276 3430 sancti
1310 3393 1508 3447 corpus
1539 3394 1722 3433 secum
1749 3381 1934 3437 haberi
1967 3382 2110 3438 fere-

519 3459 670 3524 bant,
706 3477 828 3516 mox
862 3471 918 3516 ut
965 3465 1078 3518 haec
1109 3466 1404 3532 audissent,
1452 3469 1553 3522 sub
1583 3470 1792 3526 duobus
1819 3471 2009 3526 diebus
2039 3472 2106 3528 ad

517 3566 674 3605 suum
706 3569 802 3622 per
836 3553 1017 3610 lcueas
1046 3554 1158 3611 fere
1187 3567 1407 3612 centum
1439 3561 1646 3614 rediere
1683 3563 2103 3629 monasterium;

522 3654 969 3715 assumentesque
997 3662 1122 3701 cum
1168 3647 1479 3719 integritate
1515 3649 1658 3705 beati
1701 3653 1799 3706 viri
1841 3653 2107 3722 membra,

515 3735 618 3788 sub
651 3736 872 3790 totidem
907 3738 1095 3794 diebus
1125 3741 1192 3794 ad
1231 3753 1586 3810 praenotatant
1629 3755 1874 3799 remeant
1906 3745 2106 3800 villam.

519 3827 616 3880 Cui
655 3828 780 3882 dmn
826 3831 1190 3902 propinquare
1232 3833 1544 3904 ccepissent,
1575 3837 1654 3891 eis
1683 3837 1862 3892 adhuc
1887 3839 1954 3892 ab
1995 3839 2109 3906 ipsa

520 3917 644 3970 villa
678 3919 853 3986 spatio
899 3920 1066 3976 leuca:
1116 3923 1228 3978 fere
1269 3925 1630 3991 distantibus,
1659 3929 1904 3983 ecclesia:
1930 3929 2108 3999 signa,

523 4008 668 4063 nullo
697 4011 1032 4080 impellente,
1061 4030 1316 4073 resonare
1337 4034 1571 4090 coepere.
1597 4022 1668 4077 At
1696 4023 1747 4077 hi
1776 4023 1867 4094 qui
1895 4039 2110 4078 reman-

517 4112 704 4156 serant
740 4105 790 4156 in
817 4107 1008 4160 eodem
1035 4107 1153 4163 loco
1174 4110 1358 4165 clerici
1389 4113 1490 4166 hoc
1522 4115 1824 4180 audientes,
1848 4126 1902 4169 et
1929 4125 2112 4184 patro-

518 4212 648 4250 num
677 4212 834 4252 suum
865 4200 1118 4257 advenire
1164 4203 1544 4274 intelligentes,
1577 4208 1791 4261 obviam
1825 4225 1949 4263 cum
1980 4226 2108 4264 eru-

521 4289 677 4343 cibus
705 4302 954 4361 pergttnt,
982 4303 1037 4347 et
1060 4295 1266 4350 honore
1297 4295 1458 4366 digno
1491 4308 1722 4353 tutorem
1750 4315 1907 4354 suum
1935 4302 2110 4356 susei-

521 4381 696 4450 piunt.
731 4384 939 4450 Quibus
961 4388 1251 4441 missarum
1275 4389 1535 4444 solemnia
1557 4391 1980 4458 celebrantibus,
2009 4395 2108 4449 tria

521 4479 653 4534 inibi
702 4491 922 4550 repente
972 4483 1106 4538 mira
1175 4487 1540 4557 contigerunt.
1597 4487 1920 4545 Contractus
1970 4507 2110 4547 unus

518 4581 758 4636 erectus,
789 4587 963 4628 ρερειιε
984 4575 1200 4644 quidam
1236 4577 1588 4644 illuminatus,
1615 4589 1671 4634 et
1701 4579 1964 4650 loquelam
1993 4599 2108 4636 mu-

521 4671 607 4718 lus
644 4664 870 4735 adeptus
893 4675 996 4722 est.
1029 4666 1228 4722 lterum
1259 4667 1514 4736 praefatus
1537 4671 1703 4726 abbas
1734 4671 2107 4742 blasphemarc

519 4755 615 4810 Dei
655 4772 763 4811 non
795 4761 1043 4813 cessabat
1086 4761 1372 4827 miracula,
1402 4777 1539 4833 quos
1579 4773 1795 4834 poterat
1838 4782 1870 4820 a
1919 4766 2107 4822 visita-

523 4847 669 4899 tione
696 4850 867 4903 sancti
895 4863 1165 4906 avertens.

593 4936 724 5003 Qua:
753 4939 879 4992 dum
909 4951 1136 5010 gereret,
1171 4940 1323 4996 febre
1351 4952 1639 5013 correptus
1668 4947 1740 5000 ita
1768 4947 2006 5018 graviter
2023 4957 2108 5004 est

520 5039 772 5094 vexatus,
807 5039 864 5083 ut
893 5033 993 5086 nec
1021 5034 1367 5096 manoacare,
1398 5050 1499 5088 nec
1523 5035 1726 5099 bibere,
1754 5038 1834 5092 vel
1859 5039 2112 5096 incedere

521 5133 726 5192 posset.
767 5124 1067 5179 Ardoribus
1098 5134 1275 5179 autem
1322 5126 1596 5197 languoris
1627 5129 1854 5198 hujusce
1889 5143 2114 5186 coactus

527 5214 652 5286 [nl.,
687 5214 1010 5287 excoctus.],
1041 5217 1254 5270 tandem
1281 5229 1560 5285 peccatum
1591 5234 1747 5272 suum
1786 5222 2114 5290 recognovit,

524 5317 579 5361 et
609 5309 736 5363 sella
767 5324 825 5364 se
859 5309 1188 5378 gestatoria,
1233 5324 1402 5377 usque
1451 5308 1519 5362 ad
1569 5308 1836 5373 Rhenum,
1881 5310 2115 5378 indeque

2183 4206 2376 4282 [fuerit
2402 4205 2662 4274 sospitate
2708 4205 3106 4273 redintegratus
3146 4218 3161 4257 :

2211 3284 2354 3339 hanc
2398 3299 2430 3338 a
2478 3300 2604 3355 rege
2655 3284 2902 3356 (Arnulfo
2956 3283 3397 3354 Trausrltenensi)
3453 3285 3780 3354 impetrasset

2211 3377 2501 3440 abbatiam,
2533 3387 2587 3432 et
2606 3379 2722 3433 haec
2749 3378 2885 3432 mira
2908 3379 3165 3446 ccepisset
3187 3377 3398 3441 audire,
3431 3377 3711 3431 constituit
3732 3385 3780 3426 ut

2211 3469 2466 3526 omnibus
2485 3470 2641 3524 annis
2665 3469 2825 3523 trium
2866 3469 3319 3524 monasteriorum
3365 3483 3524 3522 sacra
3574 3469 3780 3538 pignora

2211 3563 2373 3619 simul
2401 3562 2457 3630 in
2485 3562 2775 3630 quemdam
2815 3562 3049 3615 medium
3093 3559 3437 3615 deferrentur
3485 3559 3662 3614 locum
3699 3574 3780 3612 nec

2212 3656 2356 3710 mine
2378 3654 2734 3710 Gaudiacnm.
2771 3653 2848 3708 De
2895 3655 3023 3709 sede
3071 3652 3278 3708 scilicet
3311 3652 3464 3706 urbis
3491 3653 3779 3707 V‘irdunen-

2211 3747 2289 3802 sis
2314 3757 2536 3801 sanctus
2585 3745 2844 3808 Vitonus,
2891 3754 2948 3799 et
2985 3756 3204 3798 sanctus
3251 3744 3538 3814 Agerieus,
3583 3753 3781 3798 sanctus

2212 3855 2340 3894 vero
2367 3838 2673 3893 Baldericus
2697 3838 2761 3892 de
2801 3838 3129 3893 monasterio
3169 3853 3286 3899 suo,
3337 3847 3391 3894 et
3439 3847 3665 3891 sanctus
3693 3836 3781 3888 llo—

2213 3934 2402 3988 dvieus
2429 3934 2494 3987 de
2526 3931 2790 3986 Wasloio.
2815 3931 2871 3986 ln
2903 3947 3009 4000 quo
3032 3940 3298 3985 conventu
3333 3932 3621 3986 innumera
3655 3938 3782 3999 post-

2213 4025 2431 4077 modum
2464 4032 2590 4078 sunt
2643 4031 2855 4091 patrata
2907 4021 3194 4087 miracula,
3252 4031 3314 4076 ut
3359 4023 3449 4075 vix
3478 4019 3782 4090 praeterierit

2213 4113 2734 4184 hujusmodicoitio,
2793 4111 2846 4166 in
2898 4127 3005 4180 qua
3058 4129 3164 4166 non
3209 4111 3405 4182 aliquis
3456 4111 3778 4176 inﬁrmorum

3213 4204 3447 4258 maxime
3491 4215 3670 4259 tamen
3702 4202 3777 4262 illi,

2212 4298 2303 4368 qui
2354 4297 2654 4368 patrocinia
2705 4296 2848 4352 beati
2895 4295 3158 4350 Baldcrici
3214 4305 3340 4350 sunt
3365 4306 3626 4367 expetere
3678 4297 3777 4348 visi.

2213 4391 2460 4458 Quodam
2493 4389 2585 4443 tali
2608 4398 2877 4443 conventu
2927 4389 3144 4458 quidam
3196 4386 3409 4442 locutus
3460 4396 3547 4442 est
3598 4394 3776 4445 mutus.

2216 4495 2376 4550 quem
2410 4479 2766 4535 Virdunensis
2798 4479 3121 4548 arripientes
3161 4493 3346 4533 secum
3379 4478 3581 4532 dueere
3621 4489 3777 4544 ccipe.

2218 4585 2362 4638 runt,
2395 4583 2704 4628 asserentes
2735 4571 2875 4642 quod
2905 4582 3216 4624 sanctorum
3242 4571 3416 4624 virtus
3439 4613 3454 4631 ,
3485 4585 3622 4638 quos
3653 4569 3780 4620 detu-

2215 4667 2407 4728 lerant,
2463 4667 2566 4720 boc
2605 4665 2922 4719 miraculum
2978 4670 3362 4731 perpetrasset.
3423 4660 3622 4729 Sicque
3672 4657 3778 4709 dum

2213 4757 2449 4826 separati
2501 4758 2700 4827 quique
2757 4754 3092 4810 referrentur
3147 4752 3214 4806 ad
3255 4768 3376 4814 sua,
3434 4759 3586 4804 tanto
3630 4744 3778 4802 sancti

2214 4847 2475 4903 Balderici
2506 4847 2742 4916 pondere
2771 4853 3059 4916 aggravata
3107 4852 3234 4899 sunt
3273 4859 3431 4906 ossa,
3485 4852 3543 4896 ut
3595 4840 3780 4911 penitus

2215 4951 2438 4994 manere
2486 4938 2802 4992 viderentur
2853 4936 3177 4990 immobilia.
3206 4935 3287 4989 Ad
3339 4951 3502 5004 quem
3560 4929 3780 4986 miraCtdi

2215 5039 2491 5098 stuporem
2529 5027 2930 5082 recurrentibus
2958 5026 3160 5090 multis,
3191 5025 3321 5078 dum
3349 5032 3663 5094 quaeruntur
3687 5020 3774 5082 sui,

2215 5135 2314 5175 cur
2336 5118 2463 5172 inibi
2492 5117 2646 5173 vellet
2675 5117 2976 5179 immorari,
2999 5124 3053 5170 et
3094 5114 3223 5186 quid
3269 5114 3469 5168 ibidem
3500 5115 3780 5182 disponeret

2215 5211 2456 5282 operari,
2481 5211 2679 5264 accidit
2707 5219 2765 5264 ut
2796 5209 3169 5277 requireretur
3201 5206 3288 5260 ille
3327 5207 3421 5275 qui
3449 5207 3656 5260 locutus
3681 5201 3778 5255 {uec

2221 5309 2304 5357 rat
2356 5310 2556 5355 mutus.
2613 5301 2960 5366 Tandemque
3007 5305 3312 5361 revocatus,
3369 5296 3458 5350 ubi
3507 5296 3574 5349 ad
3627 5295 3776 5346 locant

3603 5385 3684 5396 ..ΑΛ
