3904 5396
120 353 218 411 517

680 351 1027 408 msronre
1070 351 1421 409 ECCLESIE
1465 351 1690 407 Renes

1795 350 1810 404 ἱ
1844 350 2025 406 LIBRI
2064 351 2423 420 QUATUOR.
2465 383 2534 393 -—-
2572 353 2700 409 LIB.
2742 353 2831 409 IV.

3267 353 3370 410 818

119 483 241 524 num
267 466 398 520 sitas
431 463 499 520 ab
528 463 794 522 Adelardo
816 467 1010 520 abbate
1047 466 1114 520 ad
1155 463 1296 521 idem
1339 465 1540 520 dudum
1577 481 1691 518 mo-
1719 468 1767 527 Α
1794 478 1916 518 eum
1946 463 2159 518 clericis
2195 464 2438 531 recessit,
2471 474 2523 519 et
2555 466 2606 520 in
2653 467 2978 522 eminentem
3020 465 3156 522 villae
3203 466 3380 522 couti-

119 557 407 614 nasterium
455 556 631 620 datas,
687 572 785 624 pro
832 556 964 611 villa‘
1001 555 1219 612 Gerlani
1277 565 1490 619 monte,
1531 571 1694 625 super

122 648 384 703 Mosellam
425 647 768 715 conjacente,
816 648 1066 701 mutavit.
1119 646 1200 700 Ad
1249 663 1412 715 quam
1467 645 1693 710 villam,

119 743 237 794 dum
261 739 537 794 sanciendi
585 738 684 793 sibi
733 753 917 804 causa,
969 738 1236 808 proficisci
1289 738 1486 792 fratres
1536 736 1695 806 hujus

120 829 541 900 congregationis
585 831 946 898 praecepiSset,
997 829 1072 883 illi
1131 837 1468 884 assumentes
1509 844 1693 883 secum

122 923 324 992 patroni
349 922 454 985 sui,
480 921 662 975 domui
694 922 940 975 videlicet
964 920 1226 975 Baldcrici
1257 921 1497 975 membra
1525 960 1540 984 ,
1569 935 1696 988 pro-

122 1019 236 1073 fccri
275 1026 400 1071 sunt
429 1017 649 1085 exsequi
670 1015 948 1084 jussa.Qui
975 1017 1100 1069 dmn
1123 1016 1189 1070 ad
1217 1015 1422 1079 villam,
1447 1030 1566 1084 qua:
1590 1015 1695 1067 De-

123 1125 178 1162 va
214 1108 277 1180 [ί.
316 1106 482 1180 Dena]
539 1109 757 1173 dicitur,
810 1109 1203 1177 pervenissent,
1256 1117 1404 1160 tanto
1455 1107 1696 1176 pondere

123 1210 292 1253 sancta
330 1198 503 1253 detixa
535 1209 660 1253 sunt
685 1200 931 1270 pignora,
963 1209 1020 1252 ut
1057 1198 1308 1268 progredi
1353 1212 1692 1266 nequaquam

123 1292 345 1344 valerent
374 1291 601 1345 ulterius
627 1305 690 1344 ea
720 1291 978 1351 ferentes,
1011 1291 1252 1358 initoque
1276 1288 1520 1352 consilio,
1539 1297 1598 1340 ut
1627 1286 1693 1340 ad

123 1397 162 1436 ει
181 1382 393 1436 clesiam
416 1381 762 1436 deferrentur
785 1382 951 1451 ipsius
976 1381 1138 1444 villae,
1165 1383 1264 1435 sub
1292 1382 1495 1434 honore
1522 1379 1694 1433 sancti

124 1472 318 1526 Martini
346 1474 604 1534 dicatam,
628 1473 930 1542 perferendi
964 1473 1230 1542 rccipiunt
1258 1471 1690 1540 possibilitatem.

125 1561 226 1627 Quo
248 1561 469 1629 perlatis
497 1562 831 1631 pignoribus,
863 1570 918 1614 ut
946 1573 1065 1630 post
1092 1562 1394 1614 orationem
1426 1562 1492 1614 ab
1516 1559 1694 1613 eccle-

125 1655 191 1706 sia
220 1663 300 1707 est
329 1653 617 1722 perlatum,
657 1654 851 1707 iterum
883 1654 1056 1708 sancti
1111 1663 1437 1722 aggravatur
1493 1667 1692 1722 corpu-

125 1745 345 1810 sculum;
407 1746 841 1815 mirantibusque
902 1746 1146 1811 cunctis,
1201 1755 1255 1800 et
1307 1746 1450 1815 quod
1512 1745 1689 1815 aliqua

125 1835 238 1888 inibi
269 1836 409 1890 Deus
444 1852 541 1905 pro
579 1837 752 1890 sancti
792 1836 871 1890 sui
903 1836 1295 1903 glorilicatione
1333 1837 1484 1905 signa
1532 1835 1690 1889 vellet
1722 1830 1766 1890 Β

125 1927 388 1980 ostendere
431 1927 755 1996 quibusdam
805 1925 1132 1990 ferentibus,
1184 1928 1228 1980 si
1285 1927 1376 1997 qui
1437 1927 1691 1981 adessent

127 2017 245 2072 forte
269 2019 492 2085 debles,
527 2031 610 2074 est
641 2021 981 2090 requisitum.
1033 2021 1458 2074 Advenientilms
1509 2029 1689 2073 autem

127 2107 246 2163 laesis
276 2112 569 2181 aliquibus,
598 2122 760 2180 atque
783 2112 974 2166 delatis
1004 2111 1341 2181 quibusdam,
1361 2112 1442 2164 vir
1469 2111 1687 2180 quidam

128 2203 324 2258 claudus
357 2205 606 2274 erigitur,
637 2217 691 2259 et
711 2205 912 2261 femina
945 2210 1192 2278 quaedam
1220 2209 1456 2263 brachiis
1481 2209 1545 2263 ab
1568 2219 1691 2263 octo

129 2303 254 2348 retro
299 2297 459 2349 anuis
515 2307 796 2351 contracta
857 2299 1166 2363 resolvitur,
1199 2302 1423 2368 dumque
1475 2299 1690 2354 feminae

126 2402 259 2440 mea:
291 2398 419 2441 sunt
453 2388 784 2453 illuminataz,
833 2400 888 2444 et
938 2390 1116 2445 infans
1168 2408 1430 2445 annorum
1481 2400 1687 2460 septem

129 2490 283 2534 mutus
321 2480 465 2550 loqui
495 2481 680 2550 cmpit.
715 2482 768 2535 In
801 2498 906 2552 quo
943 2483 1061 2537 loco
1093 2499 1224 2536 crux
1264 2483 1332 2536 ab
1363 2482 1528 2552 ipsius
1553 2481 1690 2536 vilice

128 2569 411 2625 hominibus
438 2572 612 2640 posita
643 2582 746 2637 est,
776 2574 864 2628 ubi
896 2584 1080 2644 postea
1116 2574 1234 2628 dua:
1261 2572 1475 2628 femina:
1507 2573 1687 2626 lumen

127 2662 380 2716 oculorum
414 2673 756 2734 receperunt,
779 2675 832 2719 et
859 2665 1098 2720 candela!
1129 2665 1388 2720 divinitus
1423 2680 1686 2730 acccnsm,

127 2752 362 2825 multique
389 2754 619 2810 diversis
653 2765 776 2811 sunt
803 2757 870 2810 ab
913 2756 1318 2812 infirmitatibus
1342 2757 1578 2813 liberati.

691 2868 919 2926 CAPUT
947 2869 1103 2924 XLII.

127 2955 190 3010 De
213 2958 422 3014 ecclesia
469 2959 640 3014 sancti
687 2959 932 3022 Romani,
958 2971 1005 3014 et
1046 2961 1316 3017 miraculis
1368 2963 1424 3016 in
1476 2959 1687 3017 Callani

617 3029 681 3100 Li,
705 3030 944 3103 Uerlam‘]
976 3045 1165 3086 monte.

183 3119 468 3176 Ecclesiam
493 3123 666 3176 sancti
696 3121 947 3189 Romani,
983 3125 1034 3179 in
1063 3125 1287 3194 praefata
1315 3126 1441 3182 villa
1472 3126 1685 3184 Gellani

1798 569 1957 624 gnam
1987 570 2176 624 rupem
2224 556 2594 611 conscendens
2649 572 2767 612 sese
2816 557 2869 613 iu
2925 572 3167 626 praeceps
3217 556 3382 618 dedit,

1796 645 1982 715 sicque
2013 647 2229 700 attritus
2246 646 2434 716 jacuit,
2469 656 2527 700 ut
2549 659 2792 702 mortuus
2806 647 2890 701 vel
2923 649 3077 703 morti
3109 648 3386 701 videretur

1797 737 2339 807 proximus,indeque
2367 738 2606 793 sublatus
2629 749 2756 792 ante
2784 738 2954 793 sancti
2978 720 3220 807 corporis
3248 753 3384 808 prte-

1797 832 2024 886 sentiam
2054 839 2139 885 est
2167 832 2498 900 deportatus,
2529 832 2708 900 ibique
2736 832 2948 884 tandem
2975 845 3031 885 se
3054 831 3375 899 culpabilem

1797 923 2061 985 reddens,
2096 922 2366 992 insperate
2392 930 2634 986 sanatus,
2667 929 2722 975 et
2753 921 2973 990 integra:
3005 920 3058 975 in
3104 919 3253 974 brevi
3298 933 3386 973 re-

1795 1015 2018 1068 stitutus
2043 1023 2125 1067 est
2151 1014 2419 1082 sospitati.

1867 1123 1996 1178 Item
2025 1123 2150 1176 dum
2185 1139 2356 1194 nuper
2381 1123 2446 1177 ad
2476 1129 2942 1193 prtememoratam
2971 1117 3154 1173 villam
3188 1116 3385 1173 Wasli-

1796 1214 1935 1268 ciam
1969 1215 2128 1278 hu,us
2159 1215 2331 1268 sancti
2369 1216 2607 1268 membra
2644 1213 2812 1268 relata
2845 1212 3100 1273 fuisSent,
3126 1209 3385 1279 quoniam

1795 1302 2120 1358 Godefridus
2149 1302 2410 1372 principis
2441 1301 2656 1356 IIenrici
2689 1316 2872 1356 comes
2905 1299 3086 1369 palatii
3131 1296 3379 1352 eamdem

1796 1405 2113 1465 pervaserat
2142 1395 2345 1460 villam,
2369 1395 2588 1464 quidam
2611 1394 2936 1448 clericorum
2969 1392 3144 1446 sancti
3185 1390 3379 1443 Baldc-

1800 1486 1898 1541 rici
1957 1485 2025 1540 ad
2088 1487 2337 1540 eumdem
2378 1485 2726 1540 Godefridum
2772 1499 2870 1551 pro
2924 1484 3023 1536 hac
3065 1496 3226 1535 causa
3256 1495 3381 1549 per-

1796 1592 2085 1645 rexcrunt;
2133 1591 2186 1636 ct
2215 1596 2339 1636 eum
2381 1581 2580 1634 nullam
2633 1581 2846 1651 dignam
2892 1580 3192 1648 potuissent
3241 1576 3383 1646 apud

1794 1687 1916 1727 euut
1951 1672 2229 1743 percipere
2268 1672 2693 1740 responsionem,
2718 1686 2815 1724 nec
2846 1670 3016 1738 magis
3046 1684 3103 1723 se
3154 1684 3250 1737 pro
3300 1669 3382 1722 eis

1797 1764 1922 1819 inde
1972 1779 2136 1835 quam
2186 1779 2285 1832 pro
2328 1780 2425 1817 suo
2476 1779 2614 1817 caue
2672 1762 2942 1816 facturum
2999 1760 3383 1828 respondisset,

1794 1854 2025 1909 clericus
2043 1853 2260 1924 quiidam
2284 1868 2347 1906 ex
2376 1853 2459 1906 his
2486 1852 2800 1906 intcntando
2828 1848 3231 1918 subjecit,quod
3257 1845 3382 1900 cali-

1793 1943 1920 1998 dum
1987 1943 2213 2013 proinde
2262 1945 2510 1998 sudorem
2565 1944 2854 1996 sudaturus
2901 1951 3065 2008 esset,
3096 1955 3194 1993 nec
3231 1939 3383 1991 canis

1792 2049 1924 2090 suus
1951 2033 2234 2104 anuturus
2256 2050 2376 2086 eum
2402 2031 2560 2085 foret.
2585 2032 2675 2086 Ille
2704 2031 3026 2086 furibundus
3057 2030 3120 2084 ad
3154 2031 3267 2084 haec
3293 2043 3387 2083 eos

1791 2142 1821 2180 a
1848 2143 1946 2181 suo
1973 2127 2216 2196 przecipit
2252 2125 2374 2196 cjici
2412 2136 2723 2195 conspectu.
2749 2126 2955 2192 Quibus
3003 2122 3381 2178 recedentibus

1791 2219 1904 2288 ipse
1923 2235 2046 2272 mox
2071 2219 2246 2272 divina
2275 2219 2528 2288 plectitur
2554 2219 2776 2282 ultione,
2793 2216 3076 2286 validaque
3097 2223 3382 2285 correptus

1790 2311 1941 2366 febre
1976 2312 2140 2381 cmpit
2178 2311 2497 2382 grauissime
2539 2311 2746 2375 vexari,
2785 2312 3075 2379 iniuriisque
3113 2307 3375 2362 succendi

1790 2400 2074 2454 ardoribus
2121 2410 2283 2469 atque
2347 2398 2764 2454 ferventissimis
2808 2397 3024 2452 efﬂuere
3072 2395 3381 2451 sudoribus.

1790 2495 2012 2550 Mittens
2044 2494 2210 2563 igitur
2261 2494 2327 2547 ad
2381 2493 2693 2562 episcopum
2745 2489 3118 2545 Colouicuscm
3167 2486 3386 2542 Wicfri-

1789 2589 1938 2652 dun),
1969 2588 2110 2641 hunc
2160 2585 2226 2638 ad
2274 2600 2332 2639 se
2372 2584 2558 2638 venire
2607 2584 2782 2653 petiit,
2831 2583 2991 2652 eique
3039 2598 3151 2635 rem
3203 2579 3387 2634 retulit

1789 2689 1951 2749 atque
1995 2678 2046 2732 id
2079 2677 2146 2732 ab
2176 2692 2242 2731 co
2269 2676 2474 2731 consilii
2507 2675 2764 2746 percepit,
2799 2686 2856 2728 ut
2887 2674 2954 2728 ad
2987 2671 3238 2744 praefatos
3271 2672 3382 2726 cle-

1788 2771 1932 2826 ricos
1955 2771 2211 2834 mitteret,
2247 2782 2448 2838 eosque
2474 2768 2540 2821 ad
2569 2782 2628 2821 se
2653 2767 2834 2822 venire
2867 2765 3088 2828 faciens,
3119 2775 3174 2821 et
3199 2773 3382 2820 errata

1787 2864 2088 2934 corrigens,
2120 2863 2189 2917 ab
2219 2861 2299 2916 eis
2323 2861 2388 2915 de
2427 2875 2522 2915 sua
2558 2859 2872 2915 infirmitate
2898 2859 3184 2915 concilium
3210 2867 3265 2913 et
3293 2873 3387 2928 pa—

1789 2955 1922 3011 riter
1949 2954 2207 3008 auxilium
2238 2962 2525 3024 qurereret.
2563 2952 2715 3020 Quod
2747 2953 2834 3008 ille
2878 2951 3193 3015 obaudiens,
3231 2958 3286 3005 et
3315 2950 3384 3005 ad

1788 3062 1884 3102 eos
1911 3048 2152 3110 mittens,
2191 3047 2256 3100 ad
2295 3061 2354 3100 se
2385 3045 2570 3099 venire
2614 3044 2907 3098 mandavit.
2949 3045 3018 3098 At
3049 3043 3244 3097 missus
3269 3041 3386 3111 ejus

1792 3137 1957 3209 typho
2003 3151 2102 3191 ceu
2152 3136 2436 3190 videbatur
2462 3132 2675 3188 inﬂatus
2703 3133 2990 3203 superbire,
3021 3132 3202 3202 erepit,
3237 3143 3295 3185 ut
3320 3132 3384 3184 ad

130 3222 286 3268 monte
310 3224 709 3280 constructam,
743 3215 943 3270 dudum
987 3215 1112 3272 Milo
1157 3221 1480 3290 praepositus
1526 3237 1686 3275 cano-

1795 3243 1948 3284 suum
1985 3226 2263 3282 dominum
2306 3242 2429 3281 mox
2466 3225 2648 3280 clerici
2681 3233 2988 3296 pergerent,
3028 3223 3387 3292 impcritando

129 3303 342 3358 uicorum
375 3306 536 3376 hujus
575 3305 679 3360 loci
709 3307 777 3360 ab
807 3306 886 3360 eis
933 3307 1214 3363 auferebat
1261 3325 1275 3362 :
1335 3325 1501 3380 quam
1564 3312 1689 3366 dum

129 3392 309 3451 Bosone
352 3399 552 3450 comite
604 3397 710 3453 sibi
755 3411 877 3452 eam
930 3399 1187 3454 reddente
1239 3403 1589 3473 recepissent,
1636 3412 1692 3457 et

129 3491 275 3543 sancti
299 3490 563 3546 Balderici
592 3494 833 3549 membra
883 3491 1010 3548 illuc
1042 3496 1376 3561 retulissent,
1406 3495 1690 3550 audientes

131 3580 255 3635 inulti
279 3583 344 3636 ad
373 3583 547 3653 ipsius
571 3599 855 3657 cmperunt
885 3587 1160 3645 confluere
1188 3589 1508 3660 patrocinia.
1547 3589 1692 3644 Inter

130 3687 244 3739 quos
264 3674 378 3728 dua:
409 3690 568 3732 carere
611 3680 823 3736 nobiles
872 3681 1088 3736 femina:
1145 3681 1390 3735 deducta:
1442 3690 1588 3746 sunt,
1635 3689 1691 3735 et

128 3765 345 3831 ("taedam
382 3769 589 3838 perlata
622 3772 945 3842 paupercula
972 3773 1223 3828 omnibus
1269 3772 1382 3827 fere
1432 3773 1690 3827 membris

128 3866 406 3914 contracta.
462 3861 632 3916 Nocte
675 3879 806 3918 vero
857 3864 1162 3934 vigiliarum
1213 3865 1387 3919 sancti
1436 3863 1686 3929 Romani,

132 3945 236 4004 dum
270 3950 332 4004 de
368 3967 522 4006 more
575 3953 865 4024 pervigiles
911 3956 967 4010 in
1019 3956 1246 4011 ecclesia
1281 3954 1691 4010 celebrarentur

130 4039 360 4105 cexcttbiaz,
387 4043 572 4097 subito
621 4054 830 4100 tantum
868 4046 1084 4101 cmlitus
1118 4055 1198 4100 est
1226 4045 1406 4100 lmnen
1457 4043 1687 4100 effusum

131 4139 178 4182 ut
215 4137 384 4190 omnia
426 4152 547 4205 qua:
574 4135 791 4192 fuerant
811 4154 1038 4194 accensa
1073 4140 1346 4194 videretur
1397 4137 1688 4193 luminaria

132 4236 378 4290 superare.
409 4227 596 4283 Altare
633 4238 873 4296 tantum,
900 4246 1063 4300 supra
1112 4232 1254 4300 quod
1305 4231 1478 4286 sancti
1532 4239 1691 4286 erant

133 4327 233 4369 ossa
261 4319 524 4389 depasita,
552 4323 716 4377 densa
747 4323 856 4394 tegi
905 4323 1189 4378 videbatur
1229 4323 1446 4389 nebula,
1492 4323 1694 4394 ipsum-

133 4419 220 4472 que
259 4413 396 4468 sacri
447 4415 694 4483 pignoris
737 4416 892 4485 quasi
927 4416 1130 4470 moveri
1162 4417 1487 4472 cernebatur
1513 4426 1692 4488 gesta-

135 4513 252 4555 men.
273 4504 400 4559 Cum
435 4516 663 4575 repente
707 4524 810 4562 una
851 4523 1118 4565 caacarum
1164 4509 1425 4578 primum,
1455 4523 1688 4578 moxque

135 4587 275 4645 altera
310 4609 426 4650 sese
454 4596 639 4651 videre
681 4597 1039 4665 proclamant.
1088 4597 1225 4652 Tum
1279 4598 1453 4653 media
1500 4598 1690 4665 iacens

135 4690 405 4750 contracta,
436 4686 527 4741 ubi
559 4687 725 4756 cmpit
763 4687 1021 4751 clamare,
1052 4687 1422 4756 auxiliumque
1471 4685 1586 4753 Dei,
1633 4696 1688 4741 et

137 4775 282 4829 sancti
305 4775 569 4833 Balderici
592 4778 872 4848 deprecari
896 4779 1195 4847 ,paulatim
1234 4780 1540 4844 resolvitur,
1578 4781 1690 4850 pri-

137 4876 258 4918 mum
283 4867 535 4934 brachiis,
566 4879 621 4924 et
649 4870 773 4924 inde
805 4869 1118 4939 poplitibus,
1143 4870 1314 4925 donec
1340 4880 1517 4926 erecta
1541 4872 1692 4927 stetit

138 4950 180 5003 ίίι
206 4957 580 5027 Dedibus.Qu:e
607 4963 950 5030 postmodum
977 4976 1109 5016 sana
1139 4960 1690 5027 eﬂecta,clcricorum

139 5043 254 5113 stipe
272 5048 373 5104 huc
400 5069 569 5123 usque
593 5061 952 5107 sustentatur.
981 5051 1147 5122 Igitur
1173 5052 1296 5106 dum
1323 5051 1547 5121 prmfato
1569 5068 1690 5107 mo-

140 5151 365 5174 τηνοηιηιι
401 5144 452 5174 ἶη
486 5145 600 5174 ΙΑΑΛ
630 5145 812 5174 ΛΙι---ξηῖ
843 5159 964 5174 ιιι-ης
993 5145 1215 5174 ηἶηηΛι-ιι
1256 5159 1412 5174 ann-an
1466 5143 1687 5174 nnnl:n:l

1790 3318 2103 3388 prmeipere.
2137 3316 2345 3384 Quibus
2379 3316 2747 3378 renuentibus,
2783 3317 2876 3371 sed
2908 3330 3029 3370 eum
3059 3315 3384 3369 cbaritatem

1789 3423 1971 3463 secum
2019 3406 2198 3464 facere
2235 3408 2568 3479 rogantibus,
2603 3408 2690 3463 ille
2724 3409 3066 3478 contempsit,
3094 3422 3265 3476 eoque
3293 3421 3376 3460 re-

1789 3501 2038 3566 cedente,
2071 3501 2124 3554 in
2153 3501 2268 3572 ipso
2294 3517 2516 3571 egressu
2547 3515 2722 3570 equus
2749 3500 2867 3569 ejus
2895 3501 3149 3556 incitatus
3175 3501 3241 3554 ab
3268 3500 3386 3570 ipso

1789 3591 2077 3662 prosiliens
2105 3592 2234 3655 ruit,
2265 3600 2318 3646 et
2348 3591 2484 3646 collo
2508 3589 2683 3646 fracto
2712 3591 2932 3646 interiit.
2967 3589 3056 3645 Sic
3087 3589 3176 3644 ille
3204 3589 3382 3643 humi-

1789 3683 1954 3739 liatus
2002 3683 2069 3737 ad
2108 3683 2304 3738 fratres
2342 3683 2520 3748 rediit,
2553 3683 2871 3738 cbaritatem
2914 3697 3074 3751 quam
3103 3687 3386 3750 spreverat

1789 3773 1919 3842 egit,
1946 3781 2000 3826 et
2029 3772 2098 3826 ita
2126 3781 2403 3826 correctus
2435 3774 2677 3828 recessit.
2705 3772 2841 3827 Ilinc
2865 3773 3082 3836 iterum,
3116 3771 3385 3840 tertioque

1790 3864 1966 3920 vocati
2017 3874 2180 3933 atque
2237 3864 2422 3934 petiti,
2466 3863 2628 3933 hujus
2679 3864 2894 3918 tandem
2944 3864 3046 3917 viri
3094 3863 3386 3931 compertis

1791 3953 2166 4018 incommodis,
2194 3954 2261 4008 ad
2290 3969 2412 4009 eum
2449 3963 2558 4007 tum
2595 3954 2810 4009 demum
2842 3954 3088 4021 veniunt,
3129 3954 3386 4023 patientis

1790 4047 2190 4116 compatiuntur
2219 4046 2568 4112 cruciatibus,
2604 4056 2674 4118 et
2716 4048 3062 4103 confitentem
3103 4055 3384 4117 peccatum

1790 4155 1970 4204 suum,
2001 4137 2544 4208 emendationemque
2571 4139 2972 4208 promittentem
3001 4140 3250 4210 precibus
3269 4139 3385 4193 suis

1791 4230 2072 4286 absolvere
2106 4231 2345 4285 student.
2384 4231 2458 4284 At
2499 4230 2588 4285 ille
2633 4231 2816 4286 statim
2861 4247 2922 4287 se
2961 4231 3154 4286 melius
3188 4230 3389 4284 habere

1792 4319 2089 4391 professus,
2127 4320 2215 4374 ubi
2247 4334 2518 4374 recessere
2556 4318 2774 4386 fratres,
2816 4321 3110 4386 convaluit,
3138 4334 3226 4374 res
3253 4333 3391 4391 quas

1795 4410 2070 4465 invaserat
2103 4409 2354 4475 reddidit,
2387 4425 2451 4464 ac
2480 4411 2734 4479 deinceps
2758 4411 2826 4464 ab
2859 4426 3044 4465 earum
3075 4425 3134 4465 se
3173 4409 3391 4463 laesione

1796 4501 2080 4555 continuit.
2135 4498 2335 4555 Verum
2384 4508 2532 4554 tanta
2590 4500 2785 4555 domus
2828 4499 2944 4570 ejus
2989 4498 3182 4554 affecta
3234 4498 3388 4553 clade

1722 4563 1963 4648 Dfuisse
2006 4590 2353 4662 perhibetur,
2403 4599 2457 4644 ut
2502 4591 2588 4643 vix
2643 4590 2806 4660 aliqui
2856 4563 3230 4645 remanserint
3283 4589 3375 4656 qui

1796 4682 2000 4737 eisdem
2037 4681 2196 4735 rebus
2225 4680 2306 4734 usi
2349 4680 2592 4745 fuerant;
2636 4680 2734 4750 ipsi
2763 4679 2926 4732 etiam
2957 4681 3082 4749 equi
3127 4690 3180 4734 et
3227 4693 3390 4733 canes

1795 4770 2120 4834 interierint,
2168 4779 2223 4824 et
2256 4769 2371 4838 ipse
2401 4785 2676 4840 pervasor,
2722 4769 2947 4840 perditis
2987 4787 3110 4826 cum
3139 4779 3262 4827 cute
3292 4784 3388 4823 ca-

1795 4864 1961 4934 pillis,
1993 4872 2047 4918 et
2083 4862 2318 4933 ungulis,
2349 4864 2439 4916 vix
2472 4866 2727 4918 evaserit.

2354 4953 2581 5009 CAPUT
2657 4953 2832 5010 XLIII.

2007 5047 2084 5102 Dc
2113 5045 2369 5100 miraculo
2398 5045 2452 5098 in
2487 5043 2669 5100 Rheno
2699 5045 2918 5116 [lumine
2945 5059 3176 5114 patrato.

1866 5140 2016 5174 Tnnn
2047 5137 2116 5174 nI\
2142 5134 2541 5174 infnclatinnnnv
2570 5136 2943 5174 “unanrnrnln
2996 5154 3120 5174 anno
3140 5131 3390 5174 ηνςιιιίιιις
