  <div class='ocr_page' id='page_1' title='image "/cluster/home/n/w/nwhite01/storage/ocr_20150623/135/hvd.32044015471758/165.png"; bbox 0 0 3904 5396; ppageno 0'>
   <div class='ocr_carea' id='block_1_1' title="bbox 496 336 3741 423">
    <p class='ocr_par' dir='ltr' id='par_1_1' title="bbox 496 336 3741 423">
     <span class='ocr_line' id='line_1_1' title="bbox 496 336 3741 423; baseline -0.001 -28"><span class='ocrx_word' id='word_1_1' title='bbox 496 341 601 423; x_wconf 68' lang='lat' dir='ltr'><strong>sta</strong></span> <span class='ocrx_word' id='word_1_2' title='bbox 851 406 857 413; x_wconf 47' lang='grc'>,</span> <span class='ocrx_word' id='word_1_3' title='bbox 1196 396 1199 401; x_wconf 1' lang='grc' dir='ltr'><strong>ι</strong></span> <span class='ocrx_word' id='word_1_4' title='bbox 1559 338 1952 399; x_wconf 57' lang='grc' dir='ltr'><strong>ηοοολιωι</strong></span> <span class='ocrx_word' id='word_1_5' title='bbox 1991 336 2315 397; x_wconf 65' lang='lat' dir='ltr'><strong>caueam</strong></span> <span class='ocrx_word' id='word_1_6' title='bbox 2350 336 2698 395; x_wconf 62' lang='lat' dir='ltr'><strong>assessu.</strong></span> <span class='ocrx_word' id='word_1_7' title='bbox 2778 375 2782 379; x_wconf 75' lang='lat'><strong>.</strong></span> <span class='ocrx_word' id='word_1_8' title='bbox 3054 382 3057 383; x_wconf 38' lang='grc' dir='ltr'><em>κ</em></span> <span class='ocrx_word' id='word_1_9' title='bbox 3164 369 3181 376; x_wconf 59' lang='grc' dir='ltr'><strong>τ</strong></span> <span class='ocrx_word' id='word_1_10' title='bbox 3648 340 3741 397; x_wconf 68' lang='lat' dir='ltr'><strong>tae</strong></span> 
     </span>
    </p>
   </div>
   <div class='ocr_carea' id='block_1_2' title="bbox 498 447 3737 529">
    <p class='ocr_par' dir='ltr' id='par_1_2' title="bbox 498 447 3737 529">
     <span class='ocr_line' id='line_1_2' title="bbox 498 447 3737 529; baseline -0.002 -17"><span class='ocrx_word' id='word_1_11' title='bbox 498 458 758 520; x_wconf 93' lang='lat' dir='ltr'><strong>latrones,</strong></span> <span class='ocrx_word' id='word_1_12' title='bbox 789 463 1066 524; x_wconf 83' lang='lat' dir='ltr'><strong>comperto</strong></span> <span class='ocrx_word' id='word_1_13' title='bbox 1096 454 1243 529; x_wconf 86' lang='lat' dir='ltr'><strong>quod</strong></span> <span class='ocrx_word' id='word_1_14' title='bbox 1282 454 1440 523; x_wconf 88' lang='lat' dir='ltr'><strong>pauci</strong></span> <span class='ocrx_word' id='word_1_15' title='bbox 1483 454 1813 511; x_wconf 89' lang='lat' dir='ltr'><strong>resedissent</strong></span> <span class='ocrx_word' id='word_1_16' title='bbox 1858 455 1910 511; x_wconf 86' lang='lat' dir='ltr'><strong>in</strong></span> <span class='ocrx_word' id='word_1_17' title='bbox 1958 454 2081 511; x_wconf 86' lang='lat' dir='ltr'><strong>navi</strong></span> <span class='ocrx_word' id='word_1_18' title='bbox 2113 467 2159 523; x_wconf 73' lang='grc' dir='ltr'><strong>Α</strong></span> <span class='ocrx_word' id='word_1_19' title='bbox 2186 452 2493 513; x_wconf 81' lang='lat' dir='ltr'><strong>Guntmari,</strong></span> <span class='ocrx_word' id='word_1_20' title='bbox 2528 459 2582 506; x_wconf 90' lang='lat' dir='ltr'><strong>et</strong></span> <span class='ocrx_word' id='word_1_21' title='bbox 2620 465 2685 506; x_wconf 80' lang='lat' dir='ltr'><strong>ex</strong></span> <span class='ocrx_word' id='word_1_22' title='bbox 2740 450 2976 521; x_wconf 86' lang='lat' dir='ltr'><strong>ipsorum</strong></span> <span class='ocrx_word' id='word_1_23' title='bbox 3024 448 3269 520; x_wconf 66' lang='lat' dir='ltr'><strong>iussione</strong></span> <span class='ocrx_word' id='word_1_24' title='bbox 3311 447 3627 518; x_wconf 77' lang='lat' dir='ltr'><strong>przcdictum</strong></span> <span class='ocrx_word' id='word_1_25' title='bbox 3652 451 3737 507; x_wconf 87' lang='lat' dir='ltr'><strong>iter</strong></span> 
     </span>
    </p>
   </div>
   <div class='ocr_carea' id='block_1_3' title="bbox 501 528 3738 613">
    <p class='ocr_par' dir='ltr' id='par_1_3' title="bbox 501 528 3738 613">
     <span class='ocr_line' id='line_1_3' title="bbox 501 528 3738 613; baseline -0.003 -10"><span class='ocrx_word' id='word_1_26' title='bbox 501 547 772 609; x_wconf 89' lang='lat' dir='ltr'><strong>custodes,</strong></span> <span class='ocrx_word' id='word_1_27' title='bbox 804 545 980 613; x_wconf 84' lang='lat' dir='ltr'><strong>ibique</strong></span> <span class='ocrx_word' id='word_1_28' title='bbox 1004 528 1312 610; x_wconf 78' lang='lat' dir='ltr'><strong>thesauros,</strong></span> <span class='ocrx_word' id='word_1_29' title='bbox 1338 542 1422 598; x_wconf 89' lang='lat' dir='ltr'><strong>vel</strong></span> <span class='ocrx_word' id='word_1_30' title='bbox 1457 552 1777 598; x_wconf 85' lang='lat' dir='ltr'><strong>ornamenta</strong></span> <span class='ocrx_word' id='word_1_31' title='bbox 1802 543 1973 598; x_wconf 90' lang='lat' dir='ltr'><strong>sancti</strong></span> <span class='ocrx_word' id='word_1_32' title='bbox 2000 556 2084 597; x_wconf 83' lang='lat' dir='ltr'><strong>re—</strong></span> <span class='ocrx_word' id='word_1_33' title='bbox 2187 541 2489 612; x_wconf 72' lang='lat' dir='ltr'><strong>iniungeret</strong></span> <span class='ocrx_word' id='word_1_34' title='bbox 2518 541 2591 596; x_wconf 89' lang='lat' dir='ltr'><strong>illi</strong></span> <span class='ocrx_word' id='word_1_35' title='bbox 2622 556 2804 596; x_wconf 83' lang='lat' dir='ltr'><strong>secum</strong></span> <span class='ocrx_word' id='word_1_36' title='bbox 2849 540 3105 610; x_wconf 81' lang='lat' dir='ltr'><strong>exsequi,</strong></span> <span class='ocrx_word' id='word_1_37' title='bbox 3134 538 3226 593; x_wconf 87' lang='lat' dir='ltr'><strong>tali</strong></span> <span class='ocrx_word' id='word_1_38' title='bbox 3258 539 3513 594; x_wconf 87' lang='lat' dir='ltr'><strong>videlicet</strong></span> <span class='ocrx_word' id='word_1_39' title='bbox 3555 547 3738 607; x_wconf 66' lang='lat' dir='ltr'><strong>tenore,</strong></span> 
     </span>
    </p>
   </div>
   <div class='ocr_carea' id='block_1_4' title="bbox 502 631 3738 705">
    <p class='ocr_par' dir='ltr' id='par_1_4' title="bbox 502 631 3738 705">
     <span class='ocr_line' id='line_1_4' title="bbox 502 631 3738 705; baseline -0.001 -14"><span class='ocrx_word' id='word_1_40' title='bbox 502 636 768 691; x_wconf 75' lang='lat' dir='ltr'><strong>mansisse</strong></span> <span class='ocrx_word' id='word_1_41' title='bbox 802 633 926 698; x_wconf 89' lang='lat' dir='ltr'><strong>rati,</strong></span> <span class='ocrx_word' id='word_1_42' title='bbox 968 640 1261 688; x_wconf 70' lang='lat' dir='ltr'><strong>Conscensa</strong></span> <span class='ocrx_word' id='word_1_43' title='bbox 1307 635 1532 688; x_wconf 89' lang='lat' dir='ltr'><strong>tendunt</strong></span> <span class='ocrx_word' id='word_1_44' title='bbox 1566 633 1657 688; x_wconf 93' lang='lat' dir='ltr'><strong>illo</strong></span> <span class='ocrx_word' id='word_1_45' title='bbox 1691 633 1907 705; x_wconf 83' lang='lat' dir='ltr'><strong>cymba.</strong></span> <span class='ocrx_word' id='word_1_46' title='bbox 1954 632 2082 701; x_wconf 88' lang='lat' dir='ltr'><strong>Sed,</strong></span> <span class='ocrx_word' id='word_1_47' title='bbox 2188 644 2247 690; x_wconf 85' lang='grc' dir='ltr'><strong>ιιι</strong></span> <span class='ocrx_word' id='word_1_48' title='bbox 2279 636 2348 690; x_wconf 90' lang='lat' dir='ltr'><strong>ab</strong></span> <span class='ocrx_word' id='word_1_49' title='bbox 2368 650 2432 689; x_wconf 85' lang='lat' dir='ltr'><strong>ea</strong></span> <span class='ocrx_word' id='word_1_50' title='bbox 2461 635 2549 689; x_wconf 85' lang='lat' dir='ltr'><strong>die</strong></span> <span class='ocrx_word' id='word_1_51' title='bbox 2580 650 2682 689; x_wconf 84' lang='lat' dir='ltr'><strong>nec</strong></span> <span class='ocrx_word' id='word_1_52' title='bbox 2714 633 2825 700; x_wconf 88' lang='lat' dir='ltr'><strong>ille,</strong></span> <span class='ocrx_word' id='word_1_53' title='bbox 2856 648 2957 688; x_wconf 88' lang='lat' dir='ltr'><strong>nec</strong></span> <span class='ocrx_word' id='word_1_54' title='bbox 2992 634 3104 702; x_wconf 85' lang='lat' dir='ltr'><strong>ipsa</strong></span> <span class='ocrx_word' id='word_1_55' title='bbox 3147 646 3368 687; x_wconf 80' lang='lat' dir='ltr'><strong>carnem</strong></span> <span class='ocrx_word' id='word_1_56' title='bbox 3398 631 3738 700; x_wconf 84' lang='lat' dir='ltr'><strong>comedereut,</strong></span> 
     </span>
    </p>
   </div>
   <div class='ocr_carea' id='block_1_5' title="bbox 503 724 3741 794">
    <p class='ocr_par' dir='ltr' id='par_1_5' title="bbox 503 724 3741 794">
     <span class='ocr_line' id='line_1_5' title="bbox 503 724 3741 794; baseline 0 -15"><span class='ocrx_word' id='word_1_57' title='bbox 503 734 787 794; x_wconf 58' lang='lat' dir='ltr'><strong>antequam</strong></span> <span class='ocrx_word' id='word_1_58' title='bbox 818 724 1186 794; x_wconf 84' lang='lat' dir='ltr'><strong>pertingerent</strong></span> <span class='ocrx_word' id='word_1_59' title='bbox 1214 724 1279 778; x_wconf 90' lang='lat' dir='ltr'><strong>ad</strong></span> <span class='ocrx_word' id='word_1_60' title='bbox 1313 725 1479 794; x_wconf 89' lang='lat' dir='ltr'><strong>ipsam</strong></span> <span class='ocrx_word' id='word_1_61' title='bbox 1521 740 1679 794; x_wconf 79' lang='lat' dir='ltr'><strong>qttam</strong></span> <span class='ocrx_word' id='word_1_62' title='bbox 1708 724 1961 794; x_wconf 82' lang='lat' dir='ltr'><strong>petebant</strong></span> <span class='ocrx_word' id='word_1_63' title='bbox 1992 740 2091 789; x_wconf 83' lang='lat' dir='ltr'><strong>na-</strong></span> <span class='ocrx_word' id='word_1_64' title='bbox 2190 736 2285 781; x_wconf 85' lang='lat' dir='ltr'><strong>aut</strong></span> <span class='ocrx_word' id='word_1_65' title='bbox 2324 725 2506 780; x_wconf 85' lang='lat' dir='ltr'><strong>viuum</strong></span> <span class='ocrx_word' id='word_1_66' title='bbox 2556 726 2826 790; x_wconf 76' lang='lat' dir='ltr'><strong>biberent,</strong></span> <span class='ocrx_word' id='word_1_67' title='bbox 2855 725 3028 780; x_wconf 88' lang='lat' dir='ltr'><strong>donec</strong></span> <span class='ocrx_word' id='word_1_68' title='bbox 3075 725 3179 780; x_wconf 85' lang='lat' dir='ltr'><strong>iter</strong></span> <span class='ocrx_word' id='word_1_69' title='bbox 3232 724 3406 794; x_wconf 90' lang='lat' dir='ltr'><strong>ipsum</strong></span> <span class='ocrx_word' id='word_1_70' title='bbox 3444 724 3741 792; x_wconf 82' lang='lat' dir='ltr'><strong>arriperent,</strong></span> 
     </span>
    </p>
   </div>
   <div class='ocr_carea' id='block_1_6' title="bbox 504 815 3744 891">
    <p class='ocr_par' dir='ltr' id='par_1_6' title="bbox 504 815 3744 891">
     <span class='ocr_line' id='line_1_6' title="bbox 504 815 3744 891; baseline 0 -22"><span class='ocrx_word' id='word_1_71' title='bbox 504 832 645 878; x_wconf 88' lang='lat' dir='ltr'><strong>vem,</strong></span> <span class='ocrx_word' id='word_1_72' title='bbox 688 816 872 870; x_wconf 72' lang='lat' dir='ltr'><strong>emeati</strong></span> <span class='ocrx_word' id='word_1_73' title='bbox 924 816 1202 880; x_wconf 89' lang='lat' dir='ltr'><strong>divinitus,</strong></span> <span class='ocrx_word' id='word_1_74' title='bbox 1251 815 1565 886; x_wconf 87' lang='lat' dir='ltr'><strong>perditoque</strong></span> <span class='ocrx_word' id='word_1_75' title='bbox 1616 831 1774 870; x_wconf 87' lang='lat' dir='ltr'><strong>sensu</strong></span> <span class='ocrx_word' id='word_1_76' title='bbox 1823 816 2091 891; x_wconf 78' lang='lat' dir='ltr'><strong>remigare</strong></span> <span class='ocrx_word' id='word_1_77' title='bbox 2189 818 2291 872; x_wconf 84' lang='lat' dir='ltr'><strong>nisi</strong></span> <span class='ocrx_word' id='word_1_78' title='bbox 2324 825 2531 871; x_wconf 81' lang='lat' dir='ltr'><strong>tantum</strong></span> <span class='ocrx_word' id='word_1_79' title='bbox 2563 817 2694 880; x_wconf 89' lang='lat' dir='ltr'><strong>vini,</strong></span> <span class='ocrx_word' id='word_1_80' title='bbox 2731 824 2985 886; x_wconf 87' lang='lat' dir='ltr'><strong>quantum</strong></span> <span class='ocrx_word' id='word_1_81' title='bbox 3036 815 3142 870; x_wconf 88' lang='lat' dir='ltr'><strong>emi</strong></span> <span class='ocrx_word' id='word_1_82' title='bbox 3172 815 3438 884; x_wconf 87' lang='lat' dir='ltr'><strong>potuisset</strong></span> <span class='ocrx_word' id='word_1_83' title='bbox 3465 829 3534 868; x_wconf 80' lang='lat' dir='ltr'><strong>ex</strong></span> <span class='ocrx_word' id='word_1_84' title='bbox 3575 817 3744 883; x_wconf 82' lang='lat' dir='ltr'><strong>pretio,</strong></span> 
     </span>
    </p>
   </div>
   <div class='ocr_carea' id='block_1_7' title="bbox 438 902 3744 978">
    <p class='ocr_par' dir='ltr' id='par_1_7' title="bbox 438 902 3744 978">
     <span class='ocr_line' id='line_1_7' title="bbox 438 902 3744 978; baseline -0.001 -17"><span class='ocrx_word' id='word_1_85' title='bbox 438 902 443 908; x_wconf 63' lang='grc'><em>”</em></span> <span class='ocrx_word' id='word_1_86' title='bbox 504 923 611 961; x_wconf 88' lang='lat' dir='ltr'><strong>nou</strong></span> <span class='ocrx_word' id='word_1_87' title='bbox 634 908 893 972; x_wconf 78' lang='lat' dir='ltr'><strong>valentes,</strong></span> <span class='ocrx_word' id='word_1_88' title='bbox 923 908 1121 977; x_wconf 87' lang='lat' dir='ltr'><strong>impetu</strong></span> <span class='ocrx_word' id='word_1_89' title='bbox 1145 907 1381 961; x_wconf 83' lang='lat' dir='ltr'><strong>ﬂuminis</strong></span> <span class='ocrx_word' id='word_1_90' title='bbox 1405 908 1531 961; x_wconf 88' lang='lat' dir='ltr'><strong>ferri</strong></span> <span class='ocrx_word' id='word_1_91' title='bbox 1561 916 1858 978; x_wconf 61' lang='lat' dir='ltr'><strong>creperum.</strong></span> <span class='ocrx_word' id='word_1_92' title='bbox 1892 906 2090 976; x_wconf 87' lang='lat' dir='ltr'><strong>Sicque</strong></span> <span class='ocrx_word' id='word_1_93' title='bbox 2189 907 2332 978; x_wconf 88' lang='lat' dir='ltr'><strong>quod</strong></span> <span class='ocrx_word' id='word_1_94' title='bbox 2382 922 2546 977; x_wconf 85' lang='lat' dir='ltr'><strong>super</strong></span> <span class='ocrx_word' id='word_1_95' title='bbox 2589 907 2760 962; x_wconf 89' lang='lat' dir='ltr'><strong>altare</strong></span> <span class='ocrx_word' id='word_1_96' title='bbox 2792 906 3061 976; x_wconf 81' lang='lat' dir='ltr'><strong>quoddam</strong></span> <span class='ocrx_word' id='word_1_97' title='bbox 3091 906 3159 960; x_wconf 90' lang='lat' dir='ltr'><strong>ab</strong></span> <span class='ocrx_word' id='word_1_98' title='bbox 3189 905 3318 976; x_wconf 86' lang='lat' dir='ltr'><strong>ipsis</strong></span> <span class='ocrx_word' id='word_1_99' title='bbox 3347 905 3397 960; x_wconf 91' lang='lat' dir='ltr'><strong>ei</strong></span> <span class='ocrx_word' id='word_1_100' title='bbox 3431 905 3744 974; x_wconf 74' lang='lat' dir='ltr'><strong>designatum</strong></span> 
     </span>
    </p>
   </div>
   <div class='ocr_carea' id='block_1_8' title="bbox 507 995 3748 1074">
    <p class='ocr_par' dir='ltr' id='par_1_8' title="bbox 507 995 3748 1074">
     <span class='ocr_line' id='line_1_8' title="bbox 507 995 3748 1074; baseline 0.001 -26"><span class='ocrx_word' id='word_1_101' title='bbox 507 995 753 1049; x_wconf 79' lang='lat' dir='ltr'><strong>navicula</strong></span> <span class='ocrx_word' id='word_1_102' title='bbox 796 1012 981 1050; x_wconf 91' lang='lat' dir='ltr'><strong>eorum</strong></span> <span class='ocrx_word' id='word_1_103' title='bbox 1027 996 1172 1061; x_wconf 85' lang='lat' dir='ltr'><strong>navi,</strong></span> <span class='ocrx_word' id='word_1_104' title='bbox 1213 1011 1335 1074; x_wconf 74' lang='lat' dir='ltr'><strong>qua:</strong></span> <span class='ocrx_word' id='word_1_105' title='bbox 1361 998 1533 1051; x_wconf 85' lang='lat' dir='ltr'><strong>sancti</strong></span> <span class='ocrx_word' id='word_1_106' title='bbox 1574 1012 1768 1066; x_wconf 87' lang='lat' dir='ltr'><strong>corpus</strong></span> <span class='ocrx_word' id='word_1_107' title='bbox 1816 997 2088 1061; x_wconf 83' lang='lat' dir='ltr'><strong>servabat,</strong></span> <span class='ocrx_word' id='word_1_108' title='bbox 2194 1011 2474 1070; x_wconf 90' lang='lat' dir='ltr'><strong>repertura</strong></span> <span class='ocrx_word' id='word_1_109' title='bbox 2523 1009 2687 1064; x_wconf 81' lang='lat' dir='ltr'><strong>esset,</strong></span> <span class='ocrx_word' id='word_1_110' title='bbox 2723 1000 2837 1069; x_wconf 89' lang='lat' dir='ltr'><strong>ipsa</strong></span> <span class='ocrx_word' id='word_1_111' title='bbox 2876 1000 3137 1053; x_wconf 76' lang='lat' dir='ltr'><strong>duntaxat</strong></span> <span class='ocrx_word' id='word_1_112' title='bbox 3180 999 3507 1068; x_wconf 84' lang='lat' dir='ltr'><strong>perciperet.</strong></span> <span class='ocrx_word' id='word_1_113' title='bbox 3547 997 3614 1054; x_wconf 87' lang='lat' dir='ltr'><strong>Ut</strong></span> <span class='ocrx_word' id='word_1_114' title='bbox 3640 1014 3748 1068; x_wconf 75' lang='lat' dir='ltr'><strong>ergo</strong></span> 
     </span>
    </p>
   </div>
   <div class='ocr_carea' id='block_1_9' title="bbox 508 1088 3751 1163">
    <p class='ocr_par' dir='ltr' id='par_1_9' title="bbox 508 1088 3751 1163">
     <span class='ocr_line' id='line_1_9' title="bbox 508 1088 3751 1163; baseline -0.001 -18"><span class='ocrx_word' id='word_1_115' title='bbox 508 1089 743 1158; x_wconf 89' lang='lat' dir='ltr'><strong>impacta</strong></span> <span class='ocrx_word' id='word_1_116' title='bbox 783 1090 1139 1159; x_wconf 80' lang='lat' dir='ltr'><strong>contritaque,</strong></span> <span class='ocrx_word' id='word_1_117' title='bbox 1178 1090 1368 1144; x_wconf 88' lang='lat' dir='ltr'><strong>mediis</strong></span> <span class='ocrx_word' id='word_1_118' title='bbox 1412 1105 1506 1145; x_wconf 90' lang='lat' dir='ltr'><strong>cos</strong></span> <span class='ocrx_word' id='word_1_119' title='bbox 1547 1090 1598 1143; x_wconf 89' lang='lat' dir='ltr'><strong>iu</strong></span> <span class='ocrx_word' id='word_1_120' title='bbox 1648 1088 1895 1144; x_wconf 81' lang='lat' dir='ltr'><strong>ﬂuctibus</strong></span> <span class='ocrx_word' id='word_1_121' title='bbox 1935 1090 2093 1145; x_wconf 85' lang='lat' dir='ltr'><strong>dere-</strong></span> <span class='ocrx_word' id='word_1_122' title='bbox 2192 1092 2316 1148; x_wconf 89' lang='lat' dir='ltr'><strong>inde</strong></span> <span class='ocrx_word' id='word_1_123' title='bbox 2341 1093 2512 1163; x_wconf 80' lang='lat' dir='ltr'><strong>magis</strong></span> <span class='ocrx_word' id='word_1_124' title='bbox 2541 1091 2877 1155; x_wconf 83' lang='lat' dir='ltr'><strong>crederetur,</strong></span> <span class='ocrx_word' id='word_1_125' title='bbox 2899 1091 3156 1159; x_wconf 89' lang='lat' dir='ltr'><strong>quasdam</strong></span> <span class='ocrx_word' id='word_1_126' title='bbox 3179 1105 3416 1151; x_wconf 88' lang='lat' dir='ltr'><strong>sorores,</strong></span> <span class='ocrx_word' id='word_1_127' title='bbox 3450 1101 3562 1142; x_wconf 88' lang='lat' dir='ltr'><strong>tres</strong></span> <span class='ocrx_word' id='word_1_128' title='bbox 3590 1090 3751 1144; x_wconf 81' lang='lat' dir='ltr'><strong>videli-</strong></span> 
     </span>
    </p>
   </div>
   <div class='ocr_carea' id='block_1_10' title="bbox 508 1176 3752 1252">
    <p class='ocr_par' dir='ltr' id='par_1_10' title="bbox 508 1176 3752 1252">
     <span class='ocr_line' id='line_1_10' title="bbox 508 1176 3752 1252; baseline -0 -24"><span class='ocrx_word' id='word_1_129' title='bbox 508 1176 686 1246; x_wconf 87' lang='lat' dir='ltr'><strong>liqnit.</strong></span> <span class='ocrx_word' id='word_1_130' title='bbox 723 1176 959 1244; x_wconf 85' lang='lat' dir='ltr'><strong>Quorum</strong></span> <span class='ocrx_word' id='word_1_131' title='bbox 991 1179 1196 1233; x_wconf 87' lang='lat' dir='ltr'><strong>duobus</strong></span> <span class='ocrx_word' id='word_1_132' title='bbox 1220 1176 1382 1233; x_wconf 84' lang='lat' dir='ltr'><strong>ﬂuvio</strong></span> <span class='ocrx_word' id='word_1_133' title='bbox 1409 1194 1529 1232; x_wconf 78' lang='lat' dir='ltr'><strong>mox</strong></span> <span class='ocrx_word' id='word_1_134' title='bbox 1555 1179 1847 1247; x_wconf 88' lang='lat' dir='ltr'><strong>ahsorptis,</strong></span> <span class='ocrx_word' id='word_1_135' title='bbox 1875 1179 2090 1244; x_wconf 87' lang='lat' dir='ltr'><strong>tertius,</strong></span> <span class='ocrx_word' id='word_1_136' title='bbox 2192 1192 2281 1239; x_wconf 78' lang='lat' dir='ltr'><strong>cet</strong></span> <span class='ocrx_word' id='word_1_137' title='bbox 2303 1182 2741 1238; x_wconf 79' lang='lat' dir='ltr'><strong>sanctimoniales</strong></span> <span class='ocrx_word' id='word_1_138' title='bbox 2765 1182 2924 1252; x_wconf 80' lang='lat' dir='ltr'><strong>hujus</strong></span> <span class='ocrx_word' id='word_1_139' title='bbox 2950 1181 3285 1244; x_wconf 76' lang='lat' dir='ltr'><strong>monasterii,</strong></span> <span class='ocrx_word' id='word_1_140' title='bbox 3311 1180 3378 1234; x_wconf 79' lang='lat' dir='ltr'><strong>ad</strong></span> <span class='ocrx_word' id='word_1_141' title='bbox 3413 1180 3465 1235; x_wconf 85' lang='lat' dir='ltr'><strong>id</strong></span> <span class='ocrx_word' id='word_1_142' title='bbox 3495 1180 3752 1249; x_wconf 64' lang='lat' dir='ltr'><strong>inquit-cu.</strong></span> 
     </span>
    </p>
   </div>
   <div class='ocr_carea' id='block_1_11' title="bbox 500 1264 3753 1341">
    <p class='ocr_par' dir='ltr' id='par_1_11' title="bbox 500 1264 3753 1341">
     <span class='ocr_line' id='line_1_11' title="bbox 500 1264 3753 1341; baseline 0.002 -24"><span class='ocrx_word' id='word_1_143' title='bbox 500 1267 599 1336; x_wconf 81' lang='lat' dir='ltr'><strong>qui</strong></span> <span class='ocrx_word' id='word_1_144' title='bbox 628 1267 787 1321; x_wconf 90' lang='lat' dir='ltr'><strong>etiam</strong></span> <span class='ocrx_word' id='word_1_145' title='bbox 828 1267 1058 1322; x_wconf 86' lang='lat' dir='ltr'><strong>famulus</strong></span> <span class='ocrx_word' id='word_1_146' title='bbox 1085 1278 1203 1323; x_wconf 85' lang='lat' dir='ltr'><strong>erat</strong></span> <span class='ocrx_word' id='word_1_147' title='bbox 1232 1270 1403 1323; x_wconf 80' lang='lat' dir='ltr'><strong>sancti</strong></span> <span class='ocrx_word' id='word_1_148' title='bbox 1431 1269 1723 1334; x_wconf 85' lang='lat' dir='ltr'><strong>Balderici,</strong></span> <span class='ocrx_word' id='word_1_149' title='bbox 1741 1268 1890 1337; x_wconf 85' lang='lat' dir='ltr'><strong>jacta</strong></span> <span class='ocrx_word' id='word_1_150' title='bbox 1924 1284 2088 1325; x_wconf 87' lang='lat' dir='ltr'><strong>manu</strong></span> <span class='ocrx_word' id='word_1_151' title='bbox 2194 1274 2321 1329; x_wconf 83' lang='lat' dir='ltr'><strong>dum</strong></span> <span class='ocrx_word' id='word_1_152' title='bbox 2342 1275 2446 1330; x_wconf 83' lang='lat' dir='ltr'><strong>sibi</strong></span> <span class='ocrx_word' id='word_1_153' title='bbox 2479 1264 2641 1329; x_wconf 81' lang='lat' dir='ltr'><strong>testes</strong></span> <span class='ocrx_word' id='word_1_154' title='bbox 2662 1264 2971 1338; x_wconf 77' lang='lat' dir='ltr'><strong>ascisceret,</strong></span> <span class='ocrx_word' id='word_1_155' title='bbox 2994 1272 3571 1327; x_wconf 79' lang='lat' dir='ltr'><strong>denominatissciliret</strong></span> <span class='ocrx_word' id='word_1_156' title='bbox 3590 1288 3753 1341; x_wconf 84' lang='lat' dir='ltr'><strong>perso-</strong></span> 
     </span>
    </p>
   </div>
   <div class='ocr_carea' id='block_1_12' title="bbox 510 1354 3752 1435">
    <p class='ocr_par' dir='ltr' id='par_1_12' title="bbox 510 1354 3752 1435">
     <span class='ocr_line' id='line_1_12' title="bbox 510 1354 3752 1435; baseline -0 -20"><span class='ocrx_word' id='word_1_157' title='bbox 510 1375 702 1415; x_wconf 82' lang='lat' dir='ltr'><strong>navem</strong></span> <span class='ocrx_word' id='word_1_158' title='bbox 748 1363 919 1416; x_wconf 85' lang='lat' dir='ltr'><strong>sancti</strong></span> <span class='ocrx_word' id='word_1_159' title='bbox 965 1363 1213 1433; x_wconf 84' lang='lat' dir='ltr'><strong>arripuit,</strong></span> <span class='ocrx_word' id='word_1_160' title='bbox 1259 1372 1315 1417; x_wconf 92' lang='lat' dir='ltr'><strong>et</strong></span> <span class='ocrx_word' id='word_1_161' title='bbox 1350 1362 1527 1418; x_wconf 84' lang='lat' dir='ltr'><strong>taliter</strong></span> <span class='ocrx_word' id='word_1_162' title='bbox 1554 1354 1797 1419; x_wconf 79' lang='lat' dir='ltr'><strong>evadens</strong></span> <span class='ocrx_word' id='word_1_163' title='bbox 1842 1373 2090 1427; x_wconf 85' lang='lat' dir='ltr'><strong>mortem,</strong></span> <span class='ocrx_word' id='word_1_164' title='bbox 2195 1366 2303 1429; x_wconf 75' lang='lat' dir='ltr'><strong>uis,</strong></span> <span class='ocrx_word' id='word_1_165' title='bbox 2330 1380 2466 1435; x_wconf 81' lang='lat' dir='ltr'><strong>quas</strong></span> <span class='ocrx_word' id='word_1_166' title='bbox 2491 1365 2756 1419; x_wconf 85' lang='lat' dir='ltr'><strong>advocare</strong></span> <span class='ocrx_word' id='word_1_167' title='bbox 2778 1365 3072 1419; x_wconf 89' lang='lat' dir='ltr'><strong>delmisset.</strong></span> <span class='ocrx_word' id='word_1_168' title='bbox 3107 1364 3336 1418; x_wconf 80' lang='lat' dir='ltr'><strong>Sanctus</strong></span> <span class='ocrx_word' id='word_1_169' title='bbox 3378 1373 3561 1417; x_wconf 89' lang='lat' dir='ltr'><strong>autem</strong></span> <span class='ocrx_word' id='word_1_170' title='bbox 3597 1361 3752 1415; x_wconf 85' lang='lat' dir='ltr'><strong>Remi-</strong></span> 
     </span>
    </p>
   </div>
   <div class='ocr_carea' id='block_1_13' title="bbox 513 1450 3755 1526">
    <p class='ocr_par' dir='ltr' id='par_1_13' title="bbox 513 1450 3755 1526">
     <span class='ocr_line' id='line_1_13' title="bbox 513 1450 3755 1526; baseline -0.002 -16"><span class='ocrx_word' id='word_1_171' title='bbox 513 1456 938 1526; x_wconf 88' lang='lat' dir='ltr'><strong>clcricorumqne</strong></span> <span class='ocrx_word' id='word_1_172' title='bbox 960 1459 1246 1526; x_wconf 82' lang='lat' dir='ltr'><strong>perductus</strong></span> <span class='ocrx_word' id='word_1_173' title='bbox 1273 1457 1326 1512; x_wconf 90' lang='lat' dir='ltr'><strong>in</strong></span> <span class='ocrx_word' id='word_1_174' title='bbox 1353 1458 1718 1526; x_wconf 68' lang='lat' dir='ltr'><strong>prtesentiam,</strong></span> <span class='ocrx_word' id='word_1_175' title='bbox 1749 1457 1881 1512; x_wconf 84' lang='lat' dir='ltr'><strong>nihil</strong></span> <span class='ocrx_word' id='word_1_176' title='bbox 1905 1471 2092 1511; x_wconf 89' lang='lat' dir='ltr'><strong>eorum</strong></span> <span class='ocrx_word' id='word_1_177' title='bbox 2195 1458 2316 1526; x_wconf 76' lang='lat' dir='ltr'><strong>gius</strong></span> <span class='ocrx_word' id='word_1_178' title='bbox 2350 1457 2450 1511; x_wconf 88' lang='lat' dir='ltr'><strong>hoc</strong></span> <span class='ocrx_word' id='word_1_179' title='bbox 2479 1455 2700 1523; x_wconf 88' lang='lat' dir='ltr'><strong>insuper</strong></span> <span class='ocrx_word' id='word_1_180' title='bbox 2728 1454 2956 1517; x_wconf 86' lang='lat' dir='ltr'><strong>addidit,</strong></span> <span class='ocrx_word' id='word_1_181' title='bbox 3003 1462 3061 1507; x_wconf 92' lang='lat' dir='ltr'><strong>ut</strong></span> <span class='ocrx_word' id='word_1_182' title='bbox 3090 1453 3289 1507; x_wconf 84' lang='lat' dir='ltr'><strong>diceret</strong></span> <span class='ocrx_word' id='word_1_183' title='bbox 3334 1452 3421 1506; x_wconf 91' lang='lat' dir='ltr'><strong>illa</strong></span> <span class='ocrx_word' id='word_1_184' title='bbox 3478 1450 3628 1505; x_wconf 70' lang='lat' dir='ltr'><strong>fratri</strong></span> <span class='ocrx_word' id='word_1_185' title='bbox 3675 1466 3755 1505; x_wconf 80' lang='lat' dir='ltr'><strong>suo</strong></span> 
     </span>
    </p>
   </div>
   <div class='ocr_carea' id='block_1_14' title="bbox 516 1542 3763 1617">
    <p class='ocr_par' dir='ltr' id='par_1_14' title="bbox 516 1542 3763 1617">
     <span class='ocr_line' id='line_1_14' title="bbox 516 1542 3763 1617; baseline -0.001 -20"><span class='ocrx_word' id='word_1_186' title='bbox 516 1563 634 1616; x_wconf 72' lang='lat' dir='ltr'><strong>qua:</strong></span> <span class='ocrx_word' id='word_1_187' title='bbox 663 1542 850 1616; x_wconf 76' lang='lat' dir='ltr'><strong>passus</strong></span> <span class='ocrx_word' id='word_1_188' title='bbox 880 1548 1053 1603; x_wconf 80' lang='lat' dir='ltr'><strong>fuerat</strong></span> <span class='ocrx_word' id='word_1_189' title='bbox 1077 1548 1287 1603; x_wconf 79' lang='lat' dir='ltr'><strong>edicere</strong></span> <span class='ocrx_word' id='word_1_190' title='bbox 1308 1548 1497 1614; x_wconf 73' lang='lat' dir='ltr'><strong>Valuit,</strong></span> <span class='ocrx_word' id='word_1_191' title='bbox 1517 1550 1685 1603; x_wconf 90' lang='lat' dir='ltr'><strong>donec</strong></span> <span class='ocrx_word' id='word_1_192' title='bbox 1714 1548 1766 1601; x_wconf 89' lang='lat' dir='ltr'><strong>in</strong></span> <span class='ocrx_word' id='word_1_193' title='bbox 1795 1547 2095 1603; x_wconf 87' lang='lat' dir='ltr'><strong>crastinum</strong></span> <span class='ocrx_word' id='word_1_194' title='bbox 2197 1560 2461 1617; x_wconf 84' lang='lat' dir='ltr'><strong>quatenus</strong></span> <span class='ocrx_word' id='word_1_195' title='bbox 2513 1554 2658 1600; x_wconf 90' lang='lat' dir='ltr'><strong>esset</strong></span> <span class='ocrx_word' id='word_1_196' title='bbox 2687 1560 2916 1609; x_wconf 90' lang='lat' dir='ltr'><strong>memor,</strong></span> <span class='ocrx_word' id='word_1_197' title='bbox 2940 1543 3083 1613; x_wconf 88' lang='lat' dir='ltr'><strong>quod</strong></span> <span class='ocrx_word' id='word_1_198' title='bbox 3117 1543 3188 1596; x_wconf 91' lang='lat' dir='ltr'><strong>illi</strong></span> <span class='ocrx_word' id='word_1_199' title='bbox 3215 1543 3489 1610; x_wconf 86' lang='lat' dir='ltr'><strong>quondam</strong></span> <span class='ocrx_word' id='word_1_200' title='bbox 3519 1556 3763 1609; x_wconf 59' lang='lat' dir='ltr'><strong>apparue-</strong></span> 
     </span>
    </p>
   </div>
   <div class='ocr_carea' id='block_1_15' title="bbox 513 1633 3758 1711">
    <p class='ocr_par' dir='ltr' id='par_1_15' title="bbox 513 1633 3758 1711">
     <span class='ocr_line' id='line_1_15' title="bbox 513 1633 3758 1711; baseline -0.003 -18"><span class='ocrx_word' id='word_1_201' title='bbox 513 1638 873 1704; x_wconf 82' lang='lat' dir='ltr'><strong>refocillatus,</strong></span> <span class='ocrx_word' id='word_1_202' title='bbox 923 1654 1190 1710; x_wconf 85' lang='lat' dir='ltr'><strong>sensuque</strong></span> <span class='ocrx_word' id='word_1_203' title='bbox 1236 1650 1451 1711; x_wconf 85' lang='lat' dir='ltr'><strong>recepto</strong></span> <span class='ocrx_word' id='word_1_204' title='bbox 1501 1640 1717 1694; x_wconf 86' lang='lat' dir='ltr'><strong>tandem</strong></span> <span class='ocrx_word' id='word_1_205' title='bbox 1768 1654 1895 1709; x_wconf 75' lang='lat' dir='ltr'><strong>«pne</strong></span> <span class='ocrx_word' id='word_1_206' title='bbox 1942 1647 2095 1709; x_wconf 77' lang='lat' dir='ltr'><strong>gesta</strong></span> <span class='ocrx_word' id='word_1_207' title='bbox 2196 1645 2305 1700; x_wconf 73' lang='lat' dir='ltr'><strong>rat,</strong></span> <span class='ocrx_word' id='word_1_208' title='bbox 2336 1644 2391 1691; x_wconf 91' lang='lat' dir='ltr'><strong>et</strong></span> <span class='ocrx_word' id='word_1_209' title='bbox 2420 1636 2467 1690; x_wconf 91' lang='lat' dir='ltr'><strong>ei</strong></span> <span class='ocrx_word' id='word_1_210' title='bbox 2494 1634 2703 1690; x_wconf 89' lang='lat' dir='ltr'><strong>locutus</strong></span> <span class='ocrx_word' id='word_1_211' title='bbox 2734 1634 2930 1690; x_wconf 81' lang='lat' dir='ltr'><strong>fuerat.</strong></span> <span class='ocrx_word' id='word_1_212' title='bbox 2959 1634 3177 1688; x_wconf 75' lang='lat' dir='ltr'><strong>Addens</strong></span> <span class='ocrx_word' id='word_1_213' title='bbox 3201 1634 3362 1686; x_wconf 86' lang='lat' dir='ltr'><strong>etiam</strong></span> <span class='ocrx_word' id='word_1_214' title='bbox 3390 1648 3489 1702; x_wconf 88' lang='lat' dir='ltr'><strong>pro</strong></span> <span class='ocrx_word' id='word_1_215' title='bbox 3516 1633 3664 1701; x_wconf 79' lang='lat' dir='ltr'><strong>signa</strong></span> <span class='ocrx_word' id='word_1_216' title='bbox 3691 1646 3758 1684; x_wconf 79' lang='lat' dir='ltr'><strong>re—</strong></span> 
     </span>
    </p>
   </div>
   <div class='ocr_carea' id='block_1_16' title="bbox 515 1720 3761 1803">
    <p class='ocr_par' dir='ltr' id='par_1_16' title="bbox 515 1720 3761 1803">
     <span class='ocr_line' id='line_1_16' title="bbox 515 1720 3761 1803; baseline -0.003 -18"><span class='ocrx_word' id='word_1_217' title='bbox 515 1731 728 1787; x_wconf 88' lang='lat' dir='ltr'><strong>fuerant</strong></span> <span class='ocrx_word' id='word_1_218' title='bbox 779 1734 1073 1788; x_wconf 84' lang='lat' dir='ltr'><strong>enarravit.</strong></span> <span class='ocrx_word' id='word_1_219' title='bbox 1121 1733 1410 1803; x_wconf 82' lang='lat' dir='ltr'><strong>Postquam</strong></span> <span class='ocrx_word' id='word_1_220' title='bbox 1457 1747 1585 1787; x_wconf 76' lang='lat' dir='ltr'><strong>vero</strong></span> <span class='ocrx_word' id='word_1_221' title='bbox 1630 1746 1661 1785; x_wconf 87' lang='lat' dir='ltr'><strong>a</strong></span> <span class='ocrx_word' id='word_1_222' title='bbox 1706 1729 1928 1801; x_wconf 65' lang='lat' dir='ltr'><strong>pra-fato</strong></span> <span class='ocrx_word' id='word_1_223' title='bbox 1978 1729 2096 1783; x_wconf 82' lang='lat' dir='ltr'><strong>lo.o</strong></span> <span class='ocrx_word' id='word_1_224' title='bbox 2132 1801 2153 1803; x_wconf 87' lang='lat'>_</span> <span class='ocrx_word' id='word_1_225' title='bbox 2197 1726 2544 1799; x_wconf 80' lang='lat' dir='ltr'><strong>cognitionis,</strong></span> <span class='ocrx_word' id='word_1_226' title='bbox 2568 1727 2709 1795; x_wconf 89' lang='lat' dir='ltr'><strong>quod</strong></span> <span class='ocrx_word' id='word_1_227' title='bbox 2732 1741 2854 1780; x_wconf 89' lang='lat' dir='ltr'><strong>eum</strong></span> <span class='ocrx_word' id='word_1_228' title='bbox 2884 1725 2937 1779; x_wconf 92' lang='lat' dir='ltr'><strong>in</strong></span> <span class='ocrx_word' id='word_1_229' title='bbox 2966 1724 3142 1795; x_wconf 90' lang='lat' dir='ltr'><strong>palma</strong></span> <span class='ocrx_word' id='word_1_230' title='bbox 3174 1724 3239 1778; x_wconf 92' lang='lat' dir='ltr'><strong>de</strong></span> <span class='ocrx_word' id='word_1_231' title='bbox 3259 1722 3476 1779; x_wconf 85' lang='lat' dir='ltr'><strong>cultello</strong></span> <span class='ocrx_word' id='word_1_232' title='bbox 3505 1723 3649 1776; x_wconf 81' lang='lat' dir='ltr'><strong>visus</strong></span> <span class='ocrx_word' id='word_1_233' title='bbox 3668 1720 3761 1775; x_wconf 88' lang='lat' dir='ltr'><strong>fue-</strong></span> 
     </span>
    </p>
   </div>
   <div class='ocr_carea' id='block_1_17' title="bbox 516 1801 3764 1895">
    <p class='ocr_par' dir='ltr' id='par_1_17' title="bbox 516 1801 3764 1895">
     <span class='ocr_line' id='line_1_17' title="bbox 516 1801 3764 1895; baseline -0.006 -14"><span class='ocrx_word' id='word_1_234' title='bbox 516 1824 676 1895; x_wconf 89' lang='lat' dir='ltr'><strong>hujus</strong></span> <span class='ocrx_word' id='word_1_235' title='bbox 705 1827 844 1881; x_wconf 83' lang='lat' dir='ltr'><strong>beati</strong></span> <span class='ocrx_word' id='word_1_236' title='bbox 875 1827 976 1882; x_wconf 90' lang='lat' dir='ltr'><strong>viri</strong></span> <span class='ocrx_word' id='word_1_237' title='bbox 1016 1826 1082 1882; x_wconf 91' lang='lat' dir='ltr'><strong>ad</strong></span> <span class='ocrx_word' id='word_1_238' title='bbox 1106 1842 1260 1881; x_wconf 90' lang='lat' dir='ltr'><strong>suum</strong></span> <span class='ocrx_word' id='word_1_239' title='bbox 1292 1824 1833 1880; x_wconf 83' lang='lat' dir='ltr'><strong>monasterium-sunt</strong></span> <span class='ocrx_word' id='word_1_240' title='bbox 1861 1824 1983 1877; x_wconf 85' lang='lat' dir='ltr'><strong>ossa</strong></span> <span class='ocrx_word' id='word_1_241' title='bbox 2015 1837 2099 1876; x_wconf 87' lang='lat' dir='ltr'><strong>re—</strong></span> <span class='ocrx_word' id='word_1_242' title='bbox 2129 1801 2173 1861; x_wconf 74' lang='grc' dir='ltr'><strong>Β</strong></span> <span class='ocrx_word' id='word_1_243' title='bbox 2202 1827 2287 1872; x_wconf 88' lang='lat' dir='ltr'><strong>rat</strong></span> <span class='ocrx_word' id='word_1_244' title='bbox 2336 1815 2688 1887; x_wconf 75' lang='lat' dir='ltr'><strong>percussissr.</strong></span> <span class='ocrx_word' id='word_1_245' title='bbox 2732 1814 2802 1868; x_wconf 77' lang='lat' dir='ltr'><strong>At</strong></span> <span class='ocrx_word' id='word_1_246' title='bbox 2828 1814 2916 1867; x_wconf 88' lang='lat' dir='ltr'><strong>illa</strong></span> <span class='ocrx_word' id='word_1_247' title='bbox 2948 1830 3071 1869; x_wconf 78' lang='lat' dir='ltr'><strong>mox</strong></span> <span class='ocrx_word' id='word_1_248' title='bbox 3117 1812 3183 1866; x_wconf 87' lang='lat' dir='ltr'><strong>ad</strong></span> <span class='ocrx_word' id='word_1_249' title='bbox 3232 1810 3514 1882; x_wconf 68' lang='lat' dir='ltr'><strong>praefatum</strong></span> <span class='ocrx_word' id='word_1_250' title='bbox 3565 1810 3764 1863; x_wconf 85' lang='lat' dir='ltr'><strong>fratrem</strong></span> 
     </span>
    </p>
   </div>
   <div class='ocr_carea' id='block_1_18' title="bbox 514 1900 2056 1985">
    <p class='ocr_par' dir='ltr' id='par_1_18' title="bbox 514 1906 2056 1985">
     <span class='ocr_line' id='line_1_18' title="bbox 514 1906 2056 1985; baseline -0.003 -12"><span class='ocrx_word' id='word_1_251' title='bbox 514 1918 648 1985; x_wconf 89' lang='lat' dir='ltr'><strong>lata,</strong></span> <span class='ocrx_word' id='word_1_252' title='bbox 698 1919 866 1974; x_wconf 82' lang='lat' dir='ltr'><strong>mtdta</strong></span> <span class='ocrx_word' id='word_1_253' title='bbox 911 1919 1038 1973; x_wconf 89' lang='lat' dir='ltr'><strong>inibi</strong></span> <span class='ocrx_word' id='word_1_254' title='bbox 1087 1918 1335 1974; x_wconf 88' lang='lat' dir='ltr'><strong>feruntur</strong></span> <span class='ocrx_word' id='word_1_255' title='bbox 1375 1906 1587 1974; x_wconf 84' lang='lat' dir='ltr'><strong>ostensa</strong></span> <span class='ocrx_word' id='word_1_256' title='bbox 1646 1914 1929 1979; x_wconf 90' lang='lat' dir='ltr'><strong>miracula,</strong></span> <span class='ocrx_word' id='word_1_257' title='bbox 1980 1931 2056 1985; x_wconf 87' lang='lat' dir='ltr'><strong>qu</strong></span> 
     </span>
    </p>
   </div>
   <div class='ocr_carea' id='block_1_19' title="bbox 2222 1900 3764 1985">
    <p class='ocr_par' dir='ltr' id='par_1_19' title="bbox 2222 1900 3764 1969">
     <span class='ocr_line' id='line_1_19' title="bbox 2222 1900 3764 1969; baseline -0.008 -6"><span class='ocrx_word' id='word_1_258' title='bbox 2222 1923 2358 1963; x_wconf 82' lang='lat' dir='ltr'><strong>mum</strong></span> <span class='ocrx_word' id='word_1_259' title='bbox 2389 1907 2630 1969; x_wconf 90' lang='lat' dir='ltr'><strong>mittens,</strong></span> <span class='ocrx_word' id='word_1_260' title='bbox 2662 1904 2937 1960; x_wconf 79' lang='lat' dir='ltr'><strong>mandavit</strong></span> <span class='ocrx_word' id='word_1_261' title='bbox 2985 1904 3037 1960; x_wconf 89' lang='lat' dir='ltr'><strong>ei</strong></span> <span class='ocrx_word' id='word_1_262' title='bbox 3076 1911 3136 1957; x_wconf 89' lang='grc' dir='ltr'><strong>ιιι</strong></span> <span class='ocrx_word' id='word_1_263' title='bbox 3173 1903 3241 1957; x_wconf 88' lang='lat' dir='ltr'><strong>ad</strong></span> <span class='ocrx_word' id='word_1_264' title='bbox 3267 1917 3326 1956; x_wconf 86' lang='lat' dir='ltr'><strong>se</strong></span> <span class='ocrx_word' id='word_1_265' title='bbox 3350 1900 3667 1954; x_wconf 84' lang='lat' dir='ltr'><strong>festinanter</strong></span> <span class='ocrx_word' id='word_1_266' title='bbox 3691 1916 3764 1951; x_wconf 58' lang='lat' dir='ltr'><strong>ve»</strong></span> 
     </span>
    </p>
   </div>
   <div class='ocr_carea' id='block_1_20' title="bbox 516 1992 3766 2081">
    <p class='ocr_par' dir='ltr' id='par_1_20' title="bbox 516 1992 3766 2081">
     <span class='ocr_line' id='line_1_20' title="bbox 516 1992 3766 2081; baseline -0.007 -16"><span class='ocrx_word' id='word_1_267' title='bbox 516 2026 627 2081; x_wconf 77' lang='lat' dir='ltr'><strong>prae</strong></span> <span class='ocrx_word' id='word_1_268' title='bbox 658 2010 998 2065; x_wconf 91' lang='lat' dir='ltr'><strong>multitudine</strong></span> <span class='ocrx_word' id='word_1_269' title='bbox 1037 2018 1144 2065; x_wconf 78' lang='lat' dir='ltr'><strong>non</strong></span> <span class='ocrx_word' id='word_1_270' title='bbox 1183 2010 1452 2066; x_wconf 78' lang='lat' dir='ltr'><strong>habentur</strong></span> <span class='ocrx_word' id='word_1_271' title='bbox 1488 2009 1707 2077; x_wconf 87' lang='lat' dir='ltr'><strong>scripta.</strong></span> <span class='ocrx_word' id='word_1_272' title='bbox 1757 2006 1886 2062; x_wconf 86' lang='lat' dir='ltr'><strong>llluc</strong></span> <span class='ocrx_word' id='word_1_273' title='bbox 1931 2021 2104 2076; x_wconf 88' lang='lat' dir='ltr'><strong>nuper</strong></span> <span class='ocrx_word' id='word_1_274' title='bbox 2206 1999 2366 2054; x_wconf 91' lang='lat' dir='ltr'><strong>niret.</strong></span> <span class='ocrx_word' id='word_1_275' title='bbox 2407 1997 2506 2065; x_wconf 86' lang='lat' dir='ltr'><strong>Qui</strong></span> <span class='ocrx_word' id='word_1_276' title='bbox 2539 1997 2761 2052; x_wconf 83' lang='lat' dir='ltr'><strong>veniens</strong></span> <span class='ocrx_word' id='word_1_277' title='bbox 2794 2011 3035 2051; x_wconf 86' lang='lat' dir='ltr'><strong>sororem</strong></span> <span class='ocrx_word' id='word_1_278' title='bbox 3065 2010 3217 2049; x_wconf 88' lang='lat' dir='ltr'><strong>suam</strong></span> <span class='ocrx_word' id='word_1_279' title='bbox 3245 1995 3375 2047; x_wconf 91' lang='lat' dir='ltr'><strong>hora</strong></span> <span class='ocrx_word' id='word_1_280' title='bbox 3412 1992 3527 2062; x_wconf 76' lang='lat' dir='ltr'><strong>jam</strong></span> <span class='ocrx_word' id='word_1_281' title='bbox 3566 2004 3766 2074; x_wconf 64' lang='lat' dir='ltr'><strong>vmper-</strong></span> 
     </span>
    </p>
   </div>
   <div class='ocr_carea' id='block_1_21' title="bbox 519 2080 2061 2171">
    <p class='ocr_par' dir='ltr' id='par_1_21' title="bbox 519 2098 2061 2171">
     <span class='ocr_line' id='line_1_21' title="bbox 519 2098 2061 2171; baseline -0.001 -16"><span class='ocrx_word' id='word_1_282' title='bbox 519 2102 738 2171; x_wconf 81' lang='lat' dir='ltr'><strong>qnidam</strong></span> <span class='ocrx_word' id='word_1_283' title='bbox 769 2098 972 2171; x_wconf 82' lang='lat' dir='ltr'><strong>pauper</strong></span> <span class='ocrx_word' id='word_1_284' title='bbox 999 2101 1276 2158; x_wconf 86' lang='lat' dir='ltr'><strong>candelam</strong></span> <span class='ocrx_word' id='word_1_285' title='bbox 1323 2101 1570 2157; x_wconf 87' lang='lat' dir='ltr'><strong>deferens</strong></span> <span class='ocrx_word' id='word_1_286' title='bbox 1599 2104 1652 2154; x_wconf 94' lang='lat' dir='ltr'><strong>in</strong></span> <span class='ocrx_word' id='word_1_287' title='bbox 1703 2101 1910 2156; x_wconf 86' lang='lat' dir='ltr'><strong>circulo</strong></span> <span class='ocrx_word' id='word_1_288' title='bbox 1937 2102 2061 2154; x_wconf 74' lang='lat' dir='ltr'><strong>dero</strong></span> 
     </span>
    </p>
   </div>
   <div class='ocr_carea' id='block_1_22' title="bbox 2226 2080 3768 2171">
    <p class='ocr_par' dir='ltr' id='par_1_22' title="bbox 2230 2080 3768 2157">
     <span class='ocr_line' id='line_1_22' title="bbox 2230 2080 3768 2157; baseline -0.007 -15"><span class='ocrx_word' id='word_1_289' title='bbox 2230 2090 2318 2144; x_wconf 85' lang='lat' dir='ltr'><strong>ina</strong></span> <span class='ocrx_word' id='word_1_290' title='bbox 2337 2086 2572 2157; x_wconf 82' lang='lat' dir='ltr'><strong>jejnnam</strong></span> <span class='ocrx_word' id='word_1_291' title='bbox 2602 2087 2800 2151; x_wconf 87' lang='lat' dir='ltr'><strong>adhuc,</strong></span> <span class='ocrx_word' id='word_1_292' title='bbox 2842 2085 2985 2140; x_wconf 89' lang='lat' dir='ltr'><strong>etde</strong></span> <span class='ocrx_word' id='word_1_293' title='bbox 3008 2085 3213 2139; x_wconf 89' lang='lat' dir='ltr'><strong>visione</strong></span> <span class='ocrx_word' id='word_1_294' title='bbox 3243 2082 3397 2138; x_wconf 86' lang='lat' dir='ltr'><strong>valde</strong></span> <span class='ocrx_word' id='word_1_295' title='bbox 3425 2080 3768 2148; x_wconf 81' lang='lat' dir='ltr'><strong>stupefactaut</strong></span> 
     </span>
    </p>
   </div>
   <div class='ocr_carea' id='block_1_23' title="bbox 519 2172 3768 2263">
    <p class='ocr_par' dir='ltr' id='par_1_23' title="bbox 519 2172 3768 2263">
     <span class='ocr_line' id='line_1_23' title="bbox 519 2172 3768 2263; baseline -0.007 -18"><span class='ocrx_word' id='word_1_296' title='bbox 519 2189 707 2254; x_wconf 90' lang='lat' dir='ltr'><strong>lutam,</strong></span> <span class='ocrx_word' id='word_1_297' title='bbox 746 2192 904 2262; x_wconf 87' lang='lat' dir='ltr'><strong>paulo</strong></span> <span class='ocrx_word' id='word_1_298' title='bbox 930 2201 1055 2248; x_wconf 85' lang='lat' dir='ltr'><strong>ante</strong></span> <span class='ocrx_word' id='word_1_299' title='bbox 1084 2193 1272 2247; x_wconf 89' lang='lat' dir='ltr'><strong>horam</strong></span> <span class='ocrx_word' id='word_1_300' title='bbox 1294 2193 1655 2263; x_wconf 81' lang='lat' dir='ltr'><strong>vespertinam</strong></span> <span class='ocrx_word' id='word_1_301' title='bbox 1686 2210 1846 2263; x_wconf 85' lang='lat' dir='ltr'><strong>supra</strong></span> <span class='ocrx_word' id='word_1_302' title='bbox 1872 2190 2103 2247; x_wconf 86' lang='lat' dir='ltr'><strong>loculum</strong></span> <span class='ocrx_word' id='word_1_303' title='bbox 2207 2179 2433 2235; x_wconf 73' lang='lat' dir='ltr'><strong>invenil-</strong></span> <span class='ocrx_word' id='word_1_304' title='bbox 2480 2177 2609 2244; x_wconf 64' lang='lat' dir='ltr'><strong>Quin</strong></span> <span class='ocrx_word' id='word_1_305' title='bbox 2644 2179 2913 2233; x_wconf 66' lang='lat' dir='ltr'><strong>advocatis</strong></span> <span class='ocrx_word' id='word_1_306' title='bbox 2941 2175 3324 2230; x_wconf 69' lang='lat' dir='ltr'><strong>dettominatas</strong></span> <span class='ocrx_word' id='word_1_307' title='bbox 3354 2174 3454 2227; x_wconf 89' lang='lat' dir='ltr'><strong>sibi</strong></span> <span class='ocrx_word' id='word_1_308' title='bbox 3499 2172 3768 2227; x_wconf 72' lang='lat' dir='ltr'><strong>sanctimo-</strong></span> 
     </span>
    </p>
   </div>
   <div class='ocr_carea' id='block_1_24' title="bbox 520 2264 2062 2354">
    <p class='ocr_par' dir='ltr' id='par_1_24' title="bbox 520 2281 2062 2354">
     <span class='ocr_line' id='line_1_24' title="bbox 520 2281 2062 2354; baseline 0 -19"><span class='ocrx_word' id='word_1_309' title='bbox 520 2296 796 2336; x_wconf 89' lang='lat' dir='ltr'><strong>sacrorum</strong></span> <span class='ocrx_word' id='word_1_310' title='bbox 839 2281 979 2337; x_wconf 88' lang='lat' dir='ltr'><strong>hanc</strong></span> <span class='ocrx_word' id='word_1_311' title='bbox 1023 2284 1202 2354; x_wconf 86' lang='lat' dir='ltr'><strong>posuit</strong></span> <span class='ocrx_word' id='word_1_312' title='bbox 1241 2284 1462 2339; x_wconf 88' lang='lat' dir='ltr'><strong>ossium.</strong></span> <span class='ocrx_word' id='word_1_313' title='bbox 1507 2284 1606 2351; x_wconf 87' lang='lat' dir='ltr'><strong>Qui</strong></span> <span class='ocrx_word' id='word_1_314' title='bbox 1646 2283 1771 2337; x_wconf 89' lang='lat' dir='ltr'><strong>dum</strong></span> <span class='ocrx_word' id='word_1_315' title='bbox 1814 2285 1938 2338; x_wconf 88' lang='lat' dir='ltr'><strong>data</strong></span> <span class='ocrx_word' id='word_1_316' title='bbox 1984 2297 2062 2337; x_wconf 80' lang='lat' dir='ltr'><strong>or:</strong></span> 
     </span>
    </p>
   </div>
   <div class='ocr_carea' id='block_1_25' title="bbox 2229 2264 3771 2354">
    <p class='ocr_par' dir='ltr' id='par_1_25' title="bbox 2229 2264 3771 2339">
     <span class='ocr_line' id='line_1_25' title="bbox 2229 2264 3771 2339; baseline -0.007 -12"><span class='ocrx_word' id='word_1_317' title='bbox 2229 2271 2401 2337; x_wconf 86' lang='lat' dir='ltr'><strong>tiales,</strong></span> <span class='ocrx_word' id='word_1_318' title='bbox 2419 2270 2627 2339; x_wconf 88' lang='lat' dir='ltr'><strong>pariter</strong></span> <span class='ocrx_word' id='word_1_319' title='bbox 2646 2278 2771 2324; x_wconf 85' lang='lat' dir='ltr'><strong>ante</strong></span> <span class='ocrx_word' id='word_1_320' title='bbox 2798 2269 3107 2323; x_wconf 90' lang='lat' dir='ltr'><strong>denotatum</strong></span> <span class='ocrx_word' id='word_1_321' title='bbox 3134 2268 3311 2322; x_wconf 87' lang='lat' dir='ltr'><strong>altare</strong></span> <span class='ocrx_word' id='word_1_322' title='bbox 3326 2275 3540 2335; x_wconf 88' lang='lat' dir='ltr'><strong>septem</strong></span> <span class='ocrx_word' id='word_1_323' title='bbox 3561 2264 3771 2335; x_wconf 81' lang='lat' dir='ltr'><strong>psalmos</strong></span> 
     </span>
    </p>
   </div>
   <div class='ocr_carea' id='block_1_26' title="bbox 523 2358 2065 2446">
    <p class='ocr_par' dir='ltr' id='par_1_26' title="bbox 523 2375 2065 2446">
     <span class='ocr_line' id='line_1_26' title="bbox 523 2375 2065 2446; baseline -0.001 -16"><span class='ocrx_word' id='word_1_324' title='bbox 523 2375 668 2432; x_wconf 89' lang='lat' dir='ltr'><strong>tione</strong></span> <span class='ocrx_word' id='word_1_325' title='bbox 723 2376 1036 2442; x_wconf 87' lang='lat' dir='ltr'><strong>recederet,</strong></span> <span class='ocrx_word' id='word_1_326' title='bbox 1098 2377 1274 2433; x_wconf 89' lang='lat' dir='ltr'><strong>subito</strong></span> <span class='ocrx_word' id='word_1_327' title='bbox 1329 2376 1587 2441; x_wconf 89' lang='lat' dir='ltr'><strong>candala,</strong></span> <span class='ocrx_word' id='word_1_328' title='bbox 1639 2392 1835 2446; x_wconf 88' lang='lat' dir='ltr'><strong>supero</strong></span> <span class='ocrx_word' id='word_1_329' title='bbox 1877 2390 2065 2432; x_wconf 84' lang='lat' dir='ltr'><strong>aceens</strong></span> 
     </span>
    </p>
   </div>
   <div class='ocr_carea' id='block_1_27' title="bbox 2227 2358 3769 2446">
    <p class='ocr_par' dir='ltr' id='par_1_27' title="bbox 2227 2358 3769 2426">
     <span class='ocr_line' id='line_1_27' title="bbox 2227 2358 3769 2426; baseline -0.006 -8"><span class='ocrx_word' id='word_1_330' title='bbox 2227 2361 2607 2418; x_wconf 66' lang='lat' dir='ltr'><strong>tuanitcntiales</strong></span> <span class='ocrx_word' id='word_1_331' title='bbox 2628 2360 3071 2422; x_wconf 82' lang='lat' dir='ltr'><strong>decantaverunt,</strong></span> <span class='ocrx_word' id='word_1_332' title='bbox 3107 2360 3305 2414; x_wconf 89' lang='lat' dir='ltr'><strong>additis</strong></span> <span class='ocrx_word' id='word_1_333' title='bbox 3332 2360 3557 2426; x_wconf 87' lang='lat' dir='ltr'><strong>insuper</strong></span> <span class='ocrx_word' id='word_1_334' title='bbox 3584 2358 3769 2411; x_wconf 65' lang='lat' dir='ltr'><strong>litaniao</strong></span> 
     </span>
    </p>
   </div>
   <div class='ocr_carea' id='block_1_28' title="bbox 523 2449 3773 2537">
    <p class='ocr_par' dir='ltr' id='par_1_28' title="bbox 523 2449 3773 2537">
     <span class='ocr_line' id='line_1_28' title="bbox 523 2449 3773 2537; baseline -0.005 -22"><span class='ocrx_word' id='word_1_335' title='bbox 523 2467 668 2537; x_wconf 72' lang='lat' dir='ltr'><strong>igne,</strong></span> <span class='ocrx_word' id='word_1_336' title='bbox 704 2467 866 2537; x_wconf 59' lang='lat' dir='ltr'><strong>(capit</strong></span> <span class='ocrx_word' id='word_1_337' title='bbox 897 2468 1108 2522; x_wconf 75' lang='lat' dir='ltr'><strong>ardere.</strong></span> <span class='ocrx_word' id='word_1_338' title='bbox 1140 2467 1271 2535; x_wconf 64' lang='lat' dir='ltr'><strong>Qum</strong></span> <span class='ocrx_word' id='word_1_339' title='bbox 1316 2468 1486 2522; x_wconf 73' lang='lat' dir='ltr'><strong>donec</strong></span> <span class='ocrx_word' id='word_1_340' title='bbox 1534 2458 1718 2521; x_wconf 56' lang='lat' dir='ltr'><strong>custos</strong></span> <span class='ocrx_word' id='word_1_341' title='bbox 1756 2464 2000 2520; x_wconf 60' lang='lat' dir='ltr'><strong>ecclesia:</strong></span> <span class='ocrx_word' id='word_1_342' title='bbox 2041 2464 2109 2518; x_wconf 78' lang='lat' dir='ltr'><strong>ad</strong></span> <span class='ocrx_word' id='word_1_343' title='bbox 2211 2470 2327 2508; x_wconf 88' lang='lat' dir='ltr'><strong>rum</strong></span> <span class='ocrx_word' id='word_1_344' title='bbox 2360 2453 2625 2523; x_wconf 73' lang='lat' dir='ltr'><strong>precibus,</strong></span> <span class='ocrx_word' id='word_1_345' title='bbox 2652 2460 2997 2507; x_wconf 85' lang='lat' dir='ltr'><strong>accesserunt</strong></span> <span class='ocrx_word' id='word_1_346' title='bbox 3026 2450 3093 2505; x_wconf 88' lang='lat' dir='ltr'><strong>ad</strong></span> <span class='ocrx_word' id='word_1_347' title='bbox 3116 2449 3302 2514; x_wconf 85' lang='lat' dir='ltr'><strong>altare,</strong></span> <span class='ocrx_word' id='word_1_348' title='bbox 3318 2460 3369 2504; x_wconf 87' lang='lat' dir='ltr'><strong>et</strong></span> <span class='ocrx_word' id='word_1_349' title='bbox 3385 2458 3644 2504; x_wconf 76' lang='lat' dir='ltr'><strong>exuentes</strong></span> <span class='ocrx_word' id='word_1_350' title='bbox 3664 2462 3773 2515; x_wconf 79' lang='lat' dir='ltr'><strong>ope-</strong></span> 
     </span>
    </p>
   </div>
   <div class='ocr_carea' id='block_1_29' title="bbox 524 2538 3770 2629">
    <p class='ocr_par' dir='ltr' id='par_1_29' title="bbox 524 2538 3770 2629">
     <span class='ocr_line' id='line_1_29' title="bbox 524 2538 3770 2629; baseline -0.01 -11"><span class='ocrx_word' id='word_1_351' title='bbox 524 2557 908 2627; x_wconf 73' lang='lat' dir='ltr'><strong>Vespertinalia</strong></span> <span class='ocrx_word' id='word_1_352' title='bbox 948 2558 1207 2629; x_wconf 81' lang='lat' dir='ltr'><strong>pulsanda</strong></span> <span class='ocrx_word' id='word_1_353' title='bbox 1253 2557 1401 2612; x_wconf 82' lang='lat' dir='ltr'><strong>venit</strong></span> <span class='ocrx_word' id='word_1_354' title='bbox 1438 2556 1612 2627; x_wconf 79' lang='lat' dir='ltr'><strong>signa,</strong></span> <span class='ocrx_word' id='word_1_355' title='bbox 1652 2555 1834 2625; x_wconf 89' lang='lat' dir='ltr'><strong>pallio,</strong></span> <span class='ocrx_word' id='word_1_356' title='bbox 1882 2554 1969 2609; x_wconf 93' lang='lat' dir='ltr'><strong>cui</strong></span> <span class='ocrx_word' id='word_1_357' title='bbox 2019 2570 2113 2609; x_wconf 79' lang='lat' dir='ltr'><strong>su-</strong></span> <span class='ocrx_word' id='word_1_358' title='bbox 2213 2545 2478 2609; x_wconf 86' lang='lat' dir='ltr'><strong>rimcntis,</strong></span> <span class='ocrx_word' id='word_1_359' title='bbox 2500 2551 2815 2613; x_wconf 87' lang='lat' dir='ltr'><strong>repererunt</strong></span> <span class='ocrx_word' id='word_1_360' title='bbox 2845 2542 3077 2595; x_wconf 89' lang='lat' dir='ltr'><strong>incornu</strong></span> <span class='ocrx_word' id='word_1_361' title='bbox 3102 2541 3341 2611; x_wconf 83' lang='lat' dir='ltr'><strong>ejusdem</strong></span> <span class='ocrx_word' id='word_1_362' title='bbox 3367 2540 3557 2594; x_wconf 81' lang='lat' dir='ltr'><strong>altaris</strong></span> <span class='ocrx_word' id='word_1_363' title='bbox 3579 2538 3770 2592; x_wconf 79' lang='lat' dir='ltr'><strong>oholnut</strong></span> 
     </span>
    </p>
   </div>
   <div class='ocr_carea' id='block_1_30' title="bbox 521 2630 3774 2719">
    <p class='ocr_par' dir='ltr' id='par_1_30' title="bbox 521 2630 3774 2719">
     <span class='ocr_line' id='line_1_30' title="bbox 521 2630 3774 2719; baseline -0.005 -23"><span class='ocrx_word' id='word_1_364' title='bbox 521 2648 1022 2719; x_wconf 44' lang='lat' dir='ltr'><strong>periecla&#39;jttcelmt‘</strong></span> <span class='ocrx_word' id='word_1_365' title='bbox 1049 2650 1229 2710; x_wconf 56' lang='lat' dir='ltr'><strong>illmso,</strong></span> <span class='ocrx_word' id='word_1_366' title='bbox 1264 2646 1595 2719; x_wconf 61' lang='lat' dir='ltr'><strong>deﬂagravit,</strong></span> <span class='ocrx_word' id='word_1_367' title='bbox 1628 2662 1727 2703; x_wconf 83' lang='lat' dir='ltr'><strong>nec</strong></span> <span class='ocrx_word' id='word_1_368' title='bbox 1755 2647 1915 2700; x_wconf 64' lang='lat' dir='ltr'><strong>ullam</strong></span> <span class='ocrx_word' id='word_1_369' title='bbox 1949 2644 2114 2715; x_wconf 75' lang='lat' dir='ltr'><strong>pallio</strong></span> <span class='ocrx_word' id='word_1_370' title='bbox 2213 2650 2437 2706; x_wconf 87' lang='lat' dir='ltr'><strong>parvum</strong></span> <span class='ocrx_word' id='word_1_371' title='bbox 2461 2674 2476 2699; x_wconf 89' lang='lat'><strong>,</strong></span> <span class='ocrx_word' id='word_1_372' title='bbox 2507 2651 2665 2705; x_wconf 85' lang='lat' dir='ltr'><strong>quem</strong></span> <span class='ocrx_word' id='word_1_373' title='bbox 2704 2642 3038 2689; x_wconf 86' lang='lat' dir='ltr'><strong>assumeutcs</strong></span> <span class='ocrx_word' id='word_1_374' title='bbox 3076 2647 3202 2687; x_wconf 81' lang='lat' dir='ltr'><strong>cum</strong></span> <span class='ocrx_word' id='word_1_375' title='bbox 3242 2630 3539 2701; x_wconf 77' lang='lat' dir='ltr'><strong>gratiarum</strong></span> <span class='ocrx_word' id='word_1_376' title='bbox 3586 2630 3774 2683; x_wconf 73' lang='lat' dir='ltr'><strong>actione</strong></span> 
     </span>
    </p>
   </div>
   <div class='ocr_carea' id='block_1_31' title="bbox 526 2721 3770 2808">
    <p class='ocr_par' dir='ltr' id='par_1_31' title="bbox 526 2721 3770 2808">
     <span class='ocr_line' id='line_1_31' title="bbox 526 2721 3770 2808; baseline -0.006 -17"><span class='ocrx_word' id='word_1_377' title='bbox 526 2728 820 2805; x_wconf 72' lang='lat' dir='ltr'><strong>laesioneui,</strong></span> <span class='ocrx_word' id='word_1_378' title='bbox 862 2735 946 2794; x_wconf 88' lang='lat' dir='ltr'><strong>cui</strong></span> <span class='ocrx_word' id='word_1_379' title='bbox 989 2740 1320 2805; x_wconf 68' lang='lat' dir='ltr'><strong>adhaerebat,</strong></span> <span class='ocrx_word' id='word_1_380' title='bbox 1364 2738 1615 2808; x_wconf 80' lang='lat' dir='ltr'><strong>aggessit.</strong></span> <span class='ocrx_word' id='word_1_381' title='bbox 1647 2736 1809 2791; x_wconf 78' lang='lat' dir='ltr'><strong>Multa</strong></span> <span class='ocrx_word' id='word_1_382' title='bbox 1849 2744 2111 2806; x_wconf 76' lang='lat' dir='ltr'><strong>praeterea</strong></span> <span class='ocrx_word' id='word_1_383' title='bbox 2216 2729 2482 2783; x_wconf 88' lang='lat' dir='ltr'><strong>dederunt</strong></span> <span class='ocrx_word' id='word_1_384' title='bbox 2510 2724 2624 2797; x_wconf 86' lang='lat' dir='ltr'><strong>pro</strong></span> <span class='ocrx_word' id='word_1_385' title='bbox 2662 2728 2807 2788; x_wconf 88' lang='lat' dir='ltr'><strong>vino,</strong></span> <span class='ocrx_word' id='word_1_386' title='bbox 2844 2724 2986 2796; x_wconf 89' lang='lat' dir='ltr'><strong>quod</strong></span> <span class='ocrx_word' id='word_1_387' title='bbox 3015 2725 3385 2779; x_wconf 84' lang='lat' dir='ltr'><strong>tantummodo</strong></span> <span class='ocrx_word' id='word_1_388' title='bbox 3432 2723 3551 2777; x_wconf 74' lang='lat' dir='ltr'><strong>htec</strong></span> <span class='ocrx_word' id='word_1_389' title='bbox 3593 2721 3770 2775; x_wconf 72' lang='lat' dir='ltr'><strong>sancti-</strong></span> 
     </span>
    </p>
   </div>
   <div class='ocr_carea' id='block_1_32' title="bbox 529 2813 3775 2899">
    <p class='ocr_par' dir='ltr' id='par_1_32' title="bbox 529 2813 3775 2899">
     <span class='ocr_line' id='line_1_32' title="bbox 529 2813 3775 2899; baseline -0.007 -15"><span class='ocrx_word' id='word_1_390' title='bbox 529 2830 843 2896; x_wconf 85' lang='lat' dir='ltr'><strong>sanitatum,</strong></span> <span class='ocrx_word' id='word_1_391' title='bbox 881 2829 1433 2899; x_wconf 83' lang='lat' dir='ltr'><strong>clariﬁcationumque</strong></span> <span class='ocrx_word' id='word_1_392' title='bbox 1466 2827 1660 2883; x_wconf 88' lang='lat' dir='ltr'><strong>ibidem</strong></span> <span class='ocrx_word' id='word_1_393' title='bbox 1687 2828 2017 2883; x_wconf 88' lang='lat' dir='ltr'><strong>creberrime</strong></span> <span class='ocrx_word' id='word_1_394' title='bbox 2045 2824 2114 2880; x_wconf 88' lang='lat' dir='ltr'><strong>ad</strong></span> <span class='ocrx_word' id='word_1_395' title='bbox 2218 2819 2470 2875; x_wconf 78' lang='lat' dir='ltr'><strong>mouialis</strong></span> <span class='ocrx_word' id='word_1_396' title='bbox 2503 2819 2677 2881; x_wconf 88' lang='lat' dir='ltr'><strong>bibit,</strong></span> <span class='ocrx_word' id='word_1_397' title='bbox 2728 2834 2833 2871; x_wconf 89' lang='lat' dir='ltr'><strong>non</strong></span> <span class='ocrx_word' id='word_1_398' title='bbox 2876 2816 3132 2886; x_wconf 83' lang='lat' dir='ltr'><strong>deinceps</strong></span> <span class='ocrx_word' id='word_1_399' title='bbox 3161 2814 3392 2884; x_wconf 86' lang='lat' dir='ltr'><strong>amplius</strong></span> <span class='ocrx_word' id='word_1_400' title='bbox 3432 2813 3614 2866; x_wconf 78' lang='lat' dir='ltr'><strong>vinum</strong></span> <span class='ocrx_word' id='word_1_401' title='bbox 3651 2827 3775 2863; x_wconf 67' lang='lat' dir='ltr'><strong>sumo</strong></span> 
     </span>
    </p>
   </div>
   <div class='ocr_carea' id='block_1_33' title="bbox 532 2899 3776 2985">
    <p class='ocr_par' dir='ltr' id='par_1_33' title="bbox 532 2899 3776 2985">
     <span class='ocr_line' id='line_1_33' title="bbox 532 2899 3776 2985; baseline -0.007 -12"><span class='ocrx_word' id='word_1_402' title='bbox 532 2919 852 2974; x_wconf 89' lang='lat' dir='ltr'><strong>declaranda</strong></span> <span class='ocrx_word' id='word_1_403' title='bbox 880 2921 1050 2975; x_wconf 89' lang='lat' dir='ltr'><strong>sancti</strong></span> <span class='ocrx_word' id='word_1_404' title='bbox 1076 2920 1155 2976; x_wconf 91' lang='lat' dir='ltr'><strong>sui</strong></span> <span class='ocrx_word' id='word_1_405' title='bbox 1186 2919 1377 2973; x_wconf 84' lang='lat' dir='ltr'><strong>merita</strong></span> <span class='ocrx_word' id='word_1_406' title='bbox 1404 2918 1972 2974; x_wconf 57' lang='lat' dir='ltr'><strong>Dominns’ostendere</strong></span> <span class='ocrx_word' id='word_1_407' title='bbox 2001 2916 2117 2985; x_wconf 71' lang='lat' dir='ltr'><strong>dig-</strong></span> <span class='ocrx_word' id='word_1_408' title='bbox 2217 2919 2374 2979; x_wconf 72' lang='lat' dir='ltr'><strong>Plura</strong></span> <span class='ocrx_word' id='word_1_409' title='bbox 2394 2949 2408 2973; x_wconf 80' lang='lat'><strong>.</strong></span> <span class='ocrx_word' id='word_1_410' title='bbox 2441 2909 2612 2965; x_wconf 77' lang='lat' dir='ltr'><strong>donec</strong></span> <span class='ocrx_word' id='word_1_411' title='bbox 2641 2907 2743 2962; x_wconf 60' lang='lat' dir='ltr'><strong>iur</strong></span> <span class='ocrx_word' id='word_1_412' title='bbox 2773 2907 3068 2975; x_wconf 76' lang='lat' dir='ltr'><strong>iniunctum</strong></span> <span class='ocrx_word' id='word_1_413' title='bbox 3103 2914 3210 2959; x_wconf 85' lang='lat' dir='ltr'><strong>tam</strong></span> <span class='ocrx_word' id='word_1_414' title='bbox 3240 2904 3376 2973; x_wconf 87' lang='lat' dir='ltr'><strong>ipsa,</strong></span> <span class='ocrx_word' id='word_1_415' title='bbox 3407 2918 3572 2972; x_wconf 87' lang='lat' dir='ltr'><strong>quam</strong></span> <span class='ocrx_word' id='word_1_416' title='bbox 3611 2899 3776 2968; x_wconf 62' lang='lat' dir='ltr'><strong>perdi-</strong></span> 
     </span>
    </p>
   </div>
   <div class='ocr_carea' id='block_1_34' title="bbox 534 2991 3781 3072">
    <p class='ocr_par' dir='ltr' id='par_1_34' title="bbox 534 2991 3781 3072">
     <span class='ocr_line' id='line_1_34' title="bbox 534 2991 3781 3072; baseline -0.007 -7"><span class='ocrx_word' id='word_1_417' title='bbox 534 3020 695 3065; x_wconf 90' lang='lat' dir='ltr'><strong>natur</strong></span> <span class='ocrx_word' id='word_1_418' title='bbox 731 3010 1009 3072; x_wconf 87' lang='lat' dir='ltr'><strong>miracula,</strong></span> <span class='ocrx_word' id='word_1_419' title='bbox 1039 3010 1106 3065; x_wconf 86' lang='lat' dir='ltr'><strong>ad</strong></span> <span class='ocrx_word' id='word_1_420' title='bbox 1138 3010 1396 3065; x_wconf 82' lang='lat' dir='ltr'><strong>honorem</strong></span> <span class='ocrx_word' id='word_1_421' title='bbox 1431 3008 1638 3063; x_wconf 85' lang='lat' dir='ltr'><strong>scilicet</strong></span> <span class='ocrx_word' id='word_1_422' title='bbox 1673 3023 1735 3061; x_wconf 84' lang='lat' dir='ltr'><strong>ac</strong></span> <span class='ocrx_word' id='word_1_423' title='bbox 1766 3007 1975 3062; x_wconf 85' lang='lat' dir='ltr'><strong>laudem</strong></span> <span class='ocrx_word' id='word_1_424' title='bbox 2020 3021 2119 3061; x_wconf 89' lang='lat' dir='ltr'><strong>no-</strong></span> <span class='ocrx_word' id='word_1_425' title='bbox 2218 3013 2337 3057; x_wconf 89' lang='lat' dir='ltr'><strong>ctus</strong></span> <span class='ocrx_word' id='word_1_426' title='bbox 2362 2998 2530 3055; x_wconf 81' lang='lat' dir='ltr'><strong>frater</strong></span> <span class='ocrx_word' id='word_1_427' title='bbox 2549 3015 2696 3060; x_wconf 86' lang='lat' dir='ltr'><strong>suus,</strong></span> <span class='ocrx_word' id='word_1_428' title='bbox 2727 2998 2946 3051; x_wconf 77' lang='lat' dir='ltr'><strong>inirent.</strong></span> <span class='ocrx_word' id='word_1_429' title='bbox 2980 2995 3132 3063; x_wconf 83' lang='lat' dir='ltr'><strong>Quod</strong></span> <span class='ocrx_word' id='word_1_430' title='bbox 3160 2994 3387 3049; x_wconf 81' lang='lat' dir='ltr'><strong>ﬁdeliter</strong></span> <span class='ocrx_word' id='word_1_431' title='bbox 3406 3004 3462 3047; x_wconf 91' lang='lat' dir='ltr'><strong>et</strong></span> <span class='ocrx_word' id='word_1_432' title='bbox 3484 2991 3781 3045; x_wconf 81' lang='lat' dir='ltr'><strong>liducialitcr</strong></span> 
     </span>
    </p>
   </div>
   <div class='ocr_carea' id='block_1_35' title="bbox 534 3082 3780 3172">
    <p class='ocr_par' dir='ltr' id='par_1_35' title="bbox 534 3082 3780 3172">
     <span class='ocr_line' id='line_1_35' title="bbox 534 3082 3780 3172; baseline -0.007 -16"><span class='ocrx_word' id='word_1_433' title='bbox 534 3101 695 3156; x_wconf 85' lang='lat' dir='ltr'><strong>minis</strong></span> <span class='ocrx_word' id='word_1_434' title='bbox 722 3101 822 3167; x_wconf 87' lang='lat' dir='ltr'><strong>sui,</strong></span> <span class='ocrx_word' id='word_1_435' title='bbox 852 3101 993 3172; x_wconf 86' lang='lat' dir='ltr'><strong>quod</strong></span> <span class='ocrx_word' id='word_1_436' title='bbox 1028 3109 1112 3156; x_wconf 89' lang='lat' dir='ltr'><strong>est</strong></span> <span class='ocrx_word' id='word_1_437' title='bbox 1140 3099 1479 3155; x_wconf 83' lang='lat' dir='ltr'><strong>benedictum</strong></span> <span class='ocrx_word' id='word_1_438' title='bbox 1511 3099 1562 3153; x_wconf 93' lang='lat' dir='ltr'><strong>in</strong></span> <span class='ocrx_word' id='word_1_439' title='bbox 1593 3096 1809 3154; x_wconf 71' lang='lat' dir='ltr'><strong>Stccula.</strong></span> <span class='ocrx_word' id='word_1_440' title='bbox 2104 3114 2111 3117; x_wconf 89' lang='grc'>·</span> <span class='ocrx_word' id='word_1_441' title='bbox 2145 3146 2190 3172; x_wconf 48' lang='grc' dir='ltr'>η</span> <span class='ocrx_word' id='word_1_442' title='bbox 2220 3093 2566 3164; x_wconf 74' lang='lat' dir='ltr'><strong>arripientes,</strong></span> <span class='ocrx_word' id='word_1_443' title='bbox 2593 3104 2867 3161; x_wconf 84' lang='lat' dir='ltr'><strong>prospere,</strong></span> <span class='ocrx_word' id='word_1_444' title='bbox 2916 3089 3024 3143; x_wconf 86' lang='lat' dir='ltr'><strong>Deo</strong></span> <span class='ocrx_word' id='word_1_445' title='bbox 3064 3086 3319 3157; x_wconf 71' lang='lat' dir='ltr'><strong>iuvante,</strong></span> <span class='ocrx_word' id='word_1_446' title='bbox 3349 3093 3406 3139; x_wconf 91' lang='lat' dir='ltr'><strong>et</strong></span> <span class='ocrx_word' id='word_1_447' title='bbox 3452 3082 3514 3138; x_wconf 88' lang='lat' dir='ltr'><strong>S.</strong></span> <span class='ocrx_word' id='word_1_448' title='bbox 3554 3083 3707 3136; x_wconf 82' lang='lat' dir='ltr'><strong>Petro</strong></span> <span class='ocrx_word' id='word_1_449' title='bbox 3736 3089 3780 3133; x_wconf 87' lang='lat' dir='ltr'><strong>et</strong></span> 
     </span>
    </p>
   </div>
   <div class='ocr_carea' id='block_1_36' title="bbox 550 3173 3778 3268">
    <p class='ocr_par' dir='ltr' id='par_1_36' title="bbox 550 3173 3778 3268">
     <span class='ocr_line' id='line_1_36' title="bbox 550 3173 3778 3268; baseline -0.007 -23"><span class='ocrx_word' id='word_1_450' title='bbox 550 3190 553 3191; x_wconf 54' lang='grc'><strong><em>⁷</em></strong></span> <span class='ocrx_word' id='word_1_451' title='bbox 1099 3211 1326 3268; x_wconf 72' lang='lat' dir='ltr'><strong>CAPUT</strong></span> <span class='ocrx_word' id='word_1_452' title='bbox 1365 3208 1547 3264; x_wconf 52' lang='lat' dir='ltr'><strong>xuv.</strong></span> <span class='ocrx_word' id='word_1_453' title='bbox 2143 3173 2192 3209; x_wconf 68' lang='grc'><strong>’⁸³</strong></span> <span class='ocrx_word' id='word_1_454' title='bbox 2224 3192 2412 3239; x_wconf 86' lang='lat' dir='ltr'><strong>sancto</strong></span> <span class='ocrx_word' id='word_1_455' title='bbox 2436 3180 2679 3250; x_wconf 78' lang='lat' dir='ltr'><strong>Remigio</strong></span> <span class='ocrx_word' id='word_1_456' title='bbox 2710 3177 3149 3248; x_wconf 66' lang='lat' dir='ltr'><strong>suifragantibus,</strong></span> <span class='ocrx_word' id='word_1_457' title='bbox 3177 3185 3233 3229; x_wconf 87' lang='grc' dir='ltr'><strong>ιιι</strong></span> <span class='ocrx_word' id='word_1_458' title='bbox 3260 3175 3388 3245; x_wconf 82' lang='lat' dir='ltr'><strong>Ipsis</strong></span> <span class='ocrx_word' id='word_1_459' title='bbox 3414 3173 3778 3243; x_wconf 86' lang='lat' dir='ltr'><strong>promiserant.</strong></span> 
     </span>
    </p>
   </div>
   <div class='ocr_carea' id='block_1_37' title="bbox 691 3260 2233 3361">
    <p class='ocr_par' dir='ltr' id='par_1_37' title="bbox 691 3292 2233 3361">
     <span class='ocr_line' id='line_1_37' title="bbox 691 3292 2233 3361; baseline -0.004 -2"><span class='ocrx_word' id='word_1_460' title='bbox 691 3306 763 3360; x_wconf 86' lang='lat' dir='ltr'><strong>De</strong></span> <span class='ocrx_word' id='word_1_461' title='bbox 788 3304 1059 3359; x_wconf 75' lang='lat' dir='ltr'><strong>miraculis</strong></span> <span class='ocrx_word' id='word_1_462' title='bbox 1080 3306 1137 3358; x_wconf 82' lang='lat' dir='ltr'><strong>in</strong></span> <span class='ocrx_word' id='word_1_463' title='bbox 1163 3305 1474 3361; x_wconf 78' lang='lat' dir='ltr'><strong>monasterio</strong></span> <span class='ocrx_word' id='word_1_464' title='bbox 1498 3313 1799 3357; x_wconf 77' lang='lat' dir='ltr'><strong>sanctorum</strong></span> <span class='ocrx_word' id='word_1_465' title='bbox 1829 3299 1985 3355; x_wconf 76' lang='lat' dir='ltr'><strong>Bora:</strong></span> <span class='ocrx_word' id='word_1_466' title='bbox 2224 3292 2233 3347; x_wconf 84' lang='grc'><strong>1</strong></span> 
     </span>
    </p>
   </div>
   <div class='ocr_carea' id='block_1_38' title="bbox 2238 3260 3780 3361">
    <p class='ocr_par' dir='ltr' id='par_1_38' title="bbox 2238 3260 3780 3347">
     <span class='ocr_line' id='line_1_38' title="bbox 2238 3260 3780 3347; baseline -0.012 -17"><span class='ocrx_word' id='word_1_467' title='bbox 2238 3281 2568 3347; x_wconf 65' lang='lat' dir='ltr'><strong>peregerunt.</strong></span> <span class='ocrx_word' id='word_1_468' title='bbox 2611 3272 2689 3325; x_wconf 83' lang='lat' dir='ltr'><strong>Ac</strong></span> <span class='ocrx_word' id='word_1_469' title='bbox 2714 3270 2966 3339; x_wconf 88' lang='lat' dir='ltr'><strong>deinceps</strong></span> <span class='ocrx_word' id='word_1_470' title='bbox 2995 3284 3024 3322; x_wconf 91' lang='lat' dir='ltr'><strong>a</strong></span> <span class='ocrx_word' id='word_1_471' title='bbox 3053 3267 3305 3323; x_wconf 88' lang='lat' dir='ltr'><strong>carnibus</strong></span> <span class='ocrx_word' id='word_1_472' title='bbox 3328 3264 3414 3318; x_wconf 91' lang='lat' dir='ltr'><strong>illa</strong></span> <span class='ocrx_word' id='word_1_473' title='bbox 3446 3263 3666 3332; x_wconf 64' lang='lat' dir='ltr'><strong>(praeter</strong></span> <span class='ocrx_word' id='word_1_474' title='bbox 3691 3260 3780 3312; x_wconf 85' lang='lat' dir='ltr'><strong>Do-</strong></span> 
     </span>
    </p>
   </div>
   <div class='ocr_carea' id='block_1_39' title="bbox 1096 3349 3783 3443">
    <p class='ocr_par' dir='ltr' id='par_1_39' title="bbox 1096 3349 3783 3443">
     <span class='ocr_line' id='line_1_39' title="bbox 1096 3349 3783 3443; baseline -0.01 -13"><span class='ocrx_word' id='word_1_475' title='bbox 1096 3349 1694 3443; x_wconf 46' lang='lat' dir='ltr'><strong>Wm</strong></span> <span class='ocrx_word' id='word_1_476' title='bbox 1829 3349 1977 3355; x_wconf 42' lang='grc' dir='ltr'><strong>*ω’</strong></span> <span class='ocrx_word' id='word_1_477' title='bbox 2227 3363 2501 3434; x_wconf 89' lang='lat' dir='ltr'><strong>miuicam)</strong></span> <span class='ocrx_word' id='word_1_478' title='bbox 2535 3360 2791 3424; x_wconf 87' lang='lat' dir='ltr'><strong>abstinet,</strong></span> <span class='ocrx_word' id='word_1_479' title='bbox 2824 3374 2887 3413; x_wconf 89' lang='lat' dir='ltr'><strong>ac</strong></span> <span class='ocrx_word' id='word_1_480' title='bbox 2919 3358 3092 3412; x_wconf 88' lang='lat' dir='ltr'><strong>tribus</strong></span> <span class='ocrx_word' id='word_1_481' title='bbox 3120 3356 3306 3411; x_wconf 89' lang='lat' dir='ltr'><strong>diebus</strong></span> <span class='ocrx_word' id='word_1_482' title='bbox 3336 3354 3389 3408; x_wconf 86' lang='lat' dir='ltr'><strong>in</strong></span> <span class='ocrx_word' id='word_1_483' title='bbox 3444 3349 3783 3408; x_wconf 68' lang='lat' dir='ltr'><strong>hebdomade,</strong></span> 
     </span>
    </p>
   </div>
   <div class='ocr_carea' id='block_1_40' title="bbox 613 3436 3785 3538">
    <p class='ocr_par' dir='ltr' id='par_1_40' title="bbox 613 3436 3785 3538">
     <span class='ocr_line' id='line_1_40' title="bbox 613 3436 3785 3538; baseline -0.008 -24"><span class='ocrx_word' id='word_1_484' title='bbox 613 3467 671 3521; x_wconf 79' lang='lat' dir='ltr'><strong>In</strong></span> <span class='ocrx_word' id='word_1_485' title='bbox 721 3474 1132 3538; x_wconf 72' lang='lat' dir='ltr'><strong>prmmemomto</strong></span> <span class='ocrx_word' id='word_1_486' title='bbox 1173 3465 1403 3534; x_wconf 78' lang='lat' dir='ltr'><strong>denique</strong></span> <span class='ocrx_word' id='word_1_487' title='bbox 1455 3461 1751 3534; x_wconf 76' lang='lat' dir='ltr'><strong>puellarum</strong></span> <span class='ocrx_word' id='word_1_488' title='bbox 1797 3460 2128 3517; x_wconf 76' lang='lat' dir='ltr'><strong>monasterio</strong></span> <span class='ocrx_word' id='word_1_489' title='bbox 2228 3468 2397 3524; x_wconf 87' lang='lat' dir='ltr'><strong>usque</strong></span> <span class='ocrx_word' id='word_1_490' title='bbox 2424 3453 2551 3507; x_wconf 89' lang='lat' dir='ltr'><strong>dum</strong></span> <span class='ocrx_word' id='word_1_491' title='bbox 2580 3451 2791 3521; x_wconf 77' lang='lat' dir='ltr'><strong>signum</strong></span> <span class='ocrx_word' id='word_1_492' title='bbox 2833 3458 2990 3504; x_wconf 89' lang='lat' dir='ltr'><strong>sonet</strong></span> <span class='ocrx_word' id='word_1_493' title='bbox 3012 3446 3078 3500; x_wconf 86' lang='lat' dir='ltr'><strong>ad</strong></span> <span class='ocrx_word' id='word_1_494' title='bbox 3106 3445 3429 3508; x_wconf 85' lang='lat' dir='ltr'><strong>secundam,</strong></span> <span class='ocrx_word' id='word_1_495' title='bbox 3464 3442 3598 3496; x_wconf 88' lang='lat' dir='ltr'><strong>nihil</strong></span> <span class='ocrx_word' id='word_1_496' title='bbox 3623 3436 3785 3538; x_wconf 68' lang='lat' dir='ltr'><strong>operis</strong></span> 
     </span>
    </p>
   </div>
   <div class='ocr_carea' id='block_1_41' title="bbox 543 3527 3786 3627">
    <p class='ocr_par' dir='ltr' id='par_1_41' title="bbox 543 3527 3786 3627">
     <span class='ocr_line' id='line_1_41' title="bbox 543 3527 3786 3627; baseline -0.01 -15"><span class='ocrx_word' id='word_1_497' title='bbox 543 3527 742 3625; x_wconf 44' lang='lat' dir='ltr'><strong>(supra:</strong></span> <span class='ocrx_word' id='word_1_498' title='bbox 769 3576 883 3627; x_wconf 82' lang='lat' dir='ltr'><strong>cap.</strong></span> <span class='ocrx_word' id='word_1_499' title='bbox 910 3558 1022 3627; x_wconf 76' lang='lat'><strong>‘28),</strong></span> <span class='ocrx_word' id='word_1_500' title='bbox 1047 3557 1097 3610; x_wconf 89' lang='lat' dir='ltr'><strong>in</strong></span> <span class='ocrx_word' id='word_1_501' title='bbox 1121 3570 1227 3626; x_wconf 87' lang='lat' dir='ltr'><strong>quo</strong></span> <span class='ocrx_word' id='word_1_502' title='bbox 1247 3527 1588 3625; x_wconf 48' lang='lat' dir='ltr'><strong>pruriam-rum</strong></span> <span class='ocrx_word' id='word_1_503' title='bbox 1614 3562 1925 3610; x_wconf 81' lang='lat' dir='ltr'><strong>sanctarum</strong></span> <span class='ocrx_word' id='word_1_504' title='bbox 1951 3551 2128 3614; x_wconf 73' lang='lat' dir='ltr'><strong>Bovae,</strong></span> <span class='ocrx_word' id='word_1_505' title='bbox 2228 3547 2361 3617; x_wconf 75' lang='lat' dir='ltr'><strong>agit,</strong></span> <span class='ocrx_word' id='word_1_506' title='bbox 2385 3543 2718 3599; x_wconf 83' lang='lat' dir='ltr'><strong>orationibus</strong></span> <span class='ocrx_word' id='word_1_507' title='bbox 2774 3549 2830 3595; x_wconf 86' lang='lat' dir='ltr'><strong>et</strong></span> <span class='ocrx_word' id='word_1_508' title='bbox 2873 3539 3185 3609; x_wconf 75' lang='lat' dir='ltr'><strong>psalmodia:</strong></span> <span class='ocrx_word' id='word_1_509' title='bbox 3232 3549 3432 3590; x_wconf 88' lang='lat' dir='ltr'><strong>vacans</strong></span> <span class='ocrx_word' id='word_1_510' title='bbox 3461 3551 3477 3598; x_wconf 89' lang='lat'><strong>;</strong></span> <span class='ocrx_word' id='word_1_511' title='bbox 3510 3530 3653 3602; x_wconf 80' lang='lat' dir='ltr'><strong>quod</strong></span> <span class='ocrx_word' id='word_1_512' title='bbox 3699 3527 3786 3583; x_wconf 81' lang='lat' dir='ltr'><strong>sibi</strong></span> 
     </span>
    </p>
   </div>
   <div class='ocr_carea' id='block_1_42' title="bbox 545 3625 3786 3719">
    <p class='ocr_par' dir='ltr' id='par_1_42' title="bbox 545 3625 3786 3719">
     <span class='ocr_line' id='line_1_42' title="bbox 545 3625 3786 3719; baseline -0.01 -16"><span class='ocrx_word' id='word_1_513' title='bbox 545 3665 609 3704; x_wconf 88' lang='lat' dir='ltr'><strong>ac</strong></span> <span class='ocrx_word' id='word_1_514' title='bbox 636 3650 794 3705; x_wconf 73' lang='lat' dir='ltr'><strong>Deda:</strong></span> <span class='ocrx_word' id='word_1_515' title='bbox 833 3625 1092 3704; x_wconf 83' lang='lat' dir='ltr'><strong>translata</strong></span> <span class='ocrx_word' id='word_1_516' title='bbox 1135 3646 1342 3719; x_wconf 80' lang='lat' dir='ltr'><strong>praefati</strong></span> <span class='ocrx_word' id='word_1_517' title='bbox 1373 3660 1559 3703; x_wconf 88' lang='lat' dir='ltr'><strong>sumus</strong></span> <span class='ocrx_word' id='word_1_518' title='bbox 1590 3658 1835 3716; x_wconf 86' lang='lat' dir='ltr'><strong>corpora.</strong></span> <span class='ocrx_word' id='word_1_519' title='bbox 1874 3640 2129 3700; x_wconf 79' lang='lat' dir='ltr'><strong>nonnulla</strong></span> <span class='ocrx_word' id='word_1_520' title='bbox 2229 3634 2488 3706; x_wconf 87' lang='lat' dir='ltr'><strong>usquead</strong></span> <span class='ocrx_word' id='word_1_521' title='bbox 2512 3642 2713 3704; x_wconf 89' lang='lat' dir='ltr'><strong>septem</strong></span> <span class='ocrx_word' id='word_1_522' title='bbox 2738 3648 2907 3686; x_wconf 89' lang='lat' dir='ltr'><strong>annos</strong></span> <span class='ocrx_word' id='word_1_523' title='bbox 2937 3636 3318 3685; x_wconf 86' lang='lat' dir='ltr'><strong>commemorat</strong></span> <span class='ocrx_word' id='word_1_524' title='bbox 3341 3625 3638 3694; x_wconf 88' lang='lat' dir='ltr'><strong>adimplere</strong></span> <span class='ocrx_word' id='word_1_525' title='bbox 3665 3635 3786 3692; x_wconf 75' lang='lat' dir='ltr'><strong>pra:-</strong></span> 
     </span>
    </p>
   </div>
   <div class='ocr_carea' id='block_1_43' title="bbox 544 3717 3780 3812">
    <p class='ocr_par' dir='ltr' id='par_1_43' title="bbox 544 3717 3780 3812">
     <span class='ocr_line' id='line_1_43' title="bbox 544 3717 3780 3812; baseline -0.009 -18"><span class='ocrx_word' id='word_1_526' title='bbox 544 3743 886 3811; x_wconf 84' lang='lat' dir='ltr'><strong>postntodunt</strong></span> <span class='ocrx_word' id='word_1_527' title='bbox 914 3717 1446 3812; x_wconf 82' lang='lat' dir='ltr'><strong>patrataprubantnr</strong></span> <span class='ocrx_word' id='word_1_528' title='bbox 1468 3739 1748 3794; x_wconf 89' lang='lat' dir='ltr'><strong>miracula.</strong></span> <span class='ocrx_word' id='word_1_529' title='bbox 1780 3735 1880 3792; x_wconf 90' lang='lat' dir='ltr'><strong>Ubi</strong></span> <span class='ocrx_word' id='word_1_530' title='bbox 1913 3734 2130 3806; x_wconf 79' lang='lat' dir='ltr'><strong>frigori-</strong></span> <span class='ocrx_word' id='word_1_531' title='bbox 2230 3737 2463 3799; x_wconf 85' lang='lat' dir='ltr'><strong>ceptum.</strong></span> <span class='ocrx_word' id='word_1_532' title='bbox 2487 3723 2662 3779; x_wconf 78' lang='lat' dir='ltr'><strong>Fratri</strong></span> <span class='ocrx_word' id='word_1_533' title='bbox 2694 3739 2821 3778; x_wconf 74' lang='lat' dir='ltr'><strong>vero</strong></span> <span class='ocrx_word' id='word_1_534' title='bbox 2851 3737 2948 3777; x_wconf 92' lang='lat' dir='ltr'><strong>suo</strong></span> <span class='ocrx_word' id='word_1_535' title='bbox 2976 3727 3384 3793; x_wconf 60' lang='lat' dir='ltr'><strong>praememorato</strong></span> <span class='ocrx_word' id='word_1_536' title='bbox 3418 3717 3521 3771; x_wconf 91' lang='lat' dir='ltr'><strong>hoc</strong></span> <span class='ocrx_word' id='word_1_537' title='bbox 3551 3730 3581 3769; x_wconf 76' lang='grc' dir='ltr'><strong>ιι</strong></span> <span class='ocrx_word' id='word_1_538' title='bbox 3614 3728 3780 3783; x_wconf 79' lang='lat' dir='ltr'><strong>supra-</strong></span> 
     </span>
    </p>
   </div>
   <div class='ocr_carea' id='block_1_44' title="bbox 545 3813 2087 3906">
    <p class='ocr_par' dir='ltr' id='par_1_44' title="bbox 545 3831 2087 3906">
     <span class='ocr_line' id='line_1_44' title="bbox 545 3831 2087 3906; baseline -0.005 -16"><span class='ocrx_word' id='word_1_539' title='bbox 545 3836 637 3890; x_wconf 89' lang='lat' dir='ltr'><strong>tici</strong></span> <span class='ocrx_word' id='word_1_540' title='bbox 679 3846 841 3906; x_wconf 84' lang='lat' dir='ltr'><strong>atque</strong></span> <span class='ocrx_word' id='word_1_541' title='bbox 865 3836 1092 3891; x_wconf 73' lang='lat' dir='ltr'><strong>ditersis</strong></span> <span class='ocrx_word' id='word_1_542' title='bbox 1123 3833 1528 3906; x_wconf 60' lang='lat' dir='ltr'><strong>{egritudinibus</strong></span> <span class='ocrx_word' id='word_1_543' title='bbox 1554 3834 1799 3902; x_wconf 89' lang='lat' dir='ltr'><strong>occupati</strong></span> <span class='ocrx_word' id='word_1_544' title='bbox 1834 3831 2087 3885; x_wconf 79' lang='lat' dir='ltr'><strong>veniente:</strong></span> 
     </span>
    </p>
   </div>
   <div class='ocr_carea' id='block_1_45' title="bbox 2247 3813 3789 3906">
    <p class='ocr_par' dir='ltr' id='par_1_45' title="bbox 2247 3813 3789 3886">
     <span class='ocr_line' id='line_1_45' title="bbox 2247 3813 3789 3886; baseline -0.014 -10"><span class='ocrx_word' id='word_1_545' title='bbox 2247 3819 2388 3876; x_wconf 83' lang='lat' dir='ltr'><strong>iictis</strong></span> <span class='ocrx_word' id='word_1_546' title='bbox 2439 3817 2640 3872; x_wconf 86' lang='lat' dir='ltr'><strong>sanctis</strong></span> <span class='ocrx_word' id='word_1_547' title='bbox 2670 3832 2767 3886; x_wconf 90' lang='lat' dir='ltr'><strong>per</strong></span> <span class='ocrx_word' id='word_1_548' title='bbox 2797 3815 2965 3884; x_wconf 89' lang='lat' dir='ltr'><strong>ipsam</strong></span> <span class='ocrx_word' id='word_1_549' title='bbox 2996 3813 3308 3868; x_wconf 83' lang='lat' dir='ltr'><strong>mandatum</strong></span> <span class='ocrx_word' id='word_1_550' title='bbox 3336 3819 3436 3871; x_wconf 88' lang='lat' dir='ltr'><strong>est,</strong></span> <span class='ocrx_word' id='word_1_551' title='bbox 3481 3819 3543 3862; x_wconf 89' lang='lat' dir='ltr'><strong>ut</strong></span> <span class='ocrx_word' id='word_1_552' title='bbox 3579 3817 3789 3876; x_wconf 78' lang='lat' dir='ltr'><strong>quatuor</strong></span> 
     </span>
    </p>
   </div>
   <div class='ocr_carea' id='block_1_46' title="bbox 545 3903 2087 3997">
    <p class='ocr_par' dir='ltr' id='par_1_46' title="bbox 545 3923 2087 3997">
     <span class='ocr_line' id='line_1_46' title="bbox 545 3923 2087 3997; baseline 0.001 -20"><span class='ocrx_word' id='word_1_553' title='bbox 545 3936 726 3997; x_wconf 85' lang='lat' dir='ltr'><strong>optata</strong></span> <span class='ocrx_word' id='word_1_554' title='bbox 753 3937 1026 3982; x_wconf 82' lang='lat' dir='ltr'><strong>merentur</strong></span> <span class='ocrx_word' id='word_1_555' title='bbox 1060 3928 1317 3996; x_wconf 84' lang='lat' dir='ltr'><strong>sospitate</strong></span> <span class='ocrx_word' id='word_1_556' title='bbox 1343 3926 1529 3982; x_wconf 83' lang='lat' dir='ltr'><strong>donari</strong></span> <span class='ocrx_word' id='word_1_557' title='bbox 1600 3926 1833 3980; x_wconf 74' lang='lat' dir='ltr'><strong>maxime</strong></span> <span class='ocrx_word' id='word_1_558' title='bbox 1858 3923 1911 3978; x_wconf 88' lang='lat' dir='ltr'><strong>in</strong></span> <span class='ocrx_word' id='word_1_559' title='bbox 1942 3923 2027 3977; x_wconf 87' lang='lat' dir='ltr'><strong>die</strong></span> <span class='ocrx_word' id='word_1_560' title='bbox 2046 3936 2087 3978; x_wconf 78' lang='lat' dir='ltr'><strong>8t</strong></span> 
     </span>
    </p>
   </div>
   <div class='ocr_carea' id='block_1_47' title="bbox 2248 3903 3790 3997">
    <p class='ocr_par' dir='ltr' id='par_1_47' title="bbox 2248 3903 3790 3970">
     <span class='ocr_line' id='line_1_47' title="bbox 2248 3903 3790 3970; baseline -0.013 -2"><span class='ocrx_word' id='word_1_561' title='bbox 2248 3912 2423 3968; x_wconf 88' lang='lat' dir='ltr'><strong>liebus</strong></span> <span class='ocrx_word' id='word_1_562' title='bbox 2466 3911 2522 3965; x_wconf 90' lang='lat' dir='ltr'><strong>in</strong></span> <span class='ocrx_word' id='word_1_563' title='bbox 2552 3909 2883 3965; x_wconf 84' lang='lat' dir='ltr'><strong>hebdomada</strong></span> <span class='ocrx_word' id='word_1_564' title='bbox 2931 3924 2959 3961; x_wconf 89' lang='lat' dir='ltr'><strong>a</strong></span> <span class='ocrx_word' id='word_1_565' title='bbox 3005 3906 3287 3970; x_wconf 87' lang='lat' dir='ltr'><strong>carnibus,</strong></span> <span class='ocrx_word' id='word_1_566' title='bbox 3327 3903 3476 3957; x_wconf 89' lang='lat' dir='ltr'><strong>omni</strong></span> <span class='ocrx_word' id='word_1_567' title='bbox 3503 3917 3635 3955; x_wconf 89' lang='lat' dir='ltr'><strong>vero</strong></span> <span class='ocrx_word' id='word_1_568' title='bbox 3658 3909 3790 3953; x_wconf 78' lang='lat' dir='ltr'><strong>sexta</strong></span> 
     </span>
    </p>
   </div>
   <div class='ocr_carea' id='block_1_48' title="bbox 548 3992 3789 4092">
    <p class='ocr_par' dir='ltr' id='par_1_48' title="bbox 548 3992 3789 4092">
     <span class='ocr_line' id='line_1_48' title="bbox 548 3992 3789 4092; baseline -0.01 -17"><span class='ocrx_word' id='word_1_569' title='bbox 548 3992 839 4074; x_wconf 69' lang='lat' dir='ltr'><strong>letnnltatis</strong></span> <span class='ocrx_word' id='word_1_570' title='bbox 890 3992 1203 4074; x_wconf 84' lang='lat' dir='ltr'><strong>earumdem</strong></span> <span class='ocrx_word' id='word_1_571' title='bbox 1257 4019 1437 4092; x_wconf 78' lang='lat' dir='ltr'><strong>(idest</strong></span> <span class='ocrx_word' id='word_1_572' title='bbox 1496 4018 1567 4073; x_wconf 67' lang='grc' dir='ltr'>ει</span> <span class='ocrx_word' id='word_1_573' title='bbox 1619 4016 1859 4088; x_wconf 77' lang='lat' dir='ltr'><strong>Aprilis).</strong></span> <span class='ocrx_word' id='word_1_574' title='bbox 1915 4015 1972 4069; x_wconf 88' lang='lat' dir='ltr'><strong>In</strong></span> <span class='ocrx_word' id='word_1_575' title='bbox 2029 4029 2134 4084; x_wconf 82' lang='lat' dir='ltr'><strong>qua</strong></span> <span class='ocrx_word' id='word_1_576' title='bbox 2232 4005 2564 4060; x_wconf 75' lang='lat' dir='ltr'><strong>feriaavino</strong></span> <span class='ocrx_word' id='word_1_577' title='bbox 2587 4015 2803 4069; x_wconf 87' lang='lat' dir='ltr'><strong>semper</strong></span> <span class='ocrx_word' id='word_1_578' title='bbox 2825 4000 2950 4054; x_wconf 91' lang='lat' dir='ltr'><strong>dum</strong></span> <span class='ocrx_word' id='word_1_579' title='bbox 2996 3995 3492 4061; x_wconf 78' lang='lat' dir='ltr'><strong>advixerit,debeat</strong></span> <span class='ocrx_word' id='word_1_580' title='bbox 3515 3992 3789 4047; x_wconf 84' lang='lat' dir='ltr'><strong>abstinere.</strong></span> 
     </span>
    </p>
   </div>
   <div class='ocr_carea' id='block_1_49' title="bbox 544 4087 2086 4184">
    <p class='ocr_par' dir='ltr' id='par_1_49' title="bbox 544 4102 2085 4184">
     <span class='ocr_line' id='line_1_49' title="bbox 544 4102 2085 4184; baseline -0.005 -18"><span class='ocrx_word' id='word_1_581' title='bbox 544 4113 794 4184; x_wconf 67' lang='lat' dir='ltr'><strong>quaedam</strong></span> <span class='ocrx_word' id='word_1_582' title='bbox 832 4129 1000 4183; x_wconf 88' lang='lat' dir='ltr'><strong>nuper</strong></span> <span class='ocrx_word' id='word_1_583' title='bbox 1035 4113 1245 4182; x_wconf 88' lang='lat' dir='ltr'><strong>puella,</strong></span> <span class='ocrx_word' id='word_1_584' title='bbox 1286 4113 1471 4166; x_wconf 88' lang='lat' dir='ltr'><strong>auditu</strong></span> <span class='ocrx_word' id='word_1_585' title='bbox 1507 4111 1801 4173; x_wconf 88' lang='lat' dir='ltr'><strong>frustrata,</strong></span> <span class='ocrx_word' id='word_1_586' title='bbox 1846 4102 1899 4161; x_wconf 90' lang='lat' dir='ltr'><strong>vi</strong></span> <span class='ocrx_word' id='word_1_587' title='bbox 1943 4107 2085 4161; x_wconf 86' lang='lat' dir='ltr'><strong>inval</strong></span> 
     </span>
    </p>
   </div>
   <div class='ocr_carea' id='block_1_50' title="bbox 1506 4087 3048 4184">
    <p class='ocr_par' dir='ltr' id='par_1_50' title="bbox 1507 4087 3048 4173">
     <span class='ocr_line' id='line_1_50' title="bbox 1507 4087 3048 4173; baseline -0.014 -12"><span class='ocrx_word' id='word_1_588' title='bbox 1507 4111 1764 4165; x_wconf 80' lang='lat' dir='ltr'><strong>frustrata</strong></span> <span class='ocrx_word' id='word_1_589' title='bbox 1787 4149 1801 4173; x_wconf 86' lang='lat'><strong>,</strong></span> <span class='ocrx_word' id='word_1_590' title='bbox 1846 4102 1899 4161; x_wconf 68' lang='lat' dir='ltr'><strong>vi</strong></span> <span class='ocrx_word' id='word_1_591' title='bbox 1943 4106 2136 4161; x_wconf 71' lang='lat' dir='ltr'><strong>invali.</strong></span> <span class='ocrx_word' id='word_1_592' title='bbox 2233 4092 2362 4161; x_wconf 66' lang='lat' dir='ltr'><strong>Quae</strong></span> <span class='ocrx_word' id='word_1_593' title='bbox 2389 4102 2443 4147; x_wconf 90' lang='lat' dir='ltr'><strong>et</strong></span> <span class='ocrx_word' id='word_1_594' title='bbox 2468 4093 2757 4147; x_wconf 84' lang='lat' dir='ltr'><strong>observare</strong></span> <span class='ocrx_word' id='word_1_595' title='bbox 2779 4087 2878 4143; x_wconf 87' lang='lat' dir='ltr'><strong>visi</strong></span> <span class='ocrx_word' id='word_1_596' title='bbox 2906 4096 3048 4143; x_wconf 89' lang='lat' dir='ltr'><strong>sunt.</strong></span> 
     </span>
    </p>
   </div>
   <div class='ocr_carea' id='block_1_51' title="bbox 553 4174 3241 4271">
    <p class='ocr_par' dir='ltr' id='par_1_51' title="bbox 553 4174 3241 4271">
     <span class='ocr_line' id='line_1_51' title="bbox 553 4174 3241 4271; baseline -0.005 -15"><span class='ocrx_word' id='word_1_597' title='bbox 553 4174 751 4257; x_wconf 64' lang='lat' dir='ltr'><strong>tudinis</strong></span> <span class='ocrx_word' id='word_1_598' title='bbox 782 4174 971 4257; x_wconf 77' lang='lat' dir='ltr'><strong>sensus</strong></span> <span class='ocrx_word' id='word_1_599' title='bbox 997 4174 1159 4271; x_wconf 69' lang='lat' dir='ltr'><strong>hujus</strong></span> <span class='ocrx_word' id='word_1_600' title='bbox 1183 4174 1450 4255; x_wconf 88' lang='lat' dir='ltr'><strong>obturatis</strong></span> <span class='ocrx_word' id='word_1_601' title='bbox 1477 4199 1743 4255; x_wconf 90' lang='lat' dir='ltr'><strong>meatibus</strong></span> <span class='ocrx_word' id='word_1_602' title='bbox 1763 4236 1779 4262; x_wconf 96' lang='lat'><strong>,</strong></span> <span class='ocrx_word' id='word_1_603' title='bbox 1824 4196 2135 4250; x_wconf 86' lang='lat' dir='ltr'><strong>interventu</strong></span> <span class='ocrx_word' id='word_1_604' title='bbox 2754 4270 2773 4271; x_wconf 18' lang='grc' dir='ltr'>ί</span> <span class='ocrx_word' id='word_1_605' title='bbox 2793 4176 3020 4269; x_wconf 63' lang='grc' dir='ltr'><strong>εᾼΡυΤ</strong></span> <span class='ocrx_word' id='word_1_606' title='bbox 3041 4174 3241 4271; x_wconf 41' lang='lat' dir='ltr'><strong>“XLVI-</strong></span> 
     </span>
    </p>
   </div>
   <div class='ocr_carea' id='block_1_52' title="bbox 553 4265 3765 4359">
    <p class='ocr_par' dir='ltr' id='par_1_52' title="bbox 553 4265 3765 4359">
     <span class='ocr_line' id='line_1_52' title="bbox 553 4265 3765 4359; baseline -0.005 -11"><span class='ocrx_word' id='word_1_607' title='bbox 553 4296 865 4348; x_wconf 87' lang='lat' dir='ltr'><strong>earumdem</strong></span> <span class='ocrx_word' id='word_1_608' title='bbox 921 4302 1231 4348; x_wconf 88' lang='lat' dir='ltr'><strong>sanctarum</strong></span> <span class='ocrx_word' id='word_1_609' title='bbox 1277 4290 1478 4347; x_wconf 85' lang='lat' dir='ltr'><strong>Christi</strong></span> <span class='ocrx_word' id='word_1_610' title='bbox 1529 4303 1876 4359; x_wconf 86' lang='lat' dir='ltr'><strong>sponsarum,</strong></span> <span class='ocrx_word' id='word_1_611' title='bbox 1928 4285 2136 4356; x_wconf 85' lang='lat' dir='ltr'><strong>perdita</strong></span> <span class='ocrx_word' id='word_1_612' title='bbox 2446 4271 2523 4327; x_wconf 78' lang='grc' dir='ltr'><strong>υε</strong></span> <span class='ocrx_word' id='word_1_613' title='bbox 2548 4273 2711 4328; x_wconf 58' lang='lat' dir='ltr'><strong>“uero</strong></span> <span class='ocrx_word' id='word_1_614' title='bbox 2742 4265 2913 4325; x_wconf 67' lang='grc' dir='ltr'><strong>Πευίῑδ</strong></span> <span class='ocrx_word' id='word_1_615' title='bbox 2931 4268 3226 4359; x_wconf 60' lang='grc' dir='ltr'>Ρηέλιαηιηι</span> <span class='ocrx_word' id='word_1_616' title='bbox 3251 4265 3594 4321; x_wconf 67' lang='grc' dir='ltr'><strong>ηιοηαειετῖο·</strong></span> <span class='ocrx_word' id='word_1_617' title='bbox 3633 4353 3664 4359; x_wconf 75' lang='lat'><strong>__</strong></span> <span class='ocrx_word' id='word_1_618' title='bbox 3757 4349 3765 4359; x_wconf 82' lang='lat'>_</span> 
     </span>
    </p>
   </div>
   <div class='ocr_carea' id='block_1_53' title="bbox 554 4353 3799 4455">
    <p class='ocr_par' dir='ltr' id='par_1_53' title="bbox 554 4353 3799 4455">
     <span class='ocr_line' id='line_1_53' title="bbox 554 4353 3799 4455; baseline -0.008 -26"><span class='ocrx_word' id='word_1_619' title='bbox 554 4364 959 4442; x_wconf 64' lang='grc' dir='ltr'>αιιιιυιιιίωυηῑιι</span> <span class='ocrx_word' id='word_1_620' title='bbox 988 4387 1232 4455; x_wconf 66' lang='lat' dir='ltr'><strong>recipere</strong></span> <span class='ocrx_word' id='word_1_621' title='bbox 1256 4385 1452 4439; x_wconf 62' lang='lat' dir='ltr'><strong>merui;</strong></span> <span class='ocrx_word' id='word_1_622' title='bbox 1480 4353 1712 4437; x_wconf 41' lang='lat' dir='ltr'><strong>aui-ium,</strong></span> <span class='ocrx_word' id='word_1_623' title='bbox 1929 4353 1944 4356; x_wconf 46' lang='grc'>”</span> <span class='ocrx_word' id='word_1_624' title='bbox 2086 4424 2089 4425; x_wconf 62' lang='lat'><strong>,</strong></span> <span class='ocrx_word' id='word_1_625' title='bbox 2130 4420 2133 4423; x_wconf 77' lang='lat'><strong>.</strong></span> <span class='ocrx_word' id='word_1_626' title='bbox 2307 4364 2550 4420; x_wconf 81' lang='lat' dir='ltr'><strong>Alterum</strong></span> <span class='ocrx_word' id='word_1_627' title='bbox 2607 4363 2837 4433; x_wconf 88' lang='lat' dir='ltr'><strong>denique</strong></span> <span class='ocrx_word' id='word_1_628' title='bbox 2881 4358 3118 4430; x_wconf 87' lang='lat' dir='ltr'><strong>puellare</strong></span> <span class='ocrx_word' id='word_1_629' title='bbox 3184 4357 3574 4412; x_wconf 82' lang='lat' dir='ltr'><strong>monasterium</strong></span> <span class='ocrx_word' id='word_1_630' title='bbox 3632 4353 3799 4406; x_wconf 82' lang='lat' dir='ltr'><strong>Remis</strong></span> 
     </span>
    </p>
   </div>
   <div class='ocr_carea' id='block_1_54' title="bbox 1130 4442 3792 4559">
    <p class='ocr_par' dir='ltr' id='par_1_54' title="bbox 1130 4442 3792 4559">
     <span class='ocr_line' id='line_1_54' title="bbox 1130 4442 3792 4559; baseline -0.014 -33"><span class='ocrx_word' id='word_1_631' title='bbox 1130 4474 1357 4531; x_wconf 73' lang='lat' dir='ltr'><strong>CAPUT</strong></span> <span class='ocrx_word' id='word_1_632' title='bbox 1392 4473 1533 4529; x_wconf 77' lang='lat' dir='ltr'><strong>XLV</strong></span> <span class='ocrx_word' id='word_1_633' title='bbox 2088 4466 2094 4471; x_wconf 91' lang='lat'>&#39;</span> <span class='ocrx_word' id='word_1_634' title='bbox 2158 4498 2211 4559; x_wconf 67' lang='grc' dir='ltr'><strong>Β</strong></span> <span class='ocrx_word' id='word_1_635' title='bbox 2238 4456 2465 4559; x_wconf 68' lang='lat' dir='ltr'><strong>habetur</strong></span> <span class='ocrx_word' id='word_1_636' title='bbox 2485 4454 2646 4559; x_wconf 75' lang='lat' dir='ltr'><strong>situm</strong></span> <span class='ocrx_word' id='word_1_637' title='bbox 2668 4452 2735 4506; x_wconf 88' lang='lat' dir='ltr'><strong>ad</strong></span> <span class='ocrx_word' id='word_1_638' title='bbox 2760 4459 2991 4559; x_wconf 69' lang='lat' dir='ltr'><strong>portam,</strong></span> <span class='ocrx_word' id='word_1_639' title='bbox 3010 4463 3129 4519; x_wconf 76' lang='lat' dir='ltr'><strong>qua:</strong></span> <span class='ocrx_word' id='word_1_640' title='bbox 3147 4448 3273 4559; x_wconf 66' lang='lat' dir='ltr'><strong>olim</strong></span> <span class='ocrx_word' id='word_1_641' title='bbox 3287 4445 3593 4559; x_wconf 56' lang='lat' dir='ltr'><strong>titillaticia,</strong></span> <span class='ocrx_word' id='word_1_642' title='bbox 3610 4442 3792 4559; x_wconf 36' lang='lat' dir='ltr'><strong>sr‘ililfet</strong></span> 
     </span>
    </p>
   </div>
   <div class='ocr_carea' id='block_1_55' title="bbox 927 4533 3795 4635">
    <p class='ocr_par' dir='ltr' id='par_1_55' title="bbox 927 4533 3795 4635">
     <span class='ocr_line' id='line_1_55' title="bbox 927 4533 3795 4635; baseline -0.013 -12"><span class='ocrx_word' id='word_1_643' title='bbox 927 4568 1005 4623; x_wconf 90' lang='lat' dir='ltr'><strong>De</strong></span> <span class='ocrx_word' id='word_1_644' title='bbox 1033 4570 1230 4624; x_wconf 79' lang='lat' dir='ltr'><strong>visione</strong></span> <span class='ocrx_word' id='word_1_645' title='bbox 1260 4566 1536 4635; x_wconf 82' lang='lat' dir='ltr'><strong>cujusdam</strong></span> <span class='ocrx_word' id='word_1_646' title='bbox 1561 4561 1767 4635; x_wconf 66' lang='lat' dir='ltr'><strong>puella.</strong></span> <span class='ocrx_word' id='word_1_647' title='bbox 2058 4624 2061 4629; x_wconf 87' lang='lat'><strong><em>_</em></strong></span> <span class='ocrx_word' id='word_1_648' title='bbox 2158 4533 2210 4559; x_wconf 67' lang='grc' dir='ltr'>ν</span> <span class='ocrx_word' id='word_1_649' title='bbox 2236 4566 2266 4605; x_wconf 89' lang='lat' dir='ltr'><strong>a</strong></span> <span class='ocrx_word' id='word_1_650' title='bbox 2294 4547 2635 4605; x_wconf 80' lang='lat' dir='ltr'><strong>conferendis</strong></span> <span class='ocrx_word' id='word_1_651' title='bbox 2680 4545 2973 4607; x_wconf 82' lang='lat' dir='ltr'><strong>mercibus,</strong></span> <span class='ocrx_word' id='word_1_652' title='bbox 3000 4556 3144 4596; x_wconf 88' lang='lat' dir='ltr'><strong>nunc</strong></span> <span class='ocrx_word' id='word_1_653' title='bbox 3178 4539 3490 4595; x_wconf 84' lang='lat' dir='ltr'><strong>Basilicaris</strong></span> <span class='ocrx_word' id='word_1_654' title='bbox 3520 4536 3675 4610; x_wconf 72' lang='lat' dir='ltr'><strong>[forte</strong></span> <span class='ocrx_word' id='word_1_655' title='bbox 3705 4533 3795 4587; x_wconf 80' lang='lat' dir='ltr'><strong>Ba-</strong></span> 
     </span>
    </p>
   </div>
   <div class='ocr_carea' id='block_1_56' title="bbox 626 4630 3795 4727">
    <p class='ocr_par' dir='ltr' id='par_1_56' title="bbox 626 4630 3795 4727">
     <span class='ocr_line' id='line_1_56' title="bbox 626 4630 3795 4727; baseline -0.013 -9"><span class='ocrx_word' id='word_1_656' title='bbox 626 4663 869 4718; x_wconf 88' lang='lat' dir='ltr'><strong>llabetur</strong></span> <span class='ocrx_word' id='word_1_657' title='bbox 897 4663 950 4717; x_wconf 93' lang='lat' dir='ltr'><strong>in</strong></span> <span class='ocrx_word' id='word_1_658' title='bbox 993 4663 1096 4717; x_wconf 90' lang='lat' dir='ltr'><strong>hoc</strong></span> <span class='ocrx_word' id='word_1_659' title='bbox 1125 4658 1449 4715; x_wconf 90' lang='lat' dir='ltr'><strong>monasterio</strong></span> <span class='ocrx_word' id='word_1_660' title='bbox 1478 4657 1720 4727; x_wconf 76' lang='lat' dir='ltr'><strong>qtuedam</strong></span> <span class='ocrx_word' id='word_1_661' title='bbox 1746 4652 2132 4711; x_wconf 83' lang='lat' dir='ltr'><strong>sanctimonia-</strong></span> <span class='ocrx_word' id='word_1_662' title='bbox 2234 4641 2413 4714; x_wconf 82' lang='lat' dir='ltr'><strong>scillo}</strong></span> <span class='ocrx_word' id='word_1_663' title='bbox 2436 4648 2672 4701; x_wconf 80' lang='lat' dir='ltr'><strong>vocatur,</strong></span> <span class='ocrx_word' id='word_1_664' title='bbox 2701 4652 2767 4692; x_wconf 89' lang='lat' dir='ltr'><strong>eo</strong></span> <span class='ocrx_word' id='word_1_665' title='bbox 2784 4636 2926 4727; x_wconf 84' lang='lat' dir='ltr'><strong>quod</strong></span> <span class='ocrx_word' id='word_1_666' title='bbox 2954 4635 3095 4727; x_wconf 76' lang='lat' dir='ltr'><strong>circa</strong></span> <span class='ocrx_word' id='word_1_667' title='bbox 3118 4647 3176 4687; x_wconf 88' lang='lat' dir='ltr'><strong>se</strong></span> <span class='ocrx_word' id='word_1_668' title='bbox 3197 4630 3435 4686; x_wconf 84' lang='lat' dir='ltr'><strong>basilicis</strong></span> <span class='ocrx_word' id='word_1_669' title='bbox 3458 4630 3795 4727; x_wconf 42' lang='lat' dir='ltr'><strong>diluuntur-nne</strong></span> 
     </span>
    </p>
   </div>
   <div class='ocr_carea' id='block_1_57' title="bbox 554 4717 2096 4827">
    <p class='ocr_par' dir='ltr' id='par_1_57' title="bbox 554 4741 2096 4827">
     <span class='ocr_line' id='line_1_57' title="bbox 554 4741 2096 4827; baseline -0.012 -12"><span class='ocrx_word' id='word_1_670' title='bbox 554 4757 622 4815; x_wconf 89' lang='lat' dir='ltr'><strong>lis</strong></span> <span class='ocrx_word' id='word_1_671' title='bbox 649 4759 819 4827; x_wconf 75' lang='lat' dir='ltr'><strong>virgo,</strong></span> <span class='ocrx_word' id='word_1_672' title='bbox 849 4756 1021 4824; x_wconf 90' lang='lat' dir='ltr'><strong>neptis</strong></span> <span class='ocrx_word' id='word_1_673' title='bbox 1048 4752 1315 4823; x_wconf 89' lang='lat' dir='ltr'><strong>quondam</strong></span> <span class='ocrx_word' id='word_1_674' title='bbox 1337 4748 1616 4807; x_wconf 86' lang='lat' dir='ltr'><strong>Guntmari</strong></span> <span class='ocrx_word' id='word_1_675' title='bbox 1645 4746 1876 4816; x_wconf 82' lang='lat' dir='ltr'><strong>religiosi</strong></span> <span class='ocrx_word' id='word_1_676' title='bbox 1907 4741 2096 4815; x_wconf 80' lang='lat' dir='ltr'><strong>presby</strong></span> 
     </span>
    </p>
   </div>
   <div class='ocr_carea' id='block_1_58' title="bbox 2251 4717 3793 4827">
    <p class='ocr_par' dir='ltr' id='par_1_58' title="bbox 2251 4717 3793 4799">
     <span class='ocr_line' id='line_1_58' title="bbox 2251 4717 3793 4799; baseline -0.015 -11"><span class='ocrx_word' id='word_1_677' title='bbox 2251 4731 2447 4788; x_wconf 66' lang='lat' dir='ltr'><strong>:azteris</strong></span> <span class='ocrx_word' id='word_1_678' title='bbox 2468 4730 2656 4799; x_wconf 82' lang='lat' dir='ltr'><strong>portis,</strong></span> <span class='ocrx_word' id='word_1_679' title='bbox 2681 4726 2986 4782; x_wconf 85' lang='lat' dir='ltr'><strong>abundasse</strong></span> <span class='ocrx_word' id='word_1_680' title='bbox 3006 4723 3243 4787; x_wconf 88' lang='lat' dir='ltr'><strong>feratur;</strong></span> <span class='ocrx_word' id='word_1_681' title='bbox 3268 4736 3362 4775; x_wconf 87' lang='lat' dir='ltr'><strong>seu</strong></span> <span class='ocrx_word' id='word_1_682' title='bbox 3390 4720 3535 4791; x_wconf 84' lang='lat' dir='ltr'><strong>quod</strong></span> <span class='ocrx_word' id='word_1_683' title='bbox 3563 4717 3793 4772; x_wconf 84' lang='lat' dir='ltr'><strong>euntibus</strong></span> 
     </span>
    </p>
   </div>
   <div class='ocr_carea' id='block_1_59' title="bbox 559 4812 2101 4912">
    <p class='ocr_par' dir='ltr' id='par_1_59' title="bbox 559 4834 2101 4912">
     <span class='ocr_line' id='line_1_59' title="bbox 559 4834 2101 4912; baseline -0.009 -11"><span class='ocrx_word' id='word_1_684' title='bbox 559 4849 680 4912; x_wconf 84' lang='lat' dir='ltr'><strong>teri,</strong></span> <span class='ocrx_word' id='word_1_685' title='bbox 698 4846 912 4900; x_wconf 85' lang='lat' dir='ltr'><strong>nomine</strong></span> <span class='ocrx_word' id='word_1_686' title='bbox 938 4844 1197 4907; x_wconf 86' lang='lat' dir='ltr'><strong>Ricuidis,</strong></span> <span class='ocrx_word' id='word_1_687' title='bbox 1210 4843 1293 4897; x_wconf 92' lang='lat' dir='ltr'><strong>cui</strong></span> <span class='ocrx_word' id='word_1_688' title='bbox 1316 4846 1683 4912; x_wconf 86' lang='lat' dir='ltr'><strong>apparuerunt</strong></span> <span class='ocrx_word' id='word_1_689' title='bbox 1705 4837 1831 4892; x_wconf 87' lang='lat' dir='ltr'><strong>olim</strong></span> <span class='ocrx_word' id='word_1_690' title='bbox 1847 4851 1942 4905; x_wconf 90' lang='lat' dir='ltr'><strong>per</strong></span> <span class='ocrx_word' id='word_1_691' title='bbox 1956 4834 2101 4889; x_wconf 82' lang='lat' dir='ltr'><strong>visuu</strong></span> 
     </span>
    </p>
   </div>
   <div class='ocr_carea' id='block_1_60' title="bbox 2256 4812 3798 4912">
    <p class='ocr_par' dir='ltr' id='par_1_60' title="bbox 2256 4812 3798 4883">
     <span class='ocr_line' id='line_1_60' title="bbox 2256 4812 3798 4883; baseline -0.015 -4"><span class='ocrx_word' id='word_1_692' title='bbox 2256 4825 2302 4878; x_wconf 81' lang='lat' dir='ltr'><strong>td</strong></span> <span class='ocrx_word' id='word_1_693' title='bbox 2330 4822 2632 4883; x_wconf 86' lang='lat' dir='ltr'><strong>basilicam,</strong></span> <span class='ocrx_word' id='word_1_694' title='bbox 2665 4819 2719 4873; x_wconf 89' lang='lat' dir='ltr'><strong>in</strong></span> <span class='ocrx_word' id='word_1_695' title='bbox 2759 4820 2881 4873; x_wconf 90' lang='lat' dir='ltr'><strong>vico</strong></span> <span class='ocrx_word' id='word_1_696' title='bbox 2941 4816 3113 4870; x_wconf 87' lang='lat' dir='ltr'><strong>sancti</strong></span> <span class='ocrx_word' id='word_1_697' title='bbox 3164 4812 3395 4880; x_wconf 76' lang='lat' dir='ltr'><strong>Remigii</strong></span> <span class='ocrx_word' id='word_1_698' title='bbox 3428 4812 3798 4865; x_wconf 79' lang='lat' dir='ltr'><strong>consistentes,</strong></span> 
     </span>
    </p>
   </div>
   <div class='ocr_carea' id='block_1_61' title="bbox 558 4901 3790 5003">
    <p class='ocr_par' dir='ltr' id='par_1_61' title="bbox 558 4901 3790 5003">
     <span class='ocr_line' id='line_1_61' title="bbox 558 4901 3790 5003; baseline -0.006 -12"><span class='ocrx_word' id='word_1_699' title='bbox 558 4932 751 4992; x_wconf 87' lang='lat' dir='ltr'><strong>beatus</strong></span> <span class='ocrx_word' id='word_1_700' title='bbox 777 4934 968 4990; x_wconf 81' lang='lat' dir='ltr'><strong>Petrus</strong></span> <span class='ocrx_word' id='word_1_701' title='bbox 989 4933 1261 5003; x_wconf 89' lang='lat' dir='ltr'><strong>apostolus</strong></span> <span class='ocrx_word' id='word_1_702' title='bbox 1287 4901 1557 4986; x_wconf 45' lang='lat' dir='ltr'><strong>et-h-catus</strong></span> <span class='ocrx_word' id='word_1_703' title='bbox 1594 4901 1894 4998; x_wconf 78' lang='lat' dir='ltr'><strong>Remigius,</strong></span> <span class='ocrx_word' id='word_1_704' title='bbox 1921 4922 2129 4992; x_wconf 78' lang='lat' dir='ltr'><strong>signiﬂ-</strong></span> <span class='ocrx_word' id='word_1_705' title='bbox 2238 4915 2421 4987; x_wconf 59' lang='lat' dir='ltr'><strong>pcrt’ia</strong></span> <span class='ocrx_word' id='word_1_706' title='bbox 2448 4913 2630 4967; x_wconf 66' lang='lat' dir='ltr'><strong>fltcril-</strong></span> <span class='ocrx_word' id='word_1_707' title='bbox 2664 4910 2837 4980; x_wconf 73' lang='grc' dir='ltr'>διιρτει</span> <span class='ocrx_word' id='word_1_708' title='bbox 2862 4923 3022 4977; x_wconf 78' lang='lat' dir='ltr'><strong>quam</strong></span> <span class='ocrx_word' id='word_1_709' title='bbox 3051 4901 3790 5003; x_wconf 42' lang='lat' dir='ltr'><strong>domno.RiSObcﬂ‘iPaki”:</strong></span> 
     </span>
    </p>
   </div>
   <div class='ocr_carea' id='block_1_62' title="bbox 561 4987 3793 5093">
    <p class='ocr_par' dir='ltr' id='par_1_62' title="bbox 561 4987 3793 5093">
     <span class='ocr_line' id='line_1_62' title="bbox 561 4987 3793 5093; baseline -0.011 -14"><span class='ocrx_word' id='word_1_710' title='bbox 561 5036 748 5079; x_wconf 87' lang='lat' dir='ltr'><strong>cantes</strong></span> <span class='ocrx_word' id='word_1_711' title='bbox 790 5026 871 5086; x_wconf 91' lang='lat' dir='ltr'><strong>ei,</strong></span> <span class='ocrx_word' id='word_1_712' title='bbox 900 4987 1040 5093; x_wconf 84' lang='lat' dir='ltr'><strong>quod</strong></span> <span class='ocrx_word' id='word_1_713' title='bbox 1072 5023 1174 5076; x_wconf 88' lang='lat' dir='ltr'><strong>iter</strong></span> <span class='ocrx_word' id='word_1_714' title='bbox 1200 5021 1383 5075; x_wconf 70' lang='lat' dir='ltr'><strong>Roma:</strong></span> <span class='ocrx_word' id='word_1_715' title='bbox 1409 5020 1606 5084; x_wconf 86' lang='lat' dir='ltr'><strong>eidem,</strong></span> <span class='ocrx_word' id='word_1_716' title='bbox 1635 5018 1762 5072; x_wconf 89' lang='lat' dir='ltr'><strong>dum</strong></span> <span class='ocrx_word' id='word_1_717' title='bbox 1796 5024 2130 5072; x_wconf 87' lang='lat' dir='ltr'><strong>reverteren—</strong></span> <span class='ocrx_word' id='word_1_718' title='bbox 2240 5008 2420 5064; x_wconf 88' lang='lat' dir='ltr'><strong>culum</strong></span> <span class='ocrx_word' id='word_1_719' title='bbox 2449 5005 2614 5060; x_wconf 87' lang='lat' dir='ltr'><strong>fuisse</strong></span> <span class='ocrx_word' id='word_1_720' title='bbox 2654 4999 3200 5058; x_wconf 85' lang='lat' dir='ltr'><strong>commemoravimus</strong></span> <span class='ocrx_word' id='word_1_721' title='bbox 3247 4993 3309 5068; x_wconf 82' lang='lat' dir='ltr'><strong>[I.</strong></span> <span class='ocrx_word' id='word_1_722' title='bbox 3341 5010 3406 5061; x_wconf 83' lang='lat' dir='ltr'><strong>tt,</strong></span> <span class='ocrx_word' id='word_1_723' title='bbox 3440 5012 3488 5048; x_wconf 89' lang='lat' dir='ltr'><strong>c.</strong></span> <span class='ocrx_word' id='word_1_724' title='bbox 3520 4992 3629 5093; x_wconf 67' lang='lat' dir='ltr'><strong>l2].</strong></span> <span class='ocrx_word' id='word_1_725' title='bbox 3660 4987 3793 5089; x_wconf 76' lang='lat' dir='ltr'><strong>Quod</strong></span> 
     </span>
    </p>
   </div>
   <div class='ocr_carea' id='block_1_63' title="bbox 568 5084 3791 5138">
    <p class='ocr_par' dir='ltr' id='par_1_63' title="bbox 568 5084 3791 5138">
     <span class='ocr_line' id='line_1_63' title="bbox 568 5084 3791 5138; baseline -0.001 0"><span class='ocrx_word' id='word_1_726' title='bbox 568 5114 740 5138; x_wconf 37' lang='lat' dir='ltr'><strong>.--.....r</strong></span> <span class='ocrx_word' id='word_1_727' title='bbox 784 5084 951 5138; x_wconf 51' lang='lat'><strong>:.......-..</strong></span> <span class='ocrx_word' id='word_1_728' title='bbox 1008 5110 1324 5138; x_wconf 62' lang='lat' dir='ltr'><strong>-m--.....-:</strong></span> <span class='ocrx_word' id='word_1_729' title='bbox 1352 5117 1564 5138; x_wconf 60' lang='grc' dir='ltr'><strong>ηοω...</strong></span> <span class='ocrx_word' id='word_1_730' title='bbox 1594 5114 2047 5138; x_wconf 64' lang='grc' dir='ltr'><strong>ηοσηυηονηιὶιηηιι</strong></span> <span class='ocrx_word' id='word_1_731' title='bbox 2078 5116 2135 5138; x_wconf 70' lang='grc' dir='ltr'>αα</span> <span class='ocrx_word' id='word_1_732' title='bbox 2242 5096 2629 5138; x_wconf 72' lang='grc' dir='ltr'>ιιιηιιειςιριιὶιιιιι</span> <span class='ocrx_word' id='word_1_733' title='bbox 2685 5091 2915 5138; x_wconf 78' lang='lat' dir='ltr'><strong>dnmltlls</strong></span> <span class='ocrx_word' id='word_1_734' title='bbox 2974 5087 3305 5138; x_wconf 85' lang='lat' dir='ltr'><strong>Guntberttts</strong></span> <span class='ocrx_word' id='word_1_735' title='bbox 3348 5086 3434 5138; x_wconf 72' lang='lat' dir='ltr'><strong>\‘il‘</strong></span> <span class='ocrx_word' id='word_1_736' title='bbox 3488 5084 3705 5138; x_wconf 85' lang='lat' dir='ltr'><strong>illustris</strong></span> <span class='ocrx_word' id='word_1_737' title='bbox 3748 5084 3791 5131; x_wconf 73' lang='grc' dir='ltr'><strong>Ῑη</strong></span> 
     </span>
    </p>
   </div>
  </div>
