3904 5396
108 183 192 238 321
661 176 1012 236 ιιιδτοιιιλε
1052 175 1409 234 Εοειεειιε
1435 173 1794 232 ΒΕΜΕΝΕΕ
1829 172 2011 228 LIBRI
2050 173 2404 243 QUATUOR.
2458 205 2524 215 —
2566 176 2691 230 LIB.
2737 177 2822 232 Ν.

3257 182 3365 237 διε

107 306 275 369 egerat
303 295 448 350 olim.
482 292 638 360 Quod
676 294 983 348 cinnobium
1025 301 1212 361 postea
1245 307 1344 360 per
1370 289 1671 360 precariam
1701 297 1746 353 Α
1777 289 2154 358 praeceptionis
2201 289 2367 359 ipsius
2415 291 2556 360 regis
2600 291 2861 356 obtinult,
2911 301 2967 347 et
3017 307 3118 364 pro
3165 296 3366 350 conflr-

107 393 260 464 ipsius
281 386 679 458 Aipbeidis,vel
703 387 935 442 filiorum
956 387 1074 456 ejus
1099 384 1313 439 Lctardi
1337 395 1392 438 et
1420 384 1667 449 Ebrardi,

110 486 166 538 ad
194 490 392 553 partem
421 489 476 534 et
507 479 906 548 possessionem
938 477 1223 531 lteruensis
1248 475 1464 531 devenit
1493 473 1672 529 eccle-

109 580 209 634 siw.
225 577 317 631 llic
336 575 520 628 haberi
548 574 811 628 asseritor
832 571 967 626 deus
979 571 1395 625 sanctiAndrem
1409 567 1666 636 apostoli:

108 668 244 737 Cujus
287 667 548 720 hciieficia
578 664 861 734 multi,qui
882 679 1008 716 eum
1031 661 1262 716 osculari
1294 671 1674 729 promerentur

111 759 401 826 frequenter
462 753 818 822 experiuntur
865 751 1084 804 infirmi.
1129 749 1373 804 Vidimus
1433 748 1560 810 hic,
1613 746 1670 800 in

113 850 320 907 ecclesia
349 847 557 902 scilicet
584 844 744 914 huius
771 844 1003 898 emnobii
1022 884 1037 908 ,
1065 857 1279 896 cereum
1311 843 1432 911 igne
1462 839 1669 894 caelesti

112 951 181 996 ter
225 953 433 1008 quoque
482 951 810 1001 accensum;
843 951 1004 1005 quem
1051 949 1268 989 cereum
1316 933 1510 988 collata
1545 944 1670 985 cera

113 1030 324 1084 fecerant
369 1027 592 1098 quidam
644 1027 790 1080 cives
822 1025 1138 1088 Remenses,
1169 1025 1260 1094 qui
1291 1025 1358 1078 ad
1402 1023 1669 1077 visitanda

114 1135 259 1188 nuper
277 1117 656 1188 Apostolorum
688 1116 873 1170 limina
905 1115 1130 1186 profecti
1163 1113 1398 1170 fuerant.
1425 1112 1672 1167 Vidimus

115 1212 157 1263 iu
175 1214 262 1263 hoc
284 1223 496 1277 quoque
522 1205 852 1263 monasterio
876 1205 1106 1273 puellam
1129 1204 1422 1274 quamdam
1451 1203 1674 1258 sudasse

115 1302 422 1373 sanguinem,
456 1316 581 1370 qua:
614 1309 745 1353 tunc
775 1299 1113 1353 hebdomada
1154 1299 1310 1368 plena
1350 1298 1523 1368 jacuit
1573 1297 1673 1350 imo

117 1403 254 1454 mota.
294 1392 449 1460 quasi
501 1401 744 1458 mortua,
793 1399 848 1445 et
887 1390 1125 1446 visiones
1170 1391 1221 1445 ei
1269 1399 1396 1446 sunt
1440 1399 1673 1446 ostensa:

118 1483 374 1538 nonnullae.

646 1572 875 1630 CAPUT
899 1572 1106 1629 XLVII.

237 1665 302 1719 De
327 1665 523 1719 domito
553 1663 861 1727 Guntherto,
890 1676 938 1718 et
963 1667 1125 1734 ipsius
1151 1681 1312 1720 uxore
1340 1664 1523 1720 Berta.

174 1755 480 1811 Pnemissus
551 1757 735 1826 itaque
807 1758 1040 1812 domnus
1106 1757 1444 1811 Guntbertus
1514 1755 1674 1824 hujus

119 1848 378 1901 instructor
401 1848 663 1912 emnobii,
696 1848 883 1902 relicta
907 1849 1158 1918 conjuge,
1183 1849 1455 1904 maritima
1483 1857 1674 1916 petens

122 1939 234 2000 lora,
257 1941 337 1994 ille
379 1942 548 1996 etiam
598 1943 984 1995 monasterium
1042 1942 1313 2011 quoddam
1369 1943 1678 1997 condidisse

121 2028 280 2084 fertur.
313 2030 408 2085 Ubi
456 2042 511 2085 et
553 2048 582 2085 a
611 2033 858 2088 barbaris
882 2033 1179 2088 decollatus
1213 2033 1380 2088 fuisse
1421 2034 1673 2089 traditur.

123 2120 292 2174 Relicta
319 2136 452 2175 vero
491 2122 659 2191 ipsius
687 2123 881 2176 dontna
918 2122 1077 2177 Bcrta
1107 2125 1410 2178 coenobium
1438 2125 1677 2194 puellare

122 2213 236 2278 apud
281 2215 647 2276 Avennacunt,
681 2215 907 2269 Domino
934 2215 1035 2269 sibi
1085 2216 1260 2270 locum
1309 2232 1404 2285 per
1427 2217 1675 2285 angelum

123 2302 513 2366 deumnstraute,
554 2305 877 2358 construxit.
921 2305 987 2359 Et
1014 2305 1140 2359 dum
1172 2307 1302 2360 inibi
1333 2321 1528 2362 acuatu
1570 2323 1675 2361 non

123 2390 326 2451 haberet.
361 2393 725 2462 impetravita
769 2397 1173 2463 possessoribus
1201 2401 1460 2467 proximae
1507 2397 1674 2458 silvae.

123 2484 298 2550 argenti
343 2485 482 2539 libra
529 2489 672 2549 data,
719 2486 920 2542 fontem
974 2490 1286 2556 quemdam,
1313 2489 1523 2543 duobus
1566 2488 1680 2543 fere

123 2576 324 2631 millibus
370 2593 400 2630 a
454 2592 555 2632 suo
587 2579 915 2634 monasterio
943 2581 1255 2634 distantem.
1289 2580 1364 2634 Ex
1395 2596 1503 2649 quo
1531 2581 1678 2634 fonte

126 2680 223 2719 mox
265 2668 400 2722 rivus
429 2683 684 2736 egressus
707 2709 722 2732 ,
756 2680 975 2724 secutus
997 2680 1080 2725 est
1108 2685 1227 2724 eam
1256 2671 1322 2724 ad
1369 2671 1675 2725 cinnolium

125 2768 441 2812 remeantem.
469 2759 572 2825 Qui
599 2761 774 2813 adhttc
801 2759 1024 2830 largiter
1051 2760 1298 2822 afﬂuens.
1325 2776 1425 2830 pro
1449 2776 1512 2814 eo
1533 2761 1677 2831 quod

129 2851 416 2904 tantuuulem
455 2852 619 2906 fuerit
649 2861 889 2920 emptus,
930 2853 1092 2907 Libra
1124 2854 1409 2908 vocitatur.
1443 2853 1678 2923 Privigui

126 2942 318 3011 denique
340 2943 514 3012 ipsius
528 2945 738 2998 domita:
757 2943 950 3010 Berlin,
976 2945 1313 3016 insurgentes
1327 2955 1513 3001 contra
1532 2960 1674 3008 eam,

1775 378 1975 432 mando
2003 393 2070 432 eo
2110 378 2235 433 huic
2279 379 2540 443 ecclesias,
2599 396 2627 434 a
2665 379 2924 437 Formosa
2967 397 3104 455 papa
3150 387 3370 456 privile-

1771 469 1918 540 gium
1957 470 2264 541 apostolica:
2298 472 2442 524 sedis
2474 472 2801 540 impetravit.

2306 561 2535 617 CAPUT
2587 563 2818 620 XLVIII.

1941 651 2017 707 De
2049 653 2255 706 dnalms
2291 654 2520 708 ecclesiis
2558 658 2728 710 sancti
2768 656 2970 712 Hilarii
3007 658 3203 715 Remis.

1844 744 1985 800 Sunt
2013 747 2100 801 hic
2127 746 2312 801 Remis
2340 748 2582 803 ecclesiae
2607 749 2726 804 dua:
2753 751 2805 804 in
2835 751 3037 806 honore
3066 755 3237 808 sancti
3272 752 3368 808 iii-

1771 834 1931 888 larii:
1976 853 2077 888 una
2123 836 2598 903 infracivitatem,
2654 840 2708 893 in
2748 856 2854 909 qua
2906 857 3078 910 nuper
3117 846 3366 912 qua-dant

1773 926 1948 996 pucila
1976 936 2279 990 contracta,
2310 939 2365 982 et
2405 930 2702 1000 paralytica
2723 931 2902 985 divina
2934 942 3017 987 est
3047 943 3227 988 erecta
3254 936 3369 987 vir-

1776 1024 1919 1079 tute;
1947 1014 2142 1080 altera,
2169 1033 2286 1086 qua:
2311 1028 2397 1073 est
2417 1021 2692 1090 antiquior
2721 1022 2971 1087 ecclesia,
3006 1034 3130 1077 ante
3157 1037 3368 1096 portam

1775 1105 1962 1159 Martis
1987 1107 2113 1170 sita,
2149 1123 2311 1176 quam
2351 1120 2570 1164 sanctus
2598 1111 2922 1182 liigobertus
2952 1115 3188 1183 pontifex
3223 1125 3369 1170 autc-

1775 1196 2084 1249 cessoribus
2123 1199 2322 1252 nostris
2359 1198 2575 1254 clericis
2625 1202 2692 1255 ad
2751 1204 3082 1272 sepulturam
3133 1206 3370 1274 ipsorum

1775 1287 1942 1342 dedit.
1973 1288 2105 1356 Qua:
2144 1289 2368 1355 dudum,
2409 1293 2616 1348 scilicet
2661 1306 2786 1350 ante
2833 1297 3240 1361 discessionem,
3287 1298 3373 1354 vel

1775 1384 2145 1454 cxpulsionem
2186 1387 2368 1441 domui
2418 1389 2627 1443 Artaldi
2677 1392 2940 1461 episcopi,
2985 1394 3197 1447 crebris
3249 1394 3373 1447 illn-

1777 1477 2052 1531 strabatur
2097 1479 2390 1533 miraculis.
2444 1480 2596 1536 Unde
2647 1493 2701 1537 et
2749 1493 2876 1538 tunc
2925 1485 2992 1540 ab
3038 1501 3121 1547 eo.
3167 1487 3374 1542 civibus

1778 1585 1992 1639 quoque
2019 1570 2271 1641 suffragia
2306 1571 2624 1637 ferentibus,
2656 1577 2810 1628 tectis
2840 1592 2900 1630 ac
2936 1578 3089 1632 novis
3111 1587 3192 1632 est
3220 1596 3372 1648 repa-

1698 1652 1743 1712 Β
1775 1671 1891 1713 rata
1920 1660 2285 1728 laquearibus.
2318 1661 2450 1715 Nam
2497 1663 2715 1731 quidam
2747 1679 2941 1728 caecus,
2974 1668 3190 1721 nomine
3227 1667 3370 1720 Pau-

1778 1751 1882 1812 lus,
1915 1752 2224 1806 admonitus
2265 1754 2316 1808 in
2361 1755 2585 1819 somnis,
2638 1768 2690 1809 ut
2725 1757 2792 1810 ad
2835 1759 3078 1811 eamdem
3127 1767 3375 1829 pergeret

1774 1843 2083 1908 ecclesiam,
2121 1843 2298 1900 lumen
2343 1846 2411 1900 ibi
2451 1857 2784 1917 recepturus,
2831 1849 3072 1914 adtenit,
3116 1860 3170 1903 et
3217 1866 3374 1905 recu-

1775 1942 1962 2004 perato
1999 1932 2220 1998 lumine,
2266 1951 2364 1990 nec
2413 1951 2585 1997 mora,
2621 1939 2810 1992 videns
2854 1940 3108 1994 abcessit.
3141 1941 3371 2006 Quidaut

1775 2039 1842 2079 ex
1873 2024 2113 2094 episcopi
2158 2025 2374 2079 famulis
2420 2042 2542 2081 cum
2594 2029 2660 2082 ad
2702 2030 2873 2098 ipsam
2918 2041 3166 2100 pergeret
3200 2031 3375 2086 ecclco

1777 2118 1934 2182 siam,
1976 2117 2301 2187 piscatorem
2348 2134 2470 2174 cum
2514 2121 2752 2189 piscibus
2794 2133 2917 2176 ante
2954 2123 3098 2178 fores
3133 2125 3376 2179 ecclesia:

1777 2211 1994 2266 obvium
2025 2210 2250 2274 habuit;
2288 2226 2424 2279 quos
2463 2214 2874 2281 apprehendens
2901 2216 3048 2270 velut
3090 2228 3370 2285 empturus

1779 2300 2018 2354 abstulit.
2059 2300 2126 2352 At
2167 2315 2369 2369 pauper
2399 2300 2486 2354 ille
2524 2302 2778 2370 piscator,
2829 2313 2886 2357 ιιι
2936 2305 3058 2358 inde
3101 2307 3202 2359 sibi
3251 2322 3376 2360 cum

1779 2401 1967 2444 sancto
2011 2389 2216 2444 Hilario
2245 2391 2578 2456 conveniret,
2620 2393 2967 2449 devotionum
2999 2397 3263 2453 clamores
3294 2400 3376 2453 lu-

1780 2482 1934 2554 guhri
1967 2493 2147 2537 mente
2176 2483 2228 2537 in
2260 2499 2392 2538 enm-
2416 2485 2662 2552 ingessit.
2697 2486 2762 2539 At
2792 2488 2880 2541 ille
2921 2489 3225 2559 despiciens
3271 2493 3376 2545 hu-

1773 2574 2072 2643 juscemodi
2099 2591 2279 2639 voces,
2306 2576 2614 2640 ecclesiam,
2640 2579 2793 2646 quasi
2825 2579 3043 2635 missam
3071 2582 3374 2646 auditurus,

1780 2668 2024 2722 intravit.
2055 2667 2154 2722 Ubi
2186 2679 2312 2720 (tum
2339 2677 2532 2732 staret,
2563 2669 2742 2723 subito
2774 2672 3000 2737 corruit,
3030 2673 3377 2743 graviterque

1780 2771 2010 2814 vexatus
2035 2761 2271 2830 ejicitur.
2323 2762 2395 2814 De
2433 2775 2540 2829 qua
2573 2762 2857 2816 vexatione
2901 2778 3004 2815 non
3040 2779 3202 2832 parvo
3242 2773 3381 2819 leui-

1779 2866 1911 2921 pore
1947 2851 2232 2905 laboravit.
2271 2850 2325 2905 lu
2356 2851 2514 2921 hujus
2549 2852 2789 2906 ecclesiae.
2820 2854 3132 2907 etemcterio
3155 2853 3374 2923 quidam

1783 2944 2097 3014 Scotigena,
2123 2943 2213 2999 Dei
2237 2959 2448 3009 servus,
2475 2944 2602 2999 olim
2633 2945 2891 3012 sepultus.
2926 2945 3031 2999 Sed
3062 2961 3182 2998 cum
3204 2945 3314 3014 jam
3345 2959 3374 2998 a

127 3030 486 3088 interemerunt
509 3034 679 3088 illam.
701 3034 800 3101 Qui
825 3035 1008 3089 statim
1036 3015 1214 3090 traditi
1234 3037 1448 3090 Satanae
1469 3039 1521 3090 in
1547 3039 1680 3091 inte-
1709 3015 1753 3076 δ
1789 3037 1988 3091 nostris
2041 3045 2096 3092 et
2135 3051 2352 3100 nomen,
2392 3045 2445 3091 et
2491 3036 2750 3090 memoria
2790 3036 2956 3105 ipsius
2978 3037 3265 3105 sepulturae
3293 3037 3375 3089 vi-

129 3126 257 3178 ritum
279 3128 476 3194 carnis,
494 3127 566 3182 ab
585 3127 818 3181 humano
843 3141 1002 3182 sensu
1022 3129 1072 3181 in
1097 3128 1365 3182 beluinam
1407 3129 1680 3182 feritatem

131 3223 312 3284 mutati,
343 3223 645 3277 decessisse
663 3220 783 3292 [ιιιε.
807 3238 876 3284 r.,
914 3220 1198 3293 defecisse]
1227 3221 1491 3276 feruntur.
1524 3221 1680 3291 Nepti

131 3325 234 3365 vero
261 3314 434 3368 domui
473 3313 784 3377 Uuntberti,
823 3313 1040 3366 nomine
1063 3312 1295 3376 Mutiliae,
1318 3327 1438 3382 qum
1463 3313 1681 3368 sceleris

130 3401 627 3468 luijuscousentanea
651 3401 846 3467 fuerat,
861 3411 1021 3457 noctu
1036 3403 1279 3473 vigilanti
1302 3403 1498 3460 doutna
1520 3403 1680 3458 Berta

130 3491 270 3551 fertur
289 3495 626 3566 apparuisse,
641 3495 798 3563 eique
819 3494 1163 3563 praecepisse,
1192 3503 1248 3548 ut
1277 3509 1476 3564 corpus
1499 3494 1681 3548 domui

132 3584 374 3640 Guntherti
407 3587 476 3642 ad
508 3586 654 3639 hunc
681 3585 854 3639 locum
885 3584 1090 3638 referre
1115 3593 1405 3654 satagerct,
1438 3600 1502 3638 ac
1525 3584 1679 3654 juxta

130 3687 257 3727 suum
286 3674 439 3729 funus
476 3673 798 3736 collocaret;
830 3674 1015 3743 sicque
1043 3674 1115 3728 illi
1144 3682 1426 3742 peccatum
1448 3674 1684 3729 consciae

133 3770 254 3821 necis
273 3785 375 3824 sum
410 3771 672 3825 Dominus
711 3769 1031 3839 indulgeret.
1066 3769 1196 3836 Quae
1225 3769 1436 3837 signum
1467 3778 1678 3836 petens,

129 3874 216 3926 quo
240 3862 329 3915 sibi
357 3864 646 3917 dimissuut
675 3863 726 3916 id
758 3877 878 3916 esse
921 3862 1116 3926 sciret,
1147 3860 1354 3913 audivit
1383 3859 1526 3930 quod
1556 3875 1681 3915 mox

132 3951 318 4018 utjussa'
337 3953 684 4024 complesset,
701 3969 764 4007 ex
787 3951 902 4020 eius
922 3967 1016 4007 ore
1033 3951 1114 4005 vel
1141 3950 1362 4005 naribus
1377 3960 1686 4020 erumperet

133 4048 338 4114 sanguis.
359 4049 515 4115 Quod
547 4057 603 4102 et
632 4047 906 4117 impletum
939 4055 1056 4110 est,
1097 4046 1223 4099 dum
1258 4061 1454 4114 corpus
1499 4045 1682 4100 domui

133 4133 382 4194 Guntberti
422 4139 581 4209 juxta
638 4140 831 4209 pignus
886 4139 1061 4193 Berta:
1118 4137 1451 4192 reconditur.
1514 4136 1684 4207 Hujus

133 4227 310 4283 domum
333 4232 509 4286 Bertze
537 4246 736 4299 corpus
771 4238 890 4300 post
916 4241 1132 4285 centum
1162 4230 1381 4284 circiter
1403 4244 1576 4282 annos
1604 4229 1683 4282 in-

135 4331 317 4377 ventum
347 4336 428 4380 est
458 4326 752 4394 integrum,
774 4334 829 4377 et
852 4323 1020 4393 plagae
1048 4323 1213 4393 ipsius
1235 4323 1306 4376 ita
1332 4333 1457 4376 tunc
1480 4321 1679 4376 recenti

136 4410 353 4468 amovere
373 4415 664 4486 sanguine,
695 4429 755 4468 ac
782 4415 824 4468 si
855 4415 1046 4468 eadem
1069 4414 1200 4467 hora
1222 4412 1424 4467 viventi
1463 4412 1688 4467 fuissent

134 4504 338 4573 ingestae.
356 4509 438 4562 Ad
455 4509 650 4562 horum
670 4507 901 4577 denique
915 4516 1222 4561 sanctorum
1239 4509 1498 4562 honorem
1512 4516 1566 4561 et
1580 4523 1690 4562 me-

135 4596 267 4649 ritum
311 4599 812 4662 demonstrandum,
849 4597 1011 4651 multa
1043 4596 1384 4667 postmodum
1431 4597 1687 4652 Dominus

137 4687 349 4756 dignatus
366 4703 449 4745 est
466 4691 684 4761 operari
711 4689 994 4753 miracula,
1024 4704 1143 4759 qure
1165 4703 1327 4743 causa
1351 4689 1686 4757 negligentia:

139 4793 219 4831 nou
235 4781 495 4836 habentur
523 4781 783 4849 ascripta.
805 4781 880 4836 De
899 4779 1228 4848 quibuslibet
1252 4787 1430 4834 autem
1457 4778 1684 4833 tribula-

139 4870 341 4928 tionibus
371 4875 608 4942 ipsorum
635 4870 982 4942 congregatio
1005 4871 1212 4924 Domini
1242 4869 1687 4934 misericordiam,

139 4976 396 5029 pereorum
419 4961 860 5017 intercessionem
885 4959 1127 5028 expetiit.
1150 4957 1570 5014 misericorditer
1592 4957 1690 5011 im-

140 5067 327 5121 pensam
355 5057 456 5111 sibi
507 5053 929 5110 consolationem
968 5055 1244 5124 percipere
1286 5054 1502 5107 meruit.
1535 5050 1692 5118 Qua:-

140 5148 240 5200 dam
294 5159 550 5218 prmterca
601 5147 791 5202 mulier
836 5145 906 5199 ab
959 5144 1126 5200 altera
1174 5143 1334 5210 hujus
1377 5143 1691 5199 monasterii

141 5235 330 5294 linteum
363 5253 532 5308 nuper
559 5237 731 5292 furata
774 5249 958 5291 secum
999 5234 1140 5290 ferre
1164 5234 1353 5298 voluit,
1383 5235 1478 5288 sed
1506 5230 1689 5300 egredi

140 5333 387 5388 ecclesiam
433 5331 577 5386 nullo
617 5332 773 5386 modo
805 5328 999 5396 potuit,
1034 5329 1202 5385 donec
1247 5343 1401 5384 suum
1443 5325 1690 5382 confessa

1719 4365 1765 4423 l)

1786 3131 2007 3183 deretnr
2043 3128 2266 3194 abolita,
2304 3127 2510 3198 apertis
2552 3142 2672 3181 sese
2702 3128 2866 3196 coepit
2904 3129 3252 3183 man’festare
3294 3128 3378 3182 vi-

1785 3221 1952 3274 sibus.
1985 3219 2116 3274 Nam
2147 3221 2272 3274 dum
2298 3219 2514 3290 quidam
2543 3219 2744 3274 civium
2779 3233 2883 3273 non
2915 3221 2980 3273 de
3009 3220 3376 3282 inferioribus.

1785 3313 1878 3368 sed
1911 3328 2117 3382 pauper
2148 3312 2330 3376 rebus,
2359 3311 2485 3366 olim
2518 3312 2719 3366 nostris
2747 3312 2933 3368 diebus
2962 3312 3183 3378 obisset,
3217 3314 3377 3372 amici

1783 3402 1900 3472 ejus
1939 3405 2007 3457 ad
2070 3403 2438 3474 Hildegarium
2502 3403 2662 3471 hujus
2703 3405 2946 3460 ecclesia:
2997 3405 3376 3476 presbyterum

1784 3498 2124 3562 accedentes,
2171 3505 2364 3566 petunt
2407 3495 2476 3551 ab
2508 3510 2572 3550 eo
2623 3504 2683 3549 ιιι
2724 3496 2898 3551 locum
2943 3496 3045 3550 sibi
3089 3497 3377 3566 sepultura:

1786 3589 2112 3658 impertiret,
2162 3589 2251 3642 ubi
2285 3588 2678 3657 sarcophagum
2711 3589 3014 3656 reperirent
3043 3589 3092 3641 in
3121 3605 3228 3655 quo
3257 3603 3379 3641 cora

1787 3695 1886 3750 pus
1931 3680 2099 3750 ipsius
2147 3681 2442 3734 recondere
2474 3687 2716 3748 possent,
2762 3678 2886 3748 quia
2917 3679 2982 3731 de
3016 3679 3178 3733 rebus
3211 3679 3380 3748 ipsius

1785 3772 1925 3826 unde
1951 3780 2189 3826 emerent
2221 3786 2326 3824 non
2360 3772 2638 3826 haberent.
2663 3771 2762 3837 Qui
2784 3771 2911 3824 dum
2945 3771 3024 3825 eis
3051 3772 3218 3840 petita
3247 3786 3378 3826 con-

1785 3861 2075 3924 cessisset,
2133 3860 2463 3930 sepulturam
2517 3862 2659 3916 servi
2715 3861 2807 3915 Dei
2861 3871 3228 3931 aperuerunt;
3281 3861 3379 3915 sed

1787 3954 1960 4022 ipsum
2000 3952 2117 4022 ejus
2145 3952 2534 4021 sarcophagum
2569 3953 2779 4021 aperire
2828 3953 3204 4023 nequiverunt.
3255 3950 3374 4018 Quo

1785 4043 1988 4106 audito,
2033 4043 2315 4114 presbyter
2356 4043 2608 4108 accessit,
2645 4051 2699 4097 et
2748 4042 3147 4112 coopertorium
3187 4057 3376 4096 sarco~

1785 4134 1943 4204 phagi
1984 4133 2164 4188 levare
2215 4141 2450 4198 tentans,
2493 4132 2885 4204 aliquantulum
2934 4134 3148 4203 aperuit
3193 4133 3372 4201 sepul-

1786 4247 1961 4285 crum.
1996 4231 2072 4284 Dc
2096 4247 2204 4301 quo
2241 4247 2363 4287 mox
2393 4230 2692 4303 fragrantia
2728 4221 2890 4286 tanta:
2917 4233 3200 4287 suavitatis
3227 4247 3379 4287 ema-

1792 4321 1958 4385 navit,
2000 4332 2059 4375 ut
2099 4337 2374 4393 nunquam
2410 4338 2470 4378 se
2518 4322 2977 4379 delectabiliorem
3030 4333 3260 4379 testatus
3309 4325 3380 4378 sit

1794 4411 2037 4464 hausisse
2065 4412 2307 4466 odorem.
2329 4411 2816 4482 lntrospiciensqne
2838 4413 2985 4466 videt
3008 4429 3206 4482 corpus
3236 4415 3379 4468 inte-

1790 4519 1944 4573 grum
1991 4503 2414 4558 sacerdotalibus
2461 4504 2646 4558 infulis
2691 4504 3040 4568 redimitum,
3098 4519 3378 4572 recompo-

1790 4610 2032 4664 nensque
2057 4594 2284 4663 sepulcri
2307 4595 2524 4663 pallam,
2553 4610 2656 4648 non
2685 4607 2847 4647 ausus
2870 4603 2954 4648 est
2979 4595 3119 4648 hanc
3148 4594 3381 4662 amplius

1789 4687 1993 4741 violare
2022 4685 2383 4755 sepulturam;
2421 4687 2668 4756 permisit
2695 4695 2876 4740 tamen
2903 4695 2960 4739 ιιι
2991 4686 3132 4740 idem
3159 4700 3379 4755 corpus,

1789 4774 2048 4844 depositis
2093 4773 2444 4844 quibusdam,
2485 4783 2946 4844 superponerctur
2993 4775 3212 4845 tabulis.
3262 4775 3382 4844 Ipsa

1796 4875 1955 4921 nocte
1986 4864 2132 4918 visus
2167 4873 2251 4919 est
2279 4866 2327 4920 ei
2361 4867 2656 4921 avunculus
2686 4881 2814 4922 suus
2843 4867 3129 4939 presbyter
3157 4868 3208 4921 in
3241 4883 3387 4922 Som-

1795 4956 1902 5018 uis,
1931 4953 2019 5022 qui
2044 4954 2155 5023 jam
2181 4953 2382 5008 dudum
2413 4954 2742 5017 decesserat,
2785 4968 3038 5011 asserens
3062 4956 3202 5027 quod
3228 4953 3385 5009 valde

1793 5042 2107 5097 offendisset
2129 5042 2294 5097 Deum
2317 5043 2591 5113 prmteriza
2612 5045 2719 5107 die.
2745 5043 2984 5097 maxime
3010 5046 3055 5099 si
3077 5041 3384 5110 sepulcrum

1795 5135 1969 5191 sancti
2012 5134 2213 5190 violare
2258 5137 2710 5205 prtesumpsisset.
2754 5133 2899 5188 idem
2935 5149 3152 5205 quoque
3196 5133 3387 5186 hcatus

1798 5229 1879 5280 vir
1910 5223 2126 5296 quidam
2163 5227 2264 5281 sub
2294 5229 2422 5298 ipsis
2446 5227 2634 5280 diebus
2659 5224 2927 5295 apparuit,
2968 5235 3027 5280 et
3071 5225 3197 5296 quia
3230 5221 3387 5276 valde

1793 5326 2109 5389 gravaretur
2135 5333 2247 5386 prae
2269 5319 2503 5389 pondere
2527 5328 2582 5371 et
2611 5313 2931 5383 indignitate
2959 5313 3251 5385 Superjecti
3281 5311 3385 5367 sibi
