3904 5396
530 309 639 366 325

1540 304 1547 307 ·
1616 306 2009 365 mocosam
2046 302 2370 361 canona
2412 282 2774 363 usususrs‘
3698 308 3780 374 stt

530 426 635 481 dlls
656 433 819 479 esset.
847 422 941 477 llis
969 423 1254 494 presbyter
1285 423 1747 478 admonitionibus
1789 421 2126 493 pavefactus,
2156 421 2203 479 Α
2234 418 2398 486 cepit.
2430 416 2749 489 facturaque
2774 415 2935 473 tidem
2969 418 3149 485 dictis,
3170 431 3291 474 cum
3318 418 3520 477 marito
3545 419 3612 475 ad
3640 425 3785 479 vicum

528 515 767 585 cadaver
791 514 932 584 quod
968 514 1259 583 sepultura:
1287 514 1463 569 sancti
1492 514 1889 585 superpositum
1928 512 2123 579 fuerat,

532 583 651 674 ejici
683 583 958 657 fecitcum
992 604 1358 667 festinatione,
1392 612 1447 657 et
1471 583 1668 674 aperta
1692 603 1818 657 alibi
1850 603 2125 673 sepultura

531 696 850 759 recondidit.
869 695 1029 751 Visus
1050 705 1133 751 est
1157 695 1299 750 idem
1321 706 1542 751 sanctus
1567 696 1776 750 Domini
1801 705 1984 767 postea
2010 698 2127 753 cui-

530 790 654 845 dam
685 790 912 855 rustico,
944 790 1264 861 praecipiens
1282 790 1332 845 ei
1369 800 1426 844 ut
1459 791 1565 845 iret
1584 790 1650 844 ad
1679 790 1993 861 episcopum
2018 789 2124 843 Ar-

526 885 756 949 toldum,
779 896 836 941 et
853 887 1119 941 indicaret
1140 886 1187 940 ei
1210 900 1274 940 ex
1290 885 1472 941 verbis
1493 885 1628 956 ejus,
1653 893 1711 939 ut
1727 899 1921 954 corpus
1936 885 2123 952 ipsius,

528 978 673 1047 quod
700 986 852 1032 extra
878 976 1113 1045 jaeebat,
1140 977 1279 1031 intra
1301 977 1583 1032 ecclesiam
1609 975 1947 1031 transferret.
1970 975 2127 1043 Quod

538 1069 682 1123 idem
710 1070 948 1123 rusticus
994 1068 1250 1123 intimare
1275 1069 1494 1130 timens,
1523 1068 1760 1138 neglexit
1786 1067 2122 1122 mandatum.

529 1159 640 1215 Nec
664 1160 818 1230 longe
842 1168 963 1229 post
983 1160 1176 1213 iterum
1194 1175 1461 1229 apparens
1482 1159 1780 1230 evigilanti,
1804 1160 2014 1215 duriter
2038 1160 2126 1215 in-

531 1252 779 1321 crepavit
809 1250 983 1315 illam,
1010 1265 1179 1320 quare
1203 1259 1530 1321 praeceptum
1580 1249 1839 1321 neglexit,
1866 1259 1922 1305 et
1955 1251 2126 1305 corri-

527 1339 684 1409 piens
700 1339 854 1409 alapa
876 1338 993 1408 ejus
1014 1340 1281 1409 percussit
1304 1339 1597 1394 maxillam.
1618 1338 1720 1406 Qui
1741 1355 1866 1395 mox
1880 1341 2124 1397 auditum

531 1432 717 1487 amisit
748 1431 917 1502 ipsius
943 1432 1091 1486 auris
1125 1433 1177 1487 in
1226 1448 1330 1502 qua
1357 1448 1647 1503 percussus
1669 1441 1752 1487 est
1778 1442 1949 1504 parte,
1980 1434 2126 1505 capi-

533 1523 711 1594 tisque
740 1523 926 1580 dolore
949 1540 1047 1594 per
1072 1525 1353 1580 dimidium
1397 1523 1510 1580 fere
1535 1535 1762 1579 vexatus
1789 1535 1870 1581 est
1899 1542 2120 1582 annum.

528 1613 733 1671 Deinde
761 1616 974 1672 cuidam
1028 1618 1345 1689 presbytero
1392 1619 1446 1671 in
1493 1617 1683 1672 eadem
1729 1618 1977 1686 ecclesia,
2024 1619 2127 1675 sub

526 1709 806 1778 praemisso
853 1711 1135 1765 sacerdote
1185 1710 1463 1775 servienti,
1511 1725 1778 1779 apparens
1826 1712 1878 1766 in
1916 1711 2125 1767 visione

2234 509 2499 577 pervenit,
2531 517 2587 562 et
2617 515 2749 563 dans
2779 523 2945 580 super
2972 511 3327 579 quarumdattt
3361 512 3713 567 ecc!esiarutn
3732 514 3788 569 alo

2232 598 2369 651 taria
2387 598 2783 665 jusjurandum,
2815 601 3031 655 tandem
3060 602 3305 670 pervenit
3353 602 3431 655 ad'
3461 602 3625 673 hujus
3650 604 3789 659 nocte

2232 690 2327 743 sia:
2360 692 2600 755 domum,
2632 691 2894 746 accedens
2939 693 3005 745 ad
3044 693 3234 757 altare,
3279 694 3407 747 dum
3448 692 3587 749 falsa
3642 705 3790 752 ments

2232 780 2438 849 dejerat
2463 782 2726 853 improba,
2759 793 2980 853 repente
3007 793 3163 840 utero
3191 785 3436 855 disrupto
3468 785 3591 855 ejus
3633 786 3790 842 labun-

2234 882 2322 927 tur
2361 873 2529 928 hunto
2568 874 2834 937 intranea,
2886 877 3284 947 procidensque
3324 887 3541 933 mortua
3588 882 3793 936 ostendit

2231 977 2393 1033 quam
2421 979 2547 1019 vera
2578 976 2763 1022 essent
2780 982 2901 1036 qua:
2919 968 2987 1022 de
3010 983 3070 1023 se
3090 969 3286 1024 marito
3304 968 3526 1025 fuerant
3548 973 3788 1027 intimata.

2230 1055 2323 1110 Ille
2351 1068 2482 1112 nutu
2513 1060 2604 1113 Dei
2628 1069 2982 1130 compunctus
3005 1062 3072 1116 ad
3095 1063 3437 1128 miraculum,
3463 1064 3677 1117 vovisse
3703 1072 3791 1116 tra-

2231 1146 2378 1201 ditur
2429 1162 2489 1202 se
2537 1149 2787 1210 ulterius.
2817 1151 3096 1207 mulierem
3132 1169 3236 1207 non
3275 1154 3621 1218 habiturum;
3659 1154 3792 1208 fami-

2232 1236 2467 1308 llamque
2494 1241 2648 1295 uxori
2684 1240 3002 1312 delegatum
3033 1244 3208 1298 eidem
3260 1245 3527 1300 addicens
3555 1245 3791 1309 ecclesia,

2231 1328 2373 1384 hanc
2395 1330 2479 1386 eis
2502 1331 2651 1386 dedit
2688 1331 2878 1403 legem,
2921 1343 2985 1388 ut
3003 1335 3197 1405 capitis
3225 1350 3449 1390 censum
3483 1335 3682 1390 ibidem
3719 1336 3793 1390 de-

2228 1422 2549 1492 penderent,
2584 1422 2822 1493 nullique
2843 1433 3039 1495 praeter
3059 1426 3118 1480 id.
3131 1426 3350 1481 obnoxii
3375 1427 3601 1481 servitio
3621 1424 3792 1481 forent.

2228 1513 2362 1580 Quae
2394 1513 2596 1567 familia
2621 1514 2852 1571 hac-sibi
2881 1514 2998 1587 lege
3025 1518 3268 1583 servata,
3294 1517 3360 1572 ad
3386 1517 3496 1573 duo
3516 1517 3699 1580 millia,
3728 1516 3794 1573 vel

2231 1604 2462 1675 amplius
2489 1608 2800 1663 excrevisse
2827 1609 3097 1679 reperitur
3118 1611 3312 1679 capita,
3348 1620 3408 1665 ut
3430 1610 3585 1678 olim,
3614 1610 3795 1666 scilicet

2233 1704 2525 1766 antequam
2567 1707 2877 1754 vastaretur
2935 1714 2965 1753 a
3014 1699 3281 1765 barbaris,
3320 1701 3604 1757 duodecim
3653 1701 3794 1757 librat

526 1800 759 1866 quadam
788 1801 1069 1855 Duminica
1095 1810 1275 1866 nocte,
1299 1802 1581 1855 admonuit
1606 1817 1753 1867 eum,
1784 1810 1844 1857 ut
1872 1803 2124 1873 episcopo

2232 1790 2438 1861 argenti
2461 1789 2709 1858 partibus
2737 1799 3025 1860 praestaret
3053 1791 3315 1847 ecclesia.

526 1888 813 1951 indicaret,
851 1897 1119 1959 quatenus
1142 1903 1339 1959 corpus
1372 1890 1541 1960 ipsius
1577 1890 1630 1945 in
1679 1891 1989 1962 praedictam
2027 1908 2123 1947 ec-

528 1978 752 2033 clesiam
780 1977 1132 2045 transferret;
1162 1979 1339 2034 locum
1396 1995 1613 2052 quoque
1663 1981 1757 2036 tthi
1814 1983 2121 2053 ponendum

528 2067 671 2121 foret
697 2069 1140 2124 ostendere'non
1181 2071 1386 2137 omisit,
1428 2071 1686 2127 intimans
1713 2073 1760 2128 ei
1806 2074 2034 2137 obitum,
2071 2083 2127 2129 et.

530 2173 756 2213 causam
781 2160 983 2225 obitus,
1011 2160 1098 2215 vel
1131 2161 1397 2217 adventus
1422 2163 1525 2223 sui.
1563 2162 1873 2232 significans
1897 2180 1957 2219 se
1994 2165 2126 2220 Sco-

531 2253 768 2323 tigenam
801 2252 987 2319 fuisse,
1020 2254 1355 2326 Romamque
1381 2256 1645 2312 orationis
1687 2258 1857 2327 gratia
1886 2274 2008 2312 cum
2038 2273 2126 2312 so-

531 2344 633 2399 ciis
660 2345 875 2413 petendi
926 2345 1119 2401 itinere
1165 2356 1509 2418 occupatum,
1539 2362 1568 2401 a
1618 2348 1915 2403 latronibus
1962 2364 2127 2419 super

529 2437 778 2490 Axonam
809 2435 1029 2491 thtvium
1063 2437 1226 2493 fuisse
1253 2448 1615 2511 peremptum,
1668 2440 1897 2512 indeque
1925 2456 2123 2512 corpus

530 2543 687 2581 suunt
714 2544 744 2582 a
778 2528 944 2583 sociis
965 2529 1072 2583 huc
1094 2529 1353 2597 delatum,
1383 2532 1564 2600 ibique
1599 2531 1900 2601 sepultum;
1926 2548 2123 2605 propa-

529 2617 649 2674 lans
674 2620 838 2673 etiam
871 2636 1066 2675 nomen
1085 2635 1267 2686 suum,
1297 2624 1439 2692 quod
1461 2632 1751 2677 vocaretur
1779 2623 2122 2682 Merolilattus

539 2707 682 2781 lscil.
714 2708 1086 2782 Merolianus],
1114 2710 1312 2781 jubens
1338 2720 1396 2766 ut
1425 2713 1475 2767 id
1502 2728 1716 2777 nomen,
1748 2729 1816 2769 ne
1845 2715 1985 2771 forte
2010 2731 2123 2772 me-

531 2800 703 2854 moria
733 2799 1096 2867 delaberetur,
1144 2803 1420 2858 ascribere
1454 2813 1692 2870 curaret,
1749 2806 2121 2878 inclinansque

529 2904 592 2942 se
619 2896 937 2959 partemque
988 2900 1177 2956 creta',
1229 2907 1348 2961 qum
1381 2892 1606 2947 fortuitu
1642 2894 1892 2965 jacebat,
1923 2912 2120 2967 appre-

531 2977 775 3033 hendeus
802 2977 949 3033 dedit
979 2978 1051 3043 ei,
1085 2968 1401 3051 praecipiens
1428 2993 1486 3037 ut
1511 2982 1639 3037 illud
1666 2986 1925 3039 continuo
1950 2988 2120 3041 adno-

533 3081 678 3127 taret
698 3073 750 3126 in
783 3087 909 3127 arca
938 3088 1059 3143 quae
1089 3072 1227 3128 lecto
1257 3074 1425 3145 ipsius
1474 3075 1805 3131 adluerebat.
1829 3077 2000 3145 Quam
2030 3078 2118 3134 ille

2786 1890 2789 1893 ’
2852 1883 3078 1941 CAPUT
3114 1885 3180 1940 ἰ..

2371 1972 2450 2029 De
2475 1974 2745 2030 mit-acutis
2774 1978 2944 2030 sancti
2972 1975 3192 2031 Martini
3223 1977 3399 2033 lienus
3423 1981 3660 2035 aeternis.

2297 2062 2435 2119 Aliis
2465 2066 2628 2120 etiam
2666 2067 2940 2123 nonnullis
2969 2068 3110 2122 beati
3142 2068 3315 2124 Patris
3346 2071 3504 2140 hujus
3533 2072 3678 2127 urbis
3709 2088 3795 2129 no.

2228 2162 2340 2211 stra
2377 2146 2559 2211 'fertur
2608 2158 2860 2228 insignita
2898 2160 3193 2215 miraculis.
3235 2162 3311 2216 Ex
3353 2163 3553 2233 quibus
3592 2179 3652 2219 ea
3692 2180 3796 2236 qua

2227 2258 2447 2302 sanctus
2477 2246 2772 2319 Gregorius
2801 2250 3132 2306 Turonensis
3172 2252 3365 2325 (Gneo.
3409 2255 3503 2309 fio.
3545 2272 3596 2312 tv
3620 2255 3792 2310 Hii-ac.

2229 2337 2290 2393 S.
2321 2337 2563 2401 Martini,
2588 2355 2637 2394 c.
2663 2340 2756 2411 26)
2786 2342 2838 2395 in
2864 2342 2975 2397 suis
2999 2345 3381 2400 miraculorum
3426 2346 3581 2402 libris
3602 2357 3796 2403 enarrat

2228 2429 2317 2484 hic
2348 2431 2534 2485 indere
2560 2432 2780 2502 placuit,
2809 2436 2867 2489 ιιι
2919 2436 2962 2491 si
2989 2437 3079 2506 qui
3109 2438 3223 2493 lucc
3267 2439 3536 2508 legentes,
3581 2457 3643 2498 ca
3673 2441 3795 2498 forte

2227 2536 2336 2577 non
2359 2520 2607 2593 legerint,
2636 2525 2722 2579 hic
2749 2540 2988 2595 repet-tre
3008 2528 3237 2598 possint.
3268 2530 3456 2587 Refert
3476 2534 3643 2600 enim,
3666 2535 3795 2603 quod

2229 2618 2541 2670 transeunte
2561 2632 2620 2672 se
2648 2619 2918 2688 quondam
2952 2635 3050 2688 per
3069 2637 3264 2692 pagum
3296 2622 3640 2689 Remensem,
3666 2633 3795 2680 retuo

2225 2703 2349 2760 lerit
2372 2706 2421 2760 ei
2447 2707 2665 2777 quidam
2698 2707 2982 2764 Remensis
3007 2752 3021 2775 ,
3064 2728 3338 2768 carcerem
3364 2716 3418 2769 in
3453 2730 3563 2785 quo
3583 2714 3794 2772 famulus

2227 2796 2396 2866 ipsius
2418 2799 2654 2853 hominis
2681 2799 2826 2854 inter
2846 2800 3081 2871 reliquos
3099 2803 3311 2859 vinctus
3343 2805 3647 2873 tenebatur,
3668 2806 3792 2862 beati

2226 2886 2441 2941 Martini
2473 2889 2670 2944 virtute
2699 2890 3025 2961 patefactmn
3045 2935 3060 2958 ,
3095 2894 3413 2965 vinctosque
3442 2898 3512 2950 ab
3542 2896 3794 2968 ergastulo

2226 2977 2532 3042 absolutos,
2560 2979 2760 3037 liberos
2785 2984 3131 3039 abscessisse.
3165 2984 3295 3039 Erat
3322 2987 3467 3041 enim
3506 2986 3795 3057 huiusmodi

2226 3083 2445 3134 carcer,
2473 3079 2533 3125 ιιι
2562 3087 2725 3142 super
2749 3082 2955 3128 struem
2980 3075 3254 3146 tignorum
3283 3091 3415 3133 axes
3439 3079 3600 3134 validi
3628 3095 3796 3149 super-

533 3172 741 3218 cretam
770 3164 918 3218 visus
942 3173 1026 3218 est
1054 3166 1346 3235 accepisse,
1393 3180 1700 3236 nomenque
1739 3168 2114 3240 descripsisse.

2232 3161 2385 3230 positi
2419 3162 2848 3232 pulpitarentur;
2896 3180 2961 3221 ac
2997 3167 3230 3236 desuper
3251 3168 3341 3238 qui
3371 3169 3623 3225 eumdem
3651 3146 3793 3244 [ἀήρ.

530 3254 587 3308 lu
617 3269 726 3324 quo
752 3254 879 3309 dum
919 3271 1018 3325 pro
1044 3255 1088 3309 L
1112 3256 1314 3321 littera,
1345 3256 1388 3311 Π
1416 3259 1697 3324 scriberet,
1721 3262 1993 3334 corrigere
2017 3263 2122 3320 hoc

530 3359 654 3398 eum
683 3343 910 3407 monuit,
933 3350 1002 3412 let
1040 3345 1111 3399 ita
1139 3346 1194 3400 in
1223 3346 1521 3401 crastinum
1564 3349 1667 3403 hoc
1716 3365 1909 3403 nomen
1952 3352 2123 3405 ascri-

531 3438 988 3508 ptuminventum
1020 3447 1123 3504 est,
1164 3449 1224 3494 ut
1279 3448 1568 3496 testaretur
1608 3443 1765 3497 idem
1813 3444 2119 3514 presbyter,

533 3532 677 3603 quod
705 3531 979 3602 vigilando
1006 3547 1106 3602 per
1147 3533 1289 3588 diem
1322 3543 1430 3589 tam
1478 3536 1617 3591 bene
1646 3536 1887 3592 scribere
1935 3538 2124 3610 nequi-

535 3622 721 3676 visset.
752 3620 959 3689 Quibus
982 3623 1401 3679 revelationihus
1433 3626 1671 3681 monitus
1693 3628 1998 3697 episcopus,
2028 3644 2123 3684 cc-

532 3713 752 3767 clesiam
781 3715 996 3785 quidem
1029 3718 1318 3773 restaurari
1350 3717 1498 3780 fecit,
1534 3721 1628 3774 sed
1650 3735 1849 3791 corpus
1875 3730 2122 3777 sanctum

535 3820 640 3859 non
674 3806 969 3861 transtulit.
1003 3806 1112 3863 Nec
1135 3809 1226 3863 diu
1278 3820 1460 3879 postea
1492 3810 1572 3865 sic
1597 3812 1644 3865 ei
1681 3812 1929 3883 contigit,
1961 3822 2019 3867 ut
2066 3812 2122 3867 in

536 3897 725 3952 eadem
751 3897 980 3954 ccdcsia
1006 3913 1189 3957 coram
1230 3900 1450 3976 llugptte
1488 3901 1733 3980 primum
1760 3916 1819 3965 se
1843 3902 2126 3966 abdicaret

534 3996 790 4065 cptscupii
820 3996 1226 4067 gubernatione.

1106 4110 1334 4166 CAPUT
1366 4112 1554 4169 XLIX.

610 4198 686 4252 De
716 4199 947 4253 ecclesiis
980 4201 1032 4254 in
1063 4201 1257 4276 honore
1287 4206 1454 4256 sancti
1482 4203 1702 4259 Martini
1723 4207 2054 4276 circumqua-

681 4285 781 4339 que
802 4285 892 4339 per
912 4280 1076 4323 totum
1099 4273 1305 4324 circiter
1318 4275 1631 4342 episcopium
1653 4273 1981 4332 constructis.

609 4356 670 4412 In
700 4356 910 4412 honore
963 4373 1178 4429 quoque
1224 4361 1364 4415 beatt
1424 4362 1638 4418 Martini
1677 4366 1858 4420 multm.
1896 4368 2128 4423 circum-

541 4463 756 4520 quaque
790 4466 887 4520 per
918 4459 1089 4505 totum
1133 4452 1355 4507 circiter
1379 4454 1710 4526 episcopium
1737 4456 2003 4513 habentur
2031 4473 2123 4514 ec-

542 4543 739 4611 clesiae,
760 4543 957 4598 divinis
980 4543 1255 4599 miraculis
1276 4543 1578 4613 illustratus,
1610 4548 1676 4601 ad
1706 4563 1825 4618 quae
1854 4550 2126 4605 neminem

542 4637 814 4692 credimus
841 4637 1146 4691 enarranda
1186 4636 1452 4694 sufﬁcere.
1476 4637 1534 4693 In
1560 4639 1679 4694 vico
1699 4640 1930 4711 denique
1952 4643 2128 4697 sancti

542 4727 773 4799 Remigii
799 4737 1013 4783 constat
1036 4728 1261 4783 ecclesia
1292 4729 1451 4798 hujus
1472 4730 1615 4786 beati
1638 4730 1980 4796 confessoris,
2008 4748 2130 4803 quae

542 4819 866 4874 clericorum
892 4818 1023 4873 olim
1053 4818 1224 4873 fertur
1261 4818 1516 4874 habuisse
1541 4821 2036 4892 congregationem,
2063 4823 2130 4877 de

546 4924 655 4979 qua
682 4908 787 4962 tale
821 4909 962 4978 apud
989 4924 1089 4963 nos
1134 4908 1369 4964 refertur
1399 4904 1740 4966 miraculum.
1783 4911 2012 4978 Quidam
2048 4912 2132 4967 vir

548 4998 796 5061 illustris,
827 5013 951 5053 cum
1003 4999 1243 5054 duxisset
1288 5015 1534 5066 uxorem,
1576 5017 1681 5057 non
1720 5002 1878 5071 longe
1918 5012 2039 5073 post
2073 5003 2127 5058 in

547 5088 941 5159 expeditionem
964 5097 1231 5157 praecepto
1252 5091 1393 5159 regis
1418 5090 1711 5161 profectus,
1735 5093 1932 5162 diuque
1955 5108 2132 5147 mora-

551 5188 660 5244 tus,
685 5184 969 5249 postquam
1000 5178 1217 5232 domum
1249 5181 1518 5246 rediisset,
1553 5182 1911 5252 significatum
1940 5190 2025 5237 est
2058 5182 2129 5236 illi

549 5268 693 5338 quod
721 5282 860 5322 uxor
884 5266 1001 5336 ejus
1026 5268 1289 5323 adulterio
1324 5269 1509 5325 fuisset
1553 5282 1827 5341 corrupta.
1858 5273 2029 5338 Quam
2051 5273 2135 5325 vir

552 5375 774 5396 latnt-tom
806 5359 1030 5396 Animalia
1112 5360 1201 5396 In"
1257 5362 1657 5396 nrnminnlinnn
1702 5363 1933 5396 nrnIs-arn
1967 5364 2134 5396 uului!

2221 3252 2463 3326 eosdem]
2493 3255 2879 3324 opprimerent,
2913 3258 3149 3327 insignes
3178 3259 3393 3315 fuerant
3420 3261 3626 3334 lapides
3648 3262 3795 3318 collo-

2222 3343 2353 3398 cati.
2381 3341 2742 3401 Nihilomiuus
2781 3356 2837 3401 et
2874 3348 3073 3402 ostium
3108 3351 3345 3405 carceris
3371 3366 3492 3407 sera
3524 3351 3669 3408 ferro
3688 3367 3793 3407 mu-

2224 3434 2360 3498 ιιίια,
2391 3435 2627 3490 obducto
2648 3476 2663 3501 ,
2711 3436 2862 3493 clave
2890 3437 3123 3507 pessulo,
3157 3442 3531 3497 obserabatur.
3576 3442 3678 3499 Sed
3701 3442 3796 3497 vir-

2224 3534 2310 3580 tus
2333 3526 2620 3592 antistitis,
2651 3536 2709 3581 ut
2731 3530 2842 3598 ipse
2872 3530 3075 3585 relator
3104 3533 3369 3598 asseruit,
3415 3532 3623 3603 lapides
3647 3532 3795 3604 pulpi-

2226 3626 2395 3687 taqne
2407 3618 2643 3689 disjecit,
2659 3632 2879 3677 catenas
2901 3623 3187 3695 confregit,
3211 3628 3422 3681 trabem
3469 3644 3593 3697 qum
3614 3629 3794 3683 vincto-

2224 3726 2344 3764 rum
2374 3713 2690 3767 coarctabat
2719 3713 2881 3782 pedes
2911 3716 3136 3784 aperuit,
3171 3731 3232 3770 ac
3260 3732 3360 3771 nec
3382 3729 3628 3773 reserato
3654 3718 3791 3781 ostio,

2224 3802 2469 3859 homines
2517 3819 2616 3875 per
2657 3820 2784 3860 aera
2830 3806 3139 3863 sublev::tos
3176 3807 3354 3872 foras,
3389 3818 3536 3866 tecto
3576 3820 3792 3886 patente,

2224 3896 2496 3975 plbtlttxil,
2523 3898 2709 3961 dicens
2734 3922 2747 3959 :
2781 3925 2798 3955 ι
2828 3898 2943 3977 Ego
2964 3915 3082 3961 sum
3105 3900 3387 3975 Mrtrttutts,
3412 3908 3572 3963 milcs
3596 3903 3794 3967 Christi,

2225 3998 2501 4053 absolutor
2521 4006 2720 4063 vester,
2746 3998 3016 4054 abscedite
3039 4015 3161 4054 cum
3185 4014 3340 4069 pace,
3364 4008 3421 4054 et
3442 4001 3590 4055 abite
3617 4000 3793 4057 securi.

2228 4086 2333 4142 Sed
2363 4104 2485 4143 cum
2519 4103 2652 4151 nos,
2679 4090 2851 4159 inquit
2877 4088 3199 4158 Gregorius,
3230 4090 3297 4144 ad
3330 4106 3518 4163 regem
3559 4093 3796 4147 accedenc

2227 4188 2309 4234 tes
2338 4180 2501 4250 hujus
2535 4180 2752 4235 virtutis
2777 4181 3096 4235 miraculum
3129 4180 3559 4248 diffamaremus,
3588 4181 3797 4237 afﬁrma-

2226 4269 2307 4324 vit
2353 4285 2446 4324 rex
2494 4271 2755 4341 quosdam
2797 4287 2864 4325 ex
2897 4270 2983 4325 his
3013 4272 3102 4341 qui
3141 4271 3372 4326 absoluti
3403 4271 3622 4329 fuerant
3657 4272 3720 4328 ad
3751 4285 3797 4325 se

2228 4363 2471 4424 venisse,
2522 4372 2683 4432 atque
2724 4364 3169 4433 compositionem
3206 4362 3338 4419 fisco
3368 4365 3628 4429 debitam.
3655 4379 3793 4438 quam

2232 4453 2305 4507 illi
2336 4453 2541 4507 fredum
2568 4463 2792 4517 vocant,
2822 4464 2877 4509 et
2901 4470 2960 4509 se
2990 4454 3158 4509 fuisse
3189 4455 3296 4510 reis
3338 4455 3626 4512 indultam.
3663 4476 3682 4510 ι
3713 4454 3797 4510 Re-

2234 4543 2338 4598 fert
2359 4544 2521 4599 etiant
2546 4545 2685 4598 ident
2709 4543 3003 4617 Gregorius
3024 4546 3134 4617 (ubi
3155 4564 3315 4618 supra
3335 4588 3351 4614 ,
3373 4547 3467 4601 lib.
3496 4563 3537 4603 ll
3555 4592 3570 4615 ,
3595 4566 3703 4618 cap.
3724 4547 3794 4605 l'il

2234 4648 2293 4686 se
2319 4632 2589 4702 quondam
2620 4633 2758 4687 hanc
2789 4634 2974 4688 urbem
3006 4636 3232 4704 petisse,
3269 4647 3325 4690 et
3363 4638 3415 4691 in
3457 4638 3694 4693 sacrario
3719 4636 3800 4690 hu-

2230 4721 2315 4792 jus
2355 4723 2638 4778 Remeusis
2675 4723 2917 4779 ecclesiae
2956 4725 3172 4797 Sigonis
3210 4743 3396 4783 aurem
3429 4730 3652 4784 surdam
3682 4726 3799 4784 refev

2236 4811 2474 4866 rendarii
2503 4810 2769 4883 Sigeberti
2803 4815 2976 4884 regis,
3009 4816 3208 4870 virtute
3241 4817 3385 4870 beati
3428 4815 3687 4882 Martini,
3726 4830 3801 4870 cu-

2231 4901 2319 4971 jus
2345 4903 2685 4958 babebautur
2711 4905 2852 4974 apud
2883 4920 2943 4960 se.
2970 4905 3193 4976 pignora
3213 4946 3228 4970 ,
3269 4907 3395 4961 dum
3426 4908 3802 4980 colloqueretur

2238 5007 2446 5048 secum.
2474 4992 2654 5049 subito
2686 4994 3010 5064 patefactam
3043 5006 3205 5066 atque
3233 5005 3483 5053 sanatam
3512 4998 3695 5055 fuisse.

2851 5085 3080 5143 CAPUT
3118 5088 3203 5143 LI.

2655 5176 2731 5231 De
2757 5188 2939 5231 sancta
2966 5178 3150 5232 Macra
3179 5180 3399 5250 virgine.
3431 5175 3436 5179 ’

2311 5265 2476 5319 Passa
2511 5276 2596 5321 est
2626 5268 2678 5320 in
2712 5269 2813 5321 hoc
2840 5266 3091 5324 Rentensi
3119 5283 3255 5339 pago
3282 5268 3439 5325 beata
3474 5269 3653 5325 Macra
3675 5269 3804 5338 virgo

2242 5358 2343 5396 cnh
2389 5357 2698 5396 “inlinvorn
2745 5361 2999 5396 nrmfnnln
3089 5376 3209 5396 num
3250 5371 3367 5396 nncl
3411 5360 3801 5396 ἶηοηηιιιισιιιῖιοηὶ
