3904 5396
109 285 202 343 515

661 283 1008 341 HlSTORUE
1049 281 1403 342 ECCLESItE
1442 280 1790 338 REMENSIS
1830 280 2010 336 LIBRI
2047 278 2402 347 QUATUOR.

2491 311 2515 322 ο
2549 282 2675 336 LIB.
2718 280 2804 336 IV.
3260 285 3367 341 326

108 413 218 452 cum
242 394 485 467 precibus
502 402 558 449 et
581 395 880 464 gratiarum
910 393 1234 458 actionibus,
1267 390 1674 446 immaculatum
1705 399 1748 456 Α
1781 388 1910 463 set],
1946 390 2300 462 rediissetque
2320 391 2537 447 tandem
2557 433 2573 460 ,
2606 392 2959 463 Deojnbeuto
2989 396 3375 464 tranquillitas,

109 488 207 542 Deo
240 486 466 540 reddens
503 485 787 554 spiritum,
819 499 884 539 ac
921 484 1259 552 triumphans
1287 481 1680 546 adversarium,

110 579 224 632 inibi
253 577 367 632 laeta
395 576 551 647 petiit
577 576 796 630 cmlum.
823 573 1033 643 Corpus
1075 575 1192 643 ejus
1235 571 1375 626 haud
1430 570 1614 641 procul
1650 587 1681 625 ιι

108 671 214 726 loco
241 671 326 724 ubi
354 684 511 739 passa
553 679 670 732 est,
712 678 839 721 tunc
881 667 1092 720 exstitit
1134 665 1476 719 tumulatum.
1517 663 1681 716 Multa

109 777 222 815 vero
250 771 365 831 post
387 775 654 814 annorum
685 758 953 813 curricula
986 757 1200 812 cuidam
1231 754 1462 809 bubulco
1486 771 1579 823 per
1607 755 1682 806 vi-

108 854 298 906 sionem
333 851 514 915 locus,
553 866 660 920 quo
703 850 1012 904 beatissima
1050 847 1202 916 virgo
1230 845 1446 900 condita
1481 843 1679 908 fuerat,

103 945 238 1012 juxta
267 944 556 1013 quamdam
586 944 640 996 in
673 943 877 997 honore
906 941 1047 996 beati
1074 939 1289 993 Martini
1311 947 1681 993 constructam

109 1036 394 1099 ecclesiam,
419 1034 688 1089 revelatus
719 1043 820 1088 est.
847 1034 901 1086 lu
938 1048 1046 1101 quo
1076 1032 1192 1086 visu
1220 1033 1540 1084 admonetur
1561 1069 1575 1091 ,
1625 1037 1684 1082 ut

110 1143 286 1196 corpus
317 1125 699 1179 sacratiSsima:
738 1124 965 1193 virginis
1009 1123 1148 1176 intra
1191 1123 1474 1191 praefatam
1501 1121 1681 1175 eccle-

108 1219 227 1273 siam
263 1216 648 1272 reconderetur
683 1215 1158 1279 honoriﬁcentius,
1191 1225 1460 1284 quatenus
1492 1213 1682 1268 incolis

110 1306 332 1376 ejusdem
364 1308 488 1373 loci,
521 1315 682 1378 prout
713 1307 969 1370 decebat,
1015 1306 1380 1361 innotesceret
1424 1305 1678 1360 manifes-

111 1401 218 1454 tius.
258 1399 411 1466 Quod
451 1408 506 1454 et
547 1414 671 1453 mox
710 1414 740 1452 a
785 1398 919 1452 viris
970 1397 1081 1453 Deo
1119 1399 1446 1452 amabilibus
1485 1413 1680 1466 magno

109 1499 301 1542 constat
340 1497 616 1557 peractum
663 1489 879 1542 decore.
926 1487 983 1541 lu
1014 1503 1120 1558 qua
1162 1489 1334 1542 donec
1373 1486 1679 1542 venerabile

109 1595 286 1648 corpus
318 1579 433 1646 ejus
461 1579 762 1649 requievit,
815 1579 1044 1647 insignia
1090 1595 1186 1649 per
1222 1579 1390 1648 ipsius
1421 1579 1678 1633 interces-

109 1673 294 1726 sionem
328 1681 449 1726 sunt
477 1680 686 1741 patrata
721 1671 1000 1725 miracula.
1027 1672 1102 1725 lbi
1129 1672 1256 1726 (βαιοὶ
1281 1671 1473 1731 visum,
1497 1669 1674 1725 claudi

1783 483 2068 553 presbyter
2085 523 2101 547 ,
2129 484 2221 552 qui
2249 483 2452 538 sanctis
2479 484 2837 549 deservrebat,
2861 495 2916 540 et
2935 486 3002 539 ad
3025 488 3243 557 propria
3259 488 3376 556 jam

1783 573 1983 627 dmlum
2008 574 2186 628 redire
2212 575 2493 644 cupiebat,
2527 575 2849 629 acceleravit
2880 587 3192 632 sanctorum
3233 595 3377 632 mar-

1784 675 1964 736 tyrum
1996 667 2182 735 glebas
2209 667 2418 733 tollere,
2450 678 2506 722 et
2535 669 2600 721 ad
2633 670 2866 722 dicatum
2915 669 3017 723 sibi
3067 670 3242 724 locum
3291 686 3377 726 re-

1783 757 1946 812 ferre.
1973 757 2210 827 Postque
2239 759 2512 814 celebrata
2554 759 2839 814 missarum
2882 761 3143 815 solemnia
3186 762 3374 818 levan-

1784 857 1872 902 tur
1916 863 1948 901 a
1989 851 2363 904 sacerdotibus
2404 860 2617 904 sacrata
2659 849 2880 905 Christo
2909 867 3138 921 corpora
3164 893 3178 916 ,
3212 861 3378 923 atque

1781 953 1904 994 eum
1935 955 2126 1010 magna
2164 941 2483 1011 populorum
2514 941 2758 996 referunt
2799 943 3096 996 comitante
3134 955 3371 998 caterva.

1781 1031 2019 1100 Contigit
2045 1041 2224 1086 autem
2250 1035 2390 1087 diem
2416 1033 2584 1099 illam,
2610 1051 2730 1104 qua:
2754 1034 3029 1089 Dominica
3053 1034 3261 1089 scilicet
3282 1035 3378 1088 ba-

1781 1121 2041 1185 bebatur,
2101 1134 2384 1178 ventorum
2439 1124 2566 1179 flatu
2613 1126 2781 1181 fuisse
2830 1127 3156 1188 nimbosam,
3203 1126 3277 1180 ita
3320 1133 3380 1179 ut

1779 1230 1969 1270 Ouines
1990 1215 2249 1279 caudebe,
2288 1231 2409 1286 qua:
2440 1219 2504 1269 al
2542 1217 2861 1286 obsequium
2897 1227 3204 1272 sanctorum
3232 1216 3378 1270 fcre-

1778 1305 2000 1370 bantur,
2030 1305 2080 1358 vi
2112 1304 2340 1360 turbinis
2366 1308 2857 1376 exstinguerentur.
2885 1306 3128 1377 Cumque
3151 1322 3381 1377 carpen-

1781 1405 1862 1451 tes
1907 1397 2007 1451 iter
2043 1407 2251 1466 partem
2297 1396 2534 1452 Iltisninis
2577 1398 2809 1453 fuissent
2863 1401 3136 1469 ingressi,
3186 1413 3379 1454 cereus

1779 1486 1868 1554 qui
1924 1495 2050 1540 ante
2099 1496 2410 1542 sanctorum
2465 1489 2693 1558 pignora
2730 1491 3008 1543 ferebatur
3051 1490 3374 1553 exstinctus,

1779 1583 1999 1645 repente
2025 1577 2240 1630 etelitus
2279 1593 2542 1631 accensus
2564 1618 2579 1642 ,
2622 1580 2876 1633 omnibus
2907 1579 3103 1632 mirum
3133 1579 3379 1634 exhibuit

1777 1667 2166 1734 spectaculum.
2195 1669 2394 1738 Sicque
2419 1669 2559 1723 inter
2584 1671 2898 1725 commistos
2932 1670 3201 1741 grandine
3234 1673 3377 1723 nim-

109 1779 334 1828 gressutu
356 1803 370 1824 ,
410 1762 557 1816 surdi
601 1761 843 1814 auditum
867 1802 881 1824 ,
915 1761 1142 1815 Domino
1170 1761 1290 1830 ejus
1313 1762 1533 1815 obtentu
1567 1761 1676 1813 Iar-
1708 1760 1753 1818 Β
1782 1760 1896 1819 bos,
1923 1768 1978 1814 et
2002 1770 2282 1815 ventorum
2305 1761 2463 1816 ﬂatus
2485 1762 2551 1816 ad
2579 1774 2810 1831 quatuor
2836 1763 2948 1816 fere
2973 1763 3139 1816 millia
3161 1762 3378 1815 duravit

109 1857 263 1923 giente
311 1861 742 1923 promerueruut.
789 1852 1106 1907 Procedenti
1152 1868 1281 1905 vero
1321 1861 1562 1921 tempore
1600 1852 1680 1904 vir

108 1946 303 2012 quidam
327 1954 579 1998 strenuus
600 1954 908 1998 sanctarum
934 1942 1184 1996 fundator
1201 1942 1444 1997 etcultor
1458 1944 1676 2008 mdium,

111 2037 309 2090 nomine
356 2035 650 2107 Daugulfus
682 2035 750 2107 ί),
776 2034 1120 2107 Dangulfus],
1152 2036 1270 2105 ejus
1299 2035 1386 2090 ubi
1420 2051 1561 2089 nunc
1591 2052 1679 2089 ve-

109 2139 333 2190 neratur,
358 2126 603 2181 fundavit
633 2127 909 2197 templum,
934 2128 986 2181 in
1013 2143 1120 2196 quo
1142 2127 1284 2181 illius
1313 2127 1677 2181 sacratissima

110 2218 358 2271 transtulit
394 2219 636 2272 membra
656 2258 671 2280 ,
702 2227 959 2287 regnante
991 2234 1185 2287 magno
1225 2218 1550 2287 imperatore
1579 2218 1679 2272 Ca-

110 2310 235 2375 rolo;
285 2312 372 2364 ubi
422 2327 528 2364 non
579 2312 799 2364 minima
841 2327 1058 2380 quoque
1099 2311 1327 2364 Domino
1368 2321 1676 2380 praestante,

109 2417 229 2470 szi-pe
257 2403 517 2458 miracula
550 2412 878 2472 peraguntur
905 2403 1037 2473 (26).
1081 2402 1253 2468 Quam
1294 2417 1465 2472 nuper
1502 2403 1679 2456 eccle-

109 2502 261 2562 siam,
322 2509 564 2568 tempore
609 2498 818 2552 scilicet
872 2497 1266 2566 persecutionis
1321 2497 1673 2565 lluugnricze,
1757 2548 1760 2552 .

110 2590 247 2644 iidem
282 2589 494 2642 barbari
523 2589 857 2642 succendere
901 2589 1212 2657 cupientes.
1252 2602 1476 2641 acervos
1515 2603 1680 2656 quos-

111 2685 212 2735 daut
240 2682 452 2751 frugum
493 2696 750 2747 magnos.
790 2679 881 2748 qui
923 2681 1116 2750 parieti
1157 2678 1397 2746 ejusdem
1438 2679 1679 2733 adbzese-

113 2780 232 2834 rant,
274 2773 566 2827 incendunt
589 2771 936 2840 ,exustisque
966 2771 1269 2841 segetibus,
1302 2769 1514 2824 ﬂatuma
1555 2770 1679 2825 licet

111 2864 328 2917 ecclesiae
369 2873 512 2917 tecta
541 2861 843 2927 lambente,
883 2863 1130 2916 eamdem
1173 2870 1351 2916 tamen
1383 2862 1678 2916 accendere

112 2953 467 3022 nequiverunt.

690 3042 916 3098 CAPUT
956 3040 1061 3096 LII.

275 3134 351 3188 De
373 3136 572 3189 sanctis
607 3133 799 3202 Ruﬁno
824 3147 870 3189 et
912 3135 1119 3188 Valerio
1147 3134 1486 3204 martyribus.

168 3224 358 3280 Eodem
398 3235 644 3295 tempore
685 3241 794 3294 quo
835 3226 950 3280 haec
987 3240 1142 3280 sacra
1185 3225 1332 3294 virgo
1375 3240 1525 3293 passa
1571 3233 1673 3289 est,

113 3313 389 3370 lancinator
438 3317 556 3386 ejus
605 3315 945 3370 Rictiovarus
994 3330 1089 3384 per
1144 3315 1331 3369 urbem
1384 3315 1674 3368 llemorum

115 3407 376 3472 transiens,
407 3416 461 3462 et
485 3409 746 3476 quosdam
769 3406 1106 3461 Christianos
1140 3406 1204 3457 ad
1251 3404 1514 3458 culturam
1545 3407 1675 3458 deo-

115 3513 213 3550 rum
235 3499 583 3569 compellens,
610 3507 667 3551 ut
689 3513 782 3551 eos
805 3513 1060 3567 superare
1099 3497 1335 3564 nequivit
1361 3539 1375 3561 ,
1421 3495 1676 3550 trucidati

115 3590 360 3658 prrecepit.
398 3589 460 3641 Et
491 3604 741 3658 egressus
773 3589 893 3640 inde
926 3587 1126 3656 reperit
1146 3587 1280 3640 duos
1313 3586 1571 3655 quosdam
1600 3587 1679 3638 vi-

118 3693 189 3731 ros
213 3678 458 3732 Rufinum
492 3691 546 3732 et
577 3677 880 3742 Valerium,
908 3677 1011 3731 fide
1039 3676 1240 3731 Christi
1275 3677 1554 3739 robustos,
1595 3692 1678 3729 rc-

114 3770 288 3836 galinm
337 3780 516 3824 tamen
565 3771 880 3824 borrenrmn
925 3769 1201 3822 custodes.
1249 3767 1394 3834 Quos
1438 3783 1678 3835 compre-

118 3858 310 3923 hensos,
333 3862 418 3912 ubi
443 3862 706 3929 comperit
733 3860 933 3912 Christi
961 3859 1246 3912 dilectione
1265 3867 1318 3912 et
1339 3857 1680 3912 confessione

118 3947 452 4013 firmissimos,
487 3949 658 4019 plagis
687 3948 771 4001 am
796 3959 912 4004 etos
943 3949 1194 4002 diuturna
1231 3947 1468 4000 carceris
1505 3963 1681 4000 mace-

118 4040 236 4091 ravit
272 4040 612 4094 retrusione:
649 4040 737 4092 ubi
766 4038 1003 4108 angelica
1033 4037 1338 4091 visitatione
1378 4053 1442 4090 ac
1487 4052 1681 4089 conso-

117 4128 294 4185 latione
337 4132 555 4186 relevati
579 4142 634 4186 et
659 4129 946 4184 confortati
973 4139 1118 4184 sunt.
1145 4127 1234 4184 Sic
1258 4128 1440 4182 invicti
1465 4128 1679 4182 tandem

117 4224 328 4290 reperti,
374 4222 657 4291 capitalem
700 4223 881 4276 subire
922 4221 1269 4275 sententiam.
1308 4221 1548 4288 Cumque
1574 4237 1679 4274 non

117 4325 219 4380 post
253 4314 401 4386 longa
442 4316 696 4384 temporis
728 4314 1011 4367 intervalla
1050 4312 1118 4366 ad
1158 4313 1342 4367 urbem
1389 4313 1680 4367 Remorum

118 4405 460 4459 sacratissima
511 4405 909 4457 deducerentur
947 4419 1133 4458 eorum
1178 4405 1416 4457 membra
1467 4403 1680 4458 feretris

121 4493 342 4564 imposita
367 4537 382 4561 ,
434 4497 485 4550 in
530 4495 650 4548 loco
697 4494 820 4558 illo,
852 4495 937 4548 tibi
974 4511 1114 4547 nunc
1143 4495 1402 4548 tumulata
1443 4495 1679 4564 ipsorum
1714 4480 1757 4537 Ῑ)

121 4589 438 4653 requiescunt
481 4604 624 4651 ossa,
670 4588 741 4640 ita
785 4597 910 4642 tunc
941 4586 1136 4640 feretra
1167 4597 1292 4641 sunt
1320 4587 1390 4660 [c.
1425 4589 1461 4642 ἱ.
1493 4590 1676 4642 ferun-

124 4673 214 4748 tur]
242 4688 522 4750 aggravata
545 4718 560 4741 ,
591 4687 648 4730 ut
670 4692 1009 4745 nequaquam
1034 4676 1151 4730 loco
1183 4678 1382 4731 moveri
1415 4677 1676 4749 valerent.

122 4764 176 4820 Et
210 4769 276 4823 ita
322 4773 429 4826 lleo
474 4771 700 4837 jubcnle
737 4769 939 4826 factum
977 4785 1096 4826 esse
1139 4772 1429 4840 probatur,
1482 4783 1541 4826 ut
1589 4773 1678 4826 ubi

121 4865 416 4930 pauperibus
445 4864 801 4933 elcemosynze
822 4863 1208 4916 distribuerant
1233 4862 1556 4932 largitatem,
1582 4863 1680 4916 ibi-

124 4948 224 5002 dem
261 4969 473 5008 suormn
527 4968 812 5024 corporum
855 4961 1065 5022 gratam
1105 4952 1443 5021 perciperent
1471 4952 1680 5022 requie-

127 5042 312 5100 tionem.
361 5048 466 5102 Sed
510 5047 636 5102 dum
689 5061 859 5116 nuper
887 5060 1017 5114 gens
1049 5044 1275 5100 barbara
1309 5043 1682 5100 Nordmauno—

129 5148 223 5186 rum
241 5139 480 5193 szevitnra
503 5155 562 5193 se
583 5137 770 5194 Galliis
801 5135 1108 5200 infudisset,
1131 5137 1199 5190 ob
1224 5135 1498 5190 vitandam
1522 5135 1682 5204 hujus

125 5231 482 5291 persecutionis
523 5230 851 5300 procellam,
892 5241 1078 5280 eorum
1110 5228 1330 5298 pignora
1376 5227 1444 5280 ad
1490 5229 1678 5283 urbem

1154 5319 1204 5348 ς..
1237 5318 1378 5348 λοισιΙῖ
1417 5317 1559 5348 Dnin:
1593 5335 1653 5348 nn

128 5331 224 5346 λιιι...
248 5320 558 5346 ι)--.--,-.-..-
589 5322 758 5348 ι-Ιν.1.ςιΑ
838 5319 1122 5348 ηητῖιηηιιη

1780 1866 1843 1903 ετ
1869 1851 2128 1904 miraculo
2151 1851 2382 1905 flamma.
2404 1852 2676 1922 Disposuit
2699 1854 2932 1922 denique
2950 1865 3134 1923 postea
3155 1853 3377 1923 presby-

1782 1951 1864 1996 ter
1900 1957 2113 1998 ceremu
2148 1945 2404 2015 ipsumin
2432 1947 2708 2001 meliorem
2735 1946 2966 2000 formam
2991 1948 3056 2000 de
3077 1948 3267 2001 eadem
3298 1962 3379 2000 re-

1781 2032 1942 2088 ficere
1973 2049 2118 2088 cera.
2155 2035 2398 2105 Cumque
2432 2037 2482 2091 id
2511 2053 2540 2090 a
2569 2037 2940 2092 sacerdotibus
2977 2038 3080 2092 sibi
3121 2036 3375 2104 subjectis

1777 2126 2082 2183 elliceretur
2103 2171 2118 2194 ,
2163 2130 2358 2184 mirum
2401 2131 2548 2186 dictu
2589 2131 2730 2186 inter
2761 2147 2954 2185 manus
2980 2147 3167 2185 eorum
3197 2131 3376 2184 mollis

1779 2220 1945 2287 coepit
1967 2235 2216 2276 crescere
2236 2237 2384 2287 cera,
2402 2231 2455 2276 et
2477 2222 2529 2276 in
2555 2238 2802 2293 magnam
2824 2222 3183 2292 grandescere
3203 2237 3379 2292 quan-

1781 2311 2014 2367 titatem.

2381 2403 2608 2460 CAPUT
2646 2404 2776 2460 LIII.

2049 2490 2130 2546 De
2150 2491 2420 2547 miraculis
2447 2497 2747 2548 earumdem
2774 2504 3094 2548 sanctorum.

1850 2580 2096 2652 Cumque
2130 2584 2204 2638 illi
2232 2595 2508 2654 stupentes
2531 2627 2548 2652 ,
2590 2587 3031 2654 admirantesque
3063 2595 3372 2658 perstrepe-

1780 2682 1919 2737 rent,
1947 2673 2221 2742 ingressus
2243 2676 2547 2746 presbyter,
2577 2688 2630 2730 et
2654 2677 2841 2730 videns
2867 2689 3080 2731 auctam
3105 2679 3182 2733 sic
3210 2679 3376 2734 fuisse

1779 2777 1964 2817 ceram
1993 2766 2220 2818 credidit
2243 2782 2338 2821 eos
2365 2767 2528 2821 aliam
2566 2783 2746 2822 ceram
2782 2767 2852 2822 illi
2873 2809 2886 2831 ,
2923 2769 3066 2838 quod
3094 2786 3197 2823 non
3229 2785 3370 2838 prce-

1780 2863 2018 2922 ceperat,
2053 2853 2337 2923 adjerisse.
2386 2858 2490 2911 Sed
2533 2859 2749 2926 cognito
2779 2859 2993 2913 tandem
3017 2875 3046 2912 a
3078 2859 3375 2914 sacerdoti‘

1779 2942 1904 3006 bus,
1928 2944 2068 3013 quod
2100 2947 2391 3010 acciderat,
2424 2947 2719 3011 miraculo,
2763 2948 2870 3003 Deo
2905 2950 3110 3018 gratias
3135 2951 3274 3020 egit,
3315 2959 3372 3004 et

1780 3049 1960 3088 ceram
1989 3035 2038 3088 in
2058 3038 2284 3091 ecclesia
2310 3039 2376 3090 ad
2397 3039 2710 3093 memoriam
2732 3048 2896 3094 tanta:
2919 3041 2993 3094 rei
3019 3041 3276 3109 reposuit.
3297 3043 3374 3096 De

1704 3119 1752 3183 C
1781 3145 1887 3198 qua
1912 3145 2032 3182 cera
2069 3129 2312 3184 Riculfns
2336 3132 2688 3187 Suessionum
2726 3135 3052 3190 venerabilis
3085 3139 3372 3204 episcttpus

1780 3219 2038 3286 reliquias
2061 3221 2161 3273 sibi
2197 3220 2395 3275 diferri
2418 3223 2599 3292 jussit.
2638 3226 2743 3277 Sed
2779 3235 2833 3278 et
2869 3225 3163 3280 \lCJIal'lltll
3198 3228 3374 3281 eccle-

1779 3310 1983 3364 siarum
2014 3311 2243 3377 religiosi
2277 3315 2574 3384 presbyteri
2598 3316 2793 3369 exinde
2817 3317 2884 3368 ob
2909 3317 2940 3370 lI
2964 3317 3246 3370 -votinncm
3279 3334 3376 3370 ex-

1779 3404 1976 3472 petitas
2017 3405 2310 3472 particulas
2337 3411 2388 3458 In
2422 3407 2668 3460 ecclesiis
2702 3408 3084 3463 venerabiliter
3115 3410 3377 3464 condide-

1781 3504 1923 3545 runt.
1949 3494 2062 3544 Alia
2088 3504 2268 3547 autem
2301 3497 2431 3556 vice,
2459 3513 2579 3550 cum
2608 3498 2674 3550 de
2697 3499 3016 3552 Sneswnica
3041 3499 3288 3563 civi-ate,
3319 3501 3372 3553 in

1779 3595 1884 3648 qua
1921 3581 1990 3634 ob
2015 3582 2244 3636 similem
2271 3586 2703 3652 persecutionem
2731 3586 2894 3640 delati
2920 3587 3170 3653 fuerant,
3201 3590 3266 3642 ad
3293 3589 3370 3642 lo-

1780 3686 1902 3724 cum
1929 3675 2204 3741 proprium
2233 3676 2588 3739 referrentur,
2611 3679 2833 3731 annlus
2855 3680 3072 3747 qui'lam
3107 3698 3229 3735 cum
3267 3700 3374 3736 (3:11-

1783 3765 1916 3817 teris
1935 3769 2025 3833 qui
2055 3776 2369 3819 saucloruut
2393 3784 2620 3836 corpora
2644 3769 2835 3822 devoto
2851 3771 3257 3825 comitabantur
3277 3776 3373 3828 ob-

1780 3856 1986 3923 sequio,
2024 3857 2393 3924 reptabundus
2419 3861 2611 3913 anuisu
2643 3876 2749 3926 quo
2783 3871 3017 3929 poterat,
3059 3864 3366 3920 incedebat.

1781 3949 1896 4005 Non
1934 3953 2152 4020 quidem
2189 3954 2330 4008 hunc
2361 3963 2553 4009 natura
2600 3957 2847 4011 claudum
2886 3960 3234 4027 produxerat,
3275 3962 3370 4016 sed

1782 4057 1846 4096 ex
1867 4050 2108 4110 tempore
2132 4042 2203 4096 illi
2229 4057 2534 4099 accesserat
2552 4063 2831 4114 gressnum
2850 4048 3075 4104 dolenda
3100 4052 3370 4106 debilitas.

1783 4131 2027 4202 Cumque
2051 4135 2116 4189 ad
2147 4134 2352 4202 villam,
2381 4153 2501 4206 qua:
2546 4135 2773 4192 V'asneia
2817 4139 3037 4206 dicitur,
3067 4143 3369 4209 venissent,

1782 4240 1906 4279 mox
1946 4226 2140 4281 nativae
2184 4228 2490 4284 rectitudiui
2535 4231 2840 4297 restitutus,
2892 4232 3146 4303 projectis
3195 4238 3372 4291 admi-

1783 4316 1980 4370 niculis
2011 4318 2124 4372 suis
2155 4320 2320 4388 erepit
2347 4321 2544 4376 vadere
2563 4322 2783 4392 plantis,
2805 4333 2858 4377 et
2885 4324 3051 4378 Detun
3084 4327 3136 4379 in
3161 4329 3366 4384 sanctis

1788 4411 1901 4462 suis
1931 4409 2236 4464 mirabilem
2263 4427 2358 4466 ore
2381 4413 2691 4467 collaudare
2717 4417 2975 4485 g-ratanti.
3009 4416 3277 4472 Praeterea
3319 4421 3370 4472 in

1786 4514 1878 4554 eos
1917 4500 2008 4569 qui
2056 4517 2270 4556 SuCl'ttm
2307 4501 2482 4558 locum
2517 4505 2720 4560 violare
2744 4514 2799 4559 ct
2828 4523 2914 4560 res
2940 4509 3143 4562 sanctis
3174 4523 3377 4582 marty-

1785 4590 1934 4644 ribus
1955 4590 2230 4662 delegatus
2253 4595 2549 4661 pervadere
2574 4597 2841 4658 nituntnr,
2866 4612 3026 4664 quam
3052 4600 3160 4651 cito
3191 4600 3372 4652 divina

1785 4682 1916 4735 ultio
1941 4693 2218 4748 exeratur,
2261 4700 2367 4738 tino
2417 4686 2665 4755 exemplo
2706 4686 2934 4740 sulliciat
2977 4688 3373 4744 demonstrare.

1786 4769 2051 4842 Tempore
2082 4790 2191 4844 quo
2214 4775 2354 4828 inter
2385 4791 2538 4843 reges
2562 4775 2802 4832 Odouem
2828 4785 2881 4830 et
2904 4777 3160 4835 Karolum
3183 4796 3378 4850 graves

1783 4865 2086 4934 agebantur
2108 4866 2438 4919 Francorum
2463 4868 2515 4920 iu
2548 4883 2715 4940 regno
2755 4868 3058 4936 discordiae,
3088 4885 3187 4943 per
3241 4872 3380 4927 hanc

1786 4956 2127 5010 occasionem
2165 4957 2311 5011 licito
2343 4959 2542 5028 rapinae
2589 4969 2644 5016 et
2687 4960 3113 5029 deprmdationes
3157 4963 3381 5030 fiebant,

1785 5044 2073 5099 confusum
2103 5055 2224 5099 crat
2274 5045 2466 5115 fasque
2515 5049 2808 5119 nefasque;
2847 5064 3115 5121 nusquam
3164 5051 3257 5105 Dei
3289 5062 3386 5105 aut

1785 5134 2144 5188 humanarum
2181 5135 2341 5188 timor
2367 5135 2568 5204 legum,
2601 5141 2692 5193 sed
2724 5138 2774 5192 vi
2797 5145 2849 5191 et
2873 5145 3110 5205 potentia
3132 5139 3384 5196 universa

1782 5222 2136 5289 Constabant;
2171 5225 2460 5294 aliquando
2492 5229 2558 5280 ad
2586 5229 2784 5292 villam,
2819 5243 2937 5295 qua:
2983 5229 3214 5284 Basilica
3244 5228 3384 5281 dici~

1784 5326 1870 5348 Iun
1900 5313 2177 5350 nnnrlnnnu
2207 5313 2486 5350 cuin-nrnnl
2546 5325 2936 5350 omnum-"nntius
2966 5332 3154 5350 nun-sne
3187 5331 3361 5350 nnnnn
