3904 5396
511 237 617 307 ΞΠ

1575 245 1978 306 ηουοΑιιυι
2017 244 2339 305 CANONICI
2375 246 2722 307 REMENSIS

514 363 642 418 dam
665 378 732 418 ex
760 362 846 418 his
866 362 958 432 qui
987 361 1054 416 ad
1083 359 1435 432 praedandum
1466 368 1748 425 venerant,
1773 360 1844 415 ita
1872 368 1930 415 ut
1955 360 2110 417 sede-
2136 369 2183 429 Α
2210 369 2425 431 quaret.
2452 361 2629 428 Quod,
2651 376 2774 418 cum
2803 377 2903 433 per
2950 362 3067 419 dies
3096 361 3303 432 aliquot
3324 362 3613 429 dettcum
3645 367 3730 437 jam

510 454 606 509 bat
624 469 764 524 equo
800 454 1137 509 velocissime
1168 452 1378 523 insequi
1427 453 1619 523 erepit,
1647 452 1837 508 volens
1863 468 1985 509 eam
2014 468 2105 508 ca-

509 560 656 617 pere.
687 554 743 602 et
765 546 905 601 seria
932 562 1027 601 sua
1065 546 1140 600 illi
1190 545 1428 600 auferre.
1462 546 1570 600 Sed
1614 562 1738 602 cum
1792 546 2013 617 quidam
2039 546 2106 603 de

514 637 820 694 astantibus
843 638 1051 695 diceret
1078 655 1093 692 :
1125 637 1243 692 Noli
1271 638 1459 704 miser,
1482 638 1592 693 noli
1638 638 1786 693 illam
1827 639 1880 693 in
1909 639 2103 693 atrium

510 740 831 787 sanctorum
858 732 1073 802 insequi
1118 742 1445 805 martyrum,
1477 749 1545 788 ne
1579 733 1674 788 tibi
1722 733 1849 789 mali
1900 734 2103 803 aliquid

508 825 814 895 contingat.
847 824 940 889 ille
969 824 1101 879 nihil
1130 826 1353 888 veritus,
1386 826 1625 882 admisso
1646 842 1787 896 equo
1821 827 2101 898 rapidissio

512 931 600 969 me
624 914 920 986 fugientem
945 916 1334 985 insequebatur
1361 916 1754 971 mulierculam.
1781 916 1853 971 At
1877 917 1965 970 ubi
1987 916 2102 988 pri-

514 1006 619 1061 mis
645 1005 789 1060 atrio
841 1006 1068 1076 pedibus
1108 1022 1281 1075 equus
1330 1006 1548 1071 institit,
1584 1009 1764 1061 subito
1811 1016 2101 1062 cernuatus

511 1100 731 1155 cecidit.
765 1100 959 1155 Sessor
989 1110 1170 1156 autem
1193 1100 1312 1170 ejus
1343 1111 1453 1156 tam
1488 1102 1637 1172 gravi
1663 1102 1912 1157 allisione
1938 1117 2102 1157 vexa-

510 1201 595 1245 tus
621 1202 725 1255 est,
747 1203 850 1246 uta
875 1209 1089 1247 summo
1110 1209 1249 1262 genu
1274 1194 1513 1264 usquead
1534 1195 1743 1264 pedem,
1770 1194 2012 1264 disrupta
2035 1195 2102 1248 ti-

508 1281 617 1343 bia,
661 1297 788 1335 caro
812 1281 953 1339 velut
977 1280 1122 1336 ferro
1153 1283 1322 1338 incisa
1349 1283 1675 1348 dehisceret,
1726 1298 1897 1354 osque
1926 1285 2099 1353 ipsum

505 1372 694 1426 carnis
720 1372 976 1441 tegimine
1020 1370 1140 1444 [mm
1178 1373 1216 1436 i,
1255 1371 1517 1445 tegmine]
1548 1374 1827 1437 nudatum,
1858 1384 2098 1445 pateret;

510 1470 568 1514 et
596 1462 688 1531 qui
718 1462 985 1532 superbus
1018 1479 1186 1532 eques
1220 1472 1468 1529 venerat,
1490 1465 1604 1535 jam
1635 1465 1972 1533 humiliatus,
1998 1481 2099 1522 nec

507 1553 621 1607 suis
643 1554 871 1623 pedibus
886 1555 1140 1610 incedere
1159 1555 1365 1621 valens,
1389 1557 1640 1612 manibus
1660 1556 1850 1612 alienis
1872 1558 1938 1613 de
1960 1559 2099 1614 atrio

505 1645 752 1701 ecclesia:
776 1647 1053 1716 projectus
1077 1657 1182 1702 est.
1211 1648 1363 1703 Tunc
1388 1664 1529 1719 equo
1553 1658 1607 1704 ct
1634 1666 1754 1720 quae
1784 1651 1984 1705 habere
2007 1667 2099 1721 po-

505 1828 822 1883 subtractus
850 1839 973 1895 est;
1003 1831 1097 1886 sed
1124 1832 1269 1901 quod
1300 1832 1605 1903 supervixit
1647 1833 1906 1902 temporis
1936 1833 2099 1888 inuti-

503 1919 572 1973 lis
627 1930 684 1975 et
724 1921 859 1975 nulli
897 1922 1047 1992 operi
1104 1932 1261 1993 aptus
1299 1924 1423 1989 fuit,
1482 1925 1851 1981 testimonium
1905 1927 2100 1983 divina:

502 2012 729 2067 virtutis
762 2014 815 2067 in
844 2030 941 2068 sua
966 2013 1244 2070 debilitate
1286 2016 1700 2084 circumferens,
1727 2027 1783 2073 et
1806 2019 1928 2075 aliis
1974 2020 2098 2089 qui-

503 2102 714 2172 busque
762 2103 1031 2158 salubrem
1085 2106 1357 2171 timorem,
1388 2107 1906 2179 exemploipatrata:
1956 2110 2008 2164 in
2039 2125 2101 2165 sc

506 2192 750 2258 ultionis,
779 2194 1069 2260 incutiens,
1106 2212 1175 2251 ne
1200 2196 1327 2252 talia
1381 2208 1607 2269 agentes
1636 2200 1833 2255 similia
1886 2203 2103 2273 patiane

504 2292 616 2339 tur.
666 2283 798 2339 Illud
847 2301 1062 2355 quoque
1111 2290 1472 2356 notissimum,
1506 2299 1561 2345 et
1594 2293 1846 2348 onmibus
1870 2294 2100 2349 habetur

502 2374 923 2447 pervulgatum,
991 2379 1058 2432 ad
1116 2389 1433 2435 sanctorum
1495 2391 1795 2454 martyrum
1851 2385 2095 2454 sepulcra

501 2465 678 2520 oleum
712 2466 1001 2537 aliquando
1049 2472 1307 2526 crevisse.
1361 2473 1639 2543 Siquidem
1672 2474 1954 2549 presbyter
2001 2494 2097 2532 vas

500 2556 774 2623 quoddam
804 2558 972 2614 lictile
989 2560 1145 2629 juxta
1176 2562 1348 2619 altare
1370 2575 1648 2634 posuerat,
1676 2568 1743 2620 ad
1771 2568 2094 2622 servandum

501 2645 704 2713 oleum,
738 2649 882 2716 quod
911 2648 1109 2705 ibidem
1134 2653 1201 2707 ad
1259 2653 1461 2709 fontem
1509 2655 1751 2719 luminis,
1782 2658 1975 2713 ardere
2005 2659 2097 2713 de‘

501 2740 685 2794 bebat.
719 2740 776 2794 In
801 2757 909 2812 quo
941 2759 1075 2801 vase
1100 2761 1290 2815 parum
1338 2750 1556 2818 quidem
1600 2751 1703 2805 olei
1737 2763 2093 2818 remanserat,

503 2830 711 2901 majore
733 2832 851 2901 ejus
871 2845 1027 2904 parte
1055 2838 1108 2891 in
1145 2838 1466 2910 lychnorum
1515 2841 1721 2897 lumine
1751 2853 2091 2913 consumpta.

505 2937 627 2976 cum
653 2934 877 2994 repente
899 2927 1070 2998 οωρίῑ
1096 2943 1360 2994 crescere,
1393 2940 1451 2985 et
1504 2930 1652 2986 nullo
1696 2932 2018 3002 inspiciente
2040 2934 2095 2988 in

500 3014 677 3082 majus
705 3017 917 3089 augeri,
965 3018 1139 3076 donec
1184 3036 1247 3078 os
1277 3022 1423 3078 vasis
1451 3037 1711 3080 crescens
1747 3023 1922 3079 oleum
1954 3036 2094 3080 exte-'

2208 467 2272 508 se
2300 454 2440 508 intra
2470 453 2616 510 vasis
2641 454 2922 526 angustias
2961 453 3139 525 liquor
3164 454 3423 511 divinitus
3450 464 3625 512 auctus
3662 473 3730 513 et-

2209 552 2385 613 peret,
2416 560 2481 600 ac
2522 546 2774 615 guttatim
2809 545 2863 601 in
2895 555 3096 601 terram
3120 545 3333 611 ﬂueret,
3358 546 3580 603 clericus
3601 548 3733 603 eccle-

2205 635 2301 692 sia:
2327 636 2496 706 ipsius
2524 646 2711 694 custos
2731 638 2835 693 hoc
2863 638 3014 694 solus
3040 639 3447 705 animadvertit,
3473 649 3527 695 et
3543 641 3733 711 subjects

2206 744 2334 785 vase
2381 730 2575 796 altero,
2623 731 2765 786 intra
2813 747 3013 801 paucos
3035 732 3152 787 dies
3195 732 3263 786 ad
3293 748 3461 787 unum
3492 735 3734 791 sextarium

2205 823 2440 894 collegit,
2467 823 2764 894 furtimque
2784 825 3097 889 abscondit;
3124 837 3319 894 putans
3342 824 3526 879 iul’elix
3546 826 3735 881 divinant

2205 915 2522 970 miraculum
2586 916 2900 985 cupiditatis
2955 931 3066 970 suae
3126 914 3242 970 fore
3303 915 3676 985 compendium,
3698 924 3735 969 ct

2206 1006 2349 1060 unde
2377 1005 2761 1075 providebatur
2789 1005 3044 1061 omnibus
3070 1005 3454 1076 patrocinium,
3486 1005 3599 1061 inde
3624 1005 3733 1061 clan~

2202 1095 2559 1152 destinnmse
2601 1111 2761 1175 posse
2810 1098 3041 1152 credidit
3092 1097 3352 1166 perlicere
3400 1096 3614 1151 furtum.
3657 1095 3736 1151 Sed

2202 1187 2474 1251 Christus,
2503 1189 2596 1259 qui
2644 1200 2863 1245 sanctos
2914 1203 3042 1244 suos
3090 1189 3389 1246 miriﬁcare
3419 1191 3555 1260 apud
3595 1203 3739 1243 omnes

2202 1282 2544 1349 decreverat,
2580 1298 2688 1338 non
2714 1283 2803 1338 ditt
2835 1283 3085 1354 permisit
3120 1283 3310 1345 latere,
3350 1281 3440 1336 vel
3491 1281 3622 1336 illius
3661 1297 3735 1351 pu-

2201 1372 2439 1428 dendum
2464 1372 2696 1438 facinus,
2718 1373 2801 1427 vel
2823 1374 2967 1444 quod
2988 1374 3056 1428 ad
3086 1388 3305 1429 suormn
3333 1380 3621 1442 martyrum
3656 1370 3740 1440 διο·

2203 1463 2342 1518 riam
2370 1463 2677 1519 contulerat
2731 1478 2947 1518 munus.
3001 1462 3139 1518 Nam
3167 1461 3404 1532 quadam
3435 1460 3523 1514 die
3545 1459 3739 1522 dornum,

3824 942 3835 1035 i

3828 1310 3836 1385 l

2200 1571 2322 1627 qua:
2346 1556 2581 1612 basilicae
2602 1557 2860 1622 adhmret,
2894 1557 2945 1611 in
2968 1571 3072 1626 qua
3098 1556 3261 1611 etiam
3298 1553 3644 1610 Suessonicus
3660 1553 3741 1620 epi~
3830 1578 3839 1627 ς

2204 1663 2424 1718 scopus,
2454 1664 2578 1704 cum
2607 1649 2735 1704 illuc
2759 1650 2970 1704 accedit
2995 1663 3215 1704 manere
3240 1647 3545 1710 consuevit,
3566 1645 3741 1715 preshy-
3832 1626 3841 1703 ἶ

506 1737 612 1791 tuit
637 1738 844 1792 sanctis
871 1740 1202 1810 martyribus
1237 1756 1336 1810 pro
1373 1754 1439 1795 eo
1478 1741 1641 1805 datis,
1672 1742 1829 1796 morti
1880 1742 2095 1812 quidem
2133 1733 2175 1793 Β
2204 1749 2290 1794 ter
2320 1740 2505 1794 nescio
2556 1739 2685 1810 quid
2743 1754 2921 1794 causa:
2951 1738 3135 1802 fuerit,
3188 1737 3490 1808 ingressus,
3523 1734 3643 1788 vidit
3671 1749 3741 1786 ras

2204 1830 2331 1884 illud
2359 1830 2481 1885 oleo
2509 1828 2864 1900 superﬂuere,
2890 1838 2947 1885 et
2971 1831 3203 1884 miratur
3225 1828 3370 1883 unde
3397 1827 3490 1881 illa
3515 1834 3648 1880 esset
3662 1824 3741 1879 olei

2202 1921 2380 1991 copia,
2410 1936 2535 1976 eum
2584 1921 2696 1977 illic
2728 1936 2952 1992 perraro
2980 1920 3282 1991 hujnsmodi
3339 1918 3571 1973 inveniri
3615 1916 3746 1988 posit
3838 1934 3845 1975 τι

2202 2014 2403 2084 liquor,
2449 2016 2616 2085 coepit
2672 2015 3016 2085 percunctari
3066 2014 3328 2069 clericum
3362 2013 3501 2066 tanti
3548 2010 3745 2065 criminis

2201 2103 2500 2169 conscium,
2529 2105 2684 2175 cujus
2728 2112 2874 2161 esset
2898 2103 3100 2168 oleum,
3131 2113 3225 2158 aut
3268 2103 3397 2172 quis
3426 2102 3555 2157 illud
3579 2102 3640 2155 ibi
3674 2101 3745 2153 de-

2201 2195 2489 2265 posuisset.
2515 2194 2622 2251 Sed
2642 2211 2764 2250 cum
2787 2195 2875 2250 ille
2896 2195 3119 2259 diceret,
3143 2195 3356 2250 nescire
3380 2210 3443 2249 se
3466 2194 3600 2249 unde
3620 2204 3745 2254 esset.

2199 2287 2374 2356 pueri,
2402 2287 2493 2355 qui
2538 2287 2604 2340 ad
2647 2286 2934 2341 discendos
2963 2284 3201 2354 psalmos
3250 2285 3457 2340 ibidem
3490 2283 3749 2339 residebant

2199 2385 2252 2431 et
2280 2392 2393 2431 rem
2429 2391 2645 2431 omnem
2673 2386 2960 2441 noverant,
2998 2375 3692 2447 indicaveruntTpresbytem
3711 2383 3751 2427 et

2202 2470 2402 2527 factum
2435 2471 2755 2527 miraculum
2799 2481 2855 2527 et
2875 2472 3118 2527 custodis
3144 2473 3368 2526 furtum.
3394 2472 3493 2526 Ille
3520 2473 3613 2527 hoc
3634 2469 3751 2524 audi-

2202 2573 2254 2618 to
2282 2564 2391 2619 cito
2419 2564 2487 2619 ad
2512 2579 2608 2620 vas
2631 2564 2774 2633 quod
2809 2564 2964 2634 juxta
2993 2563 3164 2619 altare
3208 2566 3392 2619 stabat
3450 2563 3683 2627 recurrit,
3711 2570 3751 2614 et

2197 2656 2566 2726 pavimentum
2593 2655 2771 2713 adhuc
2795 2655 2900 2710 olei
2920 2655 3286 2709 exundatione
3311 2655 3543 2709 madens
3566 2651 3749 2707 invenit.

2198 2751 2443 2820 Cumque
2464 2752 2783 2805 immensum
2808 2749 2862 2803 in
2887 2749 3090 2803 sanctis
3118 2748 3230 2803 suis
3249 2746 3582 2819 gloriﬁcaret
3597 2745 3748 2801 Deum.

2197 2841 2338 2897 alius
2362 2842 2582 2911 quidam
2615 2840 2682 2894 de
2722 2839 3038 2896 custodibus
3067 2839 3286 2894 advenit
3309 2848 3367 2893 et
3397 2835 3668 2893 confessus
3689 2843 3753 2887 est

2197 2947 2256 2987 se
2278 2948 2532 3004 magnam
2565 2941 2775 3003 partem
2825 2930 2929 2985 olei
2979 2930 3171 3000 ipsius,
3202 2929 3349 2985 nullo
3381 2938 3547 2993 teste,
3583 2926 3751 2983 tulisse.

2196 3034 2252 3077 et
2278 3024 2368 3079 ubi
2394 3023 2584 3090 voluit,
2610 3030 2668 3077 et
2694 3022 2838 3077 sicut
2862 3020 3035 3076 voluit
3053 3020 3400 3091 expendisse.

509 3184 3747 3232 mm

1276 3372 1547 3489 AUC
1567 3370 2115 3489 TABIUM
2201 3375 3010 3493 FLODOARDI

608 3591 716 3652 Ex
749 3590 959 3654 codice
993 3591 1376 3674 Igniaccnsi.
1414 3592 1526 3671 qui
1557 3592 1833 3653 continet
1869 3591 2643 3732 Breviariumdiv‘lodaardi
2672 3595 2855 3658 libris
2890 3595 3136 3659 duobus
3176 3600 3673 3680 comprehensum

1878 3690 2017 3732 cum
2044 3690 2245 3732 annm
2294 3691 2402 3732 rce.

1878 3690 2017 3732 cum
2044 3690 2402 3751 appenarce.

1509 3832 1671 3898 (Apud
1696 3832 1885 3895 Lahbe,
1909 3832 2144 3884 Bibliotb.
2171 3846 2307 3894 mss,
2332 3840 2448 3885 tom.
2480 3833 2546 3897 ll,
2571 3848 2617 3899 p.
2646 3836 2780 3899 56.1.)

575 4131 730 4203 (Post
751 4134 1073 4205 epitaphium
1097 4131 1351 4188 Fulconis
1367 4134 1617 4205 episcopi,
1638 4134 1733 4189 lib.
1755 4150 1830 4199 ιν,
1857 4150 1976 4205 cap.
2005 4134 2093 4206 8):
2124 4140 2168 4201 C
2202 4144 2328 4191 nota
2356 4136 2645 4191 conVentio
2668 4136 2847 4191 habita
2891 4136 3036 4192 inter
3066 4138 3362 4195 canonicos
3382 4150 3589 4196 sancta:
3615 4138 3769 4194 Maria:

503 4223 748 4293 Denique
787 4221 1137 4278 Winemarus
1177 4224 1295 4294 ejus
1337 4225 1726 4294 interemptor,
1757 4232 1885 4287 etc.,
1934 4240 2096 4297 usque

505 4313 701 4369 linivit.
753 4315 824 4369 At
851 4328 980 4369 vero
1004 4314 1264 4384 praefatus
1295 4314 1463 4370 Fulco
1518 4324 1705 4385 utpote
1743 4316 1831 4369 vir
1856 4317 2093 4386 sapiens,

504 4403 785 4474 Deumque
841 4404 1038 4459 timens
1087 4413 1471 4460 testamentum
1516 4421 1673 4461 suum
1718 4407 1832 4477 jam
1891 4408 2094 4462 dudum

501 4496 874 4559 ordinaverat,
921 4505 978 4550 et
1031 4496 1098 4551 de
1147 4496 1271 4567 jure
1318 4498 1629 4568 patrimonii
1657 4499 1740 4552 sui
1772 4498 2095 4567 quibusdam

501 4587 748 4645 ccclesiis
799 4587 1175 4654 distribuerat,
1206 4591 1348 4645 inter
1392 4606 1527 4661 quas
1558 4591 1814 4646 Ecclesiae
1844 4590 2096 4647 Remensl

503 4699 603 4753 pro
633 4682 828 4737 animae
853 4696 965 4736 sua:
996 4682 1239 4736 remedio
1268 4682 1446 4738 villam
1493 4680 1812 4739 Nemincum
1843 4699 1962 4753 qua:
1993 4684 2094 4737 sita

501 4783 587 4827 cst
612 4772 668 4826 in
684 4773 999 4842 episcopatu
1023 4770 1369 4829 Noviomensi
1396 4775 1646 4840 contulit,
1667 4776 1825 4845 cujus
1856 4774 2098 4829 redditus

506 4881 605 4936 pro
651 4864 794 4920 illius
839 4865 1104 4919 memoria
1152 4867 1433 4919 annuatim
1478 4866 1763 4921 recole-uda
1818 4865 2097 4921 canonicis

507 4957 869 5014 liemcnsibus
888 4957 1222 5013 dividuntur.
1252 4959 1329 5014 De
1367 4960 1522 5029 cujus
1562 4961 1725 5014 etiam
1768 4959 1910 5014 villa:
1931 4974 2098 5015 censu

505 5048 759 5104 canonici
811 5048 1202 5105 Noviomcnses
1227 5051 1426 5107 habent
1460 5052 1684 5124 singulis
1710 5054 1868 5108 annis
1895 5053 2099 5109 solidos

2199 4228 2488 4284 Remcusis
2537 4244 2601 4284 ac
2650 4244 2852 4284 sancta:
2892 4229 3076 4285 Maria:
3117 4230 3500 4289 Noriomensis
3530 4234 3599 4289 de
3634 4230 3769 4288 tertia

2200 4326 2355 4388 parte
2386 4317 2522 4372 villa":
2558 4332 2679 4388 qua:
2722 4318 2923 4373 dicitur
2947 4318 3214 4375 Bidricus.
3260 4319 3579 4379 llarduinus
3603 4323 3770 4378 Novio-

2200 4409 2403 4462 meusis
2427 4408 2669 4462 ecclesiae
2699 4410 3137 4479 archidiaconus,
3172 4422 3361 4483 postea
3390 4418 3576 4469 autem
3598 4414 3771 4482 Lingo-

2201 4501 2385 4554 nensis
2405 4499 2579 4555 factus
2602 4502 2908 4573 episcopus,
2940 4503 3109 4573 ipsam
3142 4507 3360 4560 tertiam
3413 4519 3628 4576 partem
3653 4504 3773 4559 villae

2202 4591 2545 4658 supradicttc,
2580 4606 2701 4661 qua:
2740 4593 2840 4647 sibi
2885 4609 2913 4647 a
2963 4596 3278 4662 parentibus
3300 4598 3427 4667 jure
3456 4598 3773 4655 btereditatis

2201 4689 2460 4744 cesserat,
2510 4681 2767 4736 fratribus
2793 4683 3042 4739 ecclesia:
3089 4683 3469 4742 Noviomensis
3499 4704 3601 4758 pro
3624 4702 3777 4742 resne-

2200 4769 2290 4823 dio
2339 4769 2534 4824 anima:
2564 4786 2673 4825 sua-
2700 4771 3022 4838 contulerat,
3075 4790 3238 4844 quam
3261 4777 3391 4832 dum
3419 4778 3581 4848 longe
3606 4778 3775 4834 remeti

2203 4869 2473 4928 tenerent,
2506 4864 2788 4932 praedones
2835 4867 3072 4936 regionis
3109 4884 3207 4938 per
3235 4870 3552 4927 invasiones
3573 4873 3778 4926 crebras

2202 4959 2365 5021 atque
2384 4954 2746 5023 praedationes
2798 4956 3145 5012 vehementer
3192 4962 3498 5015 vastabant.
3546 4962 3664 5029 Qua
3703 4977 3782 5014 ne-

2202 5041 2459 5097 cessitate
2486 5044 2771 5115 compulsi,
2804 5048 2900 5100 sed
2935 5061 2993 5101 et
3019 5064 3049 5101 a
3085 5048 3350 5106 fratribus
3374 5050 3665 5107 Bernensis
3703 5064 3779 5106 ec-

2204 5132 2377 5156 -I-----
2440 5152 2485 5156 --
2514 5153 2631 5156 μκνκ-
2685 5138 2742 5156 9.9
2800 5153 2809 5155 _
2844 5141 2857 5156 l
2888 5136 2931 5156 ll!

3840 2122 3846 2175 l
