3904 5396
581 280 681 336 381

1333 287 1748 345 COLVENEBII
1791 291 2077 348 SCllOLlA
2121 296 2185 350 lN
2221 298 2404 355 lllST.
2446 303 2743 364 REMENS.
2788 310 3066 368 ECCLES.
3717 328 3801 385 53!

536 375 552 390 ’
584 395 724 450 male
763 395 954 467 legitur
982 395 1213 450 Licinius
1235 437 1251 462 ,
1299 408 1358 452 ut
1377 399 1536 502 'doeti
1566 402 1909 458 adnotarunt.
1939 403 2160 461 Servius
2186 419 2235 475 Α
2264 410 2409 485 Orig.
2439 431 2555 485 pro,
2588 435 2689 474 non
2716 421 2974 489 fecissent.
3005 427 3071 482 Et
3096 429 3255 499 paulo
3281 440 3398 502 post
3423 452 3436 488 :
3473 433 3555 489 Eo
3577 437 3640 492 de
3659 444 3804 497 media

581 490 669 544 ubi
721 505 878 559 supra
929 490 996 543 ad
1050 503 1264 544 versum
1308 507 1322 544 :

567 1034 678 1120 lin:
701 1032 795 1087 lib.
820 1048 916 1086 vm
943 1032 1203 1087 Aineidos
1231 1032 1331 1086 sub
1360 1032 1545 1086 linem.

638 1125 793 1178 Urbis
817 1133 989 1177 autent
1020 1133 1210 1177 nostra:
1240 1137 1422 1176 nomen
1448 1122 1858 1176 Durocortorum
1879 1123 2142 1194 quondam

563 1220 779 1273 dictant.
827 1217 900 1273 Ita
931 1217 1035 1271 hoc
1067 1215 1184 1270 loco
1214 1223 1269 1269 et
1310 1214 1446 1268 infra
1489 1229 1702 1282 semper
1745 1214 1930 1283 legunt
1956 1229 2140 1269 exem-

557 1311 730 1381 plaria
757 1309 815 1372 C,
846 1307 896 1362 Μ
917 1315 970 1363 et
991 1305 1041 1370 .l,
1067 1321 1164 1377 pro
1199 1320 1305 1374 quo
1337 1304 1393 1358 S.
1429 1306 1626 1374 ubique
1656 1304 1932 1359 substituit
1963 1303 2137 1357 Duro-

553 1412 795 1467 cortum;
824 1399 966 1470 quod
987 1399 1181 1467 legitur
1206 1395 1420 1466 quidem
1446 1396 1740 1464 vulgariter
1768 1395 1820 1447 in
1845 1402 1990 1448 textu
2015 1393 2140 1448 Julii

557 1500 786 1555 Caesaris
817 1498 932 1552 loco
956 1496 1043 1550 hic
1074 1494 1323 1563 allegato.
1357 1490 1554 1545 Verum
1582 1490 1803 1544 Fulvius
1835 1489 2061 1545 Ursinus
2085 1489 2140 1543 in

555 1591 670 1646 suis
696 1571 1162 1644 emendationibus
1193 1590 1423 1638 testatur
1448 1581 1502 1635 in
1533 1581 1669 1636 libro
1692 1595 1789 1634 suo
1815 1595 1843 1632 a
1869 1581 2140 1634 sexcentis

553 1697 690 1752 pene
731 1679 886 1734 annis
928 1676 1268 1746 conscripto,
1307 1681 1362 1728 et
1389 1673 1494 1727 alio
1524 1673 1708 1727 codice
1744 1671 2004 1726 Vaticano
2035 1670 2138 1741 legi

549 1776 999 1835 Durocortorum,
1039 1767 1308 1838 quomodo
1333 1774 1389 1820 et
1419 1764 1742 1819 Ptolomaeus
1782 1764 1908 1834 legit
1947 1775 2135 1838 Δονρο-
2165 1756 2209 1816 Β

547 1868 804 1944 κόρτορον.
849 1863 1046 1918 Eadem
1077 1860 1235 1914 lectio
1258 1858 1515 1928 probatur
1543 1871 1609 1910 ex
1635 1856 1876 1921 Ethice,
1908 1864 1962 1909 et
1984 1871 2130 1909 corn-

546 1955 812 2012 mentario
843 1951 1152 2022 Hieronymi
1176 1949 1373 2004 Surittc
1393 1949 1458 2003 ad
1485 1948 1823 2002 ltinerarium
1846 1946 2127 2011 Antonini,

543 2058 600 2101 et
627 2063 693 2102 ex
723 2047 1012 2100 llincrnaro
1031 2043 1188 2112 epist.
1217 2040 1270 2105 6,
1294 2041 1435 2095 inter
1456 2054 1550 2093 eas
1573 2053 1691 2108 quae
1714 2053 1744 2092 a
1767 2037 1829 2090 R.
1859 2037 1916 2092 Ρ.
1938 2037 2128 2093 Busaeo

485 2179 488 2182 .
542 2141 702 2194 editm
731 2148 880 2202 sunt,
909 2153 959 2192 c.
985 2138 1072 2190 l8.
1100 2135 1292 2190 Petrus
1325 2133 1554 2198 Divaeus,
1582 2141 1636 2185 et
1662 2130 2002 2186 Abrahamus
2027 2129 2128 2186 Or-

541 2233 700 2286 tclius
746 2231 797 2284 in
841 2245 939 2284 suo
984 2228 1262 2283 Thesauro
1303 2224 1676 2294 Ceographico
1719 2222 2124 2277 Durocottorum

540 2323 804 2381 scribunt,
855 2326 1059 2373 mutata
1090 2317 1269 2372 littera
1298 2332 1324 2369 r
1346 2331 1398 2370 in
1426 2323 1467 2368 t.
1905 2311 1919 2324 '

617 2409 848 2464 Vastatis
885 2407 1197 2478 regionibus,
1238 2406 1520 2459 exercitum
1541 2403 1739 2460 Ctesar.
1774 2402 1865 2459 Sic
1890 2402 2036 2472 Orig.
2068 2409 2124 2456 et

534 2502 595 2565 (Ι,
627 2488 725 2571 pro
762 2514 867 2569 quo
905 2497 998 2552 MS
1043 2495 1071 2551 ,Ι
1117 2496 1255 2550 male
1301 2495 1485 2565 legunt
1515 2495 1666 2565 fartis
1705 2493 2021 2564 legionibus,
2063 2500 2123 2546 ut

533 2593 808 2646 declarant
835 2604 898 2644 ea
923 2604 1042 2658 qua:
1068 2587 1120 2642 in
1148 2586 1358 2642 Caesare
1381 2587 1712 2656 prmcedunt.

606 2681 851 2733 dimicas
905 2679 1064 2731 etiam
1126 2677 1177 2730 in
1235 2675 1645 2745 tiosmograpltia
1709 2675 1784 2728 sic
1842 2682 2118 2728 memorat.

536 2771 707 2825 Verba
731 2784 850 2838 quae.
873 2769 1003 2821 citat
1026 2767 1279 2836 leguntur
1300 2765 1352 2819 in
1383 2765 1670 2818 ltinerario
1696 2763 2116 2833 provinciarum,

529 2862 669 2932 qttod
693 2858 964 2914 Antonino
994 2857 1258 2925 Augusto,
1284 2856 1417 2910 alias
1441 2854 1714 2908 Antonino
1743 2854 1871 2922 imp.
1902 2853 2119 2907 ascribi-

531 2966 639 3016 tur,
667 2962 722 3006 et
749 2952 801 3005 in
825 2949 1060 3005 editione
1084 2947 1381 3002 Basilcensi
1413 2945 1546 2999 1575
1570 2944 1769 2999 ,ΕΗιὶοἰ
1793 2943 2120 3014 Cosmogra-

526 3047 668 3116 phia:
695 3041 1056 3113 subiungitur,
1077 3049 1265 3108 estque
1289 3037 1580 3093 verisimile
1609 3035 1885 3092 Ethicum
1915 3037 2115 3099 utrius-

526 3099 632 3208 lim:
669 3099 944 3192 auctorem
986 3148 1122 3188 esse.
1160 3131 1419 3186 V'ideatur
1446 3129 1688 3200 praefatio
1718 3129 1874 3183 dictae
1916 3127 2108 3182 editio-
2140 3099 2184 3162 C

524 3229 628 3284 nis.
673 3225 1106 3297 Cosmographim
1152 3222 1354 3277 {Ethici
1399 3221 1708 3292 philosophi
1757 3219 2005 3274 meminit
2045 3217 2105 3272 S.

524 3319 829 3375 Everardus
861 3316 1192 3372 Cisoniensis
1225 3315 1275 3368 id
1301 3329 1400 3369 suo
1425 3320 1768 3368 testamento.

595 3413 669 3468 ιι.
699 3410 763 3464 Ρ.
793 3411 864 3464 Μ.
908 3409 984 3464 Ita
1024 3409 1222 3476 ubique
1261 3405 1536 3482 exemplar
1582 3413 1824 3458 nostrum
1857 3401 1926 3456 Μ.
1955 3401 2108 3470 Quod

519 3506 657 3576 lcgc,
683 3502 850 3557 millia
887 3501 1003 3572 plus
1046 3502 1238 3564 minus,
1267 3497 1350 3552 vel
1377 3497 1554 3566 potius
1578 3535 1593 3561 ,
1636 3495 1803 3549 millia
1833 3511 2104 3564 passuum,

520 3606 578 3650 ut
611 3595 722 3648 vult
748 3593 1109 3662 Hieronymus
1133 3591 1318 3645 Surita
1353 3589 1504 3642 initio
1531 3588 1612 3642 sui
1642 3586 2027 3642 Commentarii
2053 3586 2104 3640 in

513 3686 624 3754 jam
653 3685 854 3740 dictum
901 3680 1240 3736 ltinerarium
1261 3719 1274 3744 ,
1316 3679 1558 3733 refutans
1584 3677 1744 3731 aliam
1778 3677 2107 3745 interpreta-

519 3778 717 3829 tionem
748 3791 760 3826 :
793 3773 944 3840 Quod
978 3771 1210 3840 liquido,
1248 3769 1456 3840 inquit,
1485 3767 1809 3822 conﬁrmare
1835 3767 2106 3835 possimus

513 3869 628 3920 vias
655 3880 749 3920 eas
781 3863 941 3918 certis
988 3871 1042 3916 et
1089 3861 1462 3916 constantibus
1493 3858 1727 3928 lapidum
1757 3857 2103 3913 dimensioni-

511 3959 614 4011 bus
642 3957 811 4011 fuisse
837 3956 1150 4016 tlemetatas.
1183 3951 1289 4005 Pro
1320 3965 1425 4021 quo
1456 3958 1508 4005 et
1541 3949 1844 4021 illudll‘aeit,
1877 3949 2020 4018 quod
2048 3949 2099 4002 in

514 4051 630 4117 ipso
652 4047 940 4103 ltinerario
962 4061 1068 4099 uon
1096 4044 1342 4112 legantur
1362 4040 1624 4112 nisiduml
1641 4041 1813 4095 itterte
1839 4039 1912 4094 Μ.
1940 4037 2100 4093 P.-——J

514 4141 781 4196 distinctis
821 4139 1037 4208 punctis
1084 4136 1260 4207 posuit
1303 4135 1370 4189 Μ.
1409 4135 1470 4188 Ρ.
1513 4133 1608 4199 Μ..
1655 4134 1853 4188 omissa
1891 4131 2096 4202 virgula

513 4230 903 4302 superjacente.

583 4320 718 4374 Item
744 4338 776 4374 a
803 4319 1159 4374 Durocortoro
1191 4318 1530 4383 Dirodorum,
1562 4326 1615 4373 et
1637 4319 1795 4387 paulo
1824 4327 1967 4388 post,
2006 4317 2096 4372 Di-

1372 490 1620 561 Ignavum
1675 495 1861 563 fucos,
1911 496 2151 550 nominat

579 577 815 632 Marcum
864 577 1162 633 zEmilium.
1225 579 1379 646 Quod
1428 595 1558 634 vero
1609 582 1674 636 de
1729 583 2011 638 anseribus
2063 585 2150 639 hic

574 669 934 738 subjungitur,
964 676 1234 738 sumptum
1265 677 1437 724 estex
1463 670 1651 724 eodem
1677 670 1864 726 lsidori
1897 672 2032 737 loco,
2056 674 2147 728 ubi

571 761 638 813 de
663 759 926 829 Capitolio
950 774 1046 828 per
1072 774 1291 814 anseres
1316 768 1530 814 servato
1569 761 1700 816 citat
1738 761 1947 814 Livium
1973 801 1987 826 ,
2024 761 2148 815 Plu-

572 850 816 906 larchum
845 859 900 904 et
927 850 1163 906 Florum.
1190 849 1396 918 Quibus
1422 851 1544 905 addi
1568 860 1747 922 potest
1771 851 1973 905 Plinius
1996 851 2087 906 lib.
2111 868 2145 905 ι

567 943 708 998 Hist.
745 940 894 1007 Nat.,
919 942 1158 1016 cap.2“2,
1188 951 1244 997 et
1269 943 1363 996 lib.
1391 958 1519 996 xxix
1539 982 1552 1008 ,
1583 957 1636 996 c.
1659 943 1712 1006 5,
1742 950 1797 997 et
1827 943 1941 1012 ipse
1971 941 2146 1012 Virgi-

2253 517 2416 573 nocte,
2452 524 2569 576 pro,
2598 527 2657 564 eo
2679 513 2762 568 die
2789 519 2958 570 media
2983 529 3150 574 nocte.

2322 597 2388 650 Et
2412 599 2596 654 docilis
2623 614 2791 656 rector
2821 610 3030 662 rostrati
3062 609 3224 681 Belga
3247 615 3434 670 covini.
3464 615 3540 671 Ita
3567 617 3622 672 in
3645 617 3682 673 S
3707 636 3803 675 cor.

2249 700 2453 746 rectum
2491 709 2553 748 ex
2585 694 2732 766 Orig.
2758 698 2882 768 [quo
2911 704 3068 767 modo
3101 713 3157 758 et
3189 705 3218 760 Ι
3248 707 3394 779 legit.
3423 728 3544 766 cum
3578 713 3648 768 Μ.
3686 716 3803 784 legat

2247 785 2520 836 monstrati
2543 785 2765 856 Belgaco
2798 791 2948 845 vinci.
2981 792 3038 846 ιιι
3067 793 3304 865 Corpore
3330 798 3618 856 Poetarum
3636 845 3652 868 ,
3679 807 3802 861 edita

2247 871 2486 942 Lugduni
2513 879 2681 943 1603,
2715 879 2907 950 legitur
2933 900 3147 955 quoque
3174 892 3448 945 monstrati
3479 904 3536 948 et
3565 895 3617 948 in
3650 899 3801 965 primo

2245 976 2404 1019 versu
2433 967 2584 1021 Aturi
2624 984 2723 1038 pro
2757 970 2962 1043 Satyri,
2995 991 3116 1031 cum
3145 995 3270 1034 vera
3300 981 3480 1048 lectio,
3515 994 3577 1038 ut
3603 987 3654 1041 in
3683 987 3801 1045 The-

2242 1331 2422 1388 l‘alcati
2450 1351 2652 1404 genus,
2683 1353 2790 1408 quo
2827 1340 3070 1399 Britanni
3110 1355 3165 1401 et
3203 1346 3340 1404 Galli
3377 1350 3434 1404 in
3471 1351 3672 1421 prazliis
3702 1365 3797 1409 ute-

2241 1424 2454 1480 bantur.

2852 1523 3078 1582 CAPUT
3111 1527 3197 1584 lll.

2312 1608 2368 1663 S.
2399 1608 2653 1667 Sinicium
2693 1615 2923 1671 videlicet
2962 1619 3284 1677 Suessonicw
3311 1625 3450 1680 sedis
3484 1626 3683 1695 primo.
3719 1646 3794 1683 που

2239 1711 2405 1755 strum
2427 1715 2602 1771 postea
2625 1708 2916 1775 privsnlem.
2948 1710 3012 1764 Et
3034 1713 3170 1767 inl‘ra
3196 1714 3561 1772 Suessonicam
3585 1728 3640 1773 et
3659 1718 3793 1773 Sues-

2235 1794 2368 1845 som’.
2399 1794 2524 1848 Haec
2546 1805 2632 1850 est
2659 1800 2810 1866 quasi
2837 1812 3090 1870 perpetua
3120 1804 3277 1860 lectio
3298 1809 3621 1878 antiquioris
3641 1827 3792 1866 exemo

2231 1882 2396 1952 plaris
2432 1885 2510 1951 Μ,
2549 1904 2709 1957 quant
2741 1889 2778 1943 S
2821 1892 3017 1962 ubique
3054 1899 3280 1952 mutavit
3326 1901 3508 1954 addita
3555 1901 3724 1957 littera
3759 1905 3790 1967 i,

2231 1973 2552 2045 scripsitque
2589 1976 2932 2034 Suessionica:
2960 1992 3015 2036 et
3042 1983 3312 2040 Suessioni
3337 2028 3352 2052 ,
3393 1998 3501 2043 etc.
3536 1991 3640 2045 Sed
3669 1992 3790 2046 anti-

2230 2077 2392 2131 quam
2423 2068 2658 2121 retinere
2703 2069 2936 2138 placuit,
2961 2088 3026 2126 eo
3055 2075 3197 2144 quod
3244 2078 3620 2146 probationem
3657 2097 3787 2136 suam

2229 2151 2424 2206 habeat
2453 2170 2517 2209 ex
2548 2156 2862 2223 Ptolomaeo,
2891 2160 3110 2218 IEthico
3152 2173 3207 2219 et
3253 2165 3392 2230 aliis,
3435 2178 3599 2238 atque
3647 2171 3785 2225 etiam

2225 2258 2292 2298 ex
2318 2244 2522 2302 Gallica
2550 2239 2680 2304 voce
2711 2250 2956 2307 Soissons
2981 2294 2996 2319 ,
3036 2258 3246 2312 tametsi
3287 2261 3676 2328 posterioribus
3707 2276 3787 2316 Ste-

2223 2333 2359 2387 culis
2388 2334 2488 2388 alia
2523 2338 2886 2406 situsitatior,
2915 2358 3034 2411 qua:
3063 2345 3115 2398 in
3140 2345 3282 2401 Julio
3305 2347 3517 2403 Caesare
3542 2351 3785 2404 interdum

2224 2425 2513 2492 reperitur.
2548 2426 2656 2481 Nec
2679 2429 2845 2484 refert
2873 2441 3052 2486 utrum
3083 2435 3184 2490 hoc
3208 2451 3274 2490 an
3303 2437 3392 2492 illo
3428 2440 3586 2494 modo
3620 2441 3787 2495 ellcra-

2225 2519 2329 2565 tur.
2380 2512 2644 2569 Caeterum
2692 2519 2890 2574 veritas
2941 2521 3176 2578 historiae
3221 2525 3308 2581 hic
3355 2537 3590 2584 narrata:
3632 2545 3694 2584 ex
3732 2545 3786 2584 eo

2220 2601 2574 2657 conﬁrmatur
2596 2606 2739 2674 quod
2771 2606 2827 2661 S.
2859 2608 3045 2664 Sixtus
3069 2623 3124 2666 et
3149 2612 3205 2668 S.
3239 2615 3476 2671 Sinicius
3501 2617 3589 2688 (de
3611 2620 3784 2688 quibus

2220 2693 2598 2766 Martyrologia
2649 2697 2901 2754 Kalendis
2945 2700 3299 2774 Septembris)
3337 2716 3612 2776 ponantur
3645 2710 3779 2778 primi

2219 2784 2272 2838 in
2310 2786 2553 2856 catalogo
2597 2788 2971 2858 episcoporum
3023 2791 3506 2862 Suessonensium,
3560 2798 3696 2852 sicut
3735 2809 3781 2852 et

2217 2872 2600 2942 Remensium,
2634 2887 2691 2930 ut
2717 2879 2900 2933 videre
2925 2890 3009 2934 est
3035 2882 3090 2935 in
3124 2883 3316 2939 tabulis
3341 2884 3562 2940 Antonii
3613 2886 3781 2940 Demo-

2217 2963 2419 3030 charis,
2451 2967 2540 3020 ubi
2570 2965 2874 3022 referuntur
2896 2972 3213 3041 martyrium
3253 2977 3395 3043 passi
3437 2977 3538 3030 sub
3566 2975 3778 3040 Nemee.

2217 3055 2356 3108 sicut
2384 3064 2437 3110 et
2467 3057 2756 3113 Amansius
2789 3059 2979 3115 horum
3010 3077 3310 3119 successor.
3343 3065 3523 3136 Atque
3567 3069 3636 3123 ob
3677 3083 3780 3122 eam

2215 3158 2456 3210 causam,
2483 3155 2618 3202 teste
2643 3151 2829 3204 eodem
2862 3152 3214 3219 Demochare,
3244 3158 3528 3228 episcopus
3557 3159 3783 3216 Suessio-

2213 3236 2398 3290 nensis
2424 3239 2654 3307 primum
2687 3241 2862 3295 locum
2894 3244 3102 3299 obtinet
3130 3247 3270 3301 inter
3290 3248 3663 3319 sulfraganeos
3681 3252 3779 3320 epi-

2210 3339 2401 3395 scopos
2431 3329 2721 3397 provincia:
2752 3330 3053 3399 Bernensis,
3078 3345 3133 3390 et
3158 3338 3300 3391 inter
3320 3354 3412 3394 eos
3443 3341 3675 3396 decanus
3699 3358 3779 3412 ap-

2210 3420 2458 3490 pellatur,
2491 3423 2828 3493 primamque
2857 3441 3040 3482 vocem
3067 3429 3274 3485 obtinet
3302 3432 3353 3486 in
3391 3433 3778 3489 deliberationi-

2208 3511 2328 3575 bus,
2365 3521 2471 3566 etc.
2505 3529 2517 3565 :
2548 3512 2673 3582 quia
2714 3515 2964 3570 videlicet
3011 3517 3169 3574 iidem
3217 3519 3434 3575 fuerunt
3477 3524 3636 3592 primi
3673 3525 3777 3592 epi-

2207 3604 2354 3672 scopi
2388 3603 2782 3660 Suessonenses
2824 3616 2881 3661 et
2920 3607 3234 3664 Remenses.
3263 3610 3493 3666 Nomina
3523 3629 3651 3668 vero
3679 3615 3776 3684 epi-

2207 3709 2493 3763 sceporurn
2527 3694 2616 3763 qui
2647 3695 2773 3750 olim
2798 3699 3018 3754 subesse
3043 3698 3218 3755 solent
3244 3702 3654 3774 archiepiscopo
3682 3705 3774 3759 Re.

2207 3785 2376 3839 mensi
2409 3786 2522 3840 lucc
2543 3798 2705 3840 sunt:
2736 3789 3162 3857 Sucssionensis,
3191 3793 3627 3864 Catalaunensis,
3654 3799 3773 3854 Lau-

2204 3877 2482 3943 dunensis,
2514 3881 2927 3944 Bellovacensis,
2959 3883 3365 3950 Ambianensis,
3403 3887 3771 3948 Novioduneu-

2203 3968 2308 4032 sis,
2358 3968 2816 4035 Silvanectensis,
2871 3972 3320 4042 Camaracensis,
3369 3978 3767 4044 Atrebatensis,

2203 4057 2563 4116 Tornacensis
2589 4071 2644 4115 et
2679 4061 3014 4116 Morinensis.
3061 4064 3256 4119 Deletis
3285 4077 3467 4121 autem
3501 4068 3720 4125 Morinis
3744 4085 3767 4122 ιι

2199 4149 2392 4205 Carolo
2415 4151 2453 4204 V
2479 4153 2604 4222 imp.
2634 4153 2788 4216 1555,
2813 4154 2967 4208 sedes
2993 4155 3309 4225 episcopalis
3335 4173 3402 4211 ex
3431 4171 3588 4227 parte
3613 4169 3769 4214 trans-

2200 4237 2304 4293 lata
2333 4250 2419 4294 est
2445 4239 2737 4295 Bononiam
2761 4282 2774 4304 ,
2807 4252 3092 4312 manetque
3118 4244 3471 4301 Bononiensis
3499 4249 3768 4319 episc0pus

2198 4331 2370 4386 eidem
2413 4333 2664 4387 Remensi
2711 4335 3122 4403 metropolitano
3172 4337 3465 4405 subjectus.
3497 4339 3604 4396 Sed
3639 4355 3766 4394 anno

512 4411 784 4466 coriorum.
825 4409 1187 4478 Εινοιιιιιὲιιιίιιε
1227 4409 1278 4463 in
1328 4410 1472 4462 (liClO
1511 4409 2096 4493 ltinerario‘scribitur
2127 4451 2172 4508 D
2395 4423 2445 4476 ίη
2479 4425 2753 4478 (ξι-ρειίοηθ
2790 4441 3048 4480 ιιονοιιιιη]
3079 4427 3130 4480 in
3157 4426 3340 4498 Belgi“
3367 4429 3765 4500 episcopatum“

511 4501 858 4564 Divodorum,
893 4502 1164 4570 quomodo
1189 4500 1482 4554 verisimile
1510 4509 1594 4554 est
1618 4501 1851 4555 secundo
1880 4515 2093 4571 quoque

509 4592 627 4646 loco
658 4591 938 4660 legendtun
966 4604 1120 4656 esse,
1161 4589 1237 4643 uti
1277 4589 1407 4660 legit
1445 4587 1494 4643 «Ι.
1538 4589 1663 4645 lltec
1702 4589 1859 4645 hodie
1901 4591 2093 4645 civitas

508 4679 780 4744 Metensis,
811 4689 904 4734 aut
933 4679 1165 4735 Theonis
1193 4679 1315 4733 villa
1343 4695 1462 4734 esse
1496 4681 1752 4734 creditur.

576 4791 710 4845 Item
774 4808 806 4844 a
869 4787 1081 4859 Baga’éo
1153 4789 1516 4844 Nervicorum.
1593 4789 1818 4845 Restitui
1877 4806 1976 4860 pro
2027 4793 2090 4846 ab

506 4881 738 4950 Agracco
773 4895 838 4934 ex
871 4882 1011 4935 dicto
1040 4881 1344 4946 ltiuerario,
1382 4883 1436 4934 in
1483 4895 1591 4950 quo
1638 4892 1815 4937 tamen
1846 4883 2088 4952 quaedam

507 4969 833 5038 exemplaria
867 4970 1046 5038 legunt
1076 4967 1353 5040 Bajacum.
1385 4970 1610 5025 Videtur
1645 4979 1820 5026 autem
1859 4972 2084 5044 intelligi

505 5062 758 5131 oppidum
787 5060 1104 5127 llannouiw,
1133 5062 1276 5132 quod
1309 5071 1436 5116 tunc
1465 5061 1735 5118 Bavacum
1761 5063 1976 5119 dicitur.

1128 5197 1355 5255 CAPUT
1393 5200 1455 5255 ll.

2195 4530 2292 4583 per
2327 4515 2523 4569 bullam
2547 4515 2695 4570 Pauli
2721 4516 2809 4580 ιν,
2843 4517 3130 4572 subtractae
3155 4531 3279 4573 sunt
3303 4535 3331 4574 a
3361 4523 3645 4592 metmpoli
3671 4523 3761 4577 Re-

2198 4607 2366 4660 mensi
2410 4607 2845 4672 Cameracensis,
2889 4607 3258 4664 Atrebatensis
3298 4620 3351 4665 et
3394 4611 3760 4675 Tornacensis,

2194 4707 2249 4751 et
2279 4697 2433 4752 sedes
2460 4699 2866 4754 Cameracensis
2897 4709 3077 4754 erecta
3103 4710 3185 4755 est
3208 4702 3258 4754 in
3283 4704 3761 4772 metropolitanam,

2194 4788 2279 4842 cui
2311 4787 2566 4854 subjecta:
2614 4795 2739 4842 sunt
2778 4787 3160 4843 Atrebacensis
3187 4799 3242 4844 et
3271 4789 3631 4848 Tornacensis
3653 4833 3669 4858 ,
3713 4804 3762 4847 et

2193 4877 2312 4930 alia:
2337 4877 2454 4931 duae
2482 4886 2727 4932 recenter
2749 4886 2964 4937 erectae.
2994 4878 3243 4936 videlicet
3266 4881 3688 4939 Audomarensis
3713 4892 3761 4939 et

2193 4965 2594 5020 Namurcensis.

2261 5056 2336 5108 Ac
2358 5056 2560 5108 beatum
2589 5055 2892 5111 Memmium
2923 5056 3283 5116 Catalaum'ca:
3316 5062 3461 5115 urbis
3499 5074 3751 5116 rectorem.

2191 5143 2288 5198 llic
2311 5142 2760 5216 primus'ponitur
2789 5149 2840 5200 in
2871 5148 3116 5218 catalogo
3141 5151 3611 5208 Catalaunensium
3637 5167 3756 5221 pon-

2191 5233 2392 5264 Ιῖηηησι.
2442 5237 2513 5264 Ιὶη
2546 5253 2604 5264 Α..
2641 5233 2939 5264 Π...κιι.ι..υνι
2971 5239 3401 5264 ὶΙ..-.ι......Ι..-ξ-----
