3904 5396
120 356 215 414 335

1386 354 1450 408 IN
1492 351 1749 408 LIBRUM
1782 351 2069 409 PRIMUM.

3228 324 3370 413 es.

120 470 283 545 plaria
306 476 486 526 nostra
510 467 695 540 legant
724 466 977 525 Sucssoni
1002 466 1057 525 iu
1088 444 1271 524 dativo
1295 508 1309 532 ,
1340 467 1503 523 habet
1529 466 1687 521 Sues-
1714 476 1759 534 Α
1792 481 1911 535 pus,
1940 464 2224 537 Prigcnius
2254 451 2491 530 diacon.,
2536 483 2557 518 ι
2612 475 2668 522 et
2712 442 2765 522 in
2796 465 3039 539 margine
3066 465 3369 538 Betansius,

118 580 274 620 10118.

182 653 403 709 Favebat
428 652 665 723 pignera.
708 652 801 709 Sic
835 652 948 709 fere
986 653 1186 723 ubique
1212 653 1392 708 omnia
1418 651 1690 722 exempla-

119 744 212 806 ria,
256 744 356 799 etsi
401 743 496 798 MS
529 742 557 797 J
598 744 700 799 hoc
727 743 845 800 loco
868 746 1109 815 pignora,
1147 753 1275 810 etc.,
1327 744 1437 798 l'ere
1468 744 1687 812 ubique.

118 835 241 893 illud
268 845 442 892 tamen
468 837 779 906 antiquitati
807 846 1088 891 consonat.
1123 836 1258 890 llinc
1295 836 1464 891 Aldus
1499 836 1690 891 Manu-

120 929 217 984 tius
242 928 296 983 in
325 929 559 998 cpitome
583 928 983 1000 orthographize
1006 944 1139 995 suae,
1165 948 1184 981 ι
1221 926 1445 1000 Pignus,
1460 931 1689 1000 pigneris

119 1017 357 1075 dicebant
377 1028 611 1084 veteres,
640 1021 873 1089 pignoris
900 1020 1250 1089 posteriores.
1293 1037 1312 1070 ι
1660 1036 1661 1041 π

180 1106 495 1163 Clerieorum
525 1110 725 1180 pariter
747 1111 932 1165 enituit
965 1111 1266 1165 ministeriis
1291 1111 1559 1165 decorata.
1585 1110 1687 1179 Qui

120 1215 250 1255 nunc
272 1199 542 1263 canonici,
570 1200 700 1255 olim
745 1201 1065 1272 simpliciter
1103 1201 1289 1257 clerici
1334 1202 1691 1257 nominaban-

120 1302 214 1356 tur,
244 1301 302 1347 ut
330 1302 549 1349 constat
568 1308 634 1347 ex
667 1293 1012 1364 antiquorum
1039 1293 1258 1365 scriptis
1294 1302 1351 1350 et
1387 1309 1455 1350 ex
1484 1292 1690 1350 Joanne

121 1382 316 1438 Halano
349 1382 446 1438 lib.
477 1382 583 1437 tde
609 1382 919 1445 Canonicis.
952 1396 1002 1437 c.
1027 1381 1084 1438 2.

717 1471 945 1530 CAPUT
964 1468 1072 1530 ιν.

178 1565 301 1634 Quae
327 1573 623 1621 narrantur
650 1565 752 1621 hoc
780 1580 901 1636 cap.
930 1565 998 1622 de
1025 1564 1214 1635 primis
1243 1565 1571 1638 martyribus
1597 1570 1695 1621 ur-

119 1658 192 1714 bis
212 1659 512 1724 Remensis,
543 1659 850 1724 Timotheo,
879 1660 1177 1731 Apollinari
1206 1670 1262 1716 et
1292 1661 1411 1717 aliis
1430 1701 1446 1725 ,
1472 1662 1691 1717 desum-

120 1759 199 1817 pta
226 1756 349 1803 sunt
368 1765 434 1804 ex
466 1749 621 1811 actis,
648 1762 770 1819 qua:
793 1750 1156 1820 manuscripta
1194 1765 1254 1805 se
1297 1750 1496 1805 habere
1524 1759 1689 1805 testa~

1793 558 2100 627 Prigemus,
2146 568 2293 614 recte
2334 568 2628 630 reponatur
2665 559 2723 615 in
2770 568 2919 617 textu
2943 602 2959 628 ,
3000 559 3280 621 Betansius
3312 574 3374 622 et

1792 650 2198 722 Primogenitus.
2226 651 2501 721 Sequitur.
2608 644 2613 649 ’
3328 638 3333 641 ’

1863 738 1990 794 Post
2014 757 2165 804 quem
2192 741 2352 809 Aper,
2383 742 2505 795 inde
2534 740 2917 799 Haternianus.
2948 744 3023 800 De
3043 743 3148 802 hoc
3167 746 3374 803 additio

1791 827 1987 884 Molaui
2020 831 2084 884 ad
2116 828 2552 901 Martyrologium
2599 832 2828 889 Usuardi
2856 833 2926 888 50
2946 836 3146 905 Aprilis
3172 854 3185 890 :
3214 856 3232 888 ι
3265 835 3372 892 Eo-

1790 920 1912 976 dem
1938 920 2026 975 die
2051 919 2463 976 natalis'saucti
2509 920 2842 978 bladerniaui
2884 925 3161 981 Bernensis
3187 926 3373 981 archi—

1788 1012 2025 1082 episcOpi
2054 1052 2068 1079 ,
2110 1013 2202 1083 qui
2234 1020 2423 1068 sextus
2452 1014 2593 1069 rexit
2617 1016 2859 1071 eamdem
2887 1015 3206 1073 Ecclesiam.
3236 1037 3253 1070 ι
3290 1018 3378 1072 lu-

1791 1112 1874 1159 ter
1894 1104 2094 1176 Aprum
2112 1114 2167 1160 et
2189 1105 2579 1161 Maternianum
2596 1090 2965 1164 Demochares
2985 1108 3167 1178 adjicit
3192 1110 3377 1165 Disco-

1790 1196 1943 1264 lium,
1971 1214 2133 1268 quem
2165 1207 2376 1253 sextum
2404 1198 2533 1253 facit
2563 1199 2722 1268 hujus
2744 1202 2887 1256 sedis
2916 1201 3251 1272 episcopum,
3280 1201 3377 1271 qui

1790 1287 2129 1356 subscriptus
2154 1286 2348 1357 legitur
2372 1288 2424 1341 in
2449 1289 2677 1343 concilio
2700 1290 3094 1361 Agrippinensi,
3138 1291 3239 1346 sub
3280 1291 3377 1347 Ju-

1790 1377 1863 1432 lio
1897 1391 2030 1448 papa
2061 1378 2237 1447 primo
2269 1366 2457 1432 contra
2502 1379 2828 1452 Euphratem
2870 1381 3143 1437 celebrato
3167 1422 3183 1449 ,
3227 1384 3375 1440 circa

1776 1474 1990 1523 'annum
2021 1468 2230 1523 Domini
2258 1468 2381 1524 5i6.
2412 1470 2517 1526 Sed
2548 1471 2683 1526 forte
2705 1473 2867 1527 fuerit
2897 1481 3102 1528 tantum
3135 1475 3382 1555 chorepi-

1773 1569 1986 1630 'scopus
2010 1601 2025 1624 ,
2070 1561 2154 1614 vel
2196 1560 2506 1617 tituloteuus
2533 1561 2825 1617 Remorum
2859 1564 3173 1636 episcopus,
3212 1575 3272 1620 ut
3310 1568 3380 1623 de

1790 1652 1925 1707 Abel
1948 1653 2164 1722 quidam
2194 1654 2537 1723 respondent.
2569 1654 2702 1709 Nam
2736 1655 3063 1710 Discliolium
3097 1657 3241 1712 illum
3267 1675 3376 1716 non

1791 1757 1913 1799 esse
1942 1743 2245 1798 addendum
2277 1744 2533 1814 probatur
2557 1746 2609 1799 in
2638 1746 2825 1815 primis
2849 1762 2914 1802 ex
2951 1755 3269 1803 testamento
3311 1750 3373 1805 Β.

122 1847 198 1892 tur
236 1839 431 1893 Baron.
479 1840 533 1895 in
577 1841 720 1895 notis
760 1841 826 1896 ad
870 1840 1029 1896 Rom.
1063 1840 1436 1913 Martyrolog.,
1481 1842 1568 1896 die
1615 1840 1686 1894 23

1799 1834 2015 1904 Remigii
2051 1832 2188 1889 infra
2228 1850 2346 1906 cap.
2396 1836 2461 1891 l8
2495 1855 2507 1891 :
2547 1854 2565 1887 t
2596 1837 2850 1893 Ecclesize
2896 1838 3068 1909 inquit
3114 1840 3171 1894 S.
3215 1838 3377 1902 Sixti.

120 1930 360 2001 Augusti,
390 1947 623 2002 quorum
654 1933 758 1987 hoc
793 1942 880 1988 est
917 1924 1201 1989 exordium
1230 1953 1244 1989 :
1274 1952 1293 1986 ι
1331 1933 1445 1989 Sub
1476 1932 1689 1989 Nerone

122 2021 462 2091 imperatore,
489 2024 787 2094 Lampadio
814 2026 1075 2096 praeside,
1110 2045 1129 2079 ι
1178 2036 1283 2083 etc.
1323 2027 1401 2082 Eo
1430 2027 1574 2082 enim
1604 2027 1690 2083 die

122 2110 455 2169 conlormiter
482 2113 813 2179 Flodoardo,
844 2116 961 2172 dies
1002 2116 1278 2172 natalitius
1319 2132 1506 2172 eorum
1554 2117 1692 2173 assi-

121 2212 334 2272 gnatur,
383 2213 439 2259 et
475 2205 564 2260 die
611 2206 935 2276 praecedenti
987 2207 1045 2262 S.
1097 2207 1267 2264 Mauri
1318 2218 1373 2264 et
1419 2210 1688 2265 sociorum

124 2305 425 2367 martyrum.
456 2293 691 2365 Tempus
716 2297 880 2351 etiam
911 2298 1059 2353 addit
1088 2297 1282 2354 Petrus
1309 2299 1374 2355 de
1411 2298 1690 2354 Natalibus

126 2384 205 2438 lib.
235 2401 321 2450 vn,
367 2400 418 2441 c.
452 2385 545 2450 95,
576 2386 832 2442 videlicet
857 2387 1002 2442 circa
1033 2403 1232 2443 annum
1266 2388 1477 2444 Domini
1499 2389 1588 2444 57.
1614 2389 1691 2445 De

124 2474 312 2541 iisdem,
352 2487 411 2530 et
438 2478 713 2547 pnecipue
739 2477 901 2533 beato
938 2478 1154 2545 Mauro,
1183 2480 1289 2535 late
1315 2481 1426 2551 agit
1455 2479 1691 2535 Joannes

127 2564 344 2622 Halanus
395 2567 451 2621 iu
499 2567 781 2625 Natalibus
824 2568 925 2624 SS.
956 2568 1123 2641 Belgii
1149 2610 1165 2635 ,
1212 2572 1298 2626 die
1338 2571 1410 2626 22
1459 2572 1688 2643 August.

124 2654 241 2711 Nam
268 2673 469 2728 corpus
508 2658 751 2729 ejusdem
795 2659 937 2714 beati
990 2659 1158 2714 Mauri
1208 2661 1351 2730 quod
1382 2660 1486 2716 hoc
1514 2661 1693 2731 capite

126 2748 289 2802 scribit
315 2747 655 2805 Flotloardus
690 2750 951 2805 reservari
996 2750 1050 2805 in
1089 2750 1320 2805 ecclesia
1362 2749 1424 2805 Β.
1464 2749 1687 2817 Celsini,

124 2847 228 2908 post
249 2848 461 2895 aetatem
487 2840 659 2911 ipsius
680 2839 985 2907 Flodoardi,
1008 2840 1110 2896 sub
1131 2841 1412 2911 Arnulpho
1434 2841 1691 2897 Remensi

128 2930 539 3002 archiepiscopo,
571 2940 849 2987 reservato
891 2932 1109 3002 capite,
1150 2933 1297 2989 circa
1351 2949 1551 2988 annum
1590 2933 1697 2988 Do-

127 3020 239 3075 mini
267 3021 409 3076 l0l2
437 3022 758 3077 translatum
784 3031 869 3077 est
902 3023 956 3078 in
982 3022 1222 3095 Belgium
1244 3063 1260 3090 ,
1309 3024 1376 3078 ad
1408 3024 1585 3079 locum
1615 3024 1695 3080 dic

1791 1925 1882 1980 ubi
1923 1939 2046 1980 cum
2099 1925 2270 1980 tribus
2304 1927 2706 1983 successoribus
2754 1928 2868 1983 suis
2910 1929 3220 1998 requiescit.
3256 1949 3275 1981 ι
3315 1930 3381 1985 Et

1790 2031 1952 2086 supra
2001 2034 2014 2070 :
2073 2035 2092 2068 ι
2138 2016 2391 2072 Ecclesiae
2461 2016 2800 2086 Joriniaum,
2862 2028 2991 2085 etc.,
3054 2020 3144 2075 ubi
3212 2021 3376 2076 etiam

1789 2109 2028 2180 quinque
2069 2109 2459 2179 confessoresh
2492 2112 2723 2181 proximi
2779 2123 3151 2171 antecessores
3196 2115 3380 2170 domui

1790 2198 2016 2266 Nicasii,
2041 2210 2171 2266 etc.,
2197 2202 2396 2257 conditi
2427 2211 2573 2257 sunt.
2606 2222 2625 2256 ι
2658 2202 2776 2258 Non
2821 2212 2947 2259 sunt
2994 2204 3158 2277 igitur
3200 2204 3381 2275 plures

1782 2298 1953 2361 quam
1979 2307 2170 2347 novem
2194 2333 2209 2357 ,
2253 2292 2341 2363 qui
2377 2294 2687 2364 praecedunt
2714 2294 2771 2349 S.
2799 2294 3095 2350 Nicasium.
3127 2294 3379 2351 Secundo

1789 2397 1858 2438 ex
1897 2383 2123 2453 epistola
2156 2383 2352 2440 Ebonis
2380 2386 2447 2439 ad
2474 2384 2791 2439 Balduinum
2824 2385 3081 2442 Ferreum
3110 2385 3381 2445 Flandriat

1791 2474 2181 2541 marchionem,
2200 2491 2320 2545 quae
2346 2484 2522 2530 exstat
2545 2478 2684 2545 apud
2701 2476 2969 2533 Molanum
3000 2479 3248 2545 in,Natal.
3274 2480 3377 2538 SS.

1790 2566 1957 2638 Belgii
1988 2567 2052 2622 14
2076 2567 2357 2641 Octobris,
2383 2568 2436 2623 iu
2467 2584 2570 2639 qua
2596 2569 2796 2625 diserte
2823 2570 3012 2625 scribit
3038 2570 3097 2625 B.
3126 2571 3381 2627 Donatia-

1792 2674 1921 2714 num
1979 2660 2271 2729 septimum
2321 2658 2487 2714 fuisse
2540 2660 2683 2715 sedis
2735 2660 3017 2716 Remensis
3046 2663 3377 2733 episcopum.

1791 2747 1976 2804 Tertio
2000 2767 2067 2805 ex
2095 2750 2373 2806 Hincmari
2403 2751 2653 2819 epistola,
2681 2768 2802 2822 qua:
2827 2751 2965 2806 infra
2996 2762 3173 2808 exstat
3201 2754 3297 2810 lib.
3320 2769 3381 2811 tu

1792 2853 1910 2909 cap.
1936 2840 2035 2903 2‘2,
2070 2841 2158 2896 ubi
2188 2839 2245 2895 S.
2283 2840 2588 2913 Remigium
2622 2850 2777 2897 vocat
2816 2843 3083 2898 decimum
3132 2846 3380 2915 quintum

1792 2931 2085 2988 Remorum
2114 2933 2598 3003 archiepisc0pum.
2629 2934 2739 2988 (Zur
2764 2942 2943 2989 autem
2970 2934 3037 2989 de
3062 2934 3146 2989 his
3170 2950 3382 3004 episco-

1794 3023 1879 3092 pis
1902 3031 1958 3078 et
1981 3024 2101 3080 aliis
2126 3023 2283 3092 hujus
2311 3023 2599 3095 provincia:
2627 3024 2829 3079 sanctis
2859 3039 3025 3094 pauca
3052 3024 3383 3101 scribantur,

126 3119 251 3167 ctum
275 3113 548 3180 Florinas,
579 3113 832 3170 diascesis
863 3113 1211 3180 Leodicnsis,
1243 3125 1303 3171 ut
1340 3124 1487 3187 patet
1510 3131 1574 3170 ex
1604 3116 1695 3171 lit-
1795 3128 2013 3170 causam
2043 3113 2199 3170 alTert
2228 3114 2340 3170 Ebo
2380 3115 2433 3169 in
2476 3114 2639 3170 citata
2680 3114 2905 3183 epistola
2935 3131 2948 3167 :
2983 3133 3001 3165 ι
3040 3113 3187 3184 Ejus,
3212 3116 3386 3185 inquit

128 3208 239 3262 teris
265 3207 436 3278 ipsius
469 3208 733 3280 Arnulphi
771 3210 839 3264 ad
873 3208 1163 3264 Baltricum
1194 3209 1546 3266 Lcodiensera
1581 3211 1686 3266 eoi-
1722 3187 1766 3248 ε
1799 3205 2151 3280 (Donatiani),
2182 3209 2464 3279 sanctique
2495 3206 2720 3278 Remigii
2745 3247 2760 3270 ,
2805 3222 2866 3262 ac
2910 3207 3381 3264 innumerabilium

128 3312 350 3367 scopum,
374 3313 513 3369 quas
548 3300 731 3355 videre
757 3307 842 3356 est
867 3299 921 3354 in
954 3299 1185 3355 Molano.

187 3390 279 3445 Ubi
327 3392 575 3447 dominus
619 3392 999 3459 Gondebertus,
1052 3393 1130 3445 vir
1169 3390 1525 3458 clarissimus,
1576 3409 1694 3447 cum

131 3496 270 3536 uxore
288 3499 386 3537 sua
411 3481 629 3536 Bertha.
651 3483 726 3537 De
749 3483 833 3537 his
855 3482 962 3537 late
987 3482 1125 3537 inl‘ra
1153 3482 1245 3538 lib.
1274 3499 1345 3550 tv,
1366 3499 1416 3538 c.
1439 3483 1509 3538 46
1529 3493 1583 3539 et
1602 3483 1693 3538 47.

731 3574 963 3631 CAPUT
1005 3575 1064 3631 V.

192 3665 293 3722 Sub
313 3684 417 3738 quo
442 3666 726 3722 Betansius
759 3668 1034 3737 reperitur,
1070 3668 1162 3739 qui
1190 3684 1309 3723 cum
1342 3667 1696 3739 Primogenito

130 3757 329 3814 diueone
360 3776 478 3825 suo,
509 3760 712 3830 primus
750 3773 817 3812 ea:
846 3758 945 3812 hac
972 3756 1183 3837 Belgica
1212 3759 1481 3829 provincia
1506 3758 1699 3829 legitur

134 3850 405 3907 Arelatensi
430 3852 617 3922 prima:
655 3850 954 3922 interfuisse
992 3851 1189 3920 synodo
1209 3891 1225 3915 ,
1257 3851 1436 3905 relata:
1459 3868 1551 3922 per
1582 3851 1699 3905 Ma-

135 3944 289 3998 rinum
330 3947 631 4015 episcopum
683 3942 978 3998 beatissimo
1027 3958 1177 4013 popl:
1226 3941 1506 4013 Sylvestro,
1539 3942 1701 3997 Volu-

133 4033 266 4087 siano
289 4043 336 4095 et
366 4033 576 4088 Auiano
602 4030 922 4088 consulibus.
950 4031 1244 4086 Berausius
1276 4032 1405 4102 legit
1428 4031 1478 4086 Μ
1507 4040 1562 4087 et
1584 4030 1614 4086 ι
1645 4030 1699 4086 in

134 4122 340 4179 etencbo
381 4123 624 4193 arebiep.
676 4121 953 4188 Remens.,
996 4122 1266 4193 quomodo
1303 4122 1467 4177 etiam
1507 4120 1700 4194 legitur

137 4215 192 4268 ad
220 4217 510 4287 marginem
530 4224 661 4270 tom.
677 4214 700 4268 ι
718 4213 1104 4279 Conciliorum,
1129 4213 1181 4267 in
1198 4212 1610 4284 subscriptione.
1641 4212 1701 4269 lu

137 4307 345 4376 epistola
370 4322 503 4362 vero
543 4321 574 4361 a
605 4305 811 4377 synodo
842 4305 1043 4376 scripta
1078 4306 1146 4360 ad
1178 4304 1499 4361 Silvestrum
1523 4306 1700 4361 Ambi-

139 4409 324 4462 tausus,
354 4408 411 4455 et
444 4400 500 4454 in
538 4399 770 4469 margin.
809 4396 1136 4462 Betliausus,
1175 4410 1234 4453 ut
1274 4397 1536 4455 Baronins
1559 4415 1702 4454 anno

138 4490 228 4545 5M
248 4492 493 4562 corrigit.
523 4490 587 4556 C,
614 4489 653 4545 S
677 4499 731 4545 et
759 4488 809 4545 J.
852 4490 954 4546 hoc
978 4488 1095 4545 loco
1123 4488 1427 4555 Betansius,
1452 4505 1520 4546 ex
1552 4493 1704 4546 tabu-

140 4579 212 4644 lis,
241 4590 297 4637 ut
331 4592 573 4653 apparet,
608 4580 957 4637 Democharis
975 4578 1329 4650 Scripseruut,
1358 4581 1447 4649 qui
1474 4589 1704 4635 testatur

140 4688 245 4728 eum
276 4675 329 4730 in
363 4662 596 4732 Concilio
621 4674 925 4730 Arelatensi
960 4674 1196 4730 secundo
1220 4672 1537 4728 Bel/mnium
1570 4675 1700 4739 dici,

140 4765 265 4832 quod
295 4776 444 4820 notat
471 4766 716 4821 habitum
747 4780 870 4821 esse
899 4779 1039 4819 anno
1068 4764 1192 4821 516.
1230 4762 1426 4818 Verum
1451 4779 1515 4819 ex
1540 4763 1707 4818 Baro-

145 4854 221 4907 nio
242 4865 299 4909 et
332 4856 490 4910 dictis
511 4855 825 4911 consulibus
851 4853 1156 4908 ostenditur
1183 4853 1510 4909 celebratum
1538 4853 1705 4909 fuisse

147 4960 272 5001 anno
299 4946 422 5013 514,
453 4947 546 5019 qui
576 4954 660 5002 est
685 4946 935 5004 Silvestri
960 4945 1231 5015 pontilicis
1252 4945 1459 5013 primus
1487 4953 1540 4998 et
1562 4944 1697 4999 lion.

146 5038 352 5094 stantini
391 5040 521 5109 imp.
564 5030 773 5094 nonus.
803 5036 977 5091 Porro
1014 5050 1080 5091 ex
1119 5034 1369 5105 praesenti
1417 5033 1703 5091 Flodoardi

148 5125 252 5182 loco
273 5130 623 5185 continuatur
649 5126 922 5185 sententia
958 5125 1185 5180 Caesaris
1216 5122 1455 5199 Baronii,
1487 5137 1593 5194 qua
1631 5120 1709 5177 ait

149 5219 412 5292 episcopos
439 5222 561 5277 illos
596 5222 692 5292 qui
724 5222 780 5276 in
824 5217 986 5272 tomis
1015 5215 1377 5272 Conciliorum
1419 5213 1722 5284 subscripti

150 5319 263 5363 sunt
287 5306 533 5367 secundae
565 5312 767 5382 synodo
799 5305 1127 5371 Arelatensi,
1154 5303 1570 5361 subscribendos
1592 5306 1711 5361 esse

1800 3312 2109 3360 sanctorum
2130 3301 2264 3358 Vitae
2283 3304 2505 3374 scripta,
2520 3300 2904 3357 Wandalorum
2926 3303 3225 3358 vastatione
3244 3302 3386 3377 scias

1798 3410 1920 3451 esse
1941 3394 2134 3450 deleta.
2170 3414 2191 3449 ι

1872 3485 2012 3542 Hinc
2043 3486 2370 3542 Donatianus
2399 3488 2593 3543 exstitit
2621 3489 2911 3560 episcopus,
2934 3489 3087 3559 cujus
3112 3489 3268 3543 etiam
3295 3488 3382 3558 pi~

1800 3595 1964 3650 gnora
1992 3579 2285 3633 maritimas
2312 3579 2367 3632 in
2395 3564 2567 3649 partes
2598 3579 2822 3650 episcopi
2855 3578 3287 3649 vaiomagensis
3312 3577 3389 3632 vel

1806 3666 2145 3722 Tornacensis
2174 3667 2413 3738 praelata.
2471 3667 2562 3724 Sic
2611 3678 2665 3721 et
2712 3668 2853 3723 infra
2901 3669 3137 3737 loquitur
3173 3681 3388 3735 auctor,

1803 3760 2118 3814 nominatim
2148 3760 2241 3814 lib.
2273 3776 2355 3824 ιιι,
2383 3775 2501 3830 cap.
2531 3761 2632 3825 23,
2661 3761 2784 3828 quia
2824 3759 3066 3815 Ecclesia
3095 3760 3385 3815 Norioma-c

1802 3853 1982 3926 gensis
2008 3863 2062 3906 et
2086 3852 2448 3909 Tornacensis
2472 3853 2742 3908 sexcentis
2761 3852 2920 3907 annis
2950 3853 3112 3908 unita:
3134 3851 3385 3918 luerunt,

1802 3943 2102 3999 videliceta
2142 3954 2379 4013 tempore
2409 3943 2467 3998 S.
2497 3942 2754 4008 Medardi,
2796 3944 2884 4012 qui
2930 3944 3066 3999 obiit
3111 3959 3253 3999 anno
3285 3944 3388 3999 Do-

1805 4036 1935 4090 mini
1978 4035 2104 4102 556,
2152 4051 2323 4105 usque
2370 4036 2438 4091 ad
2481 4044 2694 4091 aetatem
2721 4035 2780 4090 S.
2810 4034 3067 4091 Ben-nardi
3098 4035 3387 4090 Clarazral-

1803 4126 1967 4182 lensis
2002 4126 2233 4181 abbatis.
2270 4110 2709 4197 Noviomagensis
2735 4166 2751 4189 ,
2799 4127 2904 4181 alio
2948 4127 3165 4182 nomine
3190 4126 3388 4182 Novio-

1805 4217 2003 4273 tnensis
2015 4216 2507 4290 ethoviodunensis
2529 4218 2694 4289 (Gal.,
2719 4216 2929 4289 Noyon)
2951 4218 3168 4275 dicitur.
3191 4219 3393 4274 Trans-

1803 4310 1945 4364 latus
1992 4316 2076 4363 est
2123 4317 2304 4364 autem
2348 4309 2436 4364 hic
2480 4309 2672 4364 beatus
2727 4294 2969 4379 pontifex
3010 4310 3076 4364 ad
3123 4310 3390 4380 insignem

1803 4397 2068 4453 Flandria}
2101 4398 2383 4452 maritima:
2429 4398 2735 4463 civitatem,
2784 4398 2989 4469 Brugas
3019 4400 3240 4464 dictam,
3269 4417 3393 4471 qua:

1805 4495 1929 4541 ante
1949 4485 2188 4556 subjecta
2216 4486 2317 4541 fuit
2348 4487 2600 4543 Ecclesiae
2630 4488 2957 4543 Tornacensi
2983 4530 2998 4552 ,
3045 4492 3139 4545 sed
3190 4506 3379 4558 nuper.

1808 4576 2056 4630 videlicet
2112 4590 2252 4629 anno
2302 4576 2499 4639 1.359,
2536 4571 2651 4645 ipsa
2692 4568 2757 4630 ‘S.
2808 4577 3090 4632 Donatiani
3150 4579 3391 4634 Ecclesia

1809 4677 1987 4723 erecta
2018 4675 2101 4722 est
2131 4669 2182 4723 in
2212 4668 2542 4722 cathedram.
2586 4668 2707 4720 Fuit
2732 4681 2798 4720 eo
2829 4669 3120 4723 translatus
3152 4679 3392 4738 tempore

1812 4759 1935 4814 dieti
1967 4757 2165 4812 Ebonis
2196 4750 2589 4824 archiepiscopi
2606 4748 2907 4820 Remensis,
2932 4765 2987 4812 et
3012 4756 3189 4813 Caroli
3216 4755 3391 4818 Calvi,

1812 4865 1984 4913 anno,
2034 4858 2092 4903 ut
2114 4848 2348 4903 Jacobus
2375 4837 2623 4922 Meyerus
2654 4846 2841 4903 scribit
2871 4847 2922 4901 in
2955 4849 3068 4903 suis
3094 4846 3394 4902 Annalibus

1809 4940 2074 4996 Flandriaa
2097 4980 2113 5004 ,
2146 4940 2270 4996 863.
2311 4938 2442 4993 illud
2468 4934 2647 4995 tamen
2678 4952 2789 4995 non
2815 4946 2992 5005 potest
3020 4953 3139 4995 cum
3167 4937 3395 4993 veritate

1812 5028 2129 5093 subsistere,
2176 5029 2319 5099 quod
2364 5016 2713 5085 nonasserit
2760 5029 2997 5095 quidem,
3028 5029 3123 5085 sed
3152 5045 3210 5082 se
3250 5025 3395 5079 inve-

1814 5122 1961 5177 nisse
1989 5119 2180 5175 scribit
2215 5118 2355 5175 idem
2382 5111 2654 5186 Meyerus‘,
2679 5116 2930 5173 videlicet
2953 5136 3075 5175 eum
3102 5120 3169 5173 ab
3196 5117 3398 5181 Diony~

1813 5212 1894 5268 sio
1934 5208 2082 5264 urbis
2127 5208 2314 5266 Romae
2354 5206 2607 5280 episcopo
2639 5207 2809 5265 sacris
2853 5211 3092 5264 ablutum
3139 5202 3399 5260 fontibus.

1812 5310 2162 5370 creatumque
2187 5303 2255 5357 ab
2281 5301 2468 5375 eodem
2500 5288 2794 5355 Remorum
2836 5300 3145 5373 pontificem
3185 5289 3403 5348 (irciter
