3904 5396
522 407 647 462 ῒιῖὤ

1323 398 1732 456 COLV‘ENEnll
1763 396 2054 469 SCIIOLIA
2085 397 2149 453 IN
2182 393 2356 451 lllS’l‘.
2395 393 2700 449 aeneus.
2734 370 3016 451 access;

3690 390 3799 444 $33

530 523 700 576 titius.
729 518 857 587 Quae
881 518 945 574 de
977 514 1095 572 \‘ita
1121 516 1287 587 ipsms
1310 515 1584 580 existant,
1621 512 1839 570 adnotat
1869 511 2108 566 Molanus
2138 516 2183 576 Α
2213 523 2332 572 nos,
2379 507 2472 561 sed
2516 506 2711 561 mullos
2761 519 2998 576 paganos
3020 501 3318 560 .Wandalis
3364 498 3584 556 Arianis
3631 497 3805 552 fuisse

505 610 513 677 ξ
540 611 606 664 ad
633 608 929 665 Usuardum
962 606 1027 660 14
1067 605 1337 670 Octobris,
1380 606 1524 661 etde
1564 605 1727 675 ipsius
1757 603 2107 659 translatione

540 700 603 755 ad
634 700 879 755 eumdem
908 698 1047 752 diem
1080 695 1398 750 Laurentius
1425 694 1636 750 Surius.

610 788 773 854 Quem
802 788 979 841 beatus
1013 785 1295 839 Viventius.
1320 784 1489 854 Hujus
1516 784 1758 838 meminit
1788 782 2031 838 Molanus
2054 781 2107 835 in

506 872 591 932 ad
609 876 811 932 ditione
836 876 902 930 ad
934 874 1236 932 Usuardnm
1266 875 1351 929 die
1380 874 1410 928 7
1436 872 1784 943 Septembris.

510 960 517 963 ’
878 1018 883 1021 Α
1150 964 1374 1021 CAPUT
1414 963 1499 1018 Vl.

609 1054 908 1127 Antiquitas
953 1055 1004 1108 in
1051 1054 1266 1109 ecclesia
1312 1070 1429 1123 qua:
1474 1054 1544 1108 ad
1587 1053 1862 1123 Apostolus
1896 1052 2108 1115 dicitur,

514 1139 796 1199 exstitisse
816 1145 999 1214 fertur.
1022 1145 1095 1199 Ita
1119 1145 1187 1200 Μ.
1211 1155 1314 1201 etc.
1340 1144 1446 1199 Sed
1483 1145 1535 1198 in
1568 1147 1615 1199 Μ
1641 1144 1925 1199 recentiori
1951 1158 2111 1198 manu

512 1234 958 1305 ‘superscriptum
984 1244 1065 1289 est
1091 1233 1147 1289 S.
1178 1232 1564 1305 Symphoriani.
1601 1234 1753 1299 Quod
1783 1233 1820 1287 S
1847 1233 2029 1289 retulit
2059 1233 2110 1287 in

540 1334 765 1390 textum,
790 1324 930 1379 sicut
948 1333 1002 1377 et
1030 1324 1133 1377 alia
1157 1325 1399 1393 qnmdam
1425 1323 1491 1377 ad
1512 1322 1923 1392 explicationem
1946 1322 2113 1394 perti-

520 1412 751 1478 nentia,
779 1416 881 1469 hoc
924 1415 1122 1469 modo:
1162 1433 1179 1465 ι
1217 1414 1343 1480 Qua:
1370 1414 1436 1468 ad
1465 1413 1934 1484 Apostolosmlim,
1973 1428 2116 1469 nunc

543 1508 600 1562 S.
627 1505 1000 1581 Symphoriani
1018 1505 1233 1570 dicitur,
1255 1525 1273 1556 ι
1291 1505 1559 1575 quomodo
1573 1505 1735 1559 etiam
1753 1503 1938 1576 legit).
1957 1503 2115 1579 Eam-

540 1603 660 1654 dem
689 1598 1084 1653 adnotationem
1113 1598 1278 1652 habet
1300 1596 1567 1653 iuGallieo
1588 1595 1997 1669 SttoIexemplari
2023 1596 2117 1652 Ni-

512 1677 722 1743 'colaus
736 1687 1036 1753 Chesneau,
1054 1688 1290 1744 decanus
1310 1696 1363 1742 et
1381 1687 1671 1742 CﬂllOlllCUS
1691 1687 1929 1757 ejusdem
1947 1686 2113 1742 eccle-

519 1776 633 1835 τεῖνε
662 1781 719 1835 8.
754 1780 1155 1852 Symphoriani.
1189 1781 1294 1836 Sed
1345 1797 1450 1836 non
1495 1781 1665 1853 probo
1712 1783 1855 1853 quod
1894 1783 2115 1838 adnota-

2210 598 2519 667 permistos.
2551 598 2703 665 Quod
2748 613 2873 652 vero
2930 598 3185 667 prcedicto
3228 604 3469 665 tempore
3515 593 3805 660 contigerit

2208 689 2312 744 hoc
2345 690 2661 759 martyrium
2694 690 2821 759 (non
2842 698 3043 752 autem,
3086 697 3146 743 ιιι
3193 687 3505 758 Sigebertns
3553 694 3710 741 notat
3748 686 3803 739 in

2208 782 2500 844 Chronico,
2532 796 2598 836 ex
2630 782 2962 852 vulgaribus,
3004 790 3071 836 ut
3104 780 3392 835 verisimile
3438 788 3523 833 est
3565 776 3804 832 Franco-

2211 888 2330 927 rum
2370 872 2686 937 Annalibns,
2734 872 2835 928 sub
2875 870 3083 927 llunnis
3106 887 3195 926 an.
3223 870 3349 934 455,
3378 880 3494 932 aut,
3518 878 3577 925 nt
3602 868 3803 921 Deme-

2210 963 2426 1026 cbares,
2478 962 2603 1033 454)
2652 978 2717 1017 ex
2762 960 3060 1016 lt‘lodoardo
3116 970 3302 1015 nostro
3348 960 3629 1029 probatur,
3675 960 3805 1027 quia

2211 1056 2351 1110 inter
2381 1054 2439 1110 S.
2465 1055 2759 1119 Nicasiutn,
2781 1063 2835 1108 et
2856 1054 2913 1108 8.
2944 1054 3242 1125 Remigium
3290 1053 3633 1109 intercedunt
3675 1068 3810 1121 qua-

2213 1153 2339 1200 tuor
2392 1145 2485 1201 alii
2547 1145 2805 1215 episcopi,
2860 1145 2949 1213 qui
2996 1143 3134 1198 infra
3191 1151 3544 1198 recensentur
3599 1157 3717 1209 cap.
3753 1141 3806 1193 9-

2211 1234 2381 1290 Porro
2409 1236 2467 1290 8.
2504 1235 2783 1303 Remigius
2811 1235 2944 1288 obiit
2971 1249 3060 1287 an.
3095 1234 3245 1289 Dom.
3280 1231 3420 1297 544.
3465 1232 3810 1301 episcopatus

2213 1329 2293 1383 sui
2324 1327 2411 1399 74.
2441 1328 2619 1382 astatis
2638 1328 2729 1393 95,
2762 1338 2821 1382 ut
2845 1335 2992 1397 patet
3017 1342 3081 1381 ex
3127 1324 3295 1394 ipsius
3341 1323 3620 1395 rpitaphio
3667 1320 3807 1374 infra

2214 1418 2316 1473 hoc
2343 1418 2531 1474 eodem
2556 1417 2675 1483 lib.,
2708 1410 2757 1471 c.
2781 1416 2873 1484 2|.
2900 1416 2978 1471 Ex
3011 1431 3118 1485 quo
3140 1415 3403 1484 sequitur,
3430 1429 3555 1471 eum
3605 1410 3807 1466 factum

2213 1524 2333 1565 esse
2355 1509 2664 1580 episc0pnm
2692 1524 2783 1563 an.
2813 1508 2935 1575 470.
2973 1508 3149 1577 Atque
3178 1507 3251 1560 ita
3281 1520 3379 1575 pro
3423 1514 3660 1574 quatuor
3687 1502 3809 1557 istis

2214 1602 2478 1673 episcopis
2517 1601 2852 1656 iutermediis
2885 1615 2991 1655 non
3042 1599 3480 1667 relinquerentur
3536 1596 3638 1650 nisi
3680 1594 3810 1648 anni

2215 1693 2283 1748 £6
2312 1703 2404 1748 aut
2435 1693 2514 1746 l7.
2546 1692 2696 1747 Adde
2713 1691 2855 1761 quod
2897 1690 2959 1745 S.
3005 1689 3362 1759 Hieronymus
3394 1686 3530 1741 obiit
3578 1701 3667 1739 an.
3708 1682 3805 1738 411

2215 1793 2308 1840 aut
2345 1784 2470 1838 422.
2500 1782 2679 1851 Quare
2698 1782 3069 1847 omnino-ante
3092 1780 3196 1836 hoc
3217 1778 3409 1835 saltem
3443 1788 3659 1847 tempus
3681 1791 3810 1831 con-

520 1873 711 1927 ‘tiones
745 1871 1069 1942 marginales
1118 1872 1170 1926 in
1235 1881 1438 1926 textum
1494 1870 1818 1928 referantur.
1865 1871 2009 1926 Idem
2037 1882 2117 1926 ta-
2148 1875 2193 1934 Β
2224 1870 2403 1949 tigisse
2436 1885 2668 1947 oportet.
2695 1875 2931 1944 Denique
2954 1888 3051 1944 pro
3081 1874 3184 1928 hac
3209 1871 3476 1928 sementis
3504 1870 3639 1925 facit
3664 1868 3806 1938 quod

520 1974 658 2019 'men
688 1964 739 2018 in
769 1972 917 2019 textu
948 1964 1145 2017 habent
1169 1953 1346 2017 o'mnia
1371 1962 1697 2032 exemplaria
1727 1962 1819 2018 lib.
1861 1978 1923 2027 tt,
1949 1978 1997 2017 c.
2024 1963 2077 2019 6.

526 2042 531 2049 ί
609 2054 740 2121 Qua:
788 2062 967 2109 autem
1018 2054 1121 2108 hoc
1166 2053 1340 2123 capite
1393 2053 1460 2109 de
1522 2054 1781 2124 martyrio
1829 2053 1887 2108 S.
1916 2052 2115 2109 Nicasii

526 2143 830 2213 ‘Entropize,
860 2153 912 2197 et
943 2144 1211 2198 sociorum
1244 2151 1427 2196 narrat
1461 2152 1664 2207 auctor,
1715 2158 1777 2197 ea
1827 2143 2119 2213 desumpsit

534 2249 635 2303 pro
663 2247 863 2303 majore
893 2244 1046 2304 parte
1070 2248 1137 2288 ex
1168 2234 1332 2305 gestis
1359 2235 1598 2303 ipsorum
1636 2244 1955 2307 martyrum,
2002 2250 2121 2303 qua:

524 2334 603 2378 ex
636 2326 1006 2394 inannscripto
1029 2326 1214 2379 codice
1241 2335 1481 2395 accepta,
1528 2323 1793 2379 habentur
1831 2324 1970 2395 apud
2018 2324 2122 2380 Su-

544 2418 689 2471 rinm
724 2426 854 2473 tom.
908 2414 995 2469 \‘ll
1018 2458 1030 2479 ,
1061 2416 1199 2486 apud
1223 2414 1559 2470 Vincentium
1614 2415 1668 2470 in
1706 2417 1937 2486 Speculo
1961 2418 2117 2491 hist.,

535 2507 575 2561 l.
607 2523 722 2571 xxi,
761 2522 879 2577 cap.
914 2509 980 2562 57
1007 2518 1061 2562 et
1089 2508 1176 2572 58;
1208 2505 1424 2562 Petrum
1454 2508 1521 2562 de
1552 2507 1828 2564 Natalibus
1857 2508 1895 2563 Ι.
1926 2525 1965 2575 t,
1990 2525 2114 2579 cap.

488 2598 495 2609 '
534 2601 628 2665 69,
659 2609 713 2656 et
751 2598 809 2655 8.
840 2600 1171 2655 Antoninum
1218 2609 1360 2670 part.
1394 2616 1431 2655 ιι
1486 2600 1654 2667 llist.,
1686 2601 1768 2655 tit.
1803 2602 1889 2666 ll,
1918 2616 2036 2671 cap.
2066 2602 2121 2657 8.

532 2692 643 2746 Sed
673 2693 883 2762 plenius
909 2702 963 2746 et
991 2692 1281 2761 perfectius
1311 2693 1451 2748 inter
1477 2693 1629 2749 Vitas
1661 2692 1983 2748 Sanctorum
2013 2693 2119 2748 Co-

533 2784 696 2837 lonia:
718 2798 948 2837 excusas
976 2783 1027 2836 in
1051 2781 1202 2845 folio,
1233 2781 1285 2836 in
1319 2784 1462 2854 ipsas
1484 2785 1660 2840 adhuc
1689 2786 1844 2854 quasi
1877 2795 2124 2856 typogra-

534 2875 678 2944 phire
702 2872 930 2927 infantia
958 2889 1084 2928 ann.
1125 2873 1282 2928 1483.
1314 2874 1444 2929 Item
1485 2875 1538 2929 in
1570 2877 1855 2931 breviariis
1893 2878 2124 2947 propriis

536 2961 931 3017 ‘cathedralinm
956 2962 1329 3025 ecclesiarum.
1368 2963 1671 3031 Bernensis,
1721 2967 2116 3031 Ambianensis,

540 3053 915 3110 Atrebatensis
941 3065 995 3109 et
1032 3054 1336 3125 Brngensis.
1369 3053 1469 3110 Ubi
1525 3064 1650 3111 ante
1694 3058 1874 3111 omnia
1929 3057 2124 3113 consti-

534 3145 794 3199 tuendum
818 3153 904 3198 est
929 3148 995 3198 de
1027 3152 1267 3213 tempore
1297 3159 1404 3214 quo
1424 3144 1536 3200 hare
1566 3147 1897 3201 acciderunt.
1928 3148 2042 3214 Qua
2068 3149 2118 3202 in

2219 1968 2358 2023 inter
2384 1978 2687 2023 coaztaneos
2708 1969 2770 2019 Β.
2813 1964 3010 2019 Nicasii
3055 1962 3365 2017 nominetur
3412 1959 3474 2013 Β.
3509 1958 3807 2020 Servatius.

2217 2062 2307 2132 qui
2358 2074 2698 2130 nequaquam
2749 2056 2949 2113 vixisse
2999 2064 3174 2127 potest
3225 2068 3396 2122 usque
3440 2049 3811 2106 adlanJSS.

2221 2152 2435 2206 Fuisset
2485 2150 2629 2205 enim
2691 2148 2972 2219 plusquam
3022 2154 3237 2211 centum
3285 2142 3446 2197 annis
3498 2141 3807 2211 episcopus.

2222 2240 2640 2297 lnterl‘uitenim
2666 2238 2912 2295 conciliis
2952 2234 3260 2291 Sardicensi
3301 2241 3357 2287 et
3403 2230 3806 2301 Agrippinensi,

2223 2330 2511 2388 celebratis
2539 2329 2838 2400 respective
2872 2342 3013 2381 anno
3043 2325 3147 2378 545
3176 2334 3232 2378 et
3272 2321 3399 2378 5l6.
3447 2321 3604 2388 Quod
3634 2329 3807 2379 autem

2220 2424 2417 2494 legitur
2461 2421 2718 2477 trecentis
2755 2418 2913 2473 annis
2954 2418 3151 2479 vixisse
3191 2424 3503 2483 neutiquam
3537 2412 3809 2483 probabile

2224 2524 2327 2568 est.
2360 2512 2512 2580 Quod
2539 2522 2717 2566 tamen
2748 2510 2814 2564 ad
2846 2509 3045 2564 dictam
3078 2507 3137 2561 B.
3173 2504 3489 2575 Hieronymi
3529 2501 3808 2573 epistolam

2226 2605 2448 2670 attinet,
2488 2602 2634 2658 salva
2666 2601 2993 2657 auctoritate
3022 2598 3260 2661 Baronii,
3294 2597 3469 2667 magis
3500 2595 3671 2650 credo
3693 2608 3808 2648 eam

2225 2695 2483 2765 scriptam
2512 2709 2635 2750 esse
2666 2709 2809 2748 anno
2837 2691 2961 2746 408.
3014 2689 3147 2744 Nam
3190 2703 3311 2742 cum
3347 2687 3622 2742 excidium
3669 2684 3811 2738 urbis

2225 2789 2517 2844 Remorum
2547 2786 2837 2858 contigerit
2880 2785 2933 2839 in
2981 2783 3086 2843 line
3112 2798 3241 2835 ann.
3274 2779 3379 2834 4οἹ
3401 2819 3417 2843 ,
3462 2777 3719 2833 videlicet
3752 2775 3809 2828 14

2226 2881 2509 2945 Decemh.,
2537 2894 2642 2934 non
2670 2878 2845 2948 potuit
2872 2876 3060 2931 eodem
3090 2888 3231 2927 anno
3266 2870 3383 2940 ejus
3411 2870 3491 2925 rei
3522 2868 3719 2927 uetiti:
3752 2867 3811 2920 ad

2224 2970 2285 3025 Β.
2321 2970 2709 3041 lieronymnm
2738 2969 2790 3022 in
2816 2966 3130 3021 Betldehem
3165 2970 3603 3023 continet-antem
3636 2974 3812 3031 perve-

2223 3064 2390 3119 nisse.
2423 3062 2606 3118 Altera
2637 3059 2922 3127 dillicultas
2952 3060 3040 3114 hic
3068 3068 3188 3114 est:
3230 3059 3311 3112 An
3345 3073 3375 3110 a
3402 3054 3643 3109 Wandal
3666 3069 3729 3117 ε.
3753 3068 3810 3105 an

2227 3170 2356 3210 vero
2386 3152 2455 3223 ab
2499 3153 2705 3207 llutmis
2736 3152 2879 3221 passi
2921 3150 3065 3213 sint,
3105 3148 3200 3205 sed
3242 3163 3375 3217 qum,
3385 3146 3503 3217 jam
3536 3144 3811 3200 manifesta

532 3248 600 3287 re
635 3248 879 3303 magnam
908 3228 1065 3289 nobis
1115 3232 1409 3303 praeferunt
1459 3235 1631 3290 lucem
1667 3251 1729 3291 ea
1766 3252 1885 3306 quze
1920 3238 1972 3292 in
2015 3238 2122 3295 line
2150 3222 2194 3285 Ο
2226 3222 2553 3316 relinquitur
2576 3260 2639 3309 ex
2663 3242 2930 3298 solutione
2954 3240 3170 3310 prioris.
3197 3237 3330 3293 Nam
3354 3237 3813 3303 llunnorumper-

538 3325 699 3393 hnjns
724 3340 840 3393 cap.
868 3324 1106 3379 citantur
1129 3340 1194 3379 ex
1221 3325 1379 3395 epist.
1406 3325 1467 3379 Β.
1517 3324 1829 3399 Hieronymi
1875 3328 1943 3383 ad
1982 3329 2123 3400 Age-

538 3415 785 3468 ruchiam
842 3415 956 3468 sive
1008 3413 1074 3467 ad
1126 3414 1461 3477 Gerontiam,
1489 3430 1650 3485 quam
1681 3416 1938 3486 scriptam
1968 3418 2124 3473 docet

535 3504 803 3559 Baronius
856 3503 913 3558 in
971 3503 1166 3558 Annal.
1223 3520 1312 3557 an.
1367 3503 1492 3558 407.
1545 3504 1726 3571 Quare
1762 3507 1951 3560 eodem
1981 3522 2124 3561 anno

543 3593 833 3649 verisimile
862 3590 1032 3650 estea
1080 3595 1392 3666 contigisse.
1427 3595 1560 3649 Nam
1589 3595 1837 3652 Wandali
1882 3609 1937 3654 et
1968 3598 2123 3653 Alani

538 3685 715 3756 pridie
736 3684 854 3740 Kal.
891 3684 1131 3741 Januarii
1157 3702 1300 3742 anno
1328 3687 1452 3750 406,
1498 3691 1725 3744 transito
1756 3689 1967 3755 Rheno,
1994 3690 2120 3746 Gal-

540 3779 643 3833 lias
670 3790 795 3833 snnt
828 3779 1074 3848 ingressi,
1110 3789 1167 3833 ut
1201 3778 1363 3834 habet
1407 3778 1466 3833 Β.
1500 3779 1729 3852 Prosper
1750 3783 1801 3837 in
1830 3774 2120 3847 Chronico,

540 3870 790 3925 videlicet
836 3870 1068 3925 Arcadio
1116 3880 1328 3926 sextum
1378 3880 1433 3925 ct
1487 3871 1676 3926 Anicio
1733 3871 1909 3928 Probo
1954 3888 2122 3938 coss.,

538 3977 677 4029 quos
700 3961 768 4015 ad
799 3977 999 4015 annum
1026 3961 1175 4015 .hune
1207 3961 1373 4016 refert
1397 3961 1738 4017 Christianus
1762 3963 2034 4025 Masswus.
2071 3973 2126 4017 et

538 4054 829 4118 Baronius,
869 4054 969 4107 etsi
1002 4053 1234 4123 Prosper
1258 4054 1324 4109 ad
1353 4071 1442 4109 an.
1473 4054 1597 4111 408.
1627 4056 1742 4110 Alia
1772 4056 1916 4113 enim
1955 4058 2123 4114 Chro-

543 4146 661 4198 nica
690 4144 1088 4213 chronologiam
1116 4144 1333 4199 Baronii
1380 4147 1589 4202 duobus
1637 4150 1793 4204 annis
1844 4161 2121 4222 superant.

548 4236 660 4291 lloc
718 4235 858 4289 idem
916 4236 1153 4290 referunt
1198 4236 1387 4292 iisdem
1448 4255 1591 4295 coss.
1648 4241 2005 4299 Cassiodorus
2068 4244 2121 4299 in

542 4325 831 4385 Chronico.
860 4335 911 4379 et
932 4325 1197 4391 Zosinms,
1230 4326 1266 4380 Ι.
1293 4343 1366 4382 vt.
1397 4329 1593 4385 Eodem
1620 4345 1889 4400 pertinere
1919 4350 2036 4403 qua:
2058 4336 2124 4392 de

542 4417 644 4473 hac
668 4417 980 4471 calamitosa
1031 4417 1328 4488 irruptione
1380 4423 1567 4476 scribit
1623 4422 1840 4477 llieron.
1894 4428 2118 4496 epistola

538 4508 650 4577 jam
673 4508 834 4570 dicta,
868 4510 1008 4563 circa
1059 4512 1305 4565 eumdem
1359 4526 1558 4565 annum
1616 4514 1807 4568 asserit
1854 4517 2121 4574 Arnaldns

543 4573 810 4655 l’ontacns
840 4601 891 4655 iu
918 4601 1029 4656 suis
1057 4604 1197 4657 notis
1239 4605 1304 4658 ad
1360 4604 1561 4660 Chron.
1626 4603 1892 4677 Prosperi.
1945 4609 2121 4680 Atque
2151 4573 2197 4631 ι)

546 4692 793 4760 inprimis
826 4693 937 4747 lucc
965 4693 1228 4748 sententia
1265 4695 1529 4762 probatur
1568 4692 1828 4760 Duronio,
1875 4698 1998 4752 dum
2030 4714 2118 4754 an.

538 4781 663 4846 407,
694 4791 815 4853 post
839 4783 1001 4838 citata
1030 4784 1217 4838 eadem
1244 4781 1556 4853 Hieronymi
1589 4785 1767 4848 verba,
1799 4786 1870 4840 ita
1899 4786 2116 4854 subjun-

542 4872 663 4941 git:
708 4889 726 4921 ι
762 4871 913 4938 Quod
960 4881 1137 4926 autem
1198 4871 1342 4925 inter
1389 4870 1521 4925 alias
1575 4870 1863 4930 Galliarum
1912 4878 2124 4933 urbium

543 4962 721 5015 clades
750 4960 984 5017 libemus
1030 4978 1058 5016 a
1102 4960 1380 5018 Wandalis
1436 4960 1635 5018 referat
1686 4957 2013 5034 devastatos,
2068 4969 2123 5024 in

542 5056 662 5102 eam
704 5050 1027 5103 sententiam
1087 5063 1173 5103 me
1228 5049 1400 5119 magis
1432 5047 1655 5117 'trabit,
1703 5063 1764 5108 ut
1818 5054 2131 5127 existimem

543 5139 577 5164 Ω
628 5135 899 5164 Μξαηθειιιυι
922 5136 1033 5164 Αἶα...
1057 5138 1287 5164 ιιξισῖίηιε-
1320 5137 1621 5164 κλίμακα-ι...
1667 5158 1764 5164 --_-
1803 5159 1911 5164 ---μ

2227 3335 2457 3401 secutio,
2484 3344 2539 3390 et
2565 3333 2861 3389 Galliarum
2889 3344 2983 3401 per
3006 3344 3102 3385 eos
3123 3328 3350 3382 vastatio
3371 3326 3475 3382 sub
3503 3340 3632 3396 rege
3656 3322 3811 3378 Attila

2224 3428 2496 3500 posterior
2522 3434 2638 3490 est,
2668 3423 2923 3480 videlicet
2953 3423 3106 3476 circa
3133 3434 3335 3473 annum
3362 3416 3493 3471 450.
3535 3416 3659 3483 Quo
3693 3428 3813 3468 sane

2227 3527 2466 3592 tempore
2494 3517 2628 3573 vixit
2657 3515 2721 3583 Β.
2756 3514 3001 3583 Anianus
3044 3509 3453 3566 Aurelianensis
3494 3508 3810 3578 episcopus.

2225 3616 2279 3660 et
2308 3606 2369 3663 Β.
2396 3604 2580 3676 Lupus
2609 3604 2919 3667 Trecensis,
2952 3601 3044 3672 qui
3089 3613 3433 3669 praeprOpere
3479 3598 3550 3651 ab
3599 3605 3813 3649 auctam

2226 3696 2314 3753 hic
2339 3697 2713 3760 nominantur,
2741 3694 2940 3764 quique
2975 3706 3107 3747 snas
3142 3689 3393 3744 civitates
3413 3687 3672 3758 precibus
3709 3685 3813 3740 suis

2226 3796 2279 3842 et
2325 3786 2532 3840 meritis
2558 3785 2926 3839 liberaverunt
2972 3798 3003 3836 a
3043 3782 3350 3835 vastatione
3380 3778 3564 3833 Attin
3592 3777 3806 3831 llunno-

2228 3891 2345 3930 rum
2380 3876 2542 3946 regis.
2572 3875 2678 3929 Sed
2708 3875 2774 3929 de
2801 3872 2857 3928 S.
2884 3872 3033 3943 Lupo
3071 3872 3249 3929 facilis
3282 3871 3451 3925 videri
3480 3878 3670 3940 posset
3694 3883 3811 3923 con.

2226 3967 2448 4031 ciliatio,
2480 3967 2605 4036 quia
2636 3967 2793 4023 annis
2819 3966 2886 4021 52
2917 3964 3016 4020 fuit
3037 3967 3340 4037 episcopus.
3373 3964 3444 4018 At
3466 3967 3651 4019 obstat
3679 3963 3809 4031 quod

2226 4058 2440 4112 demum
2484 4073 2626 4112 anno
2652 4056 2756 4110 427
2787 4058 2853 4110 ad
2881 4055 3183 4126 episcopale
3226 4055 3418 4110 solium
3456 4064 3682 4110 evectus
3714 4053 3806 4115 sit,

2219 4146 2373 4216 juxta
2404 4148 2667 4202 calculum
2697 4148 2938 4213 Baronii,
2970 4148 3062 4219 qui
3084 4163 3207 4201 eum
3228 4145 3546 4200 defunctum
3575 4152 3809 4200 recenset

2225 4255 2314 4294 an.
2348 4239 2472 4295 479.
2506 4240 2612 4295 Sed
2636 4241 2978 4297 excusandus
3008 4224 3370 4305 Flodoardns,
3411 4240 3502 4309 qui
3538 4239 3593 4294 iu
3627 4240 3725 4293 hac
3754 4253 3807 4291 re

2224 4329 2465 4398 sequitur
2507 4327 2875 4395 llincmarum,
2909 4330 3069 4399 epist.
3103 4329 3158 4395 5,
3187 4346 3237 4386 c.
3265 4330 3329 4383 17
3351 4370 3367 4393 ,
3395 4329 3538 4384 inter
3561 4344 3657 4384 eas
3681 4343 3809 4397 quas

2226 4418 2288 4475 Β.
2307 4417 2364 4471 Ρ.
2390 4417 2545 4474 Joan.
2564 4418 2783 4475 Busams
2806 4418 2993 4474 edidit.
3011 4420 3150 4487 Quot
3167 4420 3324 4475 annis
3349 4419 3557 4474 sederit
3582 4418 3807 4473 S.Ania-

2225 4526 2325 4566 nus
2373 4526 2477 4565 non
2520 4512 2733 4567 invenio
2774 4512 2826 4565 in
2869 4511 3139 4577 historiis,
3180 4513 3275 4568 sed
3313 4512 3515 4568 obiissc
3560 4513 3808 4568 scribitur

2223 4616 2313 4654 an.
2344 4599 2471 4657 455.
2506 4600 2703 4656 Verum
2744 4610 2798 4657 et
2828 4602 2974 4657 hunc
3008 4602 3097 4657 ditt
3146 4602 3197 4655 in
3231 4601 3545 4673 episcopatu
3580 4603 3802 4664 vixisse,

2222 4701 2278 4748 et
2316 4702 2601 4762 utramque
2637 4695 3068 4761 persecutionem
3112 4695 3299 4749 videre
3341 4696 3587 4765 potuisse
3634 4710 3699 4750 ex
3744 4709 3805 4749 eo

2226 4790 2403 4850 potest
2427 4782 2628 4854 colligi,
2657 4784 2782 4854 quia
2817 4782 3133 4842 Vincentius
3167 4783 3568 4853 Bellovacensis
3599 4788 3667 4842 de
3703 4788 3805 4859 ipso

2228 4874 2359 4944 agit,
2409 4873 2496 4928 ubi
2543 4874 2612 4930 de
2649 4886 2823 4931 morte
2867 4873 2928 4930 Β.
2979 4875 3291 4947 llLeronymi
3323 4886 3380 4931 et
3421 4877 3805 4934 Wandalorum

2228 4965 2623 5047 persecutione.
2649 4974 2904 5035 tanquam
2931 4967 3000 5023 ab
3022 4983 3088 5023 eo
3113 4976 3363 5039 tempore.
3386 4968 3581 5047 fuisset
3609 4971 3805 5041 episco-

2225 5042 2574 5133 pus,rnempe
2599 5054 2693 5109 lib.
2727 5072 2821 5120 xx.
2845 5072 2897 5111 c.
2924 5058 3007 5122 ll,
3041 5056 3189 5129 ﬂet
3221 5059 3307 5125 l3,
3339 5042 3587 5126 secutus,
3612 5071 3673 5115 ut
3705 5062 3805 5131 ipse

2661 5144 2719 5158 ﬁl
