  <div class='ocr_page' id='page_1' title='image "/cluster/home/n/w/nwhite01/storage/ocr_20150623/135/hvd.32044015471758/174.png"; bbox 0 0 3904 5396; ppageno 0'>
   <div class='ocr_carea' id='block_1_1' title="bbox 104 361 2015 425">
    <p class='ocr_par' dir='ltr' id='par_1_1' title="bbox 104 361 2015 425">
     <span class='ocr_line' id='line_1_1' title="bbox 104 361 2015 425; baseline -0.004 -3"><span class='ocrx_word' id='word_1_1' title='bbox 104 365 181 425; x_wconf 70' lang='grc' dir='ltr'><strong><em>3Ἶῖ</em></strong></span> <span class='ocrx_word' id='word_1_2' title='bbox 902 372 907 379; x_wconf 85' lang='grc'><strong>’</strong></span> <span class='ocrx_word' id='word_1_3' title='bbox 1333 365 1400 420; x_wconf 72' lang='grc' dir='ltr'><strong>ΙΝ</strong></span> <span class='ocrx_word' id='word_1_4' title='bbox 1435 362 1692 420; x_wconf 70' lang='lat' dir='ltr'><strong>LIBRUM</strong></span> <span class='ocrx_word' id='word_1_5' title='bbox 1730 361 2015 419; x_wconf 68' lang='lat' dir='ltr'><strong>PRIMUM.</strong></span> 
     </span>
    </p>
   </div>
   <div class='ocr_carea' id='block_1_2' title="bbox 105 480 3305 557">
    <p class='ocr_par' dir='ltr' id='par_1_2' title="bbox 105 480 3305 557">
     <span class='ocr_line' id='line_1_2' title="bbox 105 480 3305 557; baseline -0.001 -16"><span class='ocrx_word' id='word_1_6' title='bbox 105 480 587 557; x_wconf 66' lang='lat' dir='ltr'><strong>Martyrol._Usuardi</strong></span> <span class='ocrx_word' id='word_1_7' title='bbox 605 497 639 537; x_wconf 84' lang='lat' dir='ltr'><strong>a</strong></span> <span class='ocrx_word' id='word_1_8' title='bbox 669 480 875 539; x_wconf 92' lang='lat' dir='ltr'><strong>Joanne</strong></span> <span class='ocrx_word' id='word_1_9' title='bbox 903 482 1112 538; x_wconf 72' lang='lat' dir='ltr'><strong>Halano</strong></span> <span class='ocrx_word' id='word_1_10' title='bbox 1140 492 1377 547; x_wconf 86' lang='lat' dir='ltr'><strong>auctum,</strong></span> <span class='ocrx_word' id='word_1_11' title='bbox 1400 493 1455 537; x_wconf 89' lang='lat' dir='ltr'><strong>et</strong></span> <span class='ocrx_word' id='word_1_12' title='bbox 1484 481 1623 537; x_wconf 75' lang='lat' dir='ltr'><strong>Mar-</strong></span> <span class='ocrx_word' id='word_1_13' title='bbox 1648 488 1699 546; x_wconf 72' lang='grc' dir='ltr'><strong>Α</strong></span> <span class='ocrx_word' id='word_1_14' title='bbox 1724 482 2008 538; x_wconf 76' lang='lat' dir='ltr'><strong>lectionem</strong></span> <span class='ocrx_word' id='word_1_15' title='bbox 2042 484 2097 538; x_wconf 91' lang='lat' dir='ltr'><strong>in</strong></span> <span class='ocrx_word' id='word_1_16' title='bbox 2126 485 2377 554; x_wconf 78' lang='lat' dir='ltr'><strong>operibus</strong></span> <span class='ocrx_word' id='word_1_17' title='bbox 2407 482 2715 557; x_wconf 82' lang='lat' dir='ltr'><strong>Hieronymi</strong></span> <span class='ocrx_word' id='word_1_18' title='bbox 2756 485 2988 556; x_wconf 84' lang='lat' dir='ltr'><strong>praetulit</strong></span> <span class='ocrx_word' id='word_1_19' title='bbox 3015 485 3267 541; x_wconf 82' lang='lat' dir='ltr'><strong>Erasmus</strong></span> <span class='ocrx_word' id='word_1_20' title='bbox 3289 525 3305 549; x_wconf 90' lang='lat'><strong>,</strong></span> 
     </span>
    </p>
   </div>
   <div class='ocr_carea' id='block_1_3' title="bbox 104 555 1629 649">
    <p class='ocr_par' dir='ltr' id='par_1_3' title="bbox 104 555 1629 649">
     <span class='ocr_line' id='line_1_3' title="bbox 104 555 1629 649; baseline -0.001 -18"><span class='ocrx_word' id='word_1_21' title='bbox 104 555 373 649; x_wconf 62' lang='lat' dir='ltr'><strong>tyrologiui&#39;n</strong></span> <span class='ocrx_word' id='word_1_22' title='bbox 394 562 674 646; x_wconf 62' lang='lat' dir='ltr'><strong>&#39;proprium</strong></span> <span class='ocrx_word' id='word_1_23' title='bbox 706 574 958 631; x_wconf 65' lang='lat' dir='ltr'><strong>Ecclesia!</strong></span> <span class='ocrx_word' id='word_1_24' title='bbox 999 574 1432 630; x_wconf 81' lang='lat' dir='ltr'><strong>Cameracensis.</strong></span> <span class='ocrx_word' id='word_1_25' title='bbox 1473 574 1629 645; x_wconf 78' lang='lat' dir='ltr'><strong>Sige-</strong></span> 
     </span>
    </p>
   </div>
   <div class='ocr_carea' id='block_1_4' title="bbox 105 661 1629 734">
    <p class='ocr_par' dir='ltr' id='par_1_4' title="bbox 105 661 1629 734">
     <span class='ocr_line' id='line_1_4' title="bbox 105 661 1629 734; baseline -0.003 -14"><span class='ocrx_word' id='word_1_26' title='bbox 105 668 277 721; x_wconf 86' lang='lat' dir='ltr'><strong>bertutu</strong></span> <span class='ocrx_word' id='word_1_27' title='bbox 321 666 492 717; x_wconf 82' lang='lat' dir='ltr'><strong>tamen</strong></span> <span class='ocrx_word' id='word_1_28' title='bbox 540 674 760 719; x_wconf 66' lang='lat' dir='ltr'><strong>secutus</strong></span> <span class='ocrx_word' id='word_1_29' title='bbox 814 675 897 718; x_wconf 86' lang='lat' dir='ltr'><strong>est</strong></span> <span class='ocrx_word' id='word_1_30' title='bbox 950 661 1119 719; x_wconf 89' lang='lat' dir='ltr'><strong>Ottbo</strong></span> <span class='ocrx_word' id='word_1_31' title='bbox 1164 663 1525 734; x_wconf 75' lang='lat' dir='ltr'><strong>Frisingensis</strong></span> <span class='ocrx_word' id='word_1_32' title='bbox 1576 663 1629 717; x_wconf 90' lang='lat' dir='ltr'><strong>in</strong></span> 
     </span>
    </p>
   </div>
   <div class='ocr_carea' id='block_1_5' title="bbox 104 754 1634 819">
    <p class='ocr_par' dir='ltr' id='par_1_5' title="bbox 104 754 1634 819">
     <span class='ocr_line' id='line_1_5' title="bbox 104 754 1634 819; baseline -0.003 -6"><span class='ocrx_word' id='word_1_33' title='bbox 104 758 267 814; x_wconf 83' lang='lat' dir='ltr'><strong>Chron.</strong></span> <span class='ocrx_word' id='word_1_34' title='bbox 297 754 329 807; x_wconf 91' lang='lat' dir='ltr'><strong>l.</strong></span> <span class='ocrx_word' id='word_1_35' title='bbox 357 770 429 817; x_wconf 89' lang='lat' dir='ltr'><strong>tv,</strong></span> <span class='ocrx_word' id='word_1_36' title='bbox 455 769 500 809; x_wconf 85' lang='lat' dir='ltr'><strong>c.</strong></span> <span class='ocrx_word' id='word_1_37' title='bbox 529 754 622 819; x_wconf 71' lang='lat'><strong>28,</strong></span> <span class='ocrx_word' id='word_1_38' title='bbox 643 756 879 811; x_wconf 70' lang='lat' dir='ltr'><strong>Joannes</strong></span> <span class='ocrx_word' id='word_1_39' title='bbox 903 756 1072 811; x_wconf 87' lang='lat' dir='ltr'><strong>Tilius</strong></span> <span class='ocrx_word' id='word_1_40' title='bbox 1095 756 1148 811; x_wconf 88' lang='lat' dir='ltr'><strong>in</strong></span> <span class='ocrx_word' id='word_1_41' title='bbox 1172 756 1440 812; x_wconf 89' lang='lat' dir='ltr'><strong>Chronico</strong></span> <span class='ocrx_word' id='word_1_42' title='bbox 1462 755 1634 810; x_wconf 65' lang='lat' dir='ltr'><strong>Frano</strong></span> 
     </span>
    </p>
   </div>
   <div class='ocr_carea' id='block_1_6' title="bbox 106 843 1632 907">
    <p class='ocr_par' dir='ltr' id='par_1_6' title="bbox 106 843 1632 907">
     <span class='ocr_line' id='line_1_6' title="bbox 106 843 1632 907; baseline -0.003 -5"><span class='ocrx_word' id='word_1_43' title='bbox 106 860 271 907; x_wconf 87' lang='lat' dir='ltr'><strong>corum,</strong></span> <span class='ocrx_word' id='word_1_44' title='bbox 301 854 351 899; x_wconf 90' lang='lat' dir='ltr'><strong>et</strong></span> <span class='ocrx_word' id='word_1_45' title='bbox 377 843 510 900; x_wconf 65' lang='lat' dir='ltr'><strong>Vitae</strong></span> <span class='ocrx_word' id='word_1_46' title='bbox 537 844 638 901; x_wconf 86' lang='lat' dir='ltr'><strong>SS.</strong></span> <span class='ocrx_word' id='word_1_47' title='bbox 675 846 878 901; x_wconf 82' lang='lat' dir='ltr'><strong>Gallice</strong></span> <span class='ocrx_word' id='word_1_48' title='bbox 908 863 938 900; x_wconf 88' lang='lat' dir='ltr'><strong>a</strong></span> <span class='ocrx_word' id='word_1_49' title='bbox 969 846 1364 902; x_wconf 82' lang='lat' dir='ltr'><strong>Parisiensibus</strong></span> <span class='ocrx_word' id='word_1_50' title='bbox 1390 845 1632 901; x_wconf 88' lang='lat' dir='ltr'><strong>doctori-</strong></span> 
     </span>
    </p>
   </div>
   <div class='ocr_carea' id='block_1_7' title="bbox 106 934 1635 1006">
    <p class='ocr_par' dir='ltr' id='par_1_7' title="bbox 106 934 1635 1006">
     <span class='ocr_line' id='line_1_7' title="bbox 106 934 1635 1006; baseline 0.003 -16"><span class='ocrx_word' id='word_1_51' title='bbox 106 939 182 991; x_wconf 80' lang='lat' dir='ltr'><strong>bus</strong></span> <span class='ocrx_word' id='word_1_52' title='bbox 208 936 367 990; x_wconf 67' lang='lat' dir='ltr'><strong>edita).</strong></span> <span class='ocrx_word' id='word_1_53' title='bbox 397 934 524 991; x_wconf 83' lang='lat' dir='ltr'><strong>Post</strong></span> <span class='ocrx_word' id='word_1_54' title='bbox 567 938 682 992; x_wconf 77' lang='lat' dir='ltr'><strong>lucc</strong></span> <span class='ocrx_word' id='word_1_55' title='bbox 722 939 902 993; x_wconf 80' lang='lat' dir='ltr'><strong>omnia</strong></span> <span class='ocrx_word' id='word_1_56' title='bbox 944 953 975 993; x_wconf 88' lang='lat' dir='ltr'><strong>a</strong></span> <span class='ocrx_word' id='word_1_57' title='bbox 1018 954 1105 993; x_wconf 88' lang='lat' dir='ltr'><strong>me</strong></span> <span class='ocrx_word' id='word_1_58' title='bbox 1141 939 1384 1006; x_wconf 72' lang='lat' dir='ltr'><strong>digesta,</strong></span> <span class='ocrx_word' id='word_1_59' title='bbox 1419 938 1635 994; x_wconf 80' lang='lat' dir='ltr'><strong>invenio</strong></span> 
     </span>
    </p>
   </div>
   <div class='ocr_carea' id='block_1_8' title="bbox 107 1015 1636 1098">
    <p class='ocr_par' dir='ltr' id='par_1_8' title="bbox 107 1015 1636 1098">
     <span class='ocr_line' id='line_1_8' title="bbox 107 1015 1636 1098; baseline 0.003 -19"><span class='ocrx_word' id='word_1_60' title='bbox 107 1015 361 1089; x_wconf 62' lang='lat' dir='ltr'><strong>Moss-aunt,</strong></span> <span class='ocrx_word' id='word_1_61' title='bbox 383 1039 488 1080; x_wconf 91' lang='lat' dir='ltr'><strong>non</strong></span> <span class='ocrx_word' id='word_1_62' title='bbox 518 1026 883 1098; x_wconf 73' lang='lat' dir='ltr'><strong>indiligentem</strong></span> <span class='ocrx_word' id='word_1_63' title='bbox 908 1028 1249 1093; x_wconf 72' lang='lat' dir='ltr'><strong>historicum,</strong></span> <span class='ocrx_word' id='word_1_64' title='bbox 1271 1027 1366 1083; x_wconf 92' lang='lat' dir='ltr'><strong>lib.</strong></span> <span class='ocrx_word' id='word_1_65' title='bbox 1390 1043 1445 1083; x_wconf 74' lang='grc' dir='ltr'><strong>ιι</strong></span> <span class='ocrx_word' id='word_1_66' title='bbox 1466 1027 1636 1083; x_wconf 86' lang='lat' dir='ltr'><strong>Chro-</strong></span> 
     </span>
    </p>
   </div>
   <div class='ocr_carea' id='block_1_9' title="bbox 108 1122 1634 1194">
    <p class='ocr_par' dir='ltr' id='par_1_9' title="bbox 108 1122 1634 1194">
     <span class='ocr_line' id='line_1_9' title="bbox 108 1122 1634 1194; baseline 0.007 -21"><span class='ocrx_word' id='word_1_67' title='bbox 108 1122 306 1174; x_wconf 86' lang='lat' dir='ltr'><strong>uicorum</strong></span> <span class='ocrx_word' id='word_1_68' title='bbox 351 1124 557 1190; x_wconf 87' lang='lat' dir='ltr'><strong>mundi,</strong></span> <span class='ocrx_word' id='word_1_69' title='bbox 595 1138 725 1179; x_wconf 89' lang='lat' dir='ltr'><strong>anu.</strong></span> <span class='ocrx_word' id='word_1_70' title='bbox 762 1124 890 1192; x_wconf 68' lang='lat'><strong>406,</strong></span> <span class='ocrx_word' id='word_1_71' title='bbox 936 1140 1147 1182; x_wconf 88' lang='lat' dir='ltr'><strong>mecum</strong></span> <span class='ocrx_word' id='word_1_72' title='bbox 1195 1127 1335 1183; x_wconf 90' lang='lat' dir='ltr'><strong>idem</strong></span> <span class='ocrx_word' id='word_1_73' title='bbox 1367 1128 1634 1194; x_wconf 87' lang='lat' dir='ltr'><strong>sensisse,</strong></span> 
     </span>
    </p>
   </div>
   <div class='ocr_carea' id='block_1_10' title="bbox 108 1211 1637 1282">
    <p class='ocr_par' dir='ltr' id='par_1_10' title="bbox 108 1211 1637 1282">
     <span class='ocr_line' id='line_1_10' title="bbox 108 1211 1637 1282; baseline 0.006 -18"><span class='ocrx_word' id='word_1_74' title='bbox 108 1212 258 1265; x_wconf 73' lang='lat' dir='ltr'><strong>iisdem</strong></span> <span class='ocrx_word' id='word_1_75' title='bbox 303 1211 407 1267; x_wconf 78' lang='lat' dir='ltr'><strong>fere</strong></span> <span class='ocrx_word' id='word_1_76' title='bbox 443 1214 629 1267; x_wconf 76' lang='lat' dir='ltr'><strong>nixum</strong></span> <span class='ocrx_word' id='word_1_77' title='bbox 675 1215 1009 1282; x_wconf 77' lang='lat' dir='ltr'><strong>rationibus,</strong></span> <span class='ocrx_word' id='word_1_78' title='bbox 1051 1214 1180 1270; x_wconf 89' lang='lat' dir='ltr'><strong>dum</strong></span> <span class='ocrx_word' id='word_1_79' title='bbox 1218 1217 1333 1271; x_wconf 87' lang='lat' dir='ltr'><strong>ait:</strong></span> <span class='ocrx_word' id='word_1_80' title='bbox 1380 1235 1400 1269; x_wconf 84' lang='grc' dir='ltr'><strong>ι</strong></span> <span class='ocrx_word' id='word_1_81' title='bbox 1434 1217 1637 1272; x_wconf 86' lang='lat' dir='ltr'><strong>Eodem</strong></span> 
     </span>
    </p>
   </div>
   <div class='ocr_carea' id='block_1_11' title="bbox 108 1300 1637 1386">
    <p class='ocr_par' dir='ltr' id='par_1_11' title="bbox 108 1300 1637 1386">
     <span class='ocr_line' id='line_1_11' title="bbox 108 1300 1637 1386; baseline 0.004 -32"><span class='ocrx_word' id='word_1_82' title='bbox 108 1300 339 1356; x_wconf 78' lang='lat' dir='ltr'><strong>consulatu</strong></span> <span class='ocrx_word' id='word_1_83' title='bbox 363 1300 633 1367; x_wconf 75' lang='lat' dir='ltr'><strong>(videlicet</strong></span> <span class='ocrx_word' id='word_1_84' title='bbox 659 1302 873 1360; x_wconf 83' lang='lat' dir='ltr'><strong>Arcadii</strong></span> <span class='ocrx_word' id='word_1_85' title='bbox 901 1314 1112 1386; x_wconf 80' lang='lat' dir='ltr'><strong>sextum</strong></span> <span class='ocrx_word' id='word_1_86' title='bbox 1128 1304 1187 1361; x_wconf 61' lang='lat' dir='ltr'><strong>&#39;et</strong></span> <span class='ocrx_word' id='word_1_87' title='bbox 1211 1307 1388 1362; x_wconf 88' lang='lat' dir='ltr'><strong>Anicii</strong></span> <span class='ocrx_word' id='word_1_88' title='bbox 1416 1306 1602 1378; x_wconf 86' lang='lat' dir='ltr'><strong>Probi)</strong></span> <span class='ocrx_word' id='word_1_89' title='bbox 1620 1347 1637 1373; x_wconf 92' lang='lat'><strong>,</strong></span> 
     </span>
    </p>
   </div>
   <div class='ocr_carea' id='block_1_12' title="bbox 110 1389 1650 1467">
    <p class='ocr_par' dir='ltr' id='par_1_12' title="bbox 110 1389 1650 1467">
     <span class='ocr_line' id='line_1_12' title="bbox 110 1389 1650 1467; baseline 0.006 -24"><span class='ocrx_word' id='word_1_90' title='bbox 110 1400 210 1445; x_wconf 83' lang='lat' dir='ltr'><strong>teste</strong></span> <span class='ocrx_word' id='word_1_91' title='bbox 234 1391 504 1463; x_wconf 88' lang='lat' dir='ltr'><strong>Prospero,</strong></span> <span class='ocrx_word' id='word_1_92' title='bbox 532 1395 672 1465; x_wconf 91' lang='lat' dir='ltr'><strong>prid.</strong></span> <span class='ocrx_word' id='word_1_93' title='bbox 713 1394 831 1449; x_wconf 82' lang='lat' dir='ltr'><strong>Kal.</strong></span> <span class='ocrx_word' id='word_1_94' title='bbox 861 1393 1125 1461; x_wconf 81' lang='lat' dir='ltr'><strong>Januarii,</strong></span> <span class='ocrx_word' id='word_1_95' title='bbox 1162 1396 1388 1467; x_wconf 86' lang='lat' dir='ltr'><strong>trajecto</strong></span> <span class='ocrx_word' id='word_1_96' title='bbox 1413 1395 1603 1451; x_wconf 85' lang='lat' dir='ltr'><strong>Rheno</strong></span> <span class='ocrx_word' id='word_1_97' title='bbox 1620 1389 1650 1460; x_wconf 76' lang='grc'><strong>,’</strong></span> 
     </span>
    </p>
   </div>
   <div class='ocr_carea' id='block_1_13' title="bbox 110 1479 1640 1545">
    <p class='ocr_par' dir='ltr' id='par_1_13' title="bbox 110 1479 1640 1545">
     <span class='ocr_line' id='line_1_13' title="bbox 110 1479 1640 1545; baseline 0.007 -12"><span class='ocrx_word' id='word_1_98' title='bbox 110 1479 328 1545; x_wconf 81' lang='lat' dir='ltr'><strong>Wandali,</strong></span> <span class='ocrx_word' id='word_1_99' title='bbox 356 1482 511 1538; x_wconf 86' lang='lat' dir='ltr'><strong>Alani</strong></span> <span class='ocrx_word' id='word_1_100' title='bbox 546 1492 603 1537; x_wconf 90' lang='lat' dir='ltr'><strong>et</strong></span> <span class='ocrx_word' id='word_1_101' title='bbox 640 1483 760 1540; x_wconf 80' lang='lat' dir='ltr'><strong>alia:</strong></span> <span class='ocrx_word' id='word_1_102' title='bbox 781 1485 1041 1541; x_wconf 74' lang='lat' dir='ltr'><strong>barbara:</strong></span> <span class='ocrx_word' id='word_1_103' title='bbox 1075 1487 1325 1543; x_wconf 88' lang='lat' dir='ltr'><strong>nationes</strong></span> <span class='ocrx_word' id='word_1_104' title='bbox 1353 1488 1407 1543; x_wconf 91' lang='lat' dir='ltr'><strong>in</strong></span> <span class='ocrx_word' id='word_1_105' title='bbox 1439 1487 1640 1543; x_wconf 78' lang='lat' dir='ltr'><strong>Gallias</strong></span> 
     </span>
    </p>
   </div>
   <div class='ocr_carea' id='block_1_14' title="bbox 109 1570 1642 1647">
    <p class='ocr_par' dir='ltr' id='par_1_14' title="bbox 109 1570 1642 1647">
     <span class='ocr_line' id='line_1_14' title="bbox 109 1570 1642 1647; baseline 0.007 -24"><span class='ocrx_word' id='word_1_106' title='bbox 109 1570 363 1638; x_wconf 86' lang='lat' dir='ltr'><strong>irruerunt,</strong></span> <span class='ocrx_word' id='word_1_107' title='bbox 406 1582 461 1627; x_wconf 90' lang='lat' dir='ltr'><strong>et</strong></span> <span class='ocrx_word' id='word_1_108' title='bbox 510 1574 750 1631; x_wconf 81' lang='lat' dir='ltr'><strong>inﬁnitas</strong></span> <span class='ocrx_word' id='word_1_109' title='bbox 777 1577 951 1633; x_wconf 62' lang='lat' dir='ltr'><strong>caedes</strong></span> <span class='ocrx_word' id='word_1_110' title='bbox 972 1586 1457 1647; x_wconf 83' lang='lat' dir='ltr'><strong>perpetraverunt:</strong></span> <span class='ocrx_word' id='word_1_111' title='bbox 1499 1579 1642 1634; x_wconf 90' lang='lat' dir='ltr'><strong>inter</strong></span> 
     </span>
    </p>
   </div>
   <div class='ocr_carea' id='block_1_15' title="bbox 109 1660 1640 1738">
    <p class='ocr_par' dir='ltr' id='par_1_15' title="bbox 109 1660 1640 1738">
     <span class='ocr_line' id='line_1_15' title="bbox 109 1660 1640 1738; baseline 0.007 -25"><span class='ocrx_word' id='word_1_112' title='bbox 109 1676 214 1728; x_wconf 86' lang='lat' dir='ltr'><strong>quas</strong></span> <span class='ocrx_word' id='word_1_113' title='bbox 242 1661 293 1715; x_wconf 89' lang='lat' dir='ltr'><strong>S.</strong></span> <span class='ocrx_word' id='word_1_114' title='bbox 321 1660 566 1719; x_wconf 70' lang='lat' dir='ltr'><strong>Nicasius</strong></span> <span class='ocrx_word' id='word_1_115' title='bbox 598 1664 783 1722; x_wconf 80' lang='lat' dir='ltr'><strong>Remis</strong></span> <span class='ocrx_word' id='word_1_116' title='bbox 808 1667 1082 1722; x_wconf 89' lang='lat' dir='ltr'><strong>occubuit.</strong></span> <span class='ocrx_word' id='word_1_117' title='bbox 1124 1667 1379 1723; x_wconf 82' lang='lat' dir='ltr'><strong>Testatur</strong></span> <span class='ocrx_word' id='word_1_118' title='bbox 1404 1669 1640 1738; x_wconf 89' lang='lat' dir='ltr'><strong>idipsum</strong></span> 
     </span>
    </p>
   </div>
   <div class='ocr_carea' id='block_1_16' title="bbox 111 1751 1642 1825">
    <p class='ocr_par' dir='ltr' id='par_1_16' title="bbox 111 1751 1642 1825">
     <span class='ocr_line' id='line_1_16' title="bbox 111 1751 1642 1825; baseline 0.008 -23"><span class='ocrx_word' id='word_1_119' title='bbox 111 1751 283 1819; x_wconf 80' lang='lat' dir='ltr'><strong>propria</strong></span> <span class='ocrx_word' id='word_1_120' title='bbox 302 1752 471 1820; x_wconf 80' lang='lat' dir='ltr'><strong>ipsius</strong></span> <span class='ocrx_word' id='word_1_121' title='bbox 489 1756 736 1822; x_wconf 89' lang='lat' dir='ltr'><strong>historia,</strong></span> <span class='ocrx_word' id='word_1_122' title='bbox 765 1756 964 1811; x_wconf 88' lang='lat' dir='ltr'><strong>nullam</strong></span> <span class='ocrx_word' id='word_1_123' title='bbox 989 1757 1329 1825; x_wconf 83' lang='lat' dir='ltr'><strong>Hunnorum,</strong></span> <span class='ocrx_word' id='word_1_124' title='bbox 1355 1760 1449 1815; x_wconf 86' lang='lat' dir='ltr'><strong>sed</strong></span> <span class='ocrx_word' id='word_1_125' title='bbox 1473 1760 1642 1816; x_wconf 79' lang='lat' dir='ltr'><strong>Wan-</strong></span> 
     </span>
    </p>
   </div>
   <div class='ocr_carea' id='block_1_17' title="bbox 110 1844 1639 1908">
    <p class='ocr_par' dir='ltr' id='par_1_17' title="bbox 110 1844 1639 1908">
     <span class='ocr_line' id='line_1_17' title="bbox 110 1844 1639 1908; baseline 0.006 -12"><span class='ocrx_word' id='word_1_126' title='bbox 110 1844 303 1899; x_wconf 80' lang='lat' dir='ltr'><strong>dalorum</strong></span> <span class='ocrx_word' id='word_1_127' title='bbox 333 1856 536 1902; x_wconf 83' lang='lat' dir='ltr'><strong>tantum</strong></span> <span class='ocrx_word' id='word_1_128' title='bbox 570 1848 774 1907; x_wconf 81' lang='lat' dir='ltr'><strong>faciens</strong></span> <span class='ocrx_word' id='word_1_129' title='bbox 803 1851 1153 1906; x_wconf 84' lang='lat' dir='ltr'><strong>mentionem.</strong></span> <span class='ocrx_word' id='word_1_130' title='bbox 1197 1849 1311 1908; x_wconf 88' lang='lat' dir='ltr'><strong>Hoc</strong></span> <span class='ocrx_word' id='word_1_131' title='bbox 1344 1860 1401 1907; x_wconf 87' lang='lat' dir='ltr'><strong>et</strong></span> <span class='ocrx_word' id='word_1_132' title='bbox 1426 1850 1486 1907; x_wconf 89' lang='lat' dir='ltr'><strong>S.</strong></span> <span class='ocrx_word' id='word_1_133' title='bbox 1514 1850 1639 1906; x_wconf 83' lang='lat' dir='ltr'><strong>Hie-</strong></span> 
     </span>
    </p>
   </div>
   <div class='ocr_carea' id='block_1_18' title="bbox 111 1936 1636 2013">
    <p class='ocr_par' dir='ltr' id='par_1_18' title="bbox 111 1936 1636 2013">
     <span class='ocr_line' id='line_1_18' title="bbox 111 1936 1636 2013; baseline 0.006 -26"><span class='ocrx_word' id='word_1_134' title='bbox 111 1949 316 2005; x_wconf 79' lang='lat' dir='ltr'><strong>ronymus</strong></span> <span class='ocrx_word' id='word_1_135' title='bbox 339 1936 402 1991; x_wconf 86' lang='lat' dir='ltr'><strong>ad</strong></span> <span class='ocrx_word' id='word_1_136' title='bbox 431 1936 749 1994; x_wconf 86' lang='lat' dir='ltr'><strong>Geruutiam</strong></span> <span class='ocrx_word' id='word_1_137' title='bbox 784 1940 1123 2009; x_wconf 83' lang='lat' dir='ltr'><strong>apertissime</strong></span> <span class='ocrx_word' id='word_1_138' title='bbox 1146 1950 1511 2009; x_wconf 86' lang='lat' dir='ltr'><strong>contestatur,</strong></span> <span class='ocrx_word' id='word_1_139' title='bbox 1542 1942 1636 2013; x_wconf 89' lang='lat' dir='ltr'><strong>qui</strong></span> 
     </span>
    </p>
   </div>
   <div class='ocr_carea' id='block_1_19' title="bbox 110 2025 1638 2091">
    <p class='ocr_par' dir='ltr' id='par_1_19' title="bbox 110 2025 1638 2091">
     <span class='ocr_line' id='line_1_19' title="bbox 110 2025 1638 2091; baseline 0.007 -14"><span class='ocrx_word' id='word_1_140' title='bbox 110 2025 177 2079; x_wconf 77' lang='lat' dir='ltr'><strong>diu</strong></span> <span class='ocrx_word' id='word_1_141' title='bbox 199 2036 307 2085; x_wconf 86' lang='lat' dir='ltr'><strong>ante</strong></span> <span class='ocrx_word' id='word_1_142' title='bbox 331 2026 615 2087; x_wconf 78' lang='lat' dir='ltr'><strong>adventum</strong></span> <span class='ocrx_word' id='word_1_143' title='bbox 655 2029 972 2087; x_wconf 76' lang='lat' dir='ltr'><strong>Hunnorum</strong></span> <span class='ocrx_word' id='word_1_144' title='bbox 1003 2033 1056 2088; x_wconf 91' lang='lat' dir='ltr'><strong>in</strong></span> <span class='ocrx_word' id='word_1_145' title='bbox 1084 2032 1309 2089; x_wconf 77' lang='lat' dir='ltr'><strong>Galliam</strong></span> <span class='ocrx_word' id='word_1_146' title='bbox 1348 2033 1638 2091; x_wconf 81' lang='lat' dir='ltr'><strong>defunctus</strong></span> 
     </span>
    </p>
   </div>
   <div class='ocr_carea' id='block_1_20' title="bbox 113 2118 1636 2198">
    <p class='ocr_par' dir='ltr' id='par_1_20' title="bbox 113 2118 1636 2198">
     <span class='ocr_line' id='line_1_20' title="bbox 113 2118 1636 2198; baseline 0.007 -29"><span class='ocrx_word' id='word_1_147' title='bbox 113 2123 187 2171; x_wconf 75' lang='lat' dir='ltr'><strong>est.</strong></span> <span class='ocrx_word' id='word_1_148' title='bbox 225 2118 385 2187; x_wconf 84' lang='lat' dir='ltr'><strong>Quare</strong></span> <span class='ocrx_word' id='word_1_149' title='bbox 429 2124 627 2178; x_wconf 87' lang='lat' dir='ltr'><strong>merito</strong></span> <span class='ocrx_word' id='word_1_150' title='bbox 669 2125 1006 2180; x_wconf 84' lang='lat' dir='ltr'><strong>detestamur</strong></span> <span class='ocrx_word' id='word_1_151' title='bbox 1037 2141 1225 2181; x_wconf 89' lang='lat' dir='ltr'><strong>eorum</strong></span> <span class='ocrx_word' id='word_1_152' title='bbox 1248 2122 1636 2198; x_wconf 67' lang='lat' dir='ltr'><strong>negligentiam</strong></span> 
     </span>
    </p>
   </div>
   <div class='ocr_carea' id='block_1_21' title="bbox 111 2212 1637 2292">
    <p class='ocr_par' dir='ltr' id='par_1_21' title="bbox 111 2212 1637 2292">
     <span class='ocr_line' id='line_1_21' title="bbox 111 2212 1637 2292; baseline 0.005 -27"><span class='ocrx_word' id='word_1_153' title='bbox 111 2212 177 2278; x_wconf 85' lang='lat' dir='ltr'><strong>qui</strong></span> <span class='ocrx_word' id='word_1_154' title='bbox 196 2213 447 2286; x_wconf 80' lang='lat' dir='ltr'><strong>plusquam</strong></span> <span class='ocrx_word' id='word_1_155' title='bbox 466 2216 544 2272; x_wconf 65' lang='lat'><strong>£0</strong></span> <span class='ocrx_word' id='word_1_156' title='bbox 562 2217 720 2275; x_wconf 78' lang='lat' dir='ltr'><strong>annis</strong></span> <span class='ocrx_word' id='word_1_157' title='bbox 746 2218 1011 2292; x_wconf 80' lang='lat' dir='ltr'><strong>posterius</strong></span> <span class='ocrx_word' id='word_1_158' title='bbox 1039 2217 1096 2273; x_wconf 93' lang='lat' dir='ltr'><strong>S.</strong></span> <span class='ocrx_word' id='word_1_159' title='bbox 1125 2218 1396 2274; x_wconf 85' lang='lat' dir='ltr'><strong>Nicasium</strong></span> <span class='ocrx_word' id='word_1_160' title='bbox 1420 2234 1637 2290; x_wconf 87' lang='lat' dir='ltr'><strong>passum</strong></span> 
     </span>
    </p>
   </div>
   <div class='ocr_carea' id='block_1_22' title="bbox 112 2303 1639 2383">
    <p class='ocr_par' dir='ltr' id='par_1_22' title="bbox 112 2303 1639 2383">
     <span class='ocr_line' id='line_1_22' title="bbox 112 2303 1639 2383; baseline 0.004 -27"><span class='ocrx_word' id='word_1_161' title='bbox 112 2303 325 2371; x_wconf 79' lang='lat' dir='ltr'><strong>scribunt,</strong></span> <span class='ocrx_word' id='word_1_162' title='bbox 356 2316 414 2361; x_wconf 91' lang='lat' dir='ltr'><strong>ut</strong></span> <span class='ocrx_word' id='word_1_163' title='bbox 440 2307 647 2363; x_wconf 86' lang='lat' dir='ltr'><strong>nullum</strong></span> <span class='ocrx_word' id='word_1_164' title='bbox 679 2309 848 2367; x_wconf 80' lang='lat' dir='ltr'><strong>ferme</strong></span> <span class='ocrx_word' id='word_1_165' title='bbox 876 2308 1020 2367; x_wconf 77' lang='lat' dir='ltr'><strong>inter</strong></span> <span class='ocrx_word' id='word_1_166' title='bbox 1056 2308 1230 2383; x_wconf 78' lang='lat' dir='ltr'><strong>ipsum</strong></span> <span class='ocrx_word' id='word_1_167' title='bbox 1257 2317 1313 2364; x_wconf 90' lang='lat' dir='ltr'><strong>et</strong></span> <span class='ocrx_word' id='word_1_168' title='bbox 1337 2308 1639 2380; x_wconf 71' lang='lat' dir='ltr'><strong>Remigium</strong></span> 
     </span>
    </p>
   </div>
   <div class='ocr_carea' id='block_1_23' title="bbox 113 2395 1644 2464">
    <p class='ocr_par' dir='ltr' id='par_1_23' title="bbox 113 2395 1644 2464">
     <span class='ocr_line' id='line_1_23' title="bbox 113 2395 1644 2464; baseline 0.005 -19"><span class='ocrx_word' id='word_1_169' title='bbox 113 2402 280 2464; x_wconf 87' lang='lat' dir='ltr'><strong>tempus</strong></span> <span class='ocrx_word' id='word_1_170' title='bbox 306 2395 506 2454; x_wconf 82' lang='lat' dir='ltr'><strong>fuerit?</strong></span> <span class='ocrx_word' id='word_1_171' title='bbox 547 2399 816 2456; x_wconf 87' lang='lat' dir='ltr'><strong>llactenus</strong></span> <span class='ocrx_word' id='word_1_172' title='bbox 865 2401 971 2457; x_wconf 89' lang='lat' dir='ltr'><strong>ille.</strong></span> <span class='ocrx_word' id='word_1_173' title='bbox 1019 2403 1164 2458; x_wconf 87' lang='lat' dir='ltr'><strong>Idem</strong></span> <span class='ocrx_word' id='word_1_174' title='bbox 1210 2400 1443 2459; x_wconf 68' lang='lat' dir='ltr'><strong>advertit</strong></span> <span class='ocrx_word' id='word_1_175' title='bbox 1483 2398 1644 2454; x_wconf 80' lang='lat' dir='ltr'><strong>Nico-</strong></span> 
     </span>
    </p>
   </div>
   <div class='ocr_carea' id='block_1_24' title="bbox 113 2481 1650 2563">
    <p class='ocr_par' dir='ltr' id='par_1_24' title="bbox 113 2481 1650 2563">
     <span class='ocr_line' id='line_1_24' title="bbox 113 2481 1650 2563; baseline 0.008 -28"><span class='ocrx_word' id='word_1_176' title='bbox 113 2481 202 2537; x_wconf 82' lang='lat' dir='ltr'><strong>laos</strong></span> <span class='ocrx_word' id='word_1_177' title='bbox 221 2485 468 2544; x_wconf 83' lang='lat' dir='ltr'><strong>Camuzar</strong></span> <span class='ocrx_word' id='word_1_178' title='bbox 497 2490 556 2544; x_wconf 90' lang='lat' dir='ltr'><strong>in</strong></span> <span class='ocrx_word' id='word_1_179' title='bbox 582 2490 688 2545; x_wconf 77' lang='lat' dir='ltr'><strong>[inc</strong></span> <span class='ocrx_word' id='word_1_180' title='bbox 712 2492 794 2547; x_wconf 86' lang='lat' dir='ltr'><strong>sui</strong></span> <span class='ocrx_word' id='word_1_181' title='bbox 816 2491 1177 2563; x_wconf 87' lang='lat' dir='ltr'><strong>Promptuarii</strong></span> <span class='ocrx_word' id='word_1_182' title='bbox 1208 2508 1483 2548; x_wconf 89' lang='lat' dir='ltr'><strong>sacrarum</strong></span> <span class='ocrx_word' id='word_1_183' title='bbox 1507 2489 1650 2548; x_wconf 80' lang='lat' dir='ltr'><strong>anti-</strong></span> 
     </span>
    </p>
   </div>
   <div class='ocr_carea' id='block_1_25' title="bbox 114 2576 1633 2650">
    <p class='ocr_par' dir='ltr' id='par_1_25' title="bbox 114 2576 1633 2650">
     <span class='ocr_line' id='line_1_25' title="bbox 114 2576 1633 2650; baseline 0.008 -23"><span class='ocrx_word' id='word_1_184' title='bbox 114 2576 328 2641; x_wconf 82' lang='lat' dir='ltr'><strong>quitatum</strong></span> <span class='ocrx_word' id='word_1_185' title='bbox 353 2580 677 2639; x_wconf 81' lang='lat' dir='ltr'><strong>Tricassime</strong></span> <span class='ocrx_word' id='word_1_186' title='bbox 702 2584 953 2639; x_wconf 73' lang='lat' dir='ltr'><strong>diaecosis</strong></span> <span class='ocrx_word' id='word_1_187' title='bbox 969 2625 983 2650; x_wconf 93' lang='lat'><strong>,</strong></span> <span class='ocrx_word' id='word_1_188' title='bbox 1010 2586 1209 2641; x_wconf 87' lang='lat' dir='ltr'><strong>docens</strong></span> <span class='ocrx_word' id='word_1_189' title='bbox 1234 2601 1340 2640; x_wconf 92' lang='lat' dir='ltr'><strong>non</strong></span> <span class='ocrx_word' id='word_1_190' title='bbox 1379 2594 1524 2641; x_wconf 86' lang='lat' dir='ltr'><strong>recte</strong></span> <span class='ocrx_word' id='word_1_191' title='bbox 1550 2586 1633 2639; x_wconf 84' lang='lat' dir='ltr'><strong>At-</strong></span> 
     </span>
    </p>
   </div>
   <div class='ocr_carea' id='block_1_26' title="bbox 116 2664 1642 2745">
    <p class='ocr_par' dir='ltr' id='par_1_26' title="bbox 116 2664 1642 2745">
     <span class='ocr_line' id='line_1_26' title="bbox 116 2664 1642 2745; baseline 0.01 -28"><span class='ocrx_word' id='word_1_192' title='bbox 116 2664 195 2720; x_wconf 67' lang='lat' dir='ltr'><strong>tilze</strong></span> <span class='ocrx_word' id='word_1_193' title='bbox 219 2669 361 2724; x_wconf 91' lang='lat' dir='ltr'><strong>tribui</strong></span> <span class='ocrx_word' id='word_1_194' title='bbox 391 2673 594 2728; x_wconf 80' lang='lat' dir='ltr'><strong>caedem</strong></span> <span class='ocrx_word' id='word_1_195' title='bbox 626 2673 683 2730; x_wconf 90' lang='lat' dir='ltr'><strong>S.</strong></span> <span class='ocrx_word' id='word_1_196' title='bbox 713 2674 913 2731; x_wconf 72' lang='lat' dir='ltr'><strong>Nicasii</strong></span> <span class='ocrx_word' id='word_1_197' title='bbox 941 2691 972 2730; x_wconf 90' lang='lat' dir='ltr'><strong>a</strong></span> <span class='ocrx_word' id='word_1_198' title='bbox 1003 2676 1307 2745; x_wconf 76' lang='lat' dir='ltr'><strong>Sigeberto,</strong></span> <span class='ocrx_word' id='word_1_199' title='bbox 1336 2696 1355 2729; x_wconf 87' lang='grc' dir='ltr'><strong>ι</strong></span> <span class='ocrx_word' id='word_1_200' title='bbox 1384 2677 1642 2734; x_wconf 80' lang='lat' dir='ltr'><strong>Flodoar-</strong></span> 
     </span>
    </p>
   </div>
   <div class='ocr_carea' id='block_1_27' title="bbox 114 2753 1648 2834">
    <p class='ocr_par' dir='ltr' id='par_1_27' title="bbox 114 2753 1648 2834">
     <span class='ocr_line' id='line_1_27' title="bbox 114 2753 1648 2834; baseline 0.012 -30"><span class='ocrx_word' id='word_1_201' title='bbox 114 2753 208 2807; x_wconf 79' lang='lat' dir='ltr'><strong>duni</strong></span> <span class='ocrx_word' id='word_1_202' title='bbox 226 2796 241 2820; x_wconf 91' lang='lat'><strong>,</strong></span> <span class='ocrx_word' id='word_1_203' title='bbox 263 2757 424 2827; x_wconf 89' lang='lat' dir='ltr'><strong>inquit</strong></span> <span class='ocrx_word' id='word_1_204' title='bbox 446 2800 461 2823; x_wconf 93' lang='lat'><strong>,</strong></span> <span class='ocrx_word' id='word_1_205' title='bbox 501 2770 782 2817; x_wconf 86' lang='lat' dir='ltr'><strong>auctorem</strong></span> <span class='ocrx_word' id='word_1_206' title='bbox 825 2762 982 2832; x_wconf 91' lang='lat' dir='ltr'><strong>paulo</strong></span> <span class='ocrx_word' id='word_1_207' title='bbox 1008 2765 1368 2834; x_wconf 81' lang='lat' dir='ltr'><strong>antiquiorem</strong></span> <span class='ocrx_word' id='word_1_208' title='bbox 1394 2764 1534 2821; x_wconf 73' lang='lat' dir='ltr'><strong>ftirte</strong></span> <span class='ocrx_word' id='word_1_209' title='bbox 1562 2781 1648 2822; x_wconf 87' lang='lat' dir='ltr'><strong>se-</strong></span> 
     </span>
    </p>
   </div>
   <div class='ocr_carea' id='block_1_28' title="bbox 114 2850 1643 2928">
    <p class='ocr_par' dir='ltr' id='par_1_28' title="bbox 114 2850 1643 2928">
     <span class='ocr_line' id='line_1_28' title="bbox 114 2850 1643 2928; baseline 0.009 -31"><span class='ocrx_word' id='word_1_210' title='bbox 114 2853 227 2910; x_wconf 82' lang='lat' dir='ltr'><strong>cuto,</strong></span> <span class='ocrx_word' id='word_1_211' title='bbox 247 2850 327 2917; x_wconf 89' lang='lat' dir='ltr'><strong>qui</strong></span> <span class='ocrx_word' id='word_1_212' title='bbox 350 2853 724 2908; x_wconf 87' lang='lat' dir='ltr'><strong>sanctissimos</strong></span> <span class='ocrx_word' id='word_1_213' title='bbox 753 2854 1010 2923; x_wconf 68' lang='lat' dir='ltr'><strong>priesules</strong></span> <span class='ocrx_word' id='word_1_214' title='bbox 1037 2853 1341 2911; x_wconf 82' lang='lat' dir='ltr'><strong>Servatium</strong></span> <span class='ocrx_word' id='word_1_215' title='bbox 1366 2855 1643 2928; x_wconf 78' lang='lat' dir='ltr'><strong>Tungren-</strong></span> 
     </span>
    </p>
   </div>
   <div class='ocr_carea' id='block_1_29' title="bbox 115 2938 1647 3018">
    <p class='ocr_par' dir='ltr' id='par_1_29' title="bbox 115 2938 1647 3018">
     <span class='ocr_line' id='line_1_29' title="bbox 115 2938 1647 3018; baseline 0.008 -29"><span class='ocrx_word' id='word_1_216' title='bbox 115 2938 507 3000; x_wconf 70' lang='lat' dir='ltr'><strong>sein..Nicasiuni</strong></span> <span class='ocrx_word' id='word_1_217' title='bbox 540 2952 595 2998; x_wconf 88' lang='lat' dir='ltr'><strong>et</strong></span> <span class='ocrx_word' id='word_1_218' title='bbox 619 2943 824 3015; x_wconf 82' lang='lat' dir='ltr'><strong>Lupum</strong></span> <span class='ocrx_word' id='word_1_219' title='bbox 871 2961 1137 3017; x_wconf 66' lang='lat' dir='ltr'><strong>aequaevos</strong></span> <span class='ocrx_word' id='word_1_220' title='bbox 1176 2956 1234 3003; x_wconf 91' lang='lat' dir='ltr'><strong>et</strong></span> <span class='ocrx_word' id='word_1_221' title='bbox 1268 2954 1647 3018; x_wconf 85' lang='lat' dir='ltr'><strong>contempora-</strong></span> 
     </span>
    </p>
   </div>
   <div class='ocr_carea' id='block_1_30' title="bbox 114 3034 1643 3113">
    <p class='ocr_par' dir='ltr' id='par_1_30' title="bbox 114 3034 1643 3113">
     <span class='ocr_line' id='line_1_30' title="bbox 114 3034 1643 3113; baseline 0.008 -30"><span class='ocrx_word' id='word_1_222' title='bbox 114 3048 213 3087; x_wconf 77' lang='lat' dir='ltr'><strong>neos</strong></span> <span class='ocrx_word' id='word_1_223' title='bbox 234 3034 365 3100; x_wconf 81' lang='lat' dir='ltr'><strong>facit,</strong></span> <span class='ocrx_word' id='word_1_224' title='bbox 382 3055 504 3093; x_wconf 88' lang='lat' dir='ltr'><strong>cum</strong></span> <span class='ocrx_word' id='word_1_225' title='bbox 538 3047 716 3095; x_wconf 88' lang='lat' dir='ltr'><strong>tamen</strong></span> <span class='ocrx_word' id='word_1_226' title='bbox 738 3042 1021 3111; x_wconf 88' lang='lat' dir='ltr'><strong>perspicue</strong></span> <span class='ocrx_word' id='word_1_227' title='bbox 1045 3040 1221 3111; x_wconf 88' lang='lat' dir='ltr'><strong>palam</strong></span> <span class='ocrx_word' id='word_1_228' title='bbox 1243 3041 1317 3097; x_wconf 87' lang='lat' dir='ltr'><strong>sit</strong></span> <span class='ocrx_word' id='word_1_229' title='bbox 1347 3042 1413 3096; x_wconf 90' lang='lat' dir='ltr'><strong>D.</strong></span> <span class='ocrx_word' id='word_1_230' title='bbox 1436 3040 1643 3113; x_wconf 84' lang='lat' dir='ltr'><strong>Lupum</strong></span> 
     </span>
    </p>
   </div>
   <div class='ocr_carea' id='block_1_31' title="bbox 116 3125 1645 3202">
    <p class='ocr_par' dir='ltr' id='par_1_31' title="bbox 116 3125 1645 3202">
     <span class='ocr_line' id='line_1_31' title="bbox 116 3125 1645 3202; baseline 0.008 -28"><span class='ocrx_word' id='word_1_231' title='bbox 116 3137 196 3176; x_wconf 88' lang='lat' dir='ltr'><strong>non</strong></span> <span class='ocrx_word' id='word_1_232' title='bbox 219 3126 307 3181; x_wconf 88' lang='lat' dir='ltr'><strong>nisi</strong></span> <span class='ocrx_word' id='word_1_233' title='bbox 326 3125 395 3182; x_wconf 76' lang='grc'><strong>20</strong></span> <span class='ocrx_word' id='word_1_234' title='bbox 421 3131 582 3185; x_wconf 87' lang='lat' dir='ltr'><strong>annis</strong></span> <span class='ocrx_word' id='word_1_235' title='bbox 611 3140 731 3200; x_wconf 89' lang='lat' dir='ltr'><strong>post</strong></span> <span class='ocrx_word' id='word_1_236' title='bbox 751 3132 956 3186; x_wconf 90' lang='lat' dir='ltr'><strong>obitum</strong></span> <span class='ocrx_word' id='word_1_237' title='bbox 987 3132 1223 3202; x_wconf 89' lang='lat' dir='ltr'><strong>ipsorum</strong></span> <span class='ocrx_word' id='word_1_238' title='bbox 1252 3132 1552 3188; x_wconf 90' lang='lat' dir='ltr'><strong>antistitum</strong></span> <span class='ocrx_word' id='word_1_239' title='bbox 1577 3130 1645 3186; x_wconf 88' lang='lat' dir='ltr'><strong>ad</strong></span> 
     </span>
    </p>
   </div>
   <div class='ocr_carea' id='block_1_32' title="bbox 113 3215 1718 3293">
    <p class='ocr_par' dir='ltr' id='par_1_32' title="bbox 113 3215 1718 3293">
     <span class='ocr_line' id='line_1_32' title="bbox 113 3215 1718 3293; baseline 0.006 -27"><span class='ocrx_word' id='word_1_240' title='bbox 113 3215 417 3288; x_wconf 83' lang='lat' dir='ltr'><strong>episcopalem</strong></span> <span class='ocrx_word' id='word_1_241' title='bbox 461 3223 673 3292; x_wconf 82' lang='lat' dir='ltr'><strong>apicem</strong></span> <span class='ocrx_word' id='word_1_242' title='bbox 702 3234 966 3278; x_wconf 83' lang='lat' dir='ltr'><strong>evectum.</strong></span> <span class='ocrx_word' id='word_1_243' title='bbox 1005 3243 1023 3276; x_wconf 74' lang='grc' dir='ltr'><strong>ι</strong></span> <span class='ocrx_word' id='word_1_244' title='bbox 1067 3224 1158 3280; x_wconf 87' lang='lat' dir='ltr'><strong>Sic</strong></span> <span class='ocrx_word' id='word_1_245' title='bbox 1192 3224 1297 3280; x_wconf 90' lang='lat' dir='ltr'><strong>ille.</strong></span> <span class='ocrx_word' id='word_1_246' title='bbox 1337 3223 1489 3293; x_wconf 85' lang='lat' dir='ltr'><strong>Quod</strong></span> <span class='ocrx_word' id='word_1_247' title='bbox 1518 3239 1646 3279; x_wconf 72' lang='lat' dir='ltr'><strong>vero</strong></span> <span class='ocrx_word' id='word_1_248' title='bbox 1672 3224 1718 3285; x_wconf 88' lang='lat' dir='ltr'>C</span> 
     </span>
    </p>
   </div>
   <div class='ocr_carea' id='block_1_33' title="bbox 115 3306 1649 3386">
    <p class='ocr_par' dir='ltr' id='par_1_33' title="bbox 115 3306 1649 3386">
     <span class='ocr_line' id='line_1_33' title="bbox 115 3306 1649 3386; baseline 0.007 -29"><span class='ocrx_word' id='word_1_249' title='bbox 115 3306 286 3373; x_wconf 82' lang='lat' dir='ltr'><strong>quidam</strong></span> <span class='ocrx_word' id='word_1_250' title='bbox 315 3312 741 3379; x_wconf 86' lang='lat' dir='ltr'><strong>ratiocinantur,</strong></span> <span class='ocrx_word' id='word_1_251' title='bbox 791 3316 919 3385; x_wconf 88' lang='lat' dir='ltr'><strong>quia</strong></span> <span class='ocrx_word' id='word_1_252' title='bbox 956 3314 1153 3386; x_wconf 76' lang='lat' dir='ltr'><strong>legitur</strong></span> <span class='ocrx_word' id='word_1_253' title='bbox 1181 3316 1267 3371; x_wconf 89' lang='lat' dir='ltr'><strong>hic</strong></span> <span class='ocrx_word' id='word_1_254' title='bbox 1295 3308 1550 3386; x_wconf 71' lang='lat' dir='ltr'><strong>Eutropia</strong></span> <span class='ocrx_word' id='word_1_255' title='bbox 1582 3315 1649 3368; x_wconf 80' lang='lat' dir='ltr'><strong>ti-</strong></span> 
     </span>
    </p>
   </div>
   <div class='ocr_carea' id='block_1_34' title="bbox 114 3396 1648 3477">
    <p class='ocr_par' dir='ltr' id='par_1_34' title="bbox 114 3396 1648 3477">
     <span class='ocr_line' id='line_1_34' title="bbox 114 3396 1648 3477; baseline 0.011 -25"><span class='ocrx_word' id='word_1_256' title='bbox 114 3396 274 3454; x_wconf 68' lang='lat' dir='ltr'><strong>iuuisse</strong></span> <span class='ocrx_word' id='word_1_257' title='bbox 301 3404 532 3458; x_wconf 84' lang='lat' dir='ltr'><strong>castitati</strong></span> <span class='ocrx_word' id='word_1_258' title='bbox 559 3420 673 3460; x_wconf 65' lang='lat' dir='ltr'><strong>sum</strong></span> <span class='ocrx_word' id='word_1_259' title='bbox 697 3416 917 3476; x_wconf 82' lang='lat' dir='ltr'><strong>prapter</strong></span> <span class='ocrx_word' id='word_1_260' title='bbox 940 3406 1415 3477; x_wconf 72' lang='lat' dir='ltr'><strong>pulchritudinem,</strong></span> <span class='ocrx_word' id='word_1_261' title='bbox 1442 3410 1648 3469; x_wconf 88' lang='lat' dir='ltr'><strong>idcirco</strong></span> 
     </span>
    </p>
   </div>
   <div class='ocr_carea' id='block_1_35' title="bbox 114 3488 1651 3568">
    <p class='ocr_par' dir='ltr' id='par_1_35' title="bbox 114 3488 1651 3568">
     <span class='ocr_line' id='line_1_35' title="bbox 114 3488 1651 3568; baseline 0.003 -17"><span class='ocrx_word' id='word_1_262' title='bbox 114 3488 251 3551; x_wconf 67' lang='lat' dir='ltr'><strong>Wlius</strong></span> <span class='ocrx_word' id='word_1_263' title='bbox 276 3490 339 3543; x_wconf 89' lang='lat' dir='ltr'><strong>ab</strong></span> <span class='ocrx_word' id='word_1_264' title='bbox 365 3493 575 3549; x_wconf 82' lang='lat' dir='ltr'><strong>Hunnis</strong></span> <span class='ocrx_word' id='word_1_265' title='bbox 599 3496 651 3549; x_wconf 88' lang='lat' dir='ltr'><strong>id</strong></span> <span class='ocrx_word' id='word_1_266' title='bbox 678 3495 878 3551; x_wconf 78' lang='lat' dir='ltr'><strong>factum</strong></span> <span class='ocrx_word' id='word_1_267' title='bbox 918 3512 1080 3567; x_wconf 90' lang='lat' dir='ltr'><strong>quam</strong></span> <span class='ocrx_word' id='word_1_268' title='bbox 1111 3513 1140 3552; x_wconf 89' lang='lat' dir='ltr'><strong>a</strong></span> <span class='ocrx_word' id='word_1_269' title='bbox 1174 3497 1471 3564; x_wconf 88' lang='lat' dir='ltr'><strong>Wandalis,</strong></span> <span class='ocrx_word' id='word_1_270' title='bbox 1502 3500 1651 3568; x_wconf 58' lang='lat' dir='ltr'><strong>quod</strong></span> 
     </span>
    </p>
   </div>
   <div class='ocr_carea' id='block_1_36' title="bbox 115 3578 1650 3656">
    <p class='ocr_par' dir='ltr' id='par_1_36' title="bbox 115 3578 1650 3656">
     <span class='ocr_line' id='line_1_36' title="bbox 115 3578 1650 3656; baseline 0.012 -29"><span class='ocrx_word' id='word_1_271' title='bbox 115 3587 248 3640; x_wconf 80' lang='lat' dir='ltr'><strong>genus</strong></span> <span class='ocrx_word' id='word_1_272' title='bbox 291 3578 604 3638; x_wconf 78' lang='lat' dir='ltr'><strong>Hunnorum</strong></span> <span class='ocrx_word' id='word_1_273' title='bbox 658 3580 768 3656; x_wconf 79' lang='lat' dir='ltr'><strong>pra:</strong></span> <span class='ocrx_word' id='word_1_274' title='bbox 798 3586 1016 3641; x_wconf 65' lang='lat' dir='ltr'><strong>caeteris</strong></span> <span class='ocrx_word' id='word_1_275' title='bbox 1063 3587 1116 3640; x_wconf 90' lang='lat' dir='ltr'><strong>in</strong></span> <span class='ocrx_word' id='word_1_276' title='bbox 1167 3587 1431 3644; x_wconf 82' lang='lat' dir='ltr'><strong>Venerem</strong></span> <span class='ocrx_word' id='word_1_277' title='bbox 1486 3589 1650 3647; x_wconf 79' lang='lat' dir='ltr'><strong>fuerit</strong></span> 
     </span>
    </p>
   </div>
   <div class='ocr_carea' id='block_1_37' title="bbox 116 3671 1650 3742">
    <p class='ocr_par' dir='ltr' id='par_1_37' title="bbox 116 3671 1650 3742">
     <span class='ocr_line' id='line_1_37' title="bbox 116 3671 1650 3742; baseline 0.012 -23"><span class='ocrx_word' id='word_1_278' title='bbox 116 3679 245 3730; x_wconf 80' lang='lat' dir='ltr'><strong>prona</strong></span> <span class='ocrx_word' id='word_1_279' title='bbox 267 3679 317 3724; x_wconf 92' lang='lat' dir='ltr'><strong>et</strong></span> <span class='ocrx_word' id='word_1_280' title='bbox 340 3671 634 3742; x_wconf 87' lang='lat' dir='ltr'><strong>impudica,</strong></span> <span class='ocrx_word' id='word_1_281' title='bbox 672 3684 729 3729; x_wconf 92' lang='lat' dir='ltr'><strong>ut</strong></span> <span class='ocrx_word' id='word_1_282' title='bbox 760 3678 913 3733; x_wconf 88' lang='lat' dir='ltr'><strong>testis</strong></span> <span class='ocrx_word' id='word_1_283' title='bbox 936 3688 1019 3733; x_wconf 91' lang='lat' dir='ltr'><strong>est</strong></span> <span class='ocrx_word' id='word_1_284' title='bbox 1044 3677 1328 3735; x_wconf 84' lang='lat' dir='ltr'><strong>Salvianus</strong></span> <span class='ocrx_word' id='word_1_285' title='bbox 1358 3680 1450 3736; x_wconf 88' lang='lat' dir='ltr'><strong>lib.</strong></span> <span class='ocrx_word' id='word_1_286' title='bbox 1478 3697 1531 3735; x_wconf 86' lang='lat' dir='ltr'><strong>tv</strong></span> <span class='ocrx_word' id='word_1_287' title='bbox 1572 3682 1650 3738; x_wconf 84' lang='lat' dir='ltr'><strong>De‘</strong></span> 
     </span>
    </p>
   </div>
   <div class='ocr_carea' id='block_1_38' title="bbox 118 3757 1648 3844">
    <p class='ocr_par' dir='ltr' id='par_1_38' title="bbox 118 3757 1648 3844">
     <span class='ocr_line' id='line_1_38' title="bbox 118 3757 1648 3844; baseline 0.014 -35"><span class='ocrx_word' id='word_1_288' title='bbox 118 3766 233 3812; x_wconf 65' lang='lat' dir='ltr'><strong>recto</strong></span> <span class='ocrx_word' id='word_1_289' title='bbox 247 3757 441 3827; x_wconf 88' lang='lat' dir='ltr'><strong>judicio</strong></span> <span class='ocrx_word' id='word_1_290' title='bbox 473 3776 529 3820; x_wconf 91' lang='lat' dir='ltr'><strong>et</strong></span> <span class='ocrx_word' id='word_1_291' title='bbox 560 3767 916 3837; x_wconf 79' lang='lat' dir='ltr'><strong>providentia.</strong></span> <span class='ocrx_word' id='word_1_292' title='bbox 949 3770 1000 3824; x_wconf 88' lang='lat' dir='ltr'><strong>id</strong></span> <span class='ocrx_word' id='word_1_293' title='bbox 1029 3772 1188 3826; x_wconf 89' lang='lat' dir='ltr'><strong>nimis</strong></span> <span class='ocrx_word' id='word_1_294' title='bbox 1217 3772 1336 3829; x_wconf 84' lang='lat' dir='ltr'><strong>leve</strong></span> <span class='ocrx_word' id='word_1_295' title='bbox 1365 3788 1648 3844; x_wconf 77' lang='lat' dir='ltr'><strong>argumen-</strong></span> 
     </span>
    </p>
   </div>
   <div class='ocr_carea' id='block_1_39' title="bbox 116 3853 1650 3946">
    <p class='ocr_par' dir='ltr' id='par_1_39' title="bbox 116 3853 1650 3946">
     <span class='ocr_line' id='line_1_39' title="bbox 116 3853 1650 3946; baseline 0.014 -46"><span class='ocrx_word' id='word_1_296' title='bbox 116 3854 202 3946; x_wconf 62' lang='lat' dir='ltr'><strong>tum</strong></span> <span class='ocrx_word' id='word_1_297' title='bbox 224 3859 315 3906; x_wconf 85' lang='lat' dir='ltr'><strong>est.</strong></span> <span class='ocrx_word' id='word_1_298' title='bbox 342 3853 473 3910; x_wconf 80' lang='lat' dir='ltr'><strong>Nam</strong></span> <span class='ocrx_word' id='word_1_299' title='bbox 507 3858 562 3911; x_wconf 88' lang='lat' dir='ltr'><strong>in</strong></span> <span class='ocrx_word' id='word_1_300' title='bbox 594 3860 786 3928; x_wconf 85' lang='lat' dir='ltr'><strong>quavis</strong></span> <span class='ocrx_word' id='word_1_301' title='bbox 826 3860 1006 3916; x_wconf 90' lang='lat' dir='ltr'><strong>hostili</strong></span> <span class='ocrx_word' id='word_1_302' title='bbox 1041 3862 1339 3931; x_wconf 88' lang='lat' dir='ltr'><strong>irruptione</strong></span> <span class='ocrx_word' id='word_1_303' title='bbox 1379 3864 1508 3945; x_wconf 75' lang='lat' dir='ltr'><strong>talia</strong></span> <span class='ocrx_word' id='word_1_304' title='bbox 1538 3856 1650 3923; x_wconf 74' lang='lat' dir='ltr'><strong>iue-</strong></span> 
     </span>
    </p>
   </div>
   <div class='ocr_carea' id='block_1_40' title="bbox 115 3942 1389 4009">
    <p class='ocr_par' dir='ltr' id='par_1_40' title="bbox 115 3942 1389 4009">
     <span class='ocr_line' id='line_1_40' title="bbox 115 3942 1389 4009; baseline 0.018 -18"><span class='ocrx_word' id='word_1_305' title='bbox 115 3942 194 3992; x_wconf 82' lang='lat' dir='ltr'><strong>rito</strong></span> <span class='ocrx_word' id='word_1_306' title='bbox 218 3942 376 3999; x_wconf 89' lang='lat' dir='ltr'><strong>timeri</strong></span> <span class='ocrx_word' id='word_1_307' title='bbox 403 3948 623 4004; x_wconf 86' lang='lat' dir='ltr'><strong>debent.</strong></span> <span class='ocrx_word' id='word_1_308' title='bbox 1174 3986 1177 3991; x_wconf 56' lang='grc'><strong>&lt;</strong></span> <span class='ocrx_word' id='word_1_309' title='bbox 1380 3942 1389 4009; x_wconf 44' lang='grc' dir='ltr'>Ῑ</span> 
     </span>
    </p>
   </div>
   <div class='ocr_carea' id='block_1_41' title="bbox 165 4030 1651 4114">
    <p class='ocr_par' dir='ltr' id='par_1_41' title="bbox 165 4030 1651 4114">
     <span class='ocr_line' id='line_1_41' title="bbox 165 4030 1651 4114; baseline 0.013 -33"><span class='ocrx_word' id='word_1_310' title='bbox 165 4030 342 4102; x_wconf 78' lang='lat' dir='ltr'><strong>Aliique</strong></span> <span class='ocrx_word' id='word_1_311' title='bbox 394 4040 639 4094; x_wconf 80' lang='lat' dir='ltr'><strong>nonnulli</strong></span> <span class='ocrx_word' id='word_1_312' title='bbox 686 4038 957 4100; x_wconf 70' lang='lat' dir='ltr'><strong>uirtutibus</strong></span> <span class='ocrx_word' id='word_1_313' title='bbox 1010 4043 1255 4114; x_wconf 77' lang='lat' dir='ltr'><strong>insignes.</strong></span> <span class='ocrx_word' id='word_1_314' title='bbox 1311 4045 1382 4100; x_wconf 86' lang='lat' dir='ltr'><strong>Ut</strong></span> <span class='ocrx_word' id='word_1_315' title='bbox 1436 4044 1651 4102; x_wconf 85' lang='lat' dir='ltr'><strong>Nicasio</strong></span> 
     </span>
    </p>
   </div>
   <div class='ocr_carea' id='block_1_42' title="bbox 114 4126 1652 4206">
    <p class='ocr_par' dir='ltr' id='par_1_42' title="bbox 114 4126 1652 4206">
     <span class='ocr_line' id='line_1_42' title="bbox 114 4126 1652 4206; baseline 0.012 -33"><span class='ocrx_word' id='word_1_316' title='bbox 114 4132 284 4177; x_wconf 60' lang='lat' dir='ltr'><strong>coetus</strong></span> <span class='ocrx_word' id='word_1_317' title='bbox 326 4126 380 4181; x_wconf 84' lang='lat' dir='ltr'><strong>S.</strong></span> <span class='ocrx_word' id='word_1_318' title='bbox 439 4128 743 4198; x_wconf 82' lang='lat' dir='ltr'><strong>Exuperius</strong></span> <span class='ocrx_word' id='word_1_319' title='bbox 794 4131 1091 4189; x_wconf 87' lang='lat' dir='ltr'><strong>Tolosanns</strong></span> <span class='ocrx_word' id='word_1_320' title='bbox 1139 4132 1458 4206; x_wconf 77' lang='lat' dir='ltr'><strong>episcOpus,</strong></span> <span class='ocrx_word' id='word_1_321' title='bbox 1499 4130 1652 4205; x_wconf 83' lang='lat' dir='ltr'><strong>cujus</strong></span> 
     </span>
    </p>
   </div>
   <div class='ocr_carea' id='block_1_43' title="bbox 116 4213 1653 4293">
    <p class='ocr_par' dir='ltr' id='par_1_43' title="bbox 116 4213 1653 4293">
     <span class='ocr_line' id='line_1_43' title="bbox 116 4213 1653 4293; baseline 0.016 -34"><span class='ocrx_word' id='word_1_322' title='bbox 116 4213 335 4279; x_wconf 64' lang='lat' dir='ltr'><strong>meminit,</strong></span> <span class='ocrx_word' id='word_1_323' title='bbox 365 4218 451 4270; x_wconf 85' lang='lat' dir='ltr'><strong>ubi</strong></span> <span class='ocrx_word' id='word_1_324' title='bbox 482 4234 667 4287; x_wconf 82' lang='lat' dir='ltr'><strong>supra,</strong></span> <span class='ocrx_word' id='word_1_325' title='bbox 703 4220 1093 4293; x_wconf 83' lang='lat' dir='ltr'><strong>Hieronymus,</strong></span> <span class='ocrx_word' id='word_1_326' title='bbox 1138 4235 1191 4281; x_wconf 82' lang='lat' dir='ltr'><strong>et</strong></span> <span class='ocrx_word' id='word_1_327' title='bbox 1242 4227 1299 4281; x_wconf 91' lang='lat' dir='ltr'><strong>S.</strong></span> <span class='ocrx_word' id='word_1_328' title='bbox 1348 4226 1653 4283; x_wconf 82' lang='lat' dir='ltr'><strong>Germanus</strong></span> 
     </span>
    </p>
   </div>
   <div class='ocr_carea' id='block_1_44' title="bbox 115 4296 1652 4384">
    <p class='ocr_par' dir='ltr' id='par_1_44' title="bbox 115 4296 1652 4384">
     <span class='ocr_line' id='line_1_44' title="bbox 115 4296 1652 4384; baseline 0.019 -37"><span class='ocrx_word' id='word_1_329' title='bbox 115 4296 558 4364; x_wconf 77' lang='lat' dir='ltr'><strong>Autissiodurensis</strong></span> <span class='ocrx_word' id='word_1_330' title='bbox 582 4311 802 4380; x_wconf 71' lang='lat' dir='ltr'><strong>mqnalis</strong></span> <span class='ocrx_word' id='word_1_331' title='bbox 837 4311 986 4383; x_wconf 88' lang='lat' dir='ltr'><strong>Lupo</strong></span> <span class='ocrx_word' id='word_1_332' title='bbox 1030 4313 1285 4372; x_wconf 83' lang='lat' dir='ltr'><strong>Trecensi</strong></span> <span class='ocrx_word' id='word_1_333' title='bbox 1305 4357 1321 4384; x_wconf 95' lang='lat'><strong>,</strong></span> <span class='ocrx_word' id='word_1_334' title='bbox 1347 4319 1442 4374; x_wconf 87' lang='lat' dir='ltr'><strong>sed</strong></span> <span class='ocrx_word' id='word_1_335' title='bbox 1473 4320 1530 4375; x_wconf 90' lang='lat' dir='ltr'><strong>S.</strong></span> <span class='ocrx_word' id='word_1_336' title='bbox 1559 4319 1652 4374; x_wconf 80' lang='lat' dir='ltr'><strong>Ni-</strong></span> 
     </span>
    </p>
   </div>
   <div class='ocr_carea' id='block_1_45' title="bbox 117 4399 533 4463">
    <p class='ocr_par' dir='ltr' id='par_1_45' title="bbox 117 4399 533 4463">
     <span class='ocr_line' id='line_1_45' title="bbox 117 4399 533 4463; baseline 0.034 -23"><span class='ocrx_word' id='word_1_337' title='bbox 117 4399 231 4445; x_wconf 78' lang='lat' dir='ltr'><strong>casto</strong></span> <span class='ocrx_word' id='word_1_338' title='bbox 255 4399 533 4463; x_wconf 82' lang='lat' dir='ltr'><strong>posterior.</strong></span> 
     </span>
    </p>
   </div>
   <div class='ocr_carea' id='block_1_46' title="bbox 167 4480 1648 4565">
    <p class='ocr_par' dir='ltr' id='par_1_46' title="bbox 167 4480 1648 4565">
     <span class='ocr_line' id='line_1_46' title="bbox 167 4480 1648 4565; baseline 0.014 -31"><span class='ocrx_word' id='word_1_339' title='bbox 167 4480 296 4539; x_wconf 81' lang='lat' dir='ltr'><strong>Unde</strong></span> <span class='ocrx_word' id='word_1_340' title='bbox 312 4500 358 4542; x_wconf 78' lang='lat' dir='ltr'><strong>et</strong></span> <span class='ocrx_word' id='word_1_341' title='bbox 377 4490 541 4559; x_wconf 71' lang='lat' dir='ltr'><strong>juxta</strong></span> <span class='ocrx_word' id='word_1_342' title='bbox 585 4492 647 4547; x_wconf 89' lang='grc' dir='ltr'>Β.</span> <span class='ocrx_word' id='word_1_343' title='bbox 694 4492 972 4565; x_wconf 71' lang='lat' dir='ltr'><strong>Augustini</strong></span> <span class='ocrx_word' id='word_1_344' title='bbox 1014 4501 1357 4565; x_wconf 79' lang='lat' dir='ltr'><strong>sententiam,</strong></span> <span class='ocrx_word' id='word_1_345' title='bbox 1399 4505 1648 4565; x_wconf 70' lang='lat' dir='ltr'><strong>maiorem</strong></span> 
     </span>
    </p>
   </div>
   <div class='ocr_carea' id='block_1_47' title="bbox 1733 571 3333 645">
    <p class='ocr_par' dir='ltr' id='par_1_47' title="bbox 1733 571 3333 645">
     <span class='ocr_line' id='line_1_47' title="bbox 1733 571 3333 645; baseline 0.002 -19"><span class='ocrx_word' id='word_1_346' title='bbox 1733 571 2003 628; x_wconf 79' lang='lat' dir='ltr'><strong>Marianas</strong></span> <span class='ocrx_word' id='word_1_347' title='bbox 2056 572 2182 644; x_wconf 76' lang='lat' dir='ltr'><strong>legit</strong></span> <span class='ocrx_word' id='word_1_348' title='bbox 2227 574 2540 645; x_wconf 77' lang='lat' dir='ltr'><strong>Agerurhia.</strong></span> <span class='ocrx_word' id='word_1_349' title='bbox 2592 574 2725 631; x_wconf 85' lang='lat' dir='ltr'><strong>Vide</strong></span> <span class='ocrx_word' id='word_1_350' title='bbox 2772 587 2926 633; x_wconf 87' lang='lat' dir='ltr'><strong>notas</strong></span> <span class='ocrx_word' id='word_1_351' title='bbox 2975 586 3188 632; x_wconf 88' lang='lat' dir='ltr'><strong>nostras</strong></span> <span class='ocrx_word' id='word_1_352' title='bbox 3238 578 3333 641; x_wconf 69' lang='lat' dir='ltr'><strong>ad&#39;</strong></span> 
     </span>
    </p>
   </div>
   <div class='ocr_carea' id='block_1_48' title="bbox 1731 654 2811 731">
    <p class='ocr_par' dir='ltr' id='par_1_48' title="bbox 1731 654 2811 731">
     <span class='ocr_line' id='line_1_48' title="bbox 1731 654 2811 731; baseline 0.005 -14"><span class='ocrx_word' id='word_1_353' title='bbox 1731 660 2036 718; x_wconf 85' lang='lat' dir='ltr'><strong>Chronicon</strong></span> <span class='ocrx_word' id='word_1_354' title='bbox 2065 660 2458 721; x_wconf 86' lang='lat' dir='ltr'><strong>Cameracense</strong></span> <span class='ocrx_word' id='word_1_355' title='bbox 2485 654 2647 731; x_wconf 34' lang='lat' dir='ltr'><strong>lib.&#39;t,</strong></span> <span class='ocrx_word' id='word_1_356' title='bbox 2680 683 2727 723; x_wconf 92' lang='lat' dir='ltr'><strong>c.</strong></span> <span class='ocrx_word' id='word_1_357' title='bbox 2758 654 2811 722; x_wconf 73' lang='lat'><strong>5.</strong></span> 
     </span>
    </p>
   </div>
   <div class='ocr_carea' id='block_1_49' title="bbox 1805 751 3331 827">
    <p class='ocr_par' dir='ltr' id='par_1_49' title="bbox 1805 751 3331 827">
     <span class='ocr_line' id='line_1_49' title="bbox 1805 751 3331 827; baseline 0.005 -20"><span class='ocrx_word' id='word_1_358' title='bbox 1805 751 2079 821; x_wconf 77' lang='lat' dir='ltr'><strong>Nemetes,</strong></span> <span class='ocrx_word' id='word_1_359' title='bbox 2119 756 2501 827; x_wconf 81' lang='lat' dir='ltr'><strong>Argentoracus</strong></span> <span class='ocrx_word' id='word_1_360' title='bbox 2540 758 2810 814; x_wconf 77' lang='lat' dir='ltr'><strong>translata:</strong></span> <span class='ocrx_word' id='word_1_361' title='bbox 2855 759 2909 815; x_wconf 83' lang='lat' dir='ltr'><strong>in</strong></span> <span class='ocrx_word' id='word_1_362' title='bbox 2948 754 3331 814; x_wconf 57' lang='lat' dir='ltr'><strong>Cermaniam.’</strong></span> 
     </span>
    </p>
   </div>
   <div class='ocr_carea' id='block_1_50' title="bbox 1732 843 3309 921">
    <p class='ocr_par' dir='ltr' id='par_1_50' title="bbox 1732 843 3309 921">
     <span class='ocr_line' id='line_1_50' title="bbox 1732 843 3309 921; baseline 0.004 -22"><span class='ocrx_word' id='word_1_363' title='bbox 1732 843 1790 899; x_wconf 84' lang='lat' dir='ltr'><strong>In</strong></span> <span class='ocrx_word' id='word_1_364' title='bbox 1822 844 2163 917; x_wconf 87' lang='lat' dir='ltr'><strong>Hyeronymo</strong></span> <span class='ocrx_word' id='word_1_365' title='bbox 2190 862 2331 903; x_wconf 90' lang='lat' dir='ltr'><strong>ntmc</strong></span> <span class='ocrx_word' id='word_1_366' title='bbox 2352 847 2584 919; x_wconf 80' lang='lat' dir='ltr'><strong>legitur:</strong></span> <span class='ocrx_word' id='word_1_367' title='bbox 2629 847 2882 916; x_wconf 79' lang='lat' dir='ltr'><strong>Nemeta&#39;,</strong></span> <span class='ocrx_word' id='word_1_368' title='bbox 2910 849 3309 921; x_wconf 80' lang='lat' dir='ltr'><strong>Argentoratus,</strong></span> 
     </span>
    </p>
   </div>
   <div class='ocr_carea' id='block_1_51' title="bbox 1732 932 3309 1006">
    <p class='ocr_par' dir='ltr' id='par_1_51' title="bbox 1732 932 3309 1006">
     <span class='ocr_line' id='line_1_51' title="bbox 1732 932 3309 1006; baseline 0.004 -20"><span class='ocrx_word' id='word_1_369' title='bbox 1732 932 1977 987; x_wconf 83' lang='lat' dir='ltr'><strong>translati</strong></span> <span class='ocrx_word' id='word_1_370' title='bbox 2002 935 2055 988; x_wconf 87' lang='lat' dir='ltr'><strong>in</strong></span> <span class='ocrx_word' id='word_1_371' title='bbox 2083 932 2439 1001; x_wconf 81' lang='lat' dir='ltr'><strong>Germaniam,</strong></span> <span class='ocrx_word' id='word_1_372' title='bbox 2474 938 2742 1006; x_wconf 86' lang='lat' dir='ltr'><strong>quomodo</strong></span> <span class='ocrx_word' id='word_1_373' title='bbox 2766 938 2992 992; x_wconf 84' lang='lat' dir='ltr'><strong>mutavit</strong></span> <span class='ocrx_word' id='word_1_374' title='bbox 3020 937 3077 994; x_wconf 90' lang='lat' dir='ltr'><strong>S.</strong></span> <span class='ocrx_word' id='word_1_375' title='bbox 3113 939 3309 995; x_wconf 82' lang='lat' dir='ltr'><strong>Verum</strong></span> 
     </span>
    </p>
   </div>
   <div class='ocr_carea' id='block_1_52' title="bbox 1737 1024 3106 1097">
    <p class='ocr_par' dir='ltr' id='par_1_52' title="bbox 1737 1024 3106 1097">
     <span class='ocr_line' id='line_1_52' title="bbox 1737 1024 3106 1097; baseline 0.005 -20"><span class='ocrx_word' id='word_1_376' title='bbox 1737 1033 1884 1080; x_wconf 88' lang='lat' dir='ltr'><strong>recte</strong></span> <span class='ocrx_word' id='word_1_377' title='bbox 1912 1024 2109 1097; x_wconf 76' lang='lat' dir='ltr'><strong>legitur</strong></span> <span class='ocrx_word' id='word_1_378' title='bbox 2135 1028 2422 1094; x_wconf 65' lang='lat' dir='ltr'><strong>translata,</strong></span> <span class='ocrx_word' id='word_1_379' title='bbox 2455 1038 2511 1083; x_wconf 89' lang='lat' dir='ltr'><strong>ut</strong></span> <span class='ocrx_word' id='word_1_380' title='bbox 2539 1029 2606 1084; x_wconf 90' lang='lat' dir='ltr'><strong>ad</strong></span> <span class='ocrx_word' id='word_1_381' title='bbox 2634 1030 2794 1085; x_wconf 89' lang='lat' dir='ltr'><strong>urbes</strong></span> <span class='ocrx_word' id='word_1_382' title='bbox 2820 1030 3106 1085; x_wconf 78' lang='lat' dir='ltr'><strong>referatur.</strong></span> 
     </span>
    </p>
   </div>
   <div class='ocr_carea' id='block_1_53' title="bbox 1808 1117 3411 1194">
    <p class='ocr_par' dir='ltr' id='par_1_53' title="bbox 1808 1117 3411 1194">
     <span class='ocr_line' id='line_1_53' title="bbox 1808 1117 3411 1194; baseline 0.004 -23"><span class='ocrx_word' id='word_1_383' title='bbox 1808 1117 1991 1172; x_wconf 85' lang='lat' dir='ltr'><strong>lstltuc</strong></span> <span class='ocrx_word' id='word_1_384' title='bbox 2028 1120 2164 1174; x_wconf 82' lang='lat' dir='ltr'><strong>enim</strong></span> <span class='ocrx_word' id='word_1_385' title='bbox 2206 1122 2432 1176; x_wconf 67' lang='lat' dir='ltr'><strong>intentus</strong></span> <span class='ocrx_word' id='word_1_386' title='bbox 2468 1123 2551 1177; x_wconf 82' lang='lat' dir='ltr'><strong>hic</strong></span> <span class='ocrx_word' id='word_1_387' title='bbox 2594 1122 2804 1194; x_wconf 76' lang='lat' dir='ltr'><strong>degebat</strong></span> <span class='ocrx_word' id='word_1_388' title='bbox 2834 1123 3031 1193; x_wconf 75' lang='lat' dir='ltr'><strong>oﬁiciis.</strong></span> <span class='ocrx_word' id='word_1_389' title='bbox 3064 1121 3133 1177; x_wconf 79' lang='grc' dir='ltr'>Μ.</span> <span class='ocrx_word' id='word_1_390' title='bbox 3178 1122 3310 1177; x_wconf 81' lang='lat' dir='ltr'><strong>Isto.</strong></span> <span class='ocrx_word' id='word_1_391' title='bbox 3403 1150 3411 1157; x_wconf 88' lang='lat'><strong>-</strong></span> 
     </span>
    </p>
   </div>
   <div class='ocr_carea' id='block_1_54' title="bbox 1736 1205 3316 1285">
    <p class='ocr_par' dir='ltr' id='par_1_54' title="bbox 1736 1205 3316 1285">
     <span class='ocr_line' id='line_1_54' title="bbox 1736 1205 3316 1285; baseline 0.003 -23"><span class='ocrx_word' id='word_1_392' title='bbox 1736 1205 1875 1263; x_wconf 77' lang='lat' dir='ltr'><strong>Vera</strong></span> <span class='ocrx_word' id='word_1_393' title='bbox 1902 1208 2061 1265; x_wconf 90' lang='lat' dir='ltr'><strong>lectio</strong></span> <span class='ocrx_word' id='word_1_394' title='bbox 2084 1210 2253 1265; x_wconf 80' lang='lat' dir='ltr'><strong>ist/mc</strong></span> <span class='ocrx_word' id='word_1_395' title='bbox 2280 1212 2363 1267; x_wconf 82' lang='lat' dir='ltr'><strong>vel</strong></span> <span class='ocrx_word' id='word_1_396' title='bbox 2392 1214 2561 1277; x_wconf 82' lang='lat' dir='ltr'><strong>isthic,</strong></span> <span class='ocrx_word' id='word_1_397' title='bbox 2591 1214 2859 1283; x_wconf 88' lang='lat' dir='ltr'><strong>quomodo</strong></span> <span class='ocrx_word' id='word_1_398' title='bbox 2888 1214 3081 1285; x_wconf 80' lang='lat' dir='ltr'><strong>legitur</strong></span> <span class='ocrx_word' id='word_1_399' title='bbox 3110 1212 3163 1267; x_wconf 93' lang='lat' dir='ltr'><strong>in</strong></span> <span class='ocrx_word' id='word_1_400' title='bbox 3194 1211 3316 1267; x_wconf 78' lang='lat' dir='ltr'><strong>Vita</strong></span> 
     </span>
    </p>
   </div>
   <div class='ocr_carea' id='block_1_55' title="bbox 1737 1297 3314 1385">
    <p class='ocr_par' dir='ltr' id='par_1_55' title="bbox 1737 1297 3314 1385">
     <span class='ocr_line' id='line_1_55' title="bbox 1737 1297 3314 1385; baseline 0.003 -32"><span class='ocrx_word' id='word_1_401' title='bbox 1737 1297 1797 1353; x_wconf 87' lang='grc' dir='ltr'><strong>Β.</strong></span> <span class='ocrx_word' id='word_1_402' title='bbox 1826 1299 2054 1371; x_wconf 81' lang='lat' dir='ltr'><strong>Remigii</strong></span> <span class='ocrx_word' id='word_1_403' title='bbox 2083 1316 2179 1372; x_wconf 89' lang='lat' dir='ltr'><strong>per</strong></span> <span class='ocrx_word' id='word_1_404' title='bbox 2208 1303 2581 1368; x_wconf 82' lang='lat' dir='ltr'><strong>Hincmarum,</strong></span> <span class='ocrx_word' id='word_1_405' title='bbox 2622 1306 2711 1359; x_wconf 88' lang='lat' dir='ltr'><strong>ubi</strong></span> <span class='ocrx_word' id='word_1_406' title='bbox 2756 1305 2915 1376; x_wconf 88' lang='lat' dir='ltr'><strong>paulo</strong></span> <span class='ocrx_word' id='word_1_407' title='bbox 2943 1306 3102 1360; x_wconf 59' lang='lat' dir='ltr'><strong>latius</strong></span> <span class='ocrx_word' id='word_1_408' title='bbox 3133 1304 3314 1385; x_wconf 82' lang='lat' dir='ltr'><strong>decla-</strong></span> 
     </span>
    </p>
   </div>
   <div class='ocr_carea' id='block_1_56' title="bbox 1740 1392 3315 1462">
    <p class='ocr_par' dir='ltr' id='par_1_56' title="bbox 1740 1392 3315 1462">
     <span class='ocr_line' id='line_1_56' title="bbox 1740 1392 3315 1462; baseline 0.003 -16"><span class='ocrx_word' id='word_1_409' title='bbox 1740 1392 1892 1446; x_wconf 84' lang='lat' dir='ltr'><strong>ratur</strong></span> <span class='ocrx_word' id='word_1_410' title='bbox 1917 1393 2058 1462; x_wconf 86' lang='lat' dir='ltr'><strong>quod</strong></span> <span class='ocrx_word' id='word_1_411' title='bbox 2096 1394 2184 1449; x_wconf 91' lang='lat' dir='ltr'><strong>hic</strong></span> <span class='ocrx_word' id='word_1_412' title='bbox 2212 1395 2409 1450; x_wconf 87' lang='lat' dir='ltr'><strong>dicitur</strong></span> <span class='ocrx_word' id='word_1_413' title='bbox 2445 1397 2511 1451; x_wconf 89' lang='lat' dir='ltr'><strong>de</strong></span> <span class='ocrx_word' id='word_1_414' title='bbox 2538 1397 2787 1453; x_wconf 89' lang='lat' dir='ltr'><strong>incendio</strong></span> <span class='ocrx_word' id='word_1_415' title='bbox 2814 1396 2963 1453; x_wconf 86' lang='lat' dir='ltr'><strong>urbis</strong></span> <span class='ocrx_word' id='word_1_416' title='bbox 2990 1397 3279 1452; x_wconf 81' lang='lat' dir='ltr'><strong>Remorum</strong></span> <span class='ocrx_word' id='word_1_417' title='bbox 3298 1437 3315 1462; x_wconf 92' lang='lat'><strong>,</strong></span> 
     </span>
    </p>
   </div>
   <div class='ocr_carea' id='block_1_57' title="bbox 1738 1481 3335 1557">
    <p class='ocr_par' dir='ltr' id='par_1_57' title="bbox 1738 1481 3335 1557">
     <span class='ocr_line' id='line_1_57' title="bbox 1738 1481 3335 1557; baseline 0.002 -23"><span class='ocrx_word' id='word_1_418' title='bbox 1738 1489 1795 1536; x_wconf 88' lang='lat' dir='ltr'><strong>et</strong></span> <span class='ocrx_word' id='word_1_419' title='bbox 1815 1481 2057 1553; x_wconf 77' lang='lat' dir='ltr'><strong>vestigiis</strong></span> <span class='ocrx_word' id='word_1_420' title='bbox 2084 1484 2277 1552; x_wconf 86' lang='lat' dir='ltr'><strong>pedum</strong></span> <span class='ocrx_word' id='word_1_421' title='bbox 2304 1483 2421 1554; x_wconf 87' lang='lat' dir='ltr'><strong>ejus</strong></span> <span class='ocrx_word' id='word_1_422' title='bbox 2449 1484 2712 1557; x_wconf 81' lang='lat' dir='ltr'><strong>lapidibus</strong></span> <span class='ocrx_word' id='word_1_423' title='bbox 2734 1486 3044 1556; x_wconf 87' lang='lat' dir='ltr'><strong>impressis,</strong></span> <span class='ocrx_word' id='word_1_424' title='bbox 3090 1486 3229 1541; x_wconf 82' lang='lat' dir='ltr'><strong>sicut</strong></span> <span class='ocrx_word' id='word_1_425' title='bbox 3264 1492 3335 1539; x_wconf 86' lang='lat' dir='ltr'><strong>et-</strong></span> 
     </span>
    </p>
   </div>
   <div class='ocr_carea' id='block_1_58' title="bbox 1741 1572 2416 1634">
    <p class='ocr_par' dir='ltr' id='par_1_58' title="bbox 1741 1572 2416 1634">
     <span class='ocr_line' id='line_1_58' title="bbox 1741 1572 2416 1634; baseline 0.007 -6"><span class='ocrx_word' id='word_1_426' title='bbox 1741 1572 1881 1629; x_wconf 83' lang='lat' dir='ltr'><strong>int‘ra</strong></span> <span class='ocrx_word' id='word_1_427' title='bbox 1907 1575 1975 1630; x_wconf 87' lang='lat' dir='ltr'><strong>ab</strong></span> <span class='ocrx_word' id='word_1_428' title='bbox 1999 1586 2221 1632; x_wconf 88' lang='lat' dir='ltr'><strong>auctore</strong></span> <span class='ocrx_word' id='word_1_429' title='bbox 2244 1592 2294 1634; x_wconf 89' lang='lat' dir='ltr'><strong>c.</strong></span> <span class='ocrx_word' id='word_1_430' title='bbox 2332 1578 2416 1633; x_wconf 73' lang='lat'><strong>1‘2.</strong></span> 
     </span>
    </p>
   </div>
   <div class='ocr_carea' id='block_1_59' title="bbox 2352 1689 2723 1748">
    <p class='ocr_par' dir='ltr' id='par_1_59' title="bbox 2352 1689 2723 1748">
     <span class='ocr_line' id='line_1_59' title="bbox 2352 1689 2723 1748; baseline -0.005 0"><span class='ocrx_word' id='word_1_431' title='bbox 2352 1689 2579 1748; x_wconf 81' lang='lat' dir='ltr'><strong>CAPUT</strong></span> <span class='ocrx_word' id='word_1_432' title='bbox 2614 1690 2723 1747; x_wconf 72' lang='lat' dir='ltr'><strong>VII.</strong></span> 
     </span>
    </p>
   </div>
   <div class='ocr_carea' id='block_1_60' title="bbox 1814 1801 3335 1877">
    <p class='ocr_par' dir='ltr' id='par_1_60' title="bbox 1814 1801 3335 1877">
     <span class='ocr_line' id='line_1_60' title="bbox 1814 1801 3335 1877; baseline 0.001 -21"><span class='ocrx_word' id='word_1_433' title='bbox 1814 1801 2159 1875; x_wconf 67' lang='lat' dir='ltr'><strong>Quaecunque</strong></span> <span class='ocrx_word' id='word_1_434' title='bbox 2194 1805 2299 1862; x_wconf 92' lang='lat' dir='ltr'><strong>hoc</strong></span> <span class='ocrx_word' id='word_1_435' title='bbox 2340 1806 2506 1876; x_wconf 89' lang='lat' dir='ltr'><strong>capit,</strong></span> <span class='ocrx_word' id='word_1_436' title='bbox 2542 1804 2847 1861; x_wconf 84' lang='lat' dir='ltr'><strong>referuntur</strong></span> <span class='ocrx_word' id='word_1_437' title='bbox 2873 1805 3116 1875; x_wconf 80' lang='lat' dir='ltr'><strong>(excepta</strong></span> <span class='ocrx_word' id='word_1_438' title='bbox 3146 1812 3335 1877; x_wconf 29' lang='lat' dir='ltr'><strong>trans:</strong></span> 
     </span>
    </p>
   </div>
   <div class='ocr_carea' id='block_1_61' title="bbox 1668 1876 3322 1967">
    <p class='ocr_par' dir='ltr' id='par_1_61' title="bbox 1668 1876 3322 1967">
     <span class='ocr_line' id='line_1_61' title="bbox 1668 1876 3322 1967; baseline -0.001 -20"><span class='ocrx_word' id='word_1_439' title='bbox 1668 1876 1715 1937; x_wconf 79' lang='grc' dir='ltr'><strong>Β</strong></span> <span class='ocrx_word' id='word_1_440' title='bbox 1742 1893 1940 1950; x_wconf 89' lang='lat' dir='ltr'><strong>latione</strong></span> <span class='ocrx_word' id='word_1_441' title='bbox 1966 1909 2062 1964; x_wconf 89' lang='lat' dir='ltr'><strong>per</strong></span> <span class='ocrx_word' id='word_1_442' title='bbox 2095 1893 2387 1951; x_wconf 79' lang='lat' dir='ltr'><strong>Fulconem</strong></span> <span class='ocrx_word' id='word_1_443' title='bbox 2430 1894 2595 1967; x_wconf 77' lang='lat' dir='ltr'><strong>facta)</strong></span> <span class='ocrx_word' id='word_1_444' title='bbox 2619 1894 2828 1963; x_wconf 54' lang='lat' dir='ltr'><strong>.iisdem</strong></span> <span class='ocrx_word' id='word_1_445' title='bbox 2857 1908 2992 1964; x_wconf 88' lang='lat' dir='ltr'><strong>pene</strong></span> <span class='ocrx_word' id='word_1_446' title='bbox 3020 1892 3200 1948; x_wconf 83' lang='lat' dir='ltr'><strong>verbis</strong></span> <span class='ocrx_word' id='word_1_447' title='bbox 3226 1892 3322 1946; x_wconf 89' lang='lat' dir='ltr'><strong>ha-</strong></span> 
     </span>
    </p>
   </div>
   <div class='ocr_carea' id='block_1_62' title="bbox 1739 1983 3322 2057">
    <p class='ocr_par' dir='ltr' id='par_1_62' title="bbox 1739 1983 3322 2057">
     <span class='ocr_line' id='line_1_62' title="bbox 1739 1983 3322 2057; baseline 0 -20"><span class='ocrx_word' id='word_1_448' title='bbox 1739 1983 1934 2038; x_wconf 69' lang='lat' dir='ltr'><strong>bentur</strong></span> <span class='ocrx_word' id='word_1_449' title='bbox 1968 1985 2022 2040; x_wconf 94' lang='lat' dir='ltr'><strong>in</strong></span> <span class='ocrx_word' id='word_1_450' title='bbox 2073 1986 2449 2042; x_wconf 81' lang='lat' dir='ltr'><strong>actisborum</strong></span> <span class='ocrx_word' id='word_1_451' title='bbox 2485 1994 2786 2042; x_wconf 86' lang='lat' dir='ltr'><strong>martvrum</strong></span> <span class='ocrx_word' id='word_1_452' title='bbox 2831 1984 3067 2041; x_wconf 76' lang='lat' dir='ltr'><strong>Colonia:</strong></span> <span class='ocrx_word' id='word_1_453' title='bbox 3110 1983 3322 2057; x_wconf 75' lang='lat' dir='ltr'><strong>excusis</strong></span> 
     </span>
    </p>
   </div>
   <div class='ocr_carea' id='block_1_63' title="bbox 1741 2072 3333 2145">
    <p class='ocr_par' dir='ltr' id='par_1_63' title="bbox 1741 2072 3333 2145">
     <span class='ocr_line' id='line_1_63' title="bbox 1741 2072 3333 2145; baseline 0.007 -18"><span class='ocrx_word' id='word_1_454' title='bbox 1741 2072 1903 2138; x_wconf 65' lang='lat'><strong>{483,</strong></span> <span class='ocrx_word' id='word_1_455' title='bbox 1933 2073 1999 2128; x_wconf 87' lang='lat' dir='ltr'><strong>de</strong></span> <span class='ocrx_word' id='word_1_456' title='bbox 2028 2075 2225 2144; x_wconf 89' lang='lat' dir='ltr'><strong>quibus</strong></span> <span class='ocrx_word' id='word_1_457' title='bbox 2255 2090 2440 2145; x_wconf 88' lang='lat' dir='ltr'><strong>supra.</strong></span> <span class='ocrx_word' id='word_1_458' title='bbox 3324 2128 3333 2138; x_wconf 80' lang='lat'><strong>.</strong></span> 
     </span>
    </p>
   </div>
   <div class='ocr_carea' id='block_1_64' title="bbox 1815 2163 3331 2239">
    <p class='ocr_par' dir='ltr' id='par_1_64' title="bbox 1815 2163 3331 2239">
     <span class='ocr_line' id='line_1_64' title="bbox 1815 2163 3331 2239; baseline -0.001 -21"><span class='ocrx_word' id='word_1_459' title='bbox 1815 2163 1984 2232; x_wconf 83' lang='lat' dir='ltr'><strong>Quam</strong></span> <span class='ocrx_word' id='word_1_460' title='bbox 2010 2174 2062 2218; x_wconf 90' lang='lat' dir='ltr'><strong>ut</strong></span> <span class='ocrx_word' id='word_1_461' title='bbox 2087 2166 2226 2235; x_wconf 82' lang='lat' dir='ltr'><strong>apud</strong></span> <span class='ocrx_word' id='word_1_462' title='bbox 2254 2163 2548 2220; x_wconf 86' lang='lat' dir='ltr'><strong>Tornacum</strong></span> <span class='ocrx_word' id='word_1_463' title='bbox 2571 2173 2799 2219; x_wconf 85' lang='lat' dir='ltr'><strong>castrum</strong></span> <span class='ocrx_word' id='word_1_464' title='bbox 2823 2164 2932 2232; x_wconf 87' lang='lat' dir='ltr'><strong>(ubi</strong></span> <span class='ocrx_word' id='word_1_465' title='bbox 2960 2181 3097 2219; x_wconf 82' lang='lat' dir='ltr'><strong>nunc</strong></span> <span class='ocrx_word' id='word_1_466' title='bbox 3123 2179 3331 2239; x_wconf 63' lang='lat' dir='ltr'><strong>quoque</strong></span> 
     </span>
    </p>
   </div>
   <div class='ocr_carea' id='block_1_65' title="bbox 1740 2254 3333 2326">
    <p class='ocr_par' dir='ltr' id='par_1_65' title="bbox 1740 2254 3333 2326">
     <span class='ocr_line' id='line_1_65' title="bbox 1740 2254 3333 2326; baseline 0 -15"><span class='ocrx_word' id='word_1_467' title='bbox 1740 2256 1938 2312; x_wconf 80' lang='lat' dir='ltr'><strong>servari</strong></span> <span class='ocrx_word' id='word_1_468' title='bbox 1961 2254 2312 2326; x_wconf 82' lang='lat' dir='ltr'><strong>perhibentur.</strong></span> <span class='ocrx_word' id='word_1_469' title='bbox 2345 2255 2588 2311; x_wconf 87' lang='lat' dir='ltr'><strong>Fuerunt</strong></span> <span class='ocrx_word' id='word_1_470' title='bbox 2618 2256 2746 2311; x_wconf 90' lang='lat' dir='ltr'><strong>olim</strong></span> <span class='ocrx_word' id='word_1_471' title='bbox 2786 2254 3017 2312; x_wconf 83' lang='lat' dir='ltr'><strong>Tornaei</strong></span> <span class='ocrx_word' id='word_1_472' title='bbox 3052 2256 3106 2310; x_wconf 91' lang='lat' dir='ltr'><strong>in</strong></span> <span class='ocrx_word' id='word_1_473' title='bbox 3150 2256 3333 2311; x_wconf 75' lang='lat' dir='ltr'><strong>eccle-</strong></span> 
     </span>
    </p>
   </div>
   <div class='ocr_carea' id='block_1_66' title="bbox 1741 2343 3323 2414">
    <p class='ocr_par' dir='ltr' id='par_1_66' title="bbox 1741 2343 3323 2414">
     <span class='ocr_line' id='line_1_66' title="bbox 1741 2343 3323 2414; baseline 0 -15"><span class='ocrx_word' id='word_1_474' title='bbox 1741 2346 1819 2399; x_wconf 88' lang='lat' dir='ltr'><strong>sia</strong></span> <span class='ocrx_word' id='word_1_475' title='bbox 1846 2346 1907 2399; x_wconf 89' lang='grc' dir='ltr'><strong>Β.</strong></span> <span class='ocrx_word' id='word_1_476' title='bbox 1939 2343 2119 2399; x_wconf 80' lang='lat' dir='ltr'><strong>Mariae</strong></span> <span class='ocrx_word' id='word_1_477' title='bbox 2146 2344 2410 2401; x_wconf 88' lang='lat' dir='ltr'><strong>notabiles</strong></span> <span class='ocrx_word' id='word_1_478' title='bbox 2443 2346 2679 2414; x_wconf 86' lang='lat' dir='ltr'><strong>reliquiae</strong></span> <span class='ocrx_word' id='word_1_479' title='bbox 2707 2345 2766 2399; x_wconf 90' lang='lat' dir='ltr'><strong>S.</strong></span> <span class='ocrx_word' id='word_1_480' title='bbox 2802 2346 3034 2408; x_wconf 78' lang='lat' dir='ltr'><strong>Nicasii,</strong></span> <span class='ocrx_word' id='word_1_481' title='bbox 3070 2346 3163 2401; x_wconf 86' lang='lat' dir='ltr'><strong>sed</strong></span> <span class='ocrx_word' id='word_1_482' title='bbox 3194 2360 3323 2399; x_wconf 88' lang='lat' dir='ltr'><strong>cen-</strong></span> 
     </span>
    </p>
   </div>
   <div class='ocr_carea' id='block_1_67' title="bbox 1744 2434 3390 2506">
    <p class='ocr_par' dir='ltr' id='par_1_67' title="bbox 1744 2434 3390 2506">
     <span class='ocr_line' id='line_1_67' title="bbox 1744 2434 3390 2506; baseline -0.001 -18"><span class='ocrx_word' id='word_1_483' title='bbox 1744 2444 1856 2489; x_wconf 89' lang='lat' dir='ltr'><strong>tum</strong></span> <span class='ocrx_word' id='word_1_484' title='bbox 1890 2434 2050 2491; x_wconf 88' lang='lat' dir='ltr'><strong>annis</strong></span> <span class='ocrx_word' id='word_1_485' title='bbox 2075 2445 2196 2506; x_wconf 88' lang='lat' dir='ltr'><strong>post</strong></span> <span class='ocrx_word' id='word_1_486' title='bbox 2229 2445 2468 2505; x_wconf 88' lang='lat' dir='ltr'><strong>tempora</strong></span> <span class='ocrx_word' id='word_1_487' title='bbox 2514 2435 2804 2491; x_wconf 89' lang='lat' dir='ltr'><strong>Flodoardi</strong></span> <span class='ocrx_word' id='word_1_488' title='bbox 2851 2434 3050 2489; x_wconf 87' lang='lat' dir='ltr'><strong>Remos</strong></span> <span class='ocrx_word' id='word_1_489' title='bbox 3085 2442 3206 2489; x_wconf 88' lang='lat' dir='ltr'><strong>sunt</strong></span> <span class='ocrx_word' id='word_1_490' title='bbox 3236 2448 3325 2488; x_wconf 86' lang='lat' dir='ltr'><strong>re-</strong></span> <span class='ocrx_word' id='word_1_491' title='bbox 3387 2463 3390 2466; x_wconf 83' lang='lat'><strong><em>~</em></strong></span> 
     </span>
    </p>
   </div>
   <div class='ocr_carea' id='block_1_68' title="bbox 1739 2524 3330 2598">
    <p class='ocr_par' dir='ltr' id='par_1_68' title="bbox 1739 2524 3330 2598">
     <span class='ocr_line' id='line_1_68' title="bbox 1739 2524 3330 2598; baseline -0.006 -10"><span class='ocrx_word' id='word_1_492' title='bbox 1739 2530 1896 2598; x_wconf 67' lang='grc' dir='ltr'>ιαιιυ,</span> <span class='ocrx_word' id='word_1_493' title='bbox 1955 2535 2195 2598; x_wconf 87' lang='lat' dir='ltr'><strong>tempore</strong></span> <span class='ocrx_word' id='word_1_494' title='bbox 2241 2525 2487 2581; x_wconf 85' lang='lat' dir='ltr'><strong>Gervasii</strong></span> <span class='ocrx_word' id='word_1_495' title='bbox 2544 2525 2964 2597; x_wconf 89' lang='lat' dir='ltr'><strong>archiepiscopi,</strong></span> <span class='ocrx_word' id='word_1_496' title='bbox 3017 2524 3108 2595; x_wconf 89' lang='lat' dir='ltr'><strong>qui</strong></span> <span class='ocrx_word' id='word_1_497' title='bbox 3165 2532 3330 2579; x_wconf 80' lang='lat' dir='ltr'><strong>antea</strong></span> 
     </span>
    </p>
   </div>
   <div class='ocr_carea' id='block_1_69' title="bbox 1742 2614 3333 2696">
    <p class='ocr_par' dir='ltr' id='par_1_69' title="bbox 1742 2614 3333 2696">
     <span class='ocr_line' id='line_1_69' title="bbox 1742 2614 3333 2696; baseline -0.005 -22"><span class='ocrx_word' id='word_1_498' title='bbox 1742 2618 2166 2678; x_wconf 78' lang='lat' dir='ltr'><strong>Cenomanensis</strong></span> <span class='ocrx_word' id='word_1_499' title='bbox 2198 2616 2375 2679; x_wconf 59' lang='lat' dir='ltr'><strong>ﬁlex-at</strong></span> <span class='ocrx_word' id='word_1_500' title='bbox 2406 2617 2711 2696; x_wconf 78' lang='lat' dir='ltr'><strong>episcopus.</strong></span> <span class='ocrx_word' id='word_1_501' title='bbox 2758 2614 2912 2672; x_wconf 88' lang='lat' dir='ltr'><strong>Unde</strong></span> <span class='ocrx_word' id='word_1_502' title='bbox 2949 2624 3006 2672; x_wconf 89' lang='lat' dir='ltr'><strong>ct</strong></span> <span class='ocrx_word' id='word_1_503' title='bbox 3045 2615 3333 2671; x_wconf 86' lang='lat' dir='ltr'><strong>Remensis</strong></span> 
     </span>
    </p>
   </div>
   <div class='ocr_carea' id='block_1_70' title="bbox 1745 2702 3331 2771">
    <p class='ocr_par' dir='ltr' id='par_1_70' title="bbox 1745 2702 3331 2771">
     <span class='ocr_line' id='line_1_70' title="bbox 1745 2702 3331 2771; baseline 0.001 -4"><span class='ocrx_word' id='word_1_504' title='bbox 1745 2712 1982 2769; x_wconf 88' lang='lat' dir='ltr'><strong>Ecclesia</strong></span> <span class='ocrx_word' id='word_1_505' title='bbox 2010 2711 2207 2768; x_wconf 84' lang='lat' dir='ltr'><strong>festum</strong></span> <span class='ocrx_word' id='word_1_506' title='bbox 2236 2714 2604 2771; x_wconf 86' lang='lat' dir='ltr'><strong>translationis</strong></span> <span class='ocrx_word' id='word_1_507' title='bbox 2636 2702 2697 2769; x_wconf 86' lang='lat' dir='ltr'><strong>S.</strong></span> <span class='ocrx_word' id='word_1_508' title='bbox 2727 2706 2924 2771; x_wconf 71' lang='lat' dir='ltr'><strong>Ilicasii</strong></span> <span class='ocrx_word' id='word_1_509' title='bbox 2966 2703 3204 2771; x_wconf 73' lang='lat' dir='ltr'><strong>celebrat</strong></span> <span class='ocrx_word' id='word_1_510' title='bbox 3240 2704 3331 2769; x_wconf 78' lang='lat' dir='ltr'><strong>die</strong></span> 
     </span>
    </p>
   </div>
   <div class='ocr_carea' id='block_1_71' title="bbox 1742 2801 3335 2875">
    <p class='ocr_par' dir='ltr' id='par_1_71' title="bbox 1742 2801 3335 2875">
     <span class='ocr_line' id='line_1_71' title="bbox 1742 2801 3335 2875; baseline 0.001 -17"><span class='ocrx_word' id='word_1_511' title='bbox 1742 2802 1814 2858; x_wconf 73' lang='lat'><strong>25</strong></span> <span class='ocrx_word' id='word_1_512' title='bbox 1836 2801 1984 2859; x_wconf 84' lang='lat' dir='ltr'><strong>Julii.</strong></span> <span class='ocrx_word' id='word_1_513' title='bbox 2013 2801 2130 2871; x_wconf 90' lang='lat' dir='ltr'><strong>Quo</strong></span> <span class='ocrx_word' id='word_1_514' title='bbox 2155 2803 2240 2858; x_wconf 90' lang='lat' dir='ltr'><strong>die</strong></span> <span class='ocrx_word' id='word_1_515' title='bbox 2276 2805 2330 2858; x_wconf 90' lang='lat' dir='ltr'><strong>in</strong></span> <span class='ocrx_word' id='word_1_516' title='bbox 2370 2803 2644 2859; x_wconf 85' lang='lat' dir='ltr'><strong>Breviario</strong></span> <span class='ocrx_word' id='word_1_517' title='bbox 2687 2805 2925 2875; x_wconf 80' lang='lat' dir='ltr'><strong>ejusdem</strong></span> <span class='ocrx_word' id='word_1_518' title='bbox 2965 2804 3219 2861; x_wconf 69' lang='lat' dir='ltr'><strong>Ecclesia:</strong></span> <span class='ocrx_word' id='word_1_519' title='bbox 3248 2805 3335 2871; x_wconf 30' lang='lat' dir='ltr'><strong>sic,</strong></span> 
     </span>
    </p>
   </div>
   <div class='ocr_carea' id='block_1_72' title="bbox 1743 2886 3337 2971">
    <p class='ocr_par' dir='ltr' id='par_1_72' title="bbox 1743 2886 3337 2971">
     <span class='ocr_line' id='line_1_72' title="bbox 1743 2886 3337 2971; baseline -0.001 -20"><span class='ocrx_word' id='word_1_520' title='bbox 1743 2896 1940 2968; x_wconf 80' lang='lat' dir='ltr'><strong>legitur</strong></span> <span class='ocrx_word' id='word_1_521' title='bbox 1966 2912 1981 2952; x_wconf 92' lang='lat'><strong>:</strong></span> <span class='ocrx_word' id='word_1_522' title='bbox 2018 2916 2037 2949; x_wconf 81' lang='grc' dir='ltr'><strong>ι</strong></span> <span class='ocrx_word' id='word_1_523' title='bbox 2067 2895 2294 2965; x_wconf 88' lang='lat' dir='ltr'><strong>Quidam</strong></span> <span class='ocrx_word' id='word_1_524' title='bbox 2324 2911 2356 2951; x_wconf 90' lang='lat' dir='ltr'><strong>e</strong></span> <span class='ocrx_word' id='word_1_525' title='bbox 2390 2896 2603 2952; x_wconf 89' lang='lat' dir='ltr'><strong>clericis</strong></span> <span class='ocrx_word' id='word_1_526' title='bbox 2639 2895 3075 2952; x_wconf 88' lang='lat' dir='ltr'><strong>Tornacensibus</strong></span> <span class='ocrx_word' id='word_1_527' title='bbox 3102 2886 3337 2971; x_wconf 80' lang='lat' dir='ltr'><strong>audiens</strong></span> 
     </span>
    </p>
   </div>
   <div class='ocr_carea' id='block_1_73' title="bbox 1743 2976 3325 3057">
    <p class='ocr_par' dir='ltr' id='par_1_73' title="bbox 1743 2976 3325 3057">
     <span class='ocr_line' id='line_1_73' title="bbox 1743 2976 3325 3057; baseline -0.003 -14"><span class='ocrx_word' id='word_1_528' title='bbox 1743 2986 2061 3043; x_wconf 87' lang='lat' dir='ltr'><strong>Gervasium</strong></span> <span class='ocrx_word' id='word_1_529' title='bbox 2100 2980 2385 3057; x_wconf 69' lang='lat' dir='ltr'><strong>prmfatutn</strong></span> <span class='ocrx_word' id='word_1_530' title='bbox 2423 2986 2722 3042; x_wconf 85' lang='lat' dir='ltr'><strong>sacrarium</strong></span> <span class='ocrx_word' id='word_1_531' title='bbox 2754 2985 2845 3057; x_wconf 90' lang='lat' dir='ltr'><strong>(S.</strong></span> <span class='ocrx_word' id='word_1_532' title='bbox 2878 2983 3077 3041; x_wconf 84' lang='lat' dir='ltr'><strong>Nicasii</strong></span> <span class='ocrx_word' id='word_1_533' title='bbox 3109 2976 3325 3048; x_wconf 85' lang='lat' dir='ltr'><strong>Remis)</strong></span> 
     </span>
    </p>
   </div>
   <div class='ocr_carea' id='block_1_74' title="bbox 1744 3064 3343 3146">
    <p class='ocr_par' dir='ltr' id='par_1_74' title="bbox 1744 3064 3343 3146">
     <span class='ocr_line' id='line_1_74' title="bbox 1744 3064 3343 3146; baseline -0.002 -16"><span class='ocrx_word' id='word_1_534' title='bbox 1744 3076 2050 3130; x_wconf 89' lang='lat' dir='ltr'><strong>instaurare</strong></span> <span class='ocrx_word' id='word_1_535' title='bbox 2078 3075 2341 3145; x_wconf 87' lang='lat' dir='ltr'><strong>coepisse,</strong></span> <span class='ocrx_word' id='word_1_536' title='bbox 2391 3083 2450 3130; x_wconf 92' lang='lat' dir='ltr'><strong>ut</strong></span> <span class='ocrx_word' id='word_1_537' title='bbox 2488 3085 2697 3146; x_wconf 88' lang='lat' dir='ltr'><strong>partem</strong></span> <span class='ocrx_word' id='word_1_538' title='bbox 2727 3076 2970 3144; x_wconf 89' lang='lat' dir='ltr'><strong>corporis</strong></span> <span class='ocrx_word' id='word_1_539' title='bbox 2998 3075 3058 3128; x_wconf 80' lang='grc' dir='ltr'>Β.</span> <span class='ocrx_word' id='word_1_540' title='bbox 3087 3072 3286 3128; x_wconf 81' lang='lat' dir='ltr'><strong>Nicasii</strong></span> <span class='ocrx_word' id='word_1_541' title='bbox 3307 3064 3343 3139; x_wconf 82' lang='grc'><em>,’</em></span> 
     </span>
    </p>
   </div>
   <div class='ocr_carea' id='block_1_75' title="bbox 1746 3162 3328 3236">
    <p class='ocr_par' dir='ltr' id='par_1_75' title="bbox 1746 3162 3328 3236">
     <span class='ocr_line' id='line_1_75' title="bbox 1746 3162 3328 3236; baseline -0.001 -15"><span class='ocrx_word' id='word_1_542' title='bbox 1746 3182 1868 3236; x_wconf 66' lang='lat' dir='ltr'><strong>qua:</strong></span> <span class='ocrx_word' id='word_1_543' title='bbox 1894 3168 1946 3221; x_wconf 91' lang='lat' dir='ltr'><strong>in</strong></span> <span class='ocrx_word' id='word_1_544' title='bbox 1977 3165 2306 3225; x_wconf 87' lang='lat' dir='ltr'><strong>Tornacensi</strong></span> <span class='ocrx_word' id='word_1_545' title='bbox 2328 3167 2555 3223; x_wconf 86' lang='lat' dir='ltr'><strong>ecclesia</strong></span> <span class='ocrx_word' id='word_1_546' title='bbox 2582 3164 2922 3233; x_wconf 87' lang='lat' dir='ltr'><strong>servabatur,</strong></span> <span class='ocrx_word' id='word_1_547' title='bbox 2943 3162 3054 3221; x_wconf 73' lang='lat' dir='ltr'><strong>Sua:</strong></span> <span class='ocrx_word' id='word_1_548' title='bbox 3080 3166 3328 3221; x_wconf 86' lang='lat' dir='ltr'><strong>restituat</strong></span> 
     </span>
    </p>
   </div>
   <div class='ocr_carea' id='block_1_76' title="bbox 1749 3252 3331 3324">
    <p class='ocr_par' dir='ltr' id='par_1_76' title="bbox 1749 3252 3331 3324">
     <span class='ocr_line' id='line_1_76' title="bbox 1749 3252 3331 3324; baseline -0.003 -14"><span class='ocrx_word' id='word_1_549' title='bbox 1749 3254 1997 3312; x_wconf 82' lang='lat' dir='ltr'><strong>ecclesiae</strong></span> <span class='ocrx_word' id='word_1_550' title='bbox 2022 3255 2272 3311; x_wconf 90' lang='lat' dir='ltr'><strong>omnibus</strong></span> <span class='ocrx_word' id='word_1_551' title='bbox 2299 3255 2474 3310; x_wconf 85' lang='lat' dir='ltr'><strong>modis</strong></span> <span class='ocrx_word' id='word_1_552' title='bbox 2513 3254 2787 3320; x_wconf 85' lang='lat' dir='ltr'><strong>elaborat,</strong></span> <span class='ocrx_word' id='word_1_553' title='bbox 2821 3262 3137 3324; x_wconf 88' lang='lat' dir='ltr'><strong>tempusque</strong></span> <span class='ocrx_word' id='word_1_554' title='bbox 3160 3261 3217 3308; x_wconf 90' lang='lat' dir='ltr'><strong>et</strong></span> <span class='ocrx_word' id='word_1_555' title='bbox 3242 3252 3331 3307; x_wconf 76' lang='lat' dir='ltr'><strong>lo~~</strong></span> 
     </span>
    </p>
   </div>
   <div class='ocr_carea' id='block_1_77' title="bbox 1748 3332 3340 3416">
    <p class='ocr_par' dir='ltr' id='par_1_77' title="bbox 1748 3332 3340 3416">
     <span class='ocr_line' id='line_1_77' title="bbox 1748 3332 3340 3416; baseline -0.001 -16"><span class='ocrx_word' id='word_1_556' title='bbox 1748 3342 1871 3400; x_wconf 82' lang='lat' dir='ltr'><strong>cum</strong></span> <span class='ocrx_word' id='word_1_557' title='bbox 1898 3343 2232 3415; x_wconf 81' lang='lat' dir='ltr'><strong>perﬁciendo</strong></span> <span class='ocrx_word' id='word_1_558' title='bbox 2257 3344 2525 3402; x_wconf 86' lang='lat' dir='ltr'><strong>desiderio</strong></span> <span class='ocrx_word' id='word_1_559' title='bbox 2554 3343 2765 3416; x_wconf 66' lang='lat' dir='ltr'><strong>quaerit.</strong></span> <span class='ocrx_word' id='word_1_560' title='bbox 2789 3344 3031 3415; x_wconf 87' lang='lat' dir='ltr'><strong>Cumque</strong></span> <span class='ocrx_word' id='word_1_561' title='bbox 3060 3343 3112 3399; x_wconf 91' lang='lat' dir='ltr'><strong>id</strong></span> <span class='ocrx_word' id='word_1_562' title='bbox 3141 3359 3236 3415; x_wconf 89' lang='lat' dir='ltr'><strong>per</strong></span> <span class='ocrx_word' id='word_1_563' title='bbox 3263 3332 3340 3399; x_wconf 76' lang='lat' dir='ltr'><strong>se</strong></span> 
     </span>
    </p>
   </div>
   <div class='ocr_carea' id='block_1_78' title="bbox 1746 3433 3326 3514">
    <p class='ocr_par' dir='ltr' id='par_1_78' title="bbox 1746 3433 3326 3514">
     <span class='ocr_line' id='line_1_78' title="bbox 1746 3433 3326 3514; baseline 0 -26"><span class='ocrx_word' id='word_1_564' title='bbox 1746 3444 2005 3504; x_wconf 64' lang='lat' dir='ltr'><strong>praestare</strong></span> <span class='ocrx_word' id='word_1_565' title='bbox 2031 3450 2137 3490; x_wconf 90' lang='lat' dir='ltr'><strong>non</strong></span> <span class='ocrx_word' id='word_1_566' title='bbox 2165 3444 2365 3507; x_wconf 84' lang='lat' dir='ltr'><strong>posset,</strong></span> <span class='ocrx_word' id='word_1_567' title='bbox 2396 3436 2626 3506; x_wconf 86' lang='lat' dir='ltr'><strong>quadam</strong></span> <span class='ocrx_word' id='word_1_568' title='bbox 2655 3445 2815 3491; x_wconf 91' lang='lat' dir='ltr'><strong>nocte</strong></span> <span class='ocrx_word' id='word_1_569' title='bbox 2845 3433 3205 3514; x_wconf 85' lang='lat' dir='ltr'><strong>Tornaccnsis</strong></span> <span class='ocrx_word' id='word_1_570' title='bbox 3232 3450 3326 3490; x_wconf 74' lang='grc' dir='ltr'>ιιι--</span> 
     </span>
    </p>
   </div>
   <div class='ocr_carea' id='block_1_79' title="bbox 1748 3526 3328 3597">
    <p class='ocr_par' dir='ltr' id='par_1_79' title="bbox 1748 3526 3328 3597">
     <span class='ocr_line' id='line_1_79' title="bbox 1748 3526 3328 3597; baseline -0.001 -15"><span class='ocrx_word' id='word_1_571' title='bbox 1748 3529 1840 3582; x_wconf 89' lang='lat' dir='ltr'><strong>det</strong></span> <span class='ocrx_word' id='word_1_572' title='bbox 1879 3526 2142 3582; x_wconf 87' lang='lat' dir='ltr'><strong>ecclesia:</strong></span> <span class='ocrx_word' id='word_1_573' title='bbox 2175 3527 2651 3597; x_wconf 63' lang='lat' dir='ltr'><strong>quodincendium</strong></span> <span class='ocrx_word' id='word_1_574' title='bbox 2683 3528 2948 3584; x_wconf 67' lang='lat' dir='ltr'><strong>universre</strong></span> <span class='ocrx_word' id='word_1_575' title='bbox 2982 3528 3187 3583; x_wconf 83' lang='lat' dir='ltr'><strong>civitati</strong></span> <span class='ocrx_word' id='word_1_576' title='bbox 3228 3528 3328 3581; x_wconf 54' lang='lat' dir='ltr'><strong>miv</strong></span> 
     </span>
    </p>
   </div>
   <div class='ocr_carea' id='block_1_80' title="bbox 1748 3620 3324 3693">
    <p class='ocr_par' dir='ltr' id='par_1_80' title="bbox 1748 3620 3324 3693">
     <span class='ocr_line' id='line_1_80' title="bbox 1748 3620 3324 3693; baseline -0.001 -18"><span class='ocrx_word' id='word_1_577' title='bbox 1748 3628 1908 3693; x_wconf 83' lang='lat' dir='ltr'><strong>natur</strong></span> <span class='ocrx_word' id='word_1_578' title='bbox 1926 3621 2163 3681; x_wconf 79' lang='lat' dir='ltr'><strong>ruinam.</strong></span> <span class='ocrx_word' id='word_1_579' title='bbox 2193 3620 2489 3676; x_wconf 74' lang='lat' dir='ltr'><strong>Prtedictus</strong></span> <span class='ocrx_word' id='word_1_580' title='bbox 2517 3636 2645 3693; x_wconf 84' lang='lat' dir='ltr'><strong>vero</strong></span> <span class='ocrx_word' id='word_1_581' title='bbox 2676 3620 2933 3685; x_wconf 89' lang='lat' dir='ltr'><strong>clericus,</strong></span> <span class='ocrx_word' id='word_1_582' title='bbox 2967 3629 3324 3693; x_wconf 88' lang='lat' dir='ltr'><strong>opportunam</strong></span> 
     </span>
    </p>
   </div>
   <div class='ocr_carea' id='block_1_81' title="bbox 1747 3708 3330 3780">
    <p class='ocr_par' dir='ltr' id='par_1_81' title="bbox 1747 3708 3330 3780">
     <span class='ocr_line' id='line_1_81' title="bbox 1747 3708 3330 3780; baseline -0.003 -14"><span class='ocrx_word' id='word_1_583' title='bbox 1747 3720 1938 3766; x_wconf 88' lang='lat' dir='ltr'><strong>nactus</strong></span> <span class='ocrx_word' id='word_1_584' title='bbox 1980 3711 2357 3775; x_wconf 88' lang='lat' dir='ltr'><strong>occasionem,</strong></span> <span class='ocrx_word' id='word_1_585' title='bbox 2412 3710 2674 3780; x_wconf 87' lang='lat' dir='ltr'><strong>intrepide</strong></span> <span class='ocrx_word' id='word_1_586' title='bbox 2716 3711 2992 3765; x_wconf 86' lang='lat' dir='ltr'><strong>ardentem</strong></span> <span class='ocrx_word' id='word_1_587' title='bbox 3039 3708 3330 3765; x_wconf 89' lang='lat' dir='ltr'><strong>ecclesiam</strong></span> 
     </span>
    </p>
   </div>
   <div class='ocr_carea' id='block_1_82' title="bbox 1747 3798 3338 3875">
    <p class='ocr_par' dir='ltr' id='par_1_82' title="bbox 1747 3798 3338 3875">
     <span class='ocr_line' id='line_1_82' title="bbox 1747 3798 3338 3875; baseline -0.002 -19"><span class='ocrx_word' id='word_1_588' title='bbox 1747 3798 2066 3872; x_wconf 69' lang='lat' dir='ltr'><strong>ingreditur,</strong></span> <span class='ocrx_word' id='word_1_589' title='bbox 2083 3801 2480 3872; x_wconf 80' lang='lat' dir='ltr'><strong>gloriosumque</strong></span> <span class='ocrx_word' id='word_1_590' title='bbox 2503 3800 2811 3875; x_wconf 86' lang='lat' dir='ltr'><strong>thesaurum</strong></span> <span class='ocrx_word' id='word_1_591' title='bbox 2834 3800 3100 3866; x_wconf 80' lang='lat' dir='ltr'><strong>deferens,</strong></span> <span class='ocrx_word' id='word_1_592' title='bbox 3126 3799 3338 3854; x_wconf 87' lang='lat' dir='ltr'><strong>Remos.</strong></span> 
     </span>
    </p>
   </div>
   <div class='ocr_carea' id='block_1_83' title="bbox 1749 3891 3324 3965">
    <p class='ocr_par' dir='ltr' id='par_1_83' title="bbox 1749 3891 3324 3965">
     <span class='ocr_line' id='line_1_83' title="bbox 1749 3891 3324 3965; baseline -0.003 -16"><span class='ocrx_word' id='word_1_593' title='bbox 1749 3895 2014 3965; x_wconf 86' lang='lat' dir='ltr'><strong>pervenit,</strong></span> <span class='ocrx_word' id='word_1_594' title='bbox 2044 3892 2413 3963; x_wconf 84' lang='lat' dir='ltr'><strong>Cervasioque</strong></span> <span class='ocrx_word' id='word_1_595' title='bbox 2447 3900 2508 3946; x_wconf 92' lang='lat' dir='ltr'><strong>ut</strong></span> <span class='ocrx_word' id='word_1_596' title='bbox 2535 3907 2621 3947; x_wconf 86' lang='lat' dir='ltr'><strong>res</strong></span> <span class='ocrx_word' id='word_1_597' title='bbox 2649 3907 2708 3947; x_wconf 91' lang='lat' dir='ltr'><strong>se</strong></span> <span class='ocrx_word' id='word_1_598' title='bbox 2738 3892 2989 3957; x_wconf 85' lang='lat' dir='ltr'><strong>habebat,</strong></span> <span class='ocrx_word' id='word_1_599' title='bbox 3016 3891 3208 3946; x_wconf 90' lang='lat' dir='ltr'><strong>ordine</strong></span> <span class='ocrx_word' id='word_1_600' title='bbox 3229 3906 3324 3947; x_wconf 79' lang='lat' dir='ltr'><strong>ex-</strong></span> 
     </span>
    </p>
   </div>
   <div class='ocr_carea' id='block_1_84' title="bbox 1749 3984 3339 4061">
    <p class='ocr_par' dir='ltr' id='par_1_84' title="bbox 1749 3984 3339 4061">
     <span class='ocr_line' id='line_1_84' title="bbox 1749 3984 3339 4061; baseline -0.003 -19"><span class='ocrx_word' id='word_1_601' title='bbox 1749 3986 1919 4057; x_wconf 90' lang='lat' dir='ltr'><strong>ponit.</strong></span> <span class='ocrx_word' id='word_1_602' title='bbox 1950 3985 2053 4052; x_wconf 87' lang='lat' dir='ltr'><strong>Qui</strong></span> <span class='ocrx_word' id='word_1_603' title='bbox 2094 3994 2379 4054; x_wconf 87' lang='lat' dir='ltr'><strong>exceptam</strong></span> <span class='ocrx_word' id='word_1_604' title='bbox 2424 3984 2563 4039; x_wconf 88' lang='lat' dir='ltr'><strong>hanc</strong></span> <span class='ocrx_word' id='word_1_605' title='bbox 2608 3984 2751 4038; x_wconf 88' lang='lat' dir='ltr'><strong>beati</strong></span> <span class='ocrx_word' id='word_1_606' title='bbox 2798 3984 3040 4053; x_wconf 87' lang='lat' dir='ltr'><strong>corporis</strong></span> <span class='ocrx_word' id='word_1_607' title='bbox 3083 3992 3287 4053; x_wconf 90' lang='lat' dir='ltr'><strong>partem</strong></span> <span class='ocrx_word' id='word_1_608' title='bbox 3311 4024 3339 4061; x_wconf 23' lang='grc' dir='ltr'><strong>..η</strong></span> 
     </span>
    </p>
   </div>
   <div class='ocr_carea' id='block_1_85' title="bbox 1749 4068 3339 4149">
    <p class='ocr_par' dir='ltr' id='par_1_85' title="bbox 1749 4068 3339 4149">
     <span class='ocr_line' id='line_1_85' title="bbox 1749 4068 3339 4149; baseline -0.003 -18"><span class='ocrx_word' id='word_1_609' title='bbox 1749 4074 1903 4132; x_wconf 79' lang='lat' dir='ltr'><strong>alteri</strong></span> <span class='ocrx_word' id='word_1_610' title='bbox 1934 4077 2073 4149; x_wconf 68' lang='lat' dir='ltr'><strong>(qum</strong></span> <span class='ocrx_word' id='word_1_611' title='bbox 2104 4068 2156 4130; x_wconf 84' lang='lat' dir='ltr'><strong>in</strong></span> <span class='ocrx_word' id='word_1_612' title='bbox 2190 4090 2317 4130; x_wconf 88' lang='lat' dir='ltr'><strong>arca</strong></span> <span class='ocrx_word' id='word_1_613' title='bbox 2348 4074 2622 4130; x_wconf 87' lang='lat' dir='ltr'><strong>recondita</strong></span> <span class='ocrx_word' id='word_1_614' title='bbox 2660 4073 2800 4145; x_wconf 88' lang='lat' dir='ltr'><strong>erat)</strong></span> <span class='ocrx_word' id='word_1_615' title='bbox 2826 4089 3121 4146; x_wconf 89' lang='lat' dir='ltr'><strong>apponens,</strong></span> <span class='ocrx_word' id='word_1_616' title='bbox 3149 4068 3339 4143; x_wconf 50' lang='lat' dir='ltr'><strong>aequati</strong></span> 
     </span>
    </p>
   </div>
   <div class='ocr_carea' id='block_1_86' title="bbox 1750 4152 3340 4242">
    <p class='ocr_par' dir='ltr' id='par_1_86' title="bbox 1750 4152 3340 4242">
     <span class='ocr_line' id='line_1_86' title="bbox 1750 4152 3340 4242; baseline -0.002 -22"><span class='ocrx_word' id='word_1_617' title='bbox 1750 4165 1819 4220; x_wconf 91' lang='lat' dir='ltr'><strong>lia</strong></span> <span class='ocrx_word' id='word_1_618' title='bbox 1850 4152 2029 4220; x_wconf 88' lang='lat' dir='ltr'><strong>omnia</strong></span> <span class='ocrx_word' id='word_1_619' title='bbox 2060 4164 2284 4219; x_wconf 88' lang='lat' dir='ltr'><strong>invenit.</strong></span> <span class='ocrx_word' id='word_1_620' title='bbox 2314 4162 2664 4219; x_wconf 86' lang='lat' dir='ltr'><strong>Postmodum</strong></span> <span class='ocrx_word' id='word_1_621' title='bbox 2693 4178 2822 4219; x_wconf 76' lang='lat' dir='ltr'><strong>vero</strong></span> <span class='ocrx_word' id='word_1_622' title='bbox 2845 4163 3108 4234; x_wconf 78' lang='lat' dir='ltr'><strong>integrum</strong></span> <span class='ocrx_word' id='word_1_623' title='bbox 3129 4177 3340 4242; x_wconf 82' lang='lat' dir='ltr'><strong>corpus</strong></span> 
     </span>
    </p>
   </div>
   <div class='ocr_carea' id='block_1_87' title="bbox 1751 4240 3341 4328">
    <p class='ocr_par' dir='ltr' id='par_1_87' title="bbox 1751 4240 3341 4328">
     <span class='ocr_line' id='line_1_87' title="bbox 1751 4240 3341 4328; baseline -0.001 -17"><span class='ocrx_word' id='word_1_624' title='bbox 1751 4242 1805 4312; x_wconf 88' lang='lat' dir='ltr'><strong>in</strong></span> <span class='ocrx_word' id='word_1_625' title='bbox 1852 4257 2023 4313; x_wconf 68' lang='lat' dir='ltr'><strong>tndem</strong></span> <span class='ocrx_word' id='word_1_626' title='bbox 2067 4240 2206 4312; x_wconf 66' lang='lat' dir='ltr'><strong>divae</strong></span> <span class='ocrx_word' id='word_1_627' title='bbox 2243 4254 2460 4328; x_wconf 76' lang='lat' dir='ltr'><strong>,Virgini</strong></span> <span class='ocrx_word' id='word_1_628' title='bbox 2500 4270 2742 4321; x_wconf 90' lang='lat' dir='ltr'><strong>sacram,</strong></span> <span class='ocrx_word' id='word_1_629' title='bbox 2776 4255 2866 4312; x_wconf 93' lang='lat' dir='ltr'><strong>ubi</strong></span> <span class='ocrx_word' id='word_1_630' title='bbox 2908 4257 3047 4310; x_wconf 87' lang='lat' dir='ltr'><strong>nunc</strong></span> <span class='ocrx_word' id='word_1_631' title='bbox 3080 4240 3341 4327; x_wconf 50' lang='lat' dir='ltr'><strong>religiosa</strong></span> 
     </span>
    </p>
   </div>
   <div class='ocr_carea' id='block_1_88' title="bbox 1751 4336 3342 4414">
    <p class='ocr_par' dir='ltr' id='par_1_88' title="bbox 1751 4336 3342 4414">
     <span class='ocr_line' id='line_1_88' title="bbox 1751 4336 3342 4414; baseline -0.002 -9"><span class='ocrx_word' id='word_1_632' title='bbox 1751 4350 1962 4414; x_wconf 89' lang='lat' dir='ltr'><strong>colitur,</strong></span> <span class='ocrx_word' id='word_1_633' title='bbox 1998 4349 2318 4405; x_wconf 88' lang='lat' dir='ltr'><strong>translatum</strong></span> <span class='ocrx_word' id='word_1_634' title='bbox 2343 4358 2441 4404; x_wconf 80' lang='lat' dir='ltr'><strong>est.</strong></span> <span class='ocrx_word' id='word_1_635' title='bbox 2479 4367 2497 4399; x_wconf 79' lang='grc' dir='ltr'><strong>ι</strong></span> <span class='ocrx_word' id='word_1_636' title='bbox 2526 4346 2651 4403; x_wconf 66' lang='lat' dir='ltr'><strong>lliec</strong></span> <span class='ocrx_word' id='word_1_637' title='bbox 2676 4348 2771 4403; x_wconf 88' lang='lat' dir='ltr'><strong>ibi.</strong></span> 
     </span>
    </p>
   </div>
   <div class='ocr_carea' id='block_1_89' title="bbox 1766 4448 2730 4515">
    <p class='ocr_par' dir='ltr' id='par_1_89' title="bbox 1766 4448 2730 4515">
     <span class='ocr_line' id='line_1_89' title="bbox 1766 4448 2730 4515; baseline -0.002 -1"><span class='ocrx_word' id='word_1_638' title='bbox 1766 4448 1769 4451; x_wconf 13' lang='lat'><strong><em>1</em></strong></span> <span class='ocrx_word' id='word_1_639' title='bbox 2338 4458 2565 4515; x_wconf 81' lang='lat' dir='ltr'><strong>CAPUT</strong></span> <span class='ocrx_word' id='word_1_640' title='bbox 2604 4457 2730 4513; x_wconf 82' lang='grc' dir='ltr'>νιιι.</span> 
     </span>
    </p>
   </div>
   <div class='ocr_carea' id='block_1_90' title="bbox 116 4561 3338 4658">
    <p class='ocr_par' dir='ltr' id='par_1_90' title="bbox 116 4561 3338 4658">
     <span class='ocr_line' id='line_1_90' title="bbox 116 4561 3338 4658; baseline -0.002 -25"><span class='ocrx_word' id='word_1_641' title='bbox 116 4572 343 4633; x_wconf 70' lang='grc' dir='ltr'><strong>τΙιανίιαιὶε</strong></span> <span class='ocrx_word' id='word_1_642' title='bbox 369 4586 561 4651; x_wconf 76' lang='lat' dir='ltr'><strong>reperit</strong></span> <span class='ocrx_word' id='word_1_643' title='bbox 585 4561 954 4652; x_wconf 69' lang='lat' dir='ltr'><strong>fructum,etc.</strong></span> <span class='ocrx_word' id='word_1_644' title='bbox 974 4586 1149 4643; x_wconf 88' lang='lat' dir='ltr'><strong>Locus</strong></span> <span class='ocrx_word' id='word_1_645' title='bbox 1172 4598 1252 4643; x_wconf 85' lang='lat' dir='ltr'><strong>est</strong></span> <span class='ocrx_word' id='word_1_646' title='bbox 1278 4561 1648 4658; x_wconf 76' lang='lat' dir='ltr'><strong>epistolal8t),</strong></span> <span class='ocrx_word' id='word_1_647' title='bbox 1683 4561 1730 4619; x_wconf 76' lang='grc' dir='ltr'><strong>θ</strong></span> <span class='ocrx_word' id='word_1_648' title='bbox 1824 4577 1901 4631; x_wconf 87' lang='lat' dir='ltr'><strong>De</strong></span> <span class='ocrx_word' id='word_1_649' title='bbox 1931 4575 1990 4631; x_wconf 89' lang='lat' dir='ltr'><strong>S.</strong></span> <span class='ocrx_word' id='word_1_650' title='bbox 2020 4574 2237 4632; x_wconf 89' lang='lat' dir='ltr'><strong>Oricolo</strong></span> <span class='ocrx_word' id='word_1_651' title='bbox 2261 4583 2315 4630; x_wconf 88' lang='lat' dir='ltr'><strong>et</strong></span> <span class='ocrx_word' id='word_1_652' title='bbox 2342 4574 2506 4629; x_wconf 88' lang='lat' dir='ltr'><strong>sociis</strong></span> <span class='ocrx_word' id='word_1_653' title='bbox 2544 4574 2656 4643; x_wconf 86' lang='lat' dir='ltr'><strong>agit</strong></span> <span class='ocrx_word' id='word_1_654' title='bbox 2695 4573 2936 4629; x_wconf 86' lang='lat' dir='ltr'><strong>Molanus</strong></span> <span class='ocrx_word' id='word_1_655' title='bbox 2965 4574 3019 4628; x_wconf 89' lang='lat' dir='ltr'><strong>in</strong></span> <span class='ocrx_word' id='word_1_656' title='bbox 3059 4573 3338 4628; x_wconf 81' lang='lat' dir='ltr'><strong>additione</strong></span> 
     </span>
    </p>
   </div>
   <div class='ocr_carea' id='block_1_91' title="bbox 116 4668 1650 4744">
    <p class='ocr_par' dir='ltr' id='par_1_91' title="bbox 116 4668 1650 4744">
     <span class='ocr_line' id='line_1_91' title="bbox 116 4668 1650 4744; baseline 0.012 -30"><span class='ocrx_word' id='word_1_657' title='bbox 116 4675 164 4713; x_wconf 80' lang='lat' dir='ltr'><strong>ex</strong></span> <span class='ocrx_word' id='word_1_658' title='bbox 198 4668 333 4736; x_wconf 81' lang='lat' dir='ltr'><strong>cujus</strong></span> <span class='ocrx_word' id='word_1_659' title='bbox 358 4669 472 4727; x_wconf 75' lang='lat' dir='ltr'><strong>fere</strong></span> <span class='ocrx_word' id='word_1_660' title='bbox 503 4674 687 4730; x_wconf 81' lang='lat' dir='ltr'><strong>verbis</strong></span> <span class='ocrx_word' id='word_1_661' title='bbox 723 4678 980 4744; x_wconf 74' lang='lat' dir='ltr'><strong>apposita:</strong></span> <span class='ocrx_word' id='word_1_662' title='bbox 1004 4693 1117 4732; x_wconf 71' lang='lat' dir='ltr'><strong>sua:</strong></span> <span class='ocrx_word' id='word_1_663' title='bbox 1147 4680 1475 4735; x_wconf 85' lang='lat' dir='ltr'><strong>narrationis</strong></span> <span class='ocrx_word' id='word_1_664' title='bbox 1504 4680 1650 4734; x_wconf 85' lang='lat' dir='ltr'><strong>tilum</strong></span> 
     </span>
    </p>
   </div>
   <div class='ocr_carea' id='block_1_92' title="bbox 117 4759 1650 4837">
    <p class='ocr_par' dir='ltr' id='par_1_92' title="bbox 117 4759 1650 4837">
     <span class='ocr_line' id='line_1_92' title="bbox 117 4759 1650 4837; baseline 0.012 -33"><span class='ocrx_word' id='word_1_665' title='bbox 117 4759 349 4814; x_wconf 82' lang='lat' dir='ltr'><strong>contexuit</strong></span> <span class='ocrx_word' id='word_1_666' title='bbox 377 4771 575 4816; x_wconf 86' lang='lat' dir='ltr'><strong>auctor</strong></span> <span class='ocrx_word' id='word_1_667' title='bbox 597 4765 666 4817; x_wconf 89' lang='lat' dir='ltr'><strong>ab</strong></span> <span class='ocrx_word' id='word_1_668' title='bbox 692 4780 759 4820; x_wconf 89' lang='lat' dir='ltr'><strong>co</strong></span> <span class='ocrx_word' id='word_1_669' title='bbox 782 4766 899 4821; x_wconf 93' lang='lat' dir='ltr'><strong>loco</strong></span> <span class='ocrx_word' id='word_1_670' title='bbox 922 4784 936 4820; x_wconf 90' lang='lat'><strong>:</strong></span> <span class='ocrx_word' id='word_1_671' title='bbox 966 4766 1030 4821; x_wconf 86' lang='grc' dir='ltr'>Β.</span> <span class='ocrx_word' id='word_1_672' title='bbox 1055 4767 1228 4837; x_wconf 84' lang='lat' dir='ltr'><strong>itaque</strong></span> <span class='ocrx_word' id='word_1_673' title='bbox 1259 4766 1507 4823; x_wconf 84' lang='lat' dir='ltr'><strong>Nicasius</strong></span> <span class='ocrx_word' id='word_1_674' title='bbox 1531 4771 1650 4823; x_wconf 83' lang='lat' dir='ltr'><strong>ani-</strong></span> 
     </span>
    </p>
   </div>
   <div class='ocr_carea' id='block_1_93' title="bbox 118 4854 1653 4924">
    <p class='ocr_par' dir='ltr' id='par_1_93' title="bbox 118 4854 1653 4924">
     <span class='ocr_line' id='line_1_93' title="bbox 118 4854 1653 4924; baseline 0.011 -28"><span class='ocrx_word' id='word_1_675' title='bbox 118 4855 222 4895; x_wconf 71' lang='lat' dir='ltr'><strong>mam</strong></span> <span class='ocrx_word' id='word_1_676' title='bbox 251 4865 394 4903; x_wconf 83' lang='lat' dir='ltr'><strong>suam</strong></span> <span class='ocrx_word' id='word_1_677' title='bbox 430 4869 529 4922; x_wconf 84' lang='lat' dir='ltr'><strong>pro</strong></span> <span class='ocrx_word' id='word_1_678' title='bbox 577 4854 857 4921; x_wconf 77' lang='lat' dir='ltr'><strong>fratribus,</strong></span> <span class='ocrx_word' id='word_1_679' title='bbox 902 4870 1070 4924; x_wconf 85' lang='lat' dir='ltr'><strong>usque</strong></span> <span class='ocrx_word' id='word_1_680' title='bbox 1119 4857 1185 4912; x_wconf 85' lang='lat' dir='ltr'><strong>ad</strong></span> <span class='ocrx_word' id='word_1_681' title='bbox 1234 4857 1398 4912; x_wconf 85' lang='lat' dir='ltr'><strong>illud:</strong></span> <span class='ocrx_word' id='word_1_682' title='bbox 1441 4858 1563 4913; x_wconf 84' lang='lat' dir='ltr'><strong>Non</strong></span> <span class='ocrx_word' id='word_1_683' title='bbox 1599 4870 1653 4913; x_wconf 90' lang='lat' dir='ltr'><strong>ut</strong></span> 
     </span>
    </p>
   </div>
   <div class='ocr_carea' id='block_1_94' title="bbox 119 4941 1652 5013">
    <p class='ocr_par' dir='ltr' id='par_1_94' title="bbox 119 4941 1652 5013">
     <span class='ocr_line' id='line_1_94' title="bbox 119 4941 1652 5013; baseline 0.012 -28"><span class='ocrx_word' id='word_1_684' title='bbox 119 4941 422 4994; x_wconf 70' lang='lat' dir='ltr'><strong>mercenarius</strong></span> <span class='ocrx_word' id='word_1_685' title='bbox 461 4942 648 4996; x_wconf 79' lang='lat' dir='ltr'><strong>videns</strong></span> <span class='ocrx_word' id='word_1_686' title='bbox 674 4943 849 5013; x_wconf 81' lang='lat' dir='ltr'><strong>lupum</strong></span> <span class='ocrx_word' id='word_1_687' title='bbox 877 4948 1180 5001; x_wconf 75' lang='lat' dir='ltr'><strong>venientem.</strong></span> <span class='ocrx_word' id='word_1_688' title='bbox 1223 4947 1348 5003; x_wconf 64' lang='lat' dir='ltr'><strong>llaec</strong></span> <span class='ocrx_word' id='word_1_689' title='bbox 1373 4963 1502 5003; x_wconf 84' lang='lat' dir='ltr'><strong>vero</strong></span> <span class='ocrx_word' id='word_1_690' title='bbox 1525 4965 1652 5004; x_wconf 49' lang='lat' dir='ltr'><strong>sene</strong></span> 
     </span>
    </p>
   </div>
   <div class='ocr_carea' id='block_1_95' title="bbox 121 5026 1657 5107">
    <p class='ocr_par' dir='ltr' id='par_1_95' title="bbox 121 5026 1657 5107">
     <span class='ocr_line' id='line_1_95' title="bbox 121 5026 1657 5107; baseline 0.013 -32"><span class='ocrx_word' id='word_1_691' title='bbox 121 5026 253 5107; x_wconf 79' lang='lat' dir='ltr'><strong>tentia</strong></span> <span class='ocrx_word' id='word_1_692' title='bbox 274 5029 557 5101; x_wconf 75' lang='lat' dir='ltr'><strong>Augustini</strong></span> <span class='ocrx_word' id='word_1_693' title='bbox 580 5034 792 5104; x_wconf 78' lang='lat' dir='ltr'><strong>integre</strong></span> <span class='ocrx_word' id='word_1_694' title='bbox 810 5036 896 5092; x_wconf 82' lang='lat' dir='ltr'><strong>sic</strong></span> <span class='ocrx_word' id='word_1_695' title='bbox 921 5034 1120 5091; x_wconf 87' lang='lat' dir='ltr'><strong>habet:</strong></span> <span class='ocrx_word' id='word_1_696' title='bbox 1155 5055 1173 5088; x_wconf 87' lang='grc' dir='ltr'><strong>ι</strong></span> <span class='ocrx_word' id='word_1_697' title='bbox 1202 5036 1334 5091; x_wconf 84' lang='lat' dir='ltr'><strong>Nam</strong></span> <span class='ocrx_word' id='word_1_698' title='bbox 1361 5038 1451 5106; x_wconf 88' lang='lat' dir='ltr'><strong>qui</strong></span> <span class='ocrx_word' id='word_1_699' title='bbox 1474 5039 1657 5107; x_wconf 80' lang='lat' dir='ltr'><strong>clades</strong></span> 
     </span>
    </p>
   </div>
   <div class='ocr_carea' id='block_1_96' title="bbox 122 5106 1658 5197">
    <p class='ocr_par' dir='ltr' id='par_1_96' title="bbox 122 5106 1658 5197">
     <span class='ocr_line' id='line_1_96' title="bbox 122 5106 1658 5197; baseline 0.014 -35"><span class='ocrx_word' id='word_1_700' title='bbox 122 5106 301 5171; x_wconf 67' lang='lat' dir='ltr'><strong>hostiles</strong></span> <span class='ocrx_word' id='word_1_701' title='bbox 322 5120 444 5174; x_wconf 89' lang='lat' dir='ltr'><strong>ideo</strong></span> <span class='ocrx_word' id='word_1_702' title='bbox 481 5137 593 5176; x_wconf 89' lang='lat' dir='ltr'><strong>non</strong></span> <span class='ocrx_word' id='word_1_703' title='bbox 618 5121 771 5192; x_wconf 79' lang='lat' dir='ltr'><strong>fugit,</strong></span> <span class='ocrx_word' id='word_1_704' title='bbox 794 5140 915 5180; x_wconf 88' lang='lat' dir='ltr'><strong>cum</strong></span> <span class='ocrx_word' id='word_1_705' title='bbox 941 5127 1109 5194; x_wconf 87' lang='lat' dir='ltr'><strong>possit</strong></span> <span class='ocrx_word' id='word_1_706' title='bbox 1133 5125 1386 5197; x_wconf 71' lang='lat' dir='ltr'><strong>efﬁngere,</strong></span> <span class='ocrx_word' id='word_1_707' title='bbox 1416 5144 1482 5182; x_wconf 90' lang='lat' dir='ltr'><strong>ne</strong></span> <span class='ocrx_word' id='word_1_708' title='bbox 1505 5106 1658 5183; x_wconf 87' lang='lat' dir='ltr'><strong>dese-</strong></span> 
     </span>
    </p>
   </div>
   <div class='ocr_carea' id='block_1_97' title="bbox 120 5207 1659 5287">
    <p class='ocr_par' dir='ltr' id='par_1_97' title="bbox 120 5207 1659 5287">
     <span class='ocr_line' id='line_1_97' title="bbox 120 5207 1659 5287; baseline 0.014 -33"><span class='ocrx_word' id='word_1_709' title='bbox 120 5210 187 5253; x_wconf 72' lang='lat' dir='ltr'><strong>rat</strong></span> <span class='ocrx_word' id='word_1_710' title='bbox 212 5207 563 5266; x_wconf 79' lang='lat' dir='ltr'><strong>ministerium</strong></span> <span class='ocrx_word' id='word_1_711' title='bbox 593 5212 810 5280; x_wconf 86' lang='lat' dir='ltr'><strong>Christi,</strong></span> <span class='ocrx_word' id='word_1_712' title='bbox 842 5217 957 5270; x_wconf 84' lang='lat' dir='ltr'><strong>sive</strong></span> <span class='ocrx_word' id='word_1_713' title='bbox 982 5231 1088 5285; x_wconf 81' lang='lat' dir='ltr'><strong>quo</strong></span> <span class='ocrx_word' id='word_1_714' title='bbox 1112 5234 1217 5273; x_wconf 89' lang='lat' dir='ltr'><strong>non</strong></span> <span class='ocrx_word' id='word_1_715' title='bbox 1241 5228 1465 5287; x_wconf 88' lang='lat' dir='ltr'><strong>possunt</strong></span> <span class='ocrx_word' id='word_1_716' title='bbox 1492 5219 1659 5277; x_wconf 73' lang='lat' dir='ltr'><strong>horni-</strong></span> 
     </span>
    </p>
   </div>
   <div class='ocr_carea' id='block_1_98' title="bbox 1756 4661 3341 4737">
    <p class='ocr_par' dir='ltr' id='par_1_98' title="bbox 1756 4661 3341 4737">
     <span class='ocr_line' id='line_1_98' title="bbox 1756 4661 3341 4737; baseline -0.004 -16"><span class='ocrx_word' id='word_1_717' title='bbox 1756 4667 1823 4722; x_wconf 88' lang='lat' dir='ltr'><strong>ad</strong></span> <span class='ocrx_word' id='word_1_718' title='bbox 1847 4665 2284 4737; x_wconf 78' lang='lat' dir='ltr'><strong>Martyrologium</strong></span> <span class='ocrx_word' id='word_1_719' title='bbox 2312 4662 2542 4718; x_wconf 84' lang='lat' dir='ltr'><strong>Usnardi</strong></span> <span class='ocrx_word' id='word_1_720' title='bbox 2570 4663 2633 4718; x_wconf 77' lang='grc'><strong>18</strong></span> <span class='ocrx_word' id='word_1_721' title='bbox 2655 4662 2991 4726; x_wconf 84' lang='lat' dir='ltr'><strong>Novembris,</strong></span> <span class='ocrx_word' id='word_1_722' title='bbox 3014 4663 3100 4718; x_wconf 91' lang='lat' dir='ltr'><strong>his</strong></span> <span class='ocrx_word' id='word_1_723' title='bbox 3119 4661 3299 4716; x_wconf 70' lang='lat' dir='ltr'><strong>verbis</strong></span> <span class='ocrx_word' id='word_1_724' title='bbox 3315 4679 3341 4714; x_wconf 11' lang='lat' dir='ltr'><strong>:r</strong></span> 
     </span>
    </p>
   </div>
   <div class='ocr_carea' id='block_1_99' title="bbox 1759 4750 3343 4825">
    <p class='ocr_par' dir='ltr' id='par_1_99' title="bbox 1759 4750 3343 4825">
     <span class='ocr_line' id='line_1_99' title="bbox 1759 4750 3343 4825; baseline -0.005 -14"><span class='ocrx_word' id='word_1_725' title='bbox 1759 4775 1779 4810; x_wconf 84' lang='grc' dir='ltr'><strong>ι</strong></span> <span class='ocrx_word' id='word_1_726' title='bbox 1807 4755 1926 4825; x_wconf 86' lang='lat' dir='ltr'><strong>Ipso</strong></span> <span class='ocrx_word' id='word_1_727' title='bbox 1952 4756 2058 4819; x_wconf 86' lang='lat' dir='ltr'><strong>die,</strong></span> <span class='ocrx_word' id='word_1_728' title='bbox 2088 4755 2233 4810; x_wconf 87' lang='lat' dir='ltr'><strong>beati</strong></span> <span class='ocrx_word' id='word_1_729' title='bbox 2263 4753 2460 4809; x_wconf 90' lang='lat' dir='ltr'><strong>Oricoli</strong></span> <span class='ocrx_word' id='word_1_730' title='bbox 2492 4753 2746 4822; x_wconf 84' lang='lat' dir='ltr'><strong>martyris</strong></span> <span class='ocrx_word' id='word_1_731' title='bbox 2782 4753 3160 4821; x_wconf 80' lang='lat' dir='ltr'><strong>sociorumque</strong></span> <span class='ocrx_word' id='word_1_732' title='bbox 3185 4750 3343 4820; x_wconf 58' lang='lat' dir='ltr'><strong>ejus,</strong></span> 
     </span>
    </p>
   </div>
   <div class='ocr_carea' id='block_1_100' title="bbox 1756 4840 3343 4916">
    <p class='ocr_par' dir='ltr' id='par_1_100' title="bbox 1756 4840 3343 4916">
     <span class='ocr_line' id='line_1_100' title="bbox 1756 4840 3343 4916; baseline -0.003 -17"><span class='ocrx_word' id='word_1_733' title='bbox 1756 4847 1847 4916; x_wconf 87' lang='lat' dir='ltr'><strong>qui</strong></span> <span class='ocrx_word' id='word_1_734' title='bbox 1872 4846 1972 4901; x_wconf 90' lang='lat' dir='ltr'><strong>sub</strong></span> <span class='ocrx_word' id='word_1_735' title='bbox 1992 4843 2271 4905; x_wconf 77' lang='lat' dir='ltr'><strong>Wandalic</strong></span> <span class='ocrx_word' id='word_1_736' title='bbox 2293 4841 2700 4911; x_wconf 75' lang='lat' dir='ltr'><strong>apcrsecutimie</strong></span> <span class='ocrx_word' id='word_1_737' title='bbox 2727 4842 2873 4914; x_wconf 82' lang='lat' dir='ltr'><strong>passi</strong></span> <span class='ocrx_word' id='word_1_738' title='bbox 2899 4851 3041 4896; x_wconf 85' lang='lat' dir='ltr'><strong>sunt.</strong></span> <span class='ocrx_word' id='word_1_739' title='bbox 3077 4861 3096 4896; x_wconf 75' lang='grc' dir='ltr'><strong>ι</strong></span> <span class='ocrx_word' id='word_1_740' title='bbox 3133 4842 3199 4897; x_wconf 86' lang='lat' dir='ltr'><strong>Et</strong></span> <span class='ocrx_word' id='word_1_741' title='bbox 3226 4840 3343 4897; x_wconf 73' lang='lat' dir='ltr'><strong>Ilo--</strong></span> 
     </span>
    </p>
   </div>
   <div class='ocr_carea' id='block_1_101' title="bbox 1758 4935 3353 5007">
    <p class='ocr_par' dir='ltr' id='par_1_101' title="bbox 1758 4935 3353 5007">
     <span class='ocr_line' id='line_1_101' title="bbox 1758 4935 3353 5007; baseline -0.005 -12"><span class='ocrx_word' id='word_1_742' title='bbox 1758 4954 1975 4995; x_wconf 90' lang='lat' dir='ltr'><strong>manum</strong></span> <span class='ocrx_word' id='word_1_743' title='bbox 2008 4937 2443 5007; x_wconf 72' lang='lat' dir='ltr'><strong>Martyrologium</strong></span> <span class='ocrx_word' id='word_1_744' title='bbox 2467 4954 2479 4993; x_wconf 92' lang='lat'><strong>:</strong></span> <span class='ocrx_word' id='word_1_745' title='bbox 2509 4953 2525 4987; x_wconf 88' lang='grc' dir='ltr'><strong>ι</strong></span> <span class='ocrx_word' id='word_1_746' title='bbox 2557 4935 2757 4992; x_wconf 80' lang='lat' dir='ltr'><strong>Eodem</strong></span> <span class='ocrx_word' id='word_1_747' title='bbox 2778 4936 2866 4991; x_wconf 87' lang='lat' dir='ltr'><strong>die</strong></span> <span class='ocrx_word' id='word_1_748' title='bbox 2887 4947 3199 4994; x_wconf 84' lang='lat' dir='ltr'><strong>sanctortim</strong></span> <span class='ocrx_word' id='word_1_749' title='bbox 3222 4935 3353 5005; x_wconf 43' lang='lat' dir='ltr'><strong>Orig:</strong></span> 
     </span>
    </p>
   </div>
   <div class='ocr_carea' id='block_1_102' title="bbox 1758 5026 3354 5099">
    <p class='ocr_par' dir='ltr' id='par_1_102' title="bbox 1758 5026 3354 5099">
     <span class='ocr_line' id='line_1_102' title="bbox 1758 5026 3354 5099; baseline -0.001 -12"><span class='ocrx_word' id='word_1_750' title='bbox 1758 5032 1860 5088; x_wconf 89' lang='lat' dir='ltr'><strong>coli</strong></span> <span class='ocrx_word' id='word_1_751' title='bbox 1890 5041 1946 5086; x_wconf 89' lang='lat' dir='ltr'><strong>et</strong></span> <span class='ocrx_word' id='word_1_752' title='bbox 1969 5029 2259 5095; x_wconf 82' lang='lat' dir='ltr'><strong>sociorum,</strong></span> <span class='ocrx_word' id='word_1_753' title='bbox 2285 5028 2376 5099; x_wconf 89' lang='lat' dir='ltr'><strong>qui</strong></span> <span class='ocrx_word' id='word_1_754' title='bbox 2407 5028 2459 5080; x_wconf 93' lang='lat' dir='ltr'><strong>in</strong></span> <span class='ocrx_word' id='word_1_755' title='bbox 2487 5027 2865 5097; x_wconf 87' lang='lat' dir='ltr'><strong>persecutione</strong></span> <span class='ocrx_word' id='word_1_756' title='bbox 2893 5026 3207 5087; x_wconf 81' lang='lat' dir='ltr'><strong>Wandalica</strong></span> <span class='ocrx_word' id='word_1_757' title='bbox 3239 5043 3354 5096; x_wconf 63' lang='lat' dir='ltr'><strong>pro:</strong></span> 
     </span>
    </p>
   </div>
   <div class='ocr_carea' id='block_1_103' title="bbox 1759 5119 3351 5192">
    <p class='ocr_par' dir='ltr' id='par_1_103' title="bbox 1759 5119 3351 5192">
     <span class='ocr_line' id='line_1_103' title="bbox 1759 5119 3351 5192; baseline -0.007 -12"><span class='ocrx_word' id='word_1_758' title='bbox 1759 5126 1863 5180; x_wconf 82' lang='lat' dir='ltr'><strong>ﬁde</strong></span> <span class='ocrx_word' id='word_1_759' title='bbox 1894 5123 2155 5178; x_wconf 88' lang='lat' dir='ltr'><strong>catholica</strong></span> <span class='ocrx_word' id='word_1_760' title='bbox 2183 5123 2324 5192; x_wconf 85' lang='lat' dir='ltr'><strong>passi</strong></span> <span class='ocrx_word' id='word_1_761' title='bbox 2352 5130 2495 5177; x_wconf 83' lang='lat' dir='ltr'><strong>sunt.</strong></span> <span class='ocrx_word' id='word_1_762' title='bbox 2527 5140 2545 5173; x_wconf 80' lang='grc' dir='ltr'><strong>ι</strong></span> <span class='ocrx_word' id='word_1_763' title='bbox 2578 5119 2636 5175; x_wconf 76' lang='lat' dir='ltr'><strong>In</strong></span> <span class='ocrx_word' id='word_1_764' title='bbox 2665 5121 2808 5176; x_wconf 81' lang='lat' dir='ltr'><strong>notis</strong></span> <span class='ocrx_word' id='word_1_765' title='bbox 2839 5120 3037 5175; x_wconf 82' lang='lat' dir='ltr'><strong>ibidem</strong></span> <span class='ocrx_word' id='word_1_766' title='bbox 3076 5120 3351 5177; x_wconf 72' lang='lat' dir='ltr'><strong>Duronius.</strong></span> 
     </span>
    </p>
   </div>
   <div class='ocr_carea' id='block_1_104' title="bbox 1760 5206 3333 5279">
    <p class='ocr_par' dir='ltr' id='par_1_104' title="bbox 1760 5206 3333 5279">
     <span class='ocr_line' id='line_1_104' title="bbox 1760 5206 3333 5279; baseline -0.004 -8"><span class='ocrx_word' id='word_1_767' title='bbox 1760 5216 1862 5271; x_wconf 88' lang='lat' dir='ltr'><strong>hoc</strong></span> <span class='ocrx_word' id='word_1_768' title='bbox 1907 5221 2115 5269; x_wconf 70' lang='lat' dir='ltr'><strong>unitum</strong></span> <span class='ocrx_word' id='word_1_769' title='bbox 2146 5211 2418 5268; x_wconf 83' lang='lat' dir='ltr'><strong>adnotavit</strong></span> <span class='ocrx_word' id='word_1_770' title='bbox 2449 5229 2461 5264; x_wconf 91' lang='lat'><strong>:</strong></span> <span class='ocrx_word' id='word_1_771' title='bbox 2508 5228 2526 5262; x_wconf 90' lang='grc' dir='ltr'><strong>ι</strong></span> <span class='ocrx_word' id='word_1_772' title='bbox 2566 5210 2643 5265; x_wconf 87' lang='lat' dir='ltr'><strong>De</strong></span> <span class='ocrx_word' id='word_1_773' title='bbox 2665 5227 2765 5279; x_wconf 86' lang='lat' dir='ltr'><strong>eo,</strong></span> <span class='ocrx_word' id='word_1_774' title='bbox 2796 5209 3048 5267; x_wconf 79' lang='lat' dir='ltr'><strong>videlicet</strong></span> <span class='ocrx_word' id='word_1_775' title='bbox 3084 5206 3333 5269; x_wconf 84' lang='lat' dir='ltr'><strong>Oriculo.</strong></span> 
     </span>
    </p>
   </div>
  </div>
