3904 5396
515 297 624 357 339

1297 303 1705 363 COLVENERII
1744 307 2038 366 SCHOLIA
2069 309 2135 365 ΙΝ
2159 309 2338 367 HlST.
2363 310 2661 371 REMENS.
2696 317 2976 375 ECCLES.

3668 314 3761 369 5w

517 414 714 470 simum
743 411 834 481 sit,
865 420 924 469 ut
949 411 1141 470 Matth.
1164 429 1291 469 xxiv
1315 415 1495 489 :Iune
1518 419 1718 491 parebit
1739 420 1944 491 signum
1968 418 2101 477 Filii
2125 429 2175 489 Α
2203 424 2480 494 cujusdam
2529 427 2810 498 scriptoris
2852 425 3168 484 monasterii
3213 425 3272 484 8.
3318 424 3584 496 Remigii,
3615 439 3763 498 quem

515 504 762 560 hominis.

588 574 869 669 Presbyter
897 599 1131 670 ejusdem
1164 599 1281 671 loci,
1301 562 1507 658 nomine
1544 602 1715 659 Betto.
1741 566 2096 679 MS|,-Becco;

394 756 405 767 .
514 673 580 753 Ο,
609 687 771 743 'Beto.
816 688 922 745 Per
971 692 1347 763 presbyterum
1397 702 1574 749 autem
1612 695 1797 768 huius]
1825 673 1919 753 aut
1942 699 2099 768 [illius

513 773 621 831 loci
665 777 863 847 passim
894 779 949 833 in
976 780 1100 854 hac
1147 780 1373 845 historia
1410 785 1849 854 etantiquorutn
1881 788 2111 858 scriptis‘

513 864 834 939 intelligitur
862 869 909 926 is
932 872 1023 941 qui
1055 888 1198 927 nunc
1220 882 1425 943 pastor,
1457 878 1746 945 parochus,
1777 880 2096 937 autGallica

513 974 647 1016 voce
669 971 889 1019 curatus
910 964 1125 1031 dicitur.
1156 966 1245 1023 Sic
1270 969 1325 1023 in
1348 968 1470 1025 Vita
1495 973 1663 1028 sancti
1684 973 1914 1031 Bavonis
1936 976 2097 1033 Dom-

514 1049 657 1108 linus
678 1054 961 1126 presbyter
982 1072 1049 1113 ex
1076 1057 1340 1116 Thurolto
1363 1062 1579 1120 venisse
1601 1063 1821 1132 dicitur,
1842 1067 1933 1136 qui
1953 1066 2098 1138 eius~

517 1142 640 1198 dem
668 1143 768 1210 loci
799 1153 985 1217 pastor
1004 1157 1143 1204 erat.
1250 1190 1255 1193 -

1125 1240 1353 1299 CAPUT
1389 1243 1482 1299 IX.

589 1325 723 1385 Tum
750 1328 1054 1399 Bennaaius
1071 1371 1088 1398 ,
1110 1333 1263 1403 cujus
1294 1344 1465 1391 tamen
1490 1335 1791 1408 Bennagius
1829 1353 2014 1393 nomen
2039 1337 2096 1393 in

513 1428 817 1475 testamento
844 1438 958 1476 suo.
990 1422 1047 1477 in
1081 1423 1278 1480 tabulis
1306 1425 1677 1494 Democharis,
1705 1436 1762 1482 et
1790 1428 1843 1483 in
1868 1427 2105 1482 Annali-,

516 1512 621 1567 bus
666 1513 879 1568 Baronii
913 1502 1052 1570 male
1095 1514 1292 1587 legitur
1324 1516 1659 1585 Gennadius,
1691 1521 1782 1576 ubi
1810 1532 1866 1576 et
1894 1522 2096 1578 obiisse

514 1601 775 1657 scribitur
800 1618 942 1660 anno
969 1605 1066 1661 471
1091 1647 1108 1673 ,
1135 1623 1257 1664 cum
1281 1610 1460 1679 potius
1490 1626 1598 1665 uno
1625 1626 1767 1665 anno
1796 1620 1919 1666 ante
1942 1612 2095 1667 obie-

514 1691 609 1747 rit.
652 1692 785 1749 Nam
813 1705 874 1751 ut
902 1687 1209 1755 constat'ex
1240 1701 1512 1757 adnotatis
1535 1702 1603 1756 ad
1626 1716 1747 1772 cap.
1779 1702 1835 1767 6,
1865 1709 1920 1757 et
1956 1701 2093 1757 inira

2197 520 2400 575 vixisse
2441 521 2630 576 scribit
2665 521 2810 577 circa
2855 535 3053 576 annum
3082 519 3297 575 Domini
3327 516 3498 591 1400,
3526 516 3669 588 quod
3696 518 3765 572 sic

2198 608 2358 665 habet
2385 628 2398 665 :
2436 630 2454 663 ι
2488 611 2685 666 Cilinia
2713 612 2766 667 in
2801 610 2934 667 ﬂore
2954 611 3255 681 iuventutis
3287 594 3496 681 peperit
3526 610 3597 664 de
3620 610 3767 665 unico

2196 702 2317 757 viro
2347 718 2444 758 suo
2471 702 2697 761 Emilio
2720 705 2856 760 duos
2876 704 3037 769 ﬁlios,
3066 702 3316 760 videlicet
3340 700 3695 770 Principium,
3718 708 3767 756 et

2197 792 2360 847 alium
2399 794 2554 864 cuius
2578 810 2773 852 nomen
2806 795 2961 850 nobis
2988 802 3072 849 est
3100 793 3456 864 incognitum,
3488 791 3584 860 qui
3610 791 3767 846 duxe-

2196 891 2280 935 rat
2308 898 2564 951 uxorem,
2610 900 2674 940 ex
2713 900 2819 955 qua
2864 885 3032 940 lilium
3060 884 3397 955 procreavit,
3428 882 3650 937 nomine
3675 880 3770 935 Ln-

2195 988 2358 1043 pum,
2405 976 2498 1046 qui
2530 976 2749 1046 quidem
2799 985 2921 1045 post
2971 976 3031 1031 S.
3076 974 3408 1044 Principium
3453 964 3767 1026 avunculum

2195 1079 2350 1120 suum
2380 1066 2520 1136 (vult
2551 1068 2733 1123 dicere
2769 1066 3044 1139 patruum)
3083 1066 3395 1136 episcopum
3423 1062 3770 1120 Suessiones-

2193 1171 2310 1213 sem
2341 1159 2585 1230 suscipit.
2618 1178 2639 1214 ι
2896 1166 2905 1175 “
3396 1206 3401 1211 .

2265 1247 2335 1302 In
2366 1250 2517 1319 cujus
2544 1248 2846 1306 luctatione.
2874 1249 2966 1307 Sic
2992 1250 3174 1307 omnia
3209 1246 3566 1319 exemplaria,
3596 1244 3691 1301 sed
3713 1259 3769 1300 ex

2186 1338 2489 1397 Hincmaro
2512 1344 2724 1398 videtur
2757 1343 3039 1415 legendum
3069 1341 3439 1396 ablactatione.

2210 1494 2215 1499 ,
2263 1430 2389 1486 ,ιαηι
2420 1442 2592 1489 tamen
2618 1450 2819 1488 senum.
2848 1433 2927 1488 lta
2958 1432 3026 1489 CJ
3056 1432 3113 1488 In
3141 1432 3188 1487 Μ
3211 1432 3403 1502 legitur
3429 1429 3558 1484 dum
3587 1438 3769 1489 tamen,

2194 1522 2340 1592 quod
2370 1521 2428 1578 8.
2458 1523 2510 1578 in
2537 1538 2696 1579 unam
2727 1524 3017 1580 dictionem
3051 1521 3413 1593 coniungens,
3440 1518 3697 1589 exponit:
3720 1524 3771 1571 ιιι

2196 1613 2268 1667 sit
2295 1613 2436 1683 quod
2461 1625 2832 1669 verumtamen.
3472 1618 3473 1621 “

2216 1744 2223 1749 .
2267 1701 2336 1756 Et
2364 1718 2635 1773 (equorum
2669 1704 2896 1758 maxime
2919 1704 3052 1759 uotis
3082 1702 3255 1757 adhuc
3281 1699 3501 1771 insignis
3537 1698 3770 1752 habetur.

510 1783 581 1841 ad
607 1800 728 1860 cap.
754 1788 842 1855 15,
860 1787 1135 1863 Remigius
1159 1794 1527 1864 episcopatum
1549 1794 1785 1866 suscepit
1805 1810 1948 1851 anno
1967 1795 2093 1851 470.
2128 1794 2172 1853 Β
2200 1789 2534 1861 Equorum,
2563 1792 2615 1847 id
2647 1801 2731 1848 est
2771 1791 3034 1848 bonorum
3076 1801 3132 1849 et
3170 1791 3385 1863 piorum
3419 1789 3700 1852 virorum,
3723 1792 3775 1839 ut

1146 1881 1374 1939 CAPUT
1411 1884 1479 1939 Χ.

534 1956 539 1981 ⁷
584 1967 715 2037 Qua:
743 1969 810 2026 de
837 1970 1118 2030 nativitate
1146 1984 1202 2029 et
1234 1975 1342 2030 vita
1380 1974 1439 2031 8.
1471 1975 1700 2049 Remigii
1743 1975 1846 2034 hoc
1893 1968 2099 2049 cap.‘et

516 2060 865 2141 sequentibus
895 2062 1131 2131 disserit,
1175 2080 1238 2120 ea
1278 2064 1389 2121 fere
1429 2067 1659 2123 delibata
1706 2077 1831 2124 sunt
1869 2083 1937 2123 ex
1976 2068 2097 2124 Vita

515 2148 687 2218 ipsius
713 2167 812 2223 per
833 2152 1192 2211 Fortunatum
1223 2167 1277 2212 et
1306 2157 1655 2215 llincmarum
1685 2160 1974 2231 descripta.
2002 2159 2096 2214 illa

517 2250 693 2298 exstat
726 2249 864 2316 apud
891 2246 1109 2303 Surium
1138 2250 1224 2305 die
1248 2250 1273 2305 1
1305 2249 1573 2316 Octobris,
1600 2250 1714 2305 haec
1744 2251 1809 2306 15
1834 2236 2103 2317 Januarii,

516 2354 653 2410 quas
682 2347 936 2396 accurate
963 2355 1083 2395 cum
1131 2340 1215 2395 his
1247 2354 1366 2410 quae
1408 2340 1739 2397 Flodoardus
1781 2340 1945 2397 habet
1972 2355 2100 2395 con-

517 2431 639 2489 tuli.
670 2430 737 2486 Et
766 2432 819 2487 in
847 2431 1139 2488 Hincmaro
1182 2432 1399 2502 quidem
1435 2433 1616 2488 omnia
1645 2433 1888 2498 uberius,
1921 2432 2108 2501 inter;

514 2522 641 2580 dum
680 2524 843 2580 etiam
891 2523 1129 2589 clarius,
1177 2533 1550 2581 recensentur.
1602 2523 2097 2581 Nonnulla'tamen

512 2616 718 2672 addidit
746 2615 1081 2673 Flodoardus
1106 2617 1320 2675 aliunde
1348 2604 1589 2691 accepta.
1621 2619 1789 2675 Natus
1810 2627 1895 2674 est
1916 2628 2097 2675 autem

515 2707 577 2761 8.
609 2707 904 2778 Remigius,
941 2716 1080 2764 teste
1106 2707 1386 2781 Sigeberto
1406 2751 1422 2775 ,
1461 2712 1773 2767 Christiano
1797 2710 2018 2768 Massaeo
2044 2720 2097 2768 et

511 2795 661 2863 aliis,
690 2813 833 2853 anno
858 2796 984 2854 449.
1010 2798 1146 2855 Vide
1168 2799 1309 2855 infra
1336 2810 1496 2857 notas
1521 2801 1585 2855 ad
1615 2814 1734 2873 cap.
1762 2803 1851 2858 l5.

581 2885 944 2959 Principium,
991 2888 1308 2946 Suessorum
1358 2893 1578 2948 civitatis
1631 2903 1809 2963 postea
1858 2904 2097 2950 sanctum

508 2981 829 3057 episcopum,
874 2992 922 3038 et
961 2992 1163 3054 patrem
1201 2983 1533 3056 beati‘Lupi,
1580 2986 1814 3055 ejusdem
1840 2984 2097 3057 Principii

508 3056 846 3128 (accesseris.
894 3072 996 3130 llic
1031 3073 1091 3129 S.
1122 3074 1426 3145 Principius
1471 3075 1524 3129 in
1567 3075 1813 3148 catalogo
1841 3056 2093 3151 Suessio-f

509 3161 759 3219 nensium
793 3161 1169 3235 episcoporum
1198 3164 1340 3235 apud
1370 3165 1756 3221 Democharem
1786 3176 1867 3222 est
1898 3167 2099 3223 duode-

509 3252 688 3309 cimus
712 3250 925 3318 beatus,
952 3268 1081 3309 vero
1107 3253 1291 3324 Lupus
1320 3255 1512 3310 tertius
1548 3255 1810 3313 decimus.
1840 3256 1916 3312 De
1944 3251 2100 3315 Priné

509 3343 653 3415 cipio
675 3342 980 3399 Romanum
1010 3343 1287 3417 Martyrol.
1319 3344 1390 3401 25
1419 3336 1788 3417 Septembris,
1826 3356 1882 3403 et
1908 3349 2098 3405 eodem

513 3437 601 3492 die
629 3437 831 3492 additio
858 3436 1053 3493 Molani
1080 3438 1147 3493 ad
1180 3437 1505 3494 Usuardum.
1535 3439 1611 3495 De
1635 3441 1918 3512 utriusque
1947 3457 2095 3507 vero,

508 3525 565 3582 id
607 3535 688 3582 est
719 3526 977 3598 Principii
1005 3538 1061 3584 et
1088 3527 1256 3600 Lupi,
1296 3521 1600 3593 elevatiobe
1638 3533 1893 3589 Kalendis
1930 3532 2085 3597 Junii.

507 3617 778 3676 Cteterum
806 3622 905 3678 etsi
934 3622 1049 3678 inec
1074 3622 1237 3679 verba
1264 3623 1438 3693 accipi
1466 3634 1688 3695 possent
1712 3634 1773 3681 ut
1796 3625 2100 3697 signiﬁcent

498 3704 725 3765 beatam
754 3709 1007 3780 Cliniam,
1036 3721 1267 3768 matrem
1300 3712 1359 3769 S.
1392 3712 1646 3785 Remigii,
1691 3732 1798 3771 non
1838 3716 1972 3773 duos
2001 3708 2100 3773 ha?

505 3801 693 3859 buisse
744 3802 882 3859 filios
930 3803 984 3858 in
1022 3800 1338 3873 iuventute,
1386 3805 1480 3860 sed
1534 3805 1712 3876 ipsum
1765 3800 2097 3879 Principium

506 3892 677 3971 fuisse
704 3905 913 3966 patrem
944 3894 1003 3950 B.
1029 3895 1200 3966 Lupi,
1243 3907 1301 3950 ut
1325 3911 1583 3968 expresse
1610 3897 1661 3953 in
1688 3898 1891 3955 Gallica
1923 3909 2100 3958 trans-

506 3985 709 4043 latione
736 3987 970 4042 dicitur:
1013 3988 1066 4041 in
1097 3986 1218 4043 Vita
1244 3998 1425 4043 tamen
1463 3986 1520 4045 S.
1553 3990 1906 4063 Remigiiper
1933 3992 2099 4050 Hinc.
2144 4062 2156 4073 κ

508 4076 958 4131 ιιιειτιιιῐιᾶίεειιθ
993 4076 1332 4146 significatur
1354 4077 1489 4132 duos
1528 4078 1802 4137 habuisse.
1830 4079 1921 4137 Sic
1950 4083 2096 4138 enim

508 4162 581 4220 ibi
625 4165 859 4236 legitur:
904 4185 924 4218 ι
960 4165 1089 4232 Quae
1123 4167 1175 4221 in
1215 4165 1346 4222 ﬂore
1389 4165 1691 4236 iuventutis
1718 4180 2005 4241 pepererat
2029 4172 2097 4226 de

508 4253 671 4310 unico
696 4254 814 4311 viro
837 4271 937 4311 suo
962 4254 1188 4312 Emilio
1212 4256 1566 4326 Principium,
1582 4256 1934 4315 Suessionum
1962 4261 2095 4316 civi-

507 4347 639 4401 tatis
685 4356 871 4416 postea
915 4343 1167 4404 sanctum
1208 4347 1552 4419 episcopum,
1584 4360 1639 4404 et
1669 4350 1890 4405 fratrem
1942 4351 2093 4420 eius,

489 4422 718 4509 patrem
756 4438 902 4494 beati
944 4438 1079 4510 Lupi
1120 4438 1380 4509 episcopi,
1412 4437 1655 4508 ejusdem
1687 4441 1945 4512 Principii
1972 4459 2095 4499 suc-

504 4528 763 4586 cessoris.
811 4548 832 4582 ι
876 4528 1021 4585 idem
1058 4531 1240 4587 dicere
1281 4532 1519 4589 voluisse
1558 4533 1949 4599 Flodoardum,
1998 4536 2091 4606 qui

502 4619 858 4678 Hincmarum
894 4621 1209 4690 abbreviat,
1240 4639 1346 4678 non
1376 4632 1461 4679 est
1502 4623 1743 4679 dubium.
1774 4624 1954 4691 Quare
1984 4643 2090 4683 non

500 4721 653 4771 recte
680 4712 944 4771 Baronius
981 4716 1036 4771 in
1063 4713 1385 4780 Annalibus,
1411 4729 1556 4769 anno
1577 4713 1685 4769 465
1709 4725 1763 4770 et
1791 4715 1895 4771 507
1915 4758 1932 4783 ,
1962 4719 2095 4774 dicit

501 4802 566 4861 S.
593 4805 802 4876 Lupum
840 4805 1312 4872 Suessionensem,
1342 4804 1508 4861 fuisse
1541 4806 1709 4862 lilium
1739 4806 1796 4863 8.
1830 4807 2090 4880 Principii

502 4892 743 4969 episcopi
774 4896 1204 4954 Suessionensis.
1236 4896 1344 4955 Sed
1376 4897 1504 4955 illud
1531 4916 1720 4957 verum
1762 4910 1876 4967 est,
1925 4900 2093 4959 fuisse

498 5001 876 5034 antecesserat-em
901 4986 1162 5034 Princinii
1186 4995 1243 5034 et
1267 4997 1513 5034 nennlnm
1543 4989 1601 5034 ς-
1633 4990 1861 5034 Βρπιίσῖί
1909 5002 1963 5034 ut
1995 5009 2089 5034 nn-

2198 1891 2502 1953 Oppouatur
2531 1883 2755 1954 iniquis.

2220 2024 2221 2029 η
2266 1973 2335 2027 In
2362 1974 2516 2045 cujus
2552 1985 2598 2030 et
2626 1976 2740 2045 ipsa
2781 1975 2931 2031 beata
2971 1975 3196 2046 genitria:
3234 1971 3468 2044 ejusdem
3513 1965 3773 2040 requiescit

2198 2063 2459 2140 Ecclesia.
2493 2064 2761 2137 Loquitur
2813 2066 2882 2122 de
2908 2066 3069 2121 beata
3106 2064 3373 2119 Balsamia
3394 2102 3410 2128 ,
3455 2060 3581 2125 vel,
3620 2068 3681 2113 ut
3712 2056 3775 2121 C,

2197 2154 2496 2223 Balsemia,
2524 2151 2735 2213 nu'trice
2768 2157 2827 2213 8.
2851 2156 3102 2228 Remigii,
3139 2169 3260 2225 qua:
3300 2151 3598 2224 requiescit
3625 2151 3678 2204 in
3700 2162 3776 2203 ec-

2197 2247 2363 2306 clesia
2390 2250 2448 2307 S.
2477 2249 2673 2309 Celsini
2702 2249 2795 2304 lilii
2825 2249 2929 2315 sui,
2960 2262 3082 2320 qua:
3109 2247 3270 2303 hodie
3302 2239 3775 2308 vocaturecclesia

2197 2352 2398 2399 sanctis
2419 2341 2677 2399 Nutricis.
2704 2341 2908 2399 Celsini
2946 2349 3129 2396 autem
3167 2338 3415 2397 meminit
3453 2334 3704 2391 Halanus
3727 2332 3775 2386 in

2196 2434 2470 2493 additione
2507 2434 2574 2489 ad
2614 2432 2917 2509 Usuardum
2942 2432 3031 2488 die
3055 2431 3127 2487 25
3151 2428 3417 2492 Octobris,
3447 2426 3539 2482 his
3562 2423 3771 2480 verbis:

2203 2544 2223 2578 ι
2253 2526 2439 2582 Remis
2463 2526 2635 2582 sancti
2663 2525 2864 2582 Celsini
2902 2523 3232 2582 confessoris
3256 2530 3316 2577 et
3341 2517 3681 2593 presbyteri,
3707 2514 3778 2572 die

2197 2618 2387 2691 scipuli
2410 2619 2473 2674 B.
2499 2618 2751 2691 Remigii.
2793 2636 2812 2672 »
3080 2670 3083 2673 λ

2342 2752 2345 2753 ν
2448 2746 2449 2749 η
2807 2707 3035 2766 CAPUT
3076 2708 3172 2765 XI.

2270 2798 2432 2866 Quod.
2452 2799 2805 2856 ecclesiastica
2848 2798 3029 2871 regula
3061 2799 3196 2853 hanc
3231 2804 3437 2851 artatem
3473 2791 3546 2847 ad
3585 2799 3774 2845 tantum

2198 2903 2301 2943 non
2336 2889 2629 2944 admitteret
2658 2889 2988 2959 dignitatem.
3035 2884 3195 2941 Juxta
3224 2884 3477 2954 antiquos
3514 2895 3776 2944 canones,

2164 3032 2167 3033 ν
2195 2985 2259 3030 ιιι
2282 2985 2430 3048 patet
2457 2993 2523 3033 ex
2547 2977 2784 3035 decretis
2808 2976 3035 3033 Fabiani
3081 2991 3254 3046 papae,
3298 2984 3356 3030 et
3386 2972 3625 3030 concilio
3653 2969 3778 3026 Neo-

2196 3069 2540 3135 ctesariensi,
2588 3084 2710 3125 can.
2750 3069 2811 3124 ll
2834 3109 2849 3135 ,
2879 3067 3198 3138 prohibetur
3231 3081 3306 3145 ne
3351 3066 3477 3136 quis
3503 3064 3778 3135 presbyter

2125 3146 2169 3209 C
2201 3161 2484 3217 ordinetur
2524 3169 2650 3217 ante
2694 3176 2895 3216 annum
2933 3160 3119 3227 tetatis,
3155 3158 3529 3230 trigesimum,
3571 3153 3778 3211 etiamsi

2199 3252 2367 3309 valde‘
2388 3251 2584 3323 dignus
2609 3252 2709 3318 sit,
2740 3251 2829 3322 qui
2858 3264 3091 3307 canones
3116 3248 3384 3305 habentur
3406 3259 3626 3317 quoque
3645 3243 3777 3314 apud

2197 3344 2380 3412 Grat.,
2400 3346 2524 3402 dist.
2547 3345 2635 3402 78.
2663 3343 2842 3413 Quare
2864 3343 3033 3400 multo
3056 3342 3237 3399 minus
3257 3348 3475 3413 poterat
3499 3338 3780 3409 episcopus

2197 3439 2460 3496 ordinari.

2215 3587 2220 3592 ,
2269 3528 2473 3584 Paulus
2503 3527 2760 3583 videretur
2788 3528 2844 3582 in
2872 3527 3080 3597 spiritu.
3115 3522 3207 3580 Sic
3238 3522 3419 3580 omnia
3449 3517 3776 3589 exemplaria

2197 3629 2393 3692 praeter
2435 3621 2498 3685 C,
2527 3620 2671 3691 quod
2695 3619 2825 3689 legit
2852 3620 3102 3690 inspectu.
3137 3615 3244 3672 Sed
3285 3615 3573 3686 legendum
3596 3614 3651 3665 in
3678 3610 3776 3680 spi—

2197 3716 2303 3768 ritu
2337 3721 2508 3783 patet,
2536 3720 2648 3765 tum
2681 3726 2745 3767 ex
2776 3710 3086 3773 llincmaro,
3128 3718 3242 3765 tum
3270 3723 3336 3764 ex
3365 3705 3526 3761 initio
3554 3703 3694 3759 Vita:
3717 3701 3773 3757 8.

2198 3803 2476 3875 Rigoberti
2526 3802 2671 3873 apud
2701 3801 2922 3858 Surium
2952 3800 2986 3857 ι
3012 3798 3278 3867 Januarii,
3305 3797 3398 3854 ubi
3434 3796 3624 3853 eadem
3650 3808 3773 3850 sen-

2200 3896 2365 3951 tentia
2397 3895 2686 3967 reperitur.
3620 3900 3623 3901 '

2800 3976 3030 4041 CAPUT
3057 3982 3171 4040 XII.
3220 3994 3223 3997 ‘

2265 4079 2334 4135 In
2356 4068 2534 4135 uicum
2557 4077 2933 4133 Caimiciarum
2963 4076 3190 4138 nomine,
3230 4072 3397 4143 ipsius
3429 4070 3645 4126 accessit
3669 4077 3771 4124 sta-

2195 4171 2270 4226 dii
2298 4171 2586 4227 devotione.
2612 4170 2689 4225 lta
2721 4168 2810 4223 MS
2835 4165 2895 4234 J,
2921 4177 2977 4223 et
3006 4164 3148 4222 infra
3175 4181 3227 4221 c.
3257 4165 3350 4229 2t,
3375 4173 3431 4218 et
3456 4162 3552 4217 lib.
3575 4177 3634 4225 ιι,
3665 4175 3715 4216 c.
3743 4159 3772 4212 7

2195 4270 2250 4317 et
2283 4262 2369 4326 ll,
2392 4261 2574 4327 omnia
2605 4258 2957 4330 exemplaria.
2991 4255 3254 4311 Similiter
3280 4254 3332 4309 in
3359 4252 3679 4311 Fortunato.
3708 4264 3773 4304 ex

2196 4370 2304 4424 quo
2328 4355 2431 4410 hoc
2454 4352 2772 4408 miraculum
2804 4359 2888 4406 est
2911 4349 3254 4418 desumptum
3286 4363 3300 4400 :
3330 4364 3350 4397 ι
3384 4344 3442 4399 lu
3464 4344 3665 4406 vicum,
3688 4339 3770 4396 cui

2197 4447 2519 4504 vocabulum
2541 4454 2627 4501 est
2650 4442 3040 4505 Calmaci‘aCus,
3072 4439 3255 4509 ipsius"
3272 4434 3578 4505 devotionis
3601 4431 3771 4488 studio

2196 4539 2447 4596 accessit.
2500 4559 2520 4592 ι
2557 4537 2670 4592 Hoc
2698 4536 2817 4591 loco
2839 4533 2881 4589 C
2917 4533 3045 4604 legit
3070 4530 3477 4586 tiulmiciacum.
3514 4526 3655 4581 lnl'ra
3690 4525 3769 4578 in-

2195 4633 2405 4689 terdum
2429 4629 2852 4691 Calmisciacum,
2884 4635 2943 4681 ut
2967 4624 3141 4694 capite
3161 4622 3374 4677 decimo
3396 4628 3594 4674 octavo
3619 4617 3671 4672 in
3699 4626 3773 4670 te-

2191 4731 2463 4778 stamento
2486 4719 2661 4776 sancti
2702 4717 2956 4788 Remigii,
3004 4712 3296 4784 aliquando
3337 4709 3767 4770 Colmisciaeum,

2193 4812 2636 4874 Culmisciaeum,
2661 4818 2719 4864 et
2737 4805 3178 4868 Culmissiacum,
3204 4810 3276 4869 ut,
3307 4816 3432 4872 cap.
3461 4799 3535 4856 20
3562 4800 3617 4854 in
3647 4797 3765 4852 line.

2194 4903 2324 4973 Ejus
2348 4901 2448 4957 loci
2470 4908 2658 4972 pastor
2687 4898 2788 4954 fuit
2814 4898 2930 4967 ipse
2958 4893 3313 4956 Flodoardus,
3339 4895 3400 4946 ut
3446 4896 3598 4960 patet
3623 4904 3689 4943 ex
3708 4886 3771 4939 li-

2191 4995 2292 5034 lu-n
2319 5001 2532 5034 mum-In.
2560 5005 2679 5034 nan-
2709 4990 2800 5034 Q8-
2827 4987 2882 5034 In
2910 4985 3118 5034 Gallico
3146 4983 3379 5034 vertitur
3408 4979 3671 5034 ϐονηιὶσυ.
3719 4984 3771 5033 ει
