3904 5396
88 388 191 443 561

1364 373 1430 428 IN
1466 371 1729 429 LIBRUM
1767 368 2058 427 PRIMUM.

3249 358 3357 413 ΞΗ

90 502 361 575 temporis
381 501 691 563 vocabatur,
719 496 845 568 quia
883 493 1052 568 portis
1074 494 1193 549 aliis
1220 492 1422 549 clausis
1446 491 1515 545 ob
1542 489 1672 544 civi-
1707 492 1751 548 Α
1781 483 2140 539 Sauctissimo
2188 492 2280 539 tuo
2325 480 2710 555 congratulans
2756 477 3049 575 profectui,
3101 478 3373 531 sacerdos.

92 595 226 649 tatis
276 590 623 654 custodiam,
681 603 779 659 pro
835 586 1144 641 exeuntium
1180 593 1237 638 et
1287 580 1676 637 introeuntium

91 680 507 746 commoditate,
535 678 587 733 in
617 678 703 732 die
751 675 989 748 patebat.
1028 693 1048 726 ι
1079 672 1254 728 Locus
1286 680 1467 727 autem
1499 669 1681 724 Remis

92 768 199 839 est,
223 773 316 828 ubi
363 786 513 827 nunc
554 776 638 825 est
669 767 897 825 ecclesia
951 764 1179 836 Templi,
1205 778 1348 835 quae,
1377 770 1437 817 ut
1462 776 1605 827 reor,
1650 774 1681 814 a

94 866 426 938 Templariis
451 878 646 919 nomen
675 861 859 919 habet.

169 976 479 1047 Eorumque
528 973 715 1029 litteris
762 971 832 1026 ad
867 971 1073 1026 beatum
1106 970 1395 1041 Remigium
1434 967 1594 1033 datis,
1627 976 1683 1021 ut

97 1066 355 1129 traditur,
394 1064 537 1134 freti.
576 1061 796 1118 Littertc
829 1061 1000 1118 sancti
1038 1060 1310 1115 Benedicti
1353 1059 1419 1113 ad
1464 1057 1683 1112 beatum

100 1156 413 1228 Remigium
441 1155 620 1210 adhuc
641 1153 803 1208 hodie
841 1160 1058 1208 exstant
1087 1151 1140 1206 in
1165 1151 1272 1206 line
1303 1148 1557 1205 Chronici
1579 1146 1686 1201 Ca-

98 1248 360 1312 sinensis,
391 1257 448 1303 et
493 1248 547 1303 in
594 1245 870 1317 Breviario
912 1243 1387 1301 Benediclinorum
1434 1240 1688 1296 Kalendis

101 1338 380 1403 Octobris,
409 1348 468 1394 et
498 1336 624 1394 alibi
648 1336 955 1409 aliquoties,
981 1343 1119 1392 teste
1143 1334 1384 1390 Arnoldo
1412 1333 1573 1390 Wion
1624 1331 1703 1416 li—~

102 1430 203 1483 bro
224 1445 243 1484 ι
270 1428 430 1499 Ligni
456 1427 616 1493 vitae,
665 1441 716 1482 c.
745 1427 795 1481 l.
830 1426 1017 1482 Exstat
1072 1425 1274 1481 eaedem
1307 1431 1437 1479 tom.
1484 1420 1552 1477 Vl
1579 1422 1691 1476 An-

106 1520 315 1575 nalium
342 1518 565 1574 Baronii
595 1532 741 1572 anno
767 1516 894 1581 507,
925 1516 1014 1571 ubi
1044 1530 1139 1571 eas
1168 1522 1324 1571 vocat
1350 1514 1401 1569 in
1425 1512 1691 1583 suspicio-

107 1626 231 1665 nem
263 1610 599 1679 imposturm,
636 1616 748 1663 tum
800 1623 869 1662 ex
900 1606 1274 1676 inscriptione,
1305 1620 1427 1676 qua:
1477 1604 1693 1659 videtur

108 1701 157 1755 ei
182 1700 525 1765 insolentior,
558 1708 671 1753 tum
692 1713 757 1753 ex
787 1712 853 1753 eo
878 1698 1021 1769 quod
1060 1697 1114 1752 in
1144 1703 1466 1752 testamento
1496 1693 1553 1751 S.
1584 1694 1690 1750 Re-

113 1791 259 1861 migii
289 1789 381 1845 ille
406 1788 564 1857 cujus
592 1789 756 1843 filiam
787 1788 997 1844 curavit
1022 1802 1052 1842 a
1092 1789 1356 1855 dmmoiie,
1381 1797 1435 1842 et
1457 1803 1488 1841 a
1517 1795 1691 1841 morte

113 1882 417 1945 suscitavit,
441 1880 763 1937 Benedictus
784 1890 1028 1946 vocetur,
1051 1890 1106 1936 et
1134 1895 1321 1935 errore
1343 1878 1542 1935 factum
1570 1879 1683 1934 exi-

113 1972 297 2025 stimat
324 1970 393 2026 ab
414 1969 729 2037 Bincmaro,
758 1986 826 2026 ex
871 1985 980 2041 quo
1004 1972 1214 2041 accepit
1252 1970 1606 2034 Flodoardus,
1635 1978 1695 2024 ut

109 2074 204 2129 pro
229 2058 531 2115 Benedicto
575 2060 700 2124 isto,
730 2068 886 2130 patre
932 2060 1143 2130 puellae,
1174 2060 1390 2115 homine
1416 2060 1696 2130 praedivite

113 2150 163 2203 in
188 2148 504 2215 Provincia,
531 2151 744 2220 positus
770 2150 843 2206 sit
864 2149 921 2206 S.
951 2151 1275 2207 Benedictus
1303 2152 1409 2207 hoc
1454 2160 1696 2220 tempore

113 2243 471 2297 monasticam
503 2243 670 2303 vitam
704 2244 759 2298 in
813 2243 966 2298 Italia
1017 2244 1290 2300 excoleris.
1338 2245 1536 2299 Verum
1581 2245 1699 2301 hate

113 2334 341 2405 epistola
368 2343 425 2390 et
446 2335 694 2390 narratio
722 2336 1001 2391 Bincn.ari
1022 2337 1089 2392 de
1118 2338 1175 2392 S.
1207 2336 1496 2393 Benedicto
1522 2337 1697 2393 neuti-

114 2442 269 2496 quam
295 2438 565 2499 repugnat
614 2444 737 2483 cum
768 2436 1091 2484 testamento
1136 2429 1194 2485 S.
1237 2430 1485 2498 Remigii.
1534 2429 1695 2497 Nam,

115 2527 172 2571 ut
198 2518 364 2573 habet
390 2518 618 2574 historia
669 2520 805 2576 Vitae
834 2519 892 2574 S.
933 2519 1183 2591 Remigii,
1235 2520 1339 2576 iste
1376 2518 1697 2576 Benedictus

116 2608 276 2664 ﬁliam
305 2625 460 2665 suam
512 2610 691 2682 primo
719 2613 787 2667 ad
834 2612 1020 2667 limina
1066 2612 1432 2683 apostolorum
1455 2621 1509 2668 et
1538 2614 1606 2669 ad
1632 2613 1693 2669 S.

116 2700 734 2771 Benedictum-deduxit,
763 2704 958 2760 deinde
988 2704 1049 2758 S.
1080 2705 1404 2760 Benedictus
1426 2720 1549 2760 cum
1592 2706 1698 2762 hac

116 2794 336 2863 epistola
384 2794 532 2864 ipsos
574 2805 829 2865 parentes
879 2797 932 2851 in
970 2795 1188 2853 -Gellias
1242 2797 1469 2853 remisit.
1522 2796 1694 2864 Quam

117 2883 401 2950 epistolam
429 2900 538 2938 non
568 2899 690 2941 esse
740 2885 881 2940 illius
906 2884 1204 2949 Benedicti,
1249 2884 1405 2954 cujus
1432 2886 1546 2941 vult
1576 2902 1697 2943 esse

119 2970 406 3038 Baronius,
443 2989 512 3029 ex
564 2988 631 3029 eo
674 2974 976 3039 deducitur,
1006 2972 1149 3045 quod
1194 2975 1391 3045 ipsein
1441 2991 1692 3046 persona,

123 3080 221 3118 non
241 3080 343 3133 per
369 3064 582 3120 litteras
604 3064 668 3119 ad
714 3063 772 3119 S.
814 3065 1115 3136 Remigium
1159 3065 1387 3122 venerit.
1417 3066 1568 3121 Adde
1595 3082 1696 3122 nec

120 3153 353 3219 titulum,
379 3169 478 3223 nec
491 3155 654 3209 verba
676 3153 921 3225 epistola:
940 3155 1046 3209 ullo
1071 3155 1230 3211 modo
1253 3156 1519 3226 quadrare
1540 3171 1698 3226 posse

118 3242 167 3296 in
216 3243 568 3315 Benedictum
620 3242 780 3314 hujus
819 3244 1009 3314 puclla:
1054 3254 1282 3315 patrem.
1335 3245 1518 3315 Neque
1566 3262 1695 3302 vero

118 3334 421 3402 quempiam
446 3342 662 3389 moveat
683 3335 826 3404 quod
853 3335 1186 3392 Flodoardus
1213 3336 1310 3402 ait,
1354 3346 1409 3390 ut
1442 3338 1692 3405 traditur,

120 3427 387 3493 quomodo
416 3425 558 3496 loqui
582 3425 838 3490 solemus,
866 3426 992 3481 dum
1019 3442 1102 3481 res
1129 3441 1236 3481 non
1260 3437 1345 3483 est
1362 3428 1519 3497 plane
1548 3444 1697 3483 com-

119 3524 290 3582 perta,
314 3515 442 3585 quia
465 3516 518 3569 id
546 3531 654 3571 non
685 3524 771 3570 est
804 3516 856 3571 in
880 3516 1198 3583 Hincmaro,
1224 3518 1316 3573 sed
1339 3533 1369 3572 a
1397 3518 1697 3575 Flodoardo

122 3606 406 3675 adjectum,
442 3616 553 3676 tum
581 3607 688 3662 hoc
725 3606 865 3672 loco,
890 3617 1007 3677 tum
1056 3608 1191 3662 alias
1225 3624 1389 3679 strpe,
1418 3610 1509 3666 ubi
1555 3611 1697 3666 nulla

122 3698 301 3752 subest
336 3697 628 3763 dubitatio,
660 3713 726 3753 ac
756 3699 1072 3754 nominatim
1096 3697 1235 3754 infra
1267 3715 1386 3771 cap.
1415 3702 1501 3756 l7.
1535 3700 1700 3757 Hinc-

122 3800 301 3841 uaros
329 3796 507 3842 autem
539 3787 698 3858 plane
735 3788 998 3843 assertive
1054 3789 1105 3843 id
1162 3788 1349 3859 refert,
1400 3791 1468 3845 de
1505 3790 1699 3848 litteris

123 3886 225 3930 tam
251 3879 421 3948 ipsius
459 3880 560 3933 viri
595 3879 688 3935 Dei
719 3879 992 3936 Benedicti
1025 3881 1128 3948 (sic
1176 3882 1320 3936 enim
1352 3898 1474 3938 eum
1517 3885 1698 3955 vocat)

121 3982 277 4035 quam
297 3969 498 4024 Alarici
550 3970 697 4043 regis
742 3969 1061 4026 Gothorum.
1106 3969 1473 4044 Utrarumque
1498 3976 1702 4045 pariter

129 4059 367 4113 meminit
394 4058 554 4129 longe
576 4070 702 4114 ante
732 4059 1085 4118 lliucmarum
1121 4062 1453 4121 Fortunatus
1481 4067 1703 4139 presby-

127 4156 206 4202 ter
240 4150 292 4203 in
342 4150 466 4205 Vita
514 4152 571 4206 S.
616 4150 873 4222 Remigii,
902 4162 957 4207 ct
1003 4155 1071 4209 ab
1109 4154 1434 4225 antiquitate
1468 4172 1581 4229 non
1618 4166 1703 4212 est

127 4238 309 4297 leviter
336 4241 723 4298 recedendum.
758 4242 864 4300 Sed
894 4261 994 4301 nec
1022 4246 1335 4301 inusitatum
1377 4263 1600 4319 prorsus
1622 4249 1703 4304 vi-

130 4335 234 4389 deri
259 4335 441 4391 debet.
481 4336 833 4392 Considerata
858 4340 1158 4408 prazsertim
1186 4341 1485 4410 priscorum
1510 4358 1700 4400 mona-

132 4422 343 4481 chorum
363 4443 494 4484 vere
509 4429 741 4484 candida
763 4440 818 4484 et
830 4429 1142 4493 Christiana
1168 4431 1533 4502 simplicitate,
1555 4434 1700 4504 quod

133 4513 340 4572 inferior
368 4527 530 4579 mtate
553 4528 607 4577 et
634 4519 897 4590 dignitate
923 4522 1171 4577 scribens
1216 4522 1285 4577 ad
1331 4522 1612 4592 majorem,
1640 4540 1699 4581 se
1727 4545 1775 4604 ι)

129 4605 339 4664 fratrem
366 4620 423 4664 et
480 4625 802 4677 conservum
834 4613 891 4667 in
919 4613 1137 4670 Christo
1163 4611 1290 4669 Jesu
1338 4616 1596 4683 nominet,
1644 4626 1700 4673 et

130 4711 331 4758 cterna:
357 4702 757 4760 benedictionis
780 4721 998 4771 nomen,
1032 4721 1138 4761 non
1168 4708 1290 4762 dico
1318 4709 1697 4763 aucteritative

131 4793 381 4861 superiori
427 4795 788 4863 impertiatur,
828 4796 921 4850 sed
968 4796 1253 4859 humiliter
1273 4805 1530 4866 exoptet:
1562 4813 1699 4868 quo—

133 4882 279 4938 modo
303 4885 507 4955 passim
530 4886 705 4941 cuivis
730 4886 1055 4953 scribentes,
1078 4887 1328 4953 salutem,
1352 4890 1514 4943 vitam
1540 4898 1703 4945 mter-

136 4984 262 5037 nam,
288 4974 372 5030 vel
397 4974 544 5030 aliud
567 4976 768 5031 bonum
813 4986 1150 5048 emptamus.
1200 4976 1270 5035 Ut
1300 4992 1480 5037 autem
1506 4982 1575 5037 de
1596 4983 1701 5039 hac

134 5062 433 5133 aequisque
466 5079 623 5145 suum
652 5063 794 5120 ferat
822 5065 1109 5136 judicium,
1147 5067 1356 5124 litteras
1403 5068 1547 5135 illas,
1579 5086 1700 5141 qua:

131 5148 305 5206 breves
352 5162 505 5206 sunt.
543 5170 611 5206 ex
638 5155 782 5206 diuo
818 5156 1092 5206 Chronico
1130 5160 1232 5206 Iino.
1278 5158 1396 5206 iam
1454 5161 1696 5206 incol-on-
1784 5176 1788 5179 '

1783 577 1947 648 Regis
1980 576 2197 642 summi,
2228 576 2354 645 quia
2393 576 2587 630 summi
2636 575 2828 646 capitis
2869 573 3111 629 membra
3148 585 3375 636 sumus,

1782 668 1926 737 quod
1972 667 2104 722 mihi
2152 667 2327 722 sentio
2367 666 2558 722 deesse
2605 666 2659 720 in
2709 680 2817 729 me,
2843 673 3036 728 totum,
3067 662 3185 717 laus
3223 661 3359 725 Deo,

1782 757 2062 827 possidere
2091 771 2176 811 me
2208 757 2373 813 credo
2399 756 2453 810 in
2487 765 2559 809 te.
2600 754 2762 819 Ecce,
2792 755 2936 822 quod
2975 767 3093 808 mea
3139 759 3359 823 peccata

1784 849 1900 905 fieri
1931 849 2340 920 prohibuerunt,
2371 855 2475 901 tua:
2503 845 2842 901 auctoritatis
2875 842 3227 899 sacerdotalia
3258 841 3359 896 ha-

1783 940 1913 994 bent
1941 939 2133 993 merita
2165 954 2179 991 :
2206 945 2261 991 et
2287 936 2541 991 desinant
2584 934 2777 990 amodo
2806 935 2952 989 circa
2993 946 3079 985 me
3116 942 3363 983 rumores

1785 1025 2088 1087 hominum.
2111 1040 2233 1079 cum
2273 1024 2412 1093 apud
2437 1033 2489 1079 te
2515 1032 2726 1078 constet
2762 1020 3004 1075 omnium
3030 1031 3148 1073 esse
3182 1015 3362 1086 perfe-

1787 1115 2019 1171 ctionem
2036 1114 2312 1167 virtutum.
2336 1111 2489 1167 lianc
2512 1112 2781 1181 captivam
2803 1118 2855 1164 et
2876 1108 2944 1163 ab
2959 1107 3179 1177 antiquo
3210 1105 3367 1159 hoste

1786 1206 2060 1261 obsessam
2096 1213 2199 1260 tuae
2228 1203 2417 1274 delego
2457 1201 2786 1266 celsitudini,
2813 1200 3081 1271 quatenus
3117 1211 3214 1267 pro
3249 1196 3375 1266 ejus

1787 1296 2107 1351 liberatione
2140 1309 2352 1350 sacram
2400 1293 2631 1348 hostiam
2679 1291 2876 1347 otlerre
2915 1291 3027 1345 Deo
3065 1289 3283 1351 debeas,
3314 1295 3371 1341 et

1790 1403 1965 1443 meatu
1996 1385 2321 1457 parvitatem
2344 1384 2571 1439 victoria
2613 1383 2727 1453 ipsa
2761 1397 2867 1436 non
2904 1380 3189 1434 minimum
3231 1376 3370 1432 laeti-

1790 1479 1941 1535 tlces.
1990 1477 2151 1545 Vale,
2201 1475 2541 1533 sacerdotum
2589 1471 2792 1529 Christi
2838 1470 3213 1527 limuidissime
3260 1467 3378 1524 cal~

1793 1569 1933 1624 cule.
1969 1581 1988 1621 ι
2785 1591 2789 1594 ν

1863 1659 1997 1714 Cttm
2023 1657 2256 1713 devincta
2286 1644 2461 1712 sobole
2487 1663 2847 1727 pervenerunt.
2883 1653 3164 1718 Devincta,
3208 1651 3260 1707 id
3290 1658 3375 1709 est

1793 1752 1978 1823 ligata,
2008 1750 2239 1806 vinculis
2283 1749 2596 1805 constricta.
2632 1746 2767 1803 Nam
2817 1746 2872 1802 in
2911 1744 3204 1800 llincmaro
3241 1750 3371 1799 est:

1721 1847 1764 1907 Β
1798 1862 1817 1896 ι
1851 1844 1995 1899 illam
2027 1857 2210 1897 secum
2240 1842 2478 1897 vinctam
2506 1841 2853 1896 adducentes.
2886 1861 2906 1894 ο

1816 1956 1821 1961 ο
1866 1933 2120 1989 Sidonius
2166 1935 2357 1987 damno
2405 1948 2553 2003 papa:
2602 1930 2837 2001 Remigio
2883 1928 3126 1984 salutem.
3168 1926 3381 1983 Nomen

1794 2039 1946 2095 papae
1979 2022 2143 2078 tribui
2174 2022 2349 2078 solere
2377 2010 2630 2077 onmibus
2654 2020 2922 2092 episcopis
2948 2028 3097 2090 patet
3125 2020 3377 2074 innume-

1797 2118 1873 2172 ris
1916 2115 2179 2186 exemplis
2229 2115 2281 2169 in
2327 2114 2630 2187 Cypriano,
2672 2114 3020 2185 Hieronymo,
3051 2102 3377 2184 Augustino,-

1796 2207 2043 2273 Sidonio,
2064 2205 2385 2274 Fortunato,
2415 2204 2634 2277 Eulogio
2664 2203 3024 2266 Cordubensi,
3054 2212 3108 2259 et
3149 2202 3381 2258 aliorum

1795 2296 2016 2352 Patrum
2054 2295 2291 2365 scriptis.
2335 2294 2543 2350 Floruit
2591 2302 2772 2349 autem
2818 2293 2908 2347 hic
2938 2292 3190 2364 Eulogius
3235 2306 3380 2347 anno

1796 2388 1923 2454 850,
1956 2387 2020 2442 ad
2064 2385 2207 2457 quod
2251 2399 2423 2455 usque
2468 2394 2679 2456 tempus
2721 2385 2825 2440 hoc
2864 2399 3057 2440 nomen
3093 2398 3381 2438 commune

1704 2502 1705 2505 η
1797 2477 1899 2532 fuit
1943 2477 2196 2532 omnibus
2241 2476 2533 2546 episc0pis,
2570 2469 2708 2530 licet
2738 2474 2998 2546 paulatim
3042 2473 3383 2544 frequentius

1798 2583 1862 2623 ac
1889 2566 2213 2637 pceuliarius
2242 2566 2402 2621 tribui
2431 2565 2806 2621 consuevisset
2842 2564 3087 2619 Romano
3116 2564 3377 2635 pontifici,

1798 2666 1856 2713 ut
1908 2657 2065 2713 facile
2115 2656 2389 2712 observari
2448 2665 2627 2726 potest
2665 2651 2739 2710 ex'
2783 2656 2998 2726 scriptis
3046 2655 3374 2712 Cassiodori.

1797 2747 1931 2803 Cum
1970 2747 2134 2818 igitur
2168 2746 2363 2801 futuris
2395 2746 2729 2817 temporibus
2768 2738 3094 2800 obtinuisset
3130 2759 3378 2800 commu-

1799 2839 1883 2893 nis
1911 2853 2062 2904 usus,
2093 2847 2152 2891 ut
2180 2850 2330 2908 papae
2361 2828 2554 2892 nomen
2589 2837 2961 2891 tantmumodo
2994 2835 3238 2891 Romano
3283 2836 3381 2890 tri.-

1796 2931 2054 2985 bueretur
2097 2928 2361 3000 pontifici,
2401 2937 2455 2984 et
2490 2929 2821 2984 schismatici
2871 2929 3089 2999 quidam
3139 2927 3377 2999 episcopi

1800 3019 1930 3077 illud
1972 3020 2074 3076 sibi
2118 3020 2173 3073 in
2220 3019 2403 3075 odium
2436 3017 2675 3087 ejusdem
2705 3019 2931 3073 Romani
2965 3017 3207 3089 praesulis
3235 3016 3376 3073 fastu

1800 3114 2031 3182 superbo
2071 3112 2411 3167 vindicarent
2456 3111 2668 3182 aliaque
2715 3126 2821 3167 non
2869 3125 3126 3166 concessa
3168 3124 3377 3181 pracsu-

1724 3201 1768 3262 C
1802 3202 2051 3266 merent,
2094 3199 2307 3257 tandem
2356 3202 2458 3256 sub
2499 3200 2760 3273 Gregorio
2799 3202 3048 3271 septimo,
3086 3216 3227 3257 anno
3275 3202 3381 3257 no.

1797 3294 1928 3349 mini
1971 3293 2130 3360 1075,
2163 3294 2343 3348 habita
2389 3292 2574 3348 Roma:
2613 3294 2836 3366 synodo,
2873 3294 3018 3350 inter
3058 3292 3165 3347 alia
3199 3300 3383 3347 statu-

1798 3394 1911 3439 tum
1947 3393 2033 3439 est
2070 3384 2329 3440 adversus
2373 3385 2661 3455 praedictos
2704 3383 3102 3449 schismaticos,
3134 3391 3192 3437 ut
3226 3398 3379 3453 papae

1799 3493 1992 3533 nomen
2041 3464 2260 3533 unicum
2304 3490 2449 3533 esset
2495 3478 2548 3532 in
2596 3479 2849 3534 universo
2885 3478 3016 3532 orbe
3046 3474 3378 3539 Christiano.

1798 3584 1898 3624 nec
1945 3568 2133 3625 liceret
2185 3568 2345 3624 alicui
2397 3571 2633 3638 seipsum
2690 3568 2773 3625 vel
2826 3568 2989 3624 alium
3042 3582 3107 3623 eo
3159 3568 3381 3622 nomine

1799 3658 2088 3729 appellare.
2118 3657 2308 3714 Exstat
2334 3673 2397 3713 ea
2427 3659 2665 3729 synodus
2689 3658 2742 3713 in
2770 3659 3003 3730 registro
3027 3657 3378 3727 epistolarunt

1798 3746 2044 3817 Gregorii
2078 3746 2182 3810 ιιι,
2223 3748 2276 3801 in
2313 3746 2638 3802 bibliotheca
2668 3746 2948 3801 VatTcana.
2980 3744 3104 3801 [imo
3137 3760 3202 3800 ex
3237 3745 3380 3800 notis

1799 3834 2016 3891 Baronii
2068 3835 2135 3889 ad
2177 3834 2481 3890 Romanum
2531 3835 2807 3906 Martyrol.
2854 3835 2919 3889 lt)
2958 3834 3222 3889 Januarii.
3265 3831 3381 3888 Uti-

1802 3942 1924 3981 nam
1974 3941 2104 3981 vero
2154 3926 2207 3980 in
2255 3925 2428 3979 lucem
2475 3926 2765 3995 aliquando
2810 3924 3173 3996 proferantur,
3217 3926 3262 3980 si
3310 3926 3379 3980 ab

1801 4019 2139 4099 evidentibus
2196 4020 2496 4098 absumpta
2563 4035 2667 4074 non
2731 4020 2841 4074 sint
2903 4035 2964 4075 ea
3028 4019 3090 4074 Β.
3148 4018 3381 4090 Remigii

1800 4111 2023 4181 scripta,
2065 4126 2295 4181 quorum
2337 4109 2584 4166 meminit
2614 4109 2869 4166 Sidonius
2901 4110 2954 4165 in
2996 4110 3098 4166 hac
3127 4109 3375 4180 epistola.

1800 4201 1934 4257 Nam
1972 4201 2032 4256 Β.
2069 4202 2372 4274 Remigium
2404 4201 2569 4257 multa
2599 4201 2881 4273 scripsisse
2913 4209 3144 4258 testatur
3167 4188 3383 4272 quoque

1801 4296 2104 4351 Romanum
2158 4285 2495 4352 Breviarium
2550 4295 2805 4352 Kalendis
2862 4295 3139 4361 Octobris,
3198 4295 3384 4351 dicens

1801 4401 1925 4441 eum
1971 4386 2171 4442 multos
2219 4387 2631 4455 interpretatum
2683 4401 2804 4443 esse
2847 4386 3042 4442 divinae
3082 4384 3383 4456 Scriptura:

1801 4477 1987 4534 libros.
2024 4477 2349 4535 Hincmarus
2380 4495 2502 4535 eum
2533 4488 2692 4535 vocat
2731 4481 3087 4551 undecunque
3130 4479 3384 4535 doctissi-

1805 4580 1949 4619 mum
1997 4575 2053 4621 ct
2093 4566 2145 4620 in
2193 4566 2489 4636 Scripturis
2523 4569 2733 4623 sanctis
2767 4568 3216 4623 eruditissimum.
3249 4566 3382 4622 Gre-

1805 4653 1988 4724 gorius
2026 4653 2354 4709 Turonensis
2398 4654 2493 4709 lib.
2537 4669 2574 4708 tt
2620 4653 2978 4709 Historiarum
3021 4654 3377 4715 Francorum,

1802 4760 1921 4814 cap.
1968 4745 2069 4810 5i,
2113 4745 2304 4800 recitat
2351 4743 2673 4812 principium
2722 4743 2964 4812 epistola:
3011 4742 3383 4798 consolatorie:

1803 4833 1862 4887 Β.
1899 4834 2126 4904 Remigii
2161 4836 2226 4888 ad
2257 4833 2585 4889 Clodoveunt
2616 4850 2798 4905 regem
2834 4848 2998 4904 super
3026 4843 3198 4890 morte
3232 4849 3389 4891 soro-

1754 4940 1763 4953 ·
1802 4924 1877 4978 ris
1906 4939 2018 4980 suae
2044 4923 2352 4979 Albolledis.
2394 4922 2675 4979 Aim’onius
2710 4924 2803 4980 lib.
2838 4939 2853 4977 ι
2886 4923 2953 4978 de
2989 4923 3170 4980 Gestis
3211 4924 3382 4979 Fran-

1803 5022 2011 5078 corum,
2052 5014 2225 5082 capite
2267 5013 2479 5078 ultimo,
2518 5014 2716 5070 recitat
2754 5013 3089 5084 epitaphium
3136 5000 3377 5085 ejusdem

1804 5105 1948 5174 regis
1990 5102 2263 5168 Cloilovei,
2296 5103 2364 5158 ab
2397 5101 2698 5169 eodem,‘ut
2740 5103 3005 5169 creditur,
3037 5103 3096 5161 S.
3139 5102 3386 5172 Remigio

2229 5189 2265 5206 Α
2314 5189 2346 5206 ΙΙ
2383 5191 2396 5206 I
2562 5191 2601 5206 n
2814 5189 2849 5205 κ.
2931 5190 2945 5205 1
3017 5191 3055 5206 η
3102 5203 3109 5205 ξ
