3904 5396
556 337 662 393 5-ίῖ

1290 341 1698 396 COLVENERII
1739 343 2026 400 SCHOLI'A
2066 343 2131 396 lN
2169 343 2344 397 lllST.
2378 343 2673 400 RE‘JENS.
2714 344 2993 401 ECCLES.

3671 343 3772 398 3M

552 449 790 506 ostendit
833 461 952 504 esse
1000 448 1157 518 hujus
1206 450 1461 522 Remigii,
1507 468 1612 510 non
1660 463 1838 508 autem
1883 453 2112 524 Remigii
2141 463 2186 518 Α
2217 455 2680 511 Fontattcllettscttt
2728 459 3079 520 monachum,
3125 457 3262 527 apud
3306 457 3526 512 Surium
3574 465 3697 512 tom.
3734 457 3772 512 li

550 537 1058 604 Antissiodorensis,
1083 539 1379 596 dissolvens
1403 559 1523 612 qua:
1545 555 1730 597 contra
1759 543 2108 612 objiciuntur.
2135 600 2138 606 ,

550 629 710 688 Certe
741 645 848 686 non
878 630 1050 685 solum
1089 630 1463 698 Bellarminus,
1489 634 1582 688 sed
1606 644 1737 688 ante
1763 649 1886 688 eum
1909 633 2111 692 Cuthe—

548 720 735 775 hortus
765 720 1070 776 Tonstallus
1106 723 1478 778 Duneimensis
1517 726 1802 794 episcopus
1835 725 1926 780 lib.
1976 742 1993 781 ι
2041 727 2115 781 De

547 811 778 866 veritate
800 814 1042 881 corporis
1061 823 1115 868 et
1141 816 1416 884 sanguinis
1439 816 1648 871 Domini
1678 818 1730 872 in
1760 819 2113 884 cucbaristia,

548 909 600 953 et
632 912 753 967 post
789 919 911 956 etun
945 903 1180 959 Joannes
1205 905 1454 963 Garelins
1477 907 1543 962 de
1571 908 1760 962 eodem
1799 921 2115 979 argumento

548 991 858 1045 centenario
883 1002 1056 1059 sexto,
1085 995 1256 1050 citant
1280 1013 1342 1050 ex
1376 996 1619 1066 Remigio
1645 997 1895 1052 Remensi
1936 998 2114 1053 archi-

547 1081 1140 1150 episeopo-praclarum
1171 1083 1374 1146 locum,
1397 1085 1490 1152 qui
1531 1094 1704 1139 exstat
1736 1085 1787 1139 in
1817 1086 1901 1140 his
1927 1085 2112 1155 expla-

544 1169 872 1226 nationihns.
923 1171 1085 1226 Addit
1133 1172 1491 1228 Cutbebertus
1535 1193 1548 1228 :
1598 1195 1615 1227 ι
1665 1174 1831 1244 Hujus
1883 1176 2113 1247 Remigii

544 1258 740 1313 librum
771 1278 933 1316 unum
977 1271 1138 1330 atque
1168 1263 1397 1318 alterum
1427 1273 1639 1318 vetusta
1668 1266 1900 1335 scriptos
1925 1282 2111 1334 manu,

545 1355 706 1417 atque
746 1349 888 1404 illius
927 1352 1218 1422 inscriptos
1258 1353 1474 1408 nomine
1518 1370 1618 1408 nos
1661 1354 1951 1426 aliquando
1978 1358 2114 1412 vidi-

543 1452 682 1492 mus.
714 1438 1080 1508 Villalpandus
1119 1452 1297 1498 autem
1342 1443 1396 1496 in
1428 1443 1568 1497 dicta
1601 1443 1915 1512 praefatione
1944 1455 2110 1501 testa-

545 1535 633 1580 tur
678 1527 730 1580 izi
777 1528 941 1581 variis
990 1529 1144 1583 libris
1193 1532 1504 1585 monasterii
1551 1532 1887 1589 Cassinensis
1933 1537 2114 1592 varias

545 1621 812 1674 asservari
872 1621 1140 1687 homilias,
1175 1639 1294 1692 quae
1348 1623 1576 1695 Remigii
1627 1627 1865 1696 episcopi
1913 1645 2110 1686 nomen

543 1722 703 1780 atque
742 1711 1147 1780 inscriptionem
1193 1716 1439 1770 retinent.
1477 1715 1584 1771 lies
1616 1726 1796 1772 tamen
1829 1720 1943 1775 bzec
1977 1721 2108 1776 mihi

2215 549 2300 601 die
2333 547 2402 601 20
2431 547 2626 612 Martii,
2655 550 2797 616 quod
2841 560 3122 619 postquam
3167 549 3234 602 ad
3273 548 3472 602 fontem
3503 564 3773 618 processe-

2214 647 2332 702 rat,
2381 654 2413 693 a
2463 638 2609 693 fonte
2652 641 2840 708 pedem
2894 641 3214 703 retraxerit,
3257 624 3487 693 dicens:
3521 658 3538 690 ι
3572 639 3681 692 Non
3719 654 3776 692 se

2213 744 2400 782 carere
2429 745 2584 796 posse
2617 730 2890 784 consortio
2921 731 3378 799 praedecessorum
3414 745 3632 783 suorum
3662 727 3776 782 Fri-

2213 834 2403 874 sonum
2449 820 2770 888 principum,
2801 828 2855 872 et
2885 835 3002 872 cum
3037 835 3200 889 parvo
3231 834 3528 888 pauperum
3561 832 3777 871 numero

2214 911 2450 965 residere
2501 911 2554 965 in
2609 927 2775 979 regno
2827 895 3114 966 cmlestiai
3158 911 3590 977 lnterrogarerat
3638 909 3777 963 enim

2212 997 2542 1066 episcopum,
2573 1009 2630 1052 nt
2658 1008 2802 1056 esset
2836 999 3004 1067 major
3030 1014 3156 1068 pars
3185 999 3485 1068 principum
3514 1013 3604 1052 seu
3634 998 3777 1051 nobi-

2212 1085 2340 1140 lium
2376 1087 2553 1156 gentis
2599 1087 2910 1151 Frisouicaz,
2944 1087 2994 1141 in
3045 1088 3129 1142 illa
3165 1088 3410 1141 videlicet
3453 1089 3682 1152 cmlesti,
3711 1102 3776 1142 an

2212 1177 2265 1231 in
2291 1192 2353 1230 ea
2376 1193 2536 1246 quam
2567 1179 2778 1233 dicebat
2799 1180 3080 1248 episcopus
3101 1179 3356 1234 Tartarea
3382 1180 3616 1249 regione.
3638 1178 3775 1232 idem

2212 1267 2376 1322 refert
2409 1268 2717 1337 Sigcbertus
2761 1270 2813 1322 in
2847 1270 3047 1324 Chron.
3090 1286 3234 1324 anno
3274 1271 3394 1334 718,
3429 1272 3511 1324 his
3549 1269 3722 1324 verbis
3757 1287 3771 1322 :

2217 1374 2235 1408 ι
2273 1355 2562 1411 Rabbodus
2603 1362 2708 1411 dux
2750 1357 3059 1422 Frisonum,
3098 1359 3477 1428 praedicatione
3504 1357 3774 1411 Vulfranni

2209 1448 2442 1518 episcopi
2474 1449 2538 1502 ad
2574 1450 2676 1504 hoc
2716 1451 2963 1504 inductus
3001 1459 3060 1503 ut
3099 1449 3355 1518 baptizari
3386 1449 3627 1510 deberet,
3659 1462 3774 1501 cum

2211 1554 2374 1592 unum
2403 1539 2587 1607 pedem
2625 1539 2678 1594 in
2718 1539 2932 1594 lavacro
2971 1541 3296 1606 intinxisset,
3323 1540 3554 1594 alterum
3595 1539 3772 1608 pedem

2210 1631 2513 1696 retrahens,
2547 1631 3137 1700 interrogavitnubinam
3167 1631 3346 1700 plures
3370 1645 3589 1684 suorum
3616 1626 3776 1696 majo-

2211 1734 2329 1772 rum
2356 1727 2556 1784 essent,
2584 1719 2635 1773 in
2676 1719 2884 1772 inferno
2909 1735 2975 1773 an
3006 1721 3056 1774 in
3095 1721 3383 1789 paradiso?
3405 1728 3462 1774 et
3495 1727 3705 1773 czctera.

540 1803 762 1856 necdum
794 1813 941 1856 certa
977 1814 1079 1860 est.
1123 1805 1218 1860 Est
1247 1822 1382 1876 opus
1422 1807 1473 1860 in
1506 1808 1634 1862 folio
1663 1809 1917 1866 ilanoviae
1942 1828 2105 1868 excu-
2135 1804 2184 1864 Β
2280 1806 2426 1860 Mitis
2451 1808 2646 1877 depone
2669 1807 2828 1874 colla,
2857 1808 3145 1863 Sicamber’.
3175 1809 3248 1863 Ex
3283 1811 3382 1864 hoc
3413 1809 3582 1862 videri
3611 1817 3768 1876 petes!

541 1911 659 1951 sum
689 1910 830 1949 anno
861 1896 1015 1962 iGlS,
1043 1899 1130 1952 cui
1162 1899 1344 1954 titulus
1377 1919 1389 1953 :
1419 1899 1620 1970 Corpus
1657 1899 1899 1956 Francia:
1931 1903 2114 1957 Histo-

542 1987 635 2039 τέω
688 1987 869 2040 veteris
919 1997 965 2042 et
1014 1989 1245 2042 sincera.
1296 1988 1445 2044 lneo
1477 2002 1560 2044 est
1605 2000 1865 2046 tractatus
1913 1993 2109 2050 multas

543 2076 825 2132 continens
863 2093 1046 2148 regum
1079 2089 1131 2134 et
1167 2080 1539 2148 episcoporum
1581 2081 1858 2150 epistolas,
1884 2091 1939 2136 et
1969 2083 2111 2138 iuter

537 2176 759 2221 caeteras
806 2180 1039 2237 quatuor
1089 2179 1214 2226 sunt
1262 2169 1524 2241 Remigii,
1580 2174 1697 2226 dum
1747 2172 1992 2228 videlicet
2039 2177 2108 2228 ad

542 2259 888 2325 Clodovcum,
919 2274 1144 2330 quarum
1176 2263 1347 2332 prima
1377 2272 1461 2318 est
1489 2264 1870 2329 consolataria,
1902 2265 1968 2319 de
2002 2280 2106 2334 qua

538 2367 722 2420 supra,
756 2351 914 2406 tertia
955 2351 1220 2417 lleraclio,
1249 2352 1414 2408 Leoni
1465 2363 1518 2408 et
1557 2354 1858 2410 Theodosio
1900 2356 2108 2425 episco-

535 2443 638 2511 pis,
667 2451 858 2512 quarta
887 2442 1107 2499 Fuleoni
1139 2445 1388 2516 episcopo
1413 2447 1681 2516 dirigitur.

610 2534 943 2607 Qttwcunque
979 2537 1265 2600 detulerat,
1304 2555 1600 2609 quanquam
1630 2541 1848 2594 ntercari
1882 2541 2102 2610 paratis,

537 2626 674 2694 quod
713 2627 857 2690 ciris,
888 2644 980 2680 nec
1018 2638 1127 2680 erat
1169 2627 1454 2696 injustam,
1489 2645 1582 2696 pro
1627 2646 1838 2682 munere
1872 2631 2102 2699 ingessit.

538 2712 615 2766 Ex
652 2712 914 2782 Operibus
947 2713 1154 2769 Sidonii
1208 2717 1481 2786 castigatis
1525 2717 1704 2771 studio
1730 2715 1953 2773 Joannis
2005 2719 2108 2772 Sa-

540 2803 789 2864 varottis,
842 2804 1047 2859 restitui
1098 2805 1336 2858 voculam
1383 2805 1583 2876 paratis
1634 2823 1732 2876 pro
1775 2821 2012 2876 paratus,
2051 2821 2108 2865 ct

537 2893 660 2946 civis
693 2907 789 2963 pro
816 2894 987 2964 cujus,
1017 2903 1071 2949 et
1104 2895 1241 2949 infra
1270 2896 1368 2949 tria
1400 2895 1504 2950 alia
1533 2896 1689 2952 verba
1723 2899 1998 2955 :vicissim
2038 2916 2104 2956 ex

544 2992 734 3038 nostro
768 2994 1004 3052 auctore,
1035 2986 1086 3040 in
1113 2987 1301 3042 eadem
1337 2985 1543 3042 Sidonii
1572 2988 1818 3056 epistola,
1849 2999 2106 3060 poterunt

537 3089 728 3128 novem
779 3085 872 3130 aut
913 3076 1096 3131 decem
1140 3077 1255 3132 loca
1302 3078 1530 3132 restitui.
1563 3077 1654 3134 Sic
1696 3089 1872 3134 autem
1905 3081 2102 3136 ibidem

2209 1895 2507 1950 Clodovens
2557 1907 2679 1950 ortu
2732 1908 2825 1951 aut
2874 1899 3081 1967 origine
3125 1899 3354 1952 Geldrus
3403 1897 3590 1952 fuisse.
3647 1897 3767 1949 Nam

2207 1985 2432 2042 Geldros
2482 1987 2675 2057 fielgia:
2721 1997 2917 2044 nostrae
2965 1989 3191 2059 populos
3218 1989 3344 2043 olim
3376 1989 3548 2042 dictos
3577 1988 3767 2041 Sicani.

2205 2077 2356 2141 bros,
2390 2078 2545 2131 multi
2588 2088 2901 2134 constanter
2946 2087 3214 2142 asserunt,
3243 2089 3296 2133 et
3325 2080 3469 2132 inter
3505 2094 3598 2132 eos
3641 2077 3762 2131 lier-

2207 2185 2436 2224 mannus
2465 2187 2494 2223 a
2526 2170 2776 2225 Nuenare
2813 2171 2864 2224 in
2898 2171 3213 2226 narratione
3257 2171 3331 2224 De
3369 2171 3578 2240 origine
3604 2179 3654 2223 et
3681 2185 3759 2224 se-

2206 2258 2362 2313 dibus
2407 2260 2708 2326 priscorum
2748 2260 3097 2318 Francorum.
3129 2269 3184 2314 et
3233 2261 3292 2312 in
3334 2258 3765 2313 commentariolo

2205 2349 2272 2403 de
2315 2349 2486 2405 Gallia
2533 2349 2765 2422 Belgica.
2799 2351 2872 2404 De
2905 2351 3007 2405 hac
3047 2366 3106 2403 re
3143 2350 3390 2404 videatur
3431 2347 3676 2402 Molanus
3715 2349 3764 2400 in

2205 2438 2380 2494 Nata].
2413 2439 2509 2494 SS.
2544 2439 2732 2512 Belgii,
2759 2442 2845 2495 die
2869 2442 2934 2496 15
2959 2440 3226 2496 Januarii.

2275 2529 2442 2584 Porro
2473 2530 2524 2584 in
2550 2547 2708 2600 quem
2734 2531 2946 2585 Domini
2971 2547 3171 2584 almum
3201 2531 3449 2584 inciderit
3475 2529 3760 2599 baptismus

2204 2623 2455 2679 Clodovci
2478 2639 2585 2678 non
2623 2640 2812 2680 omnes
2839 2624 3202 2679 consentiunt.
3245 2622 3373 2678 Post
3407 2623 3568 2676 ﬁnem
3597 2637 3764 2676 exem-

2205 2714 2371 2784 plaris
2398 2714 2466 2768 M.
2497 2715 2683 2770 eadem
2717 2731 2874 2768 manu
2906 2731 3010 2784 qua
3039 2714 3296 2782 scriptum
3326 2724 3408 2768 est
3437 2713 3568 2767 illud
3597 2727 3765 2765 exem-

2204 2804 2342 2872 plar,
2373 2803 2488 2858 htcc
2523 2815 2646 2858 sunt
2688 2802 2916 2871 adjecta,
2945 2812 2995 2856 et
3024 2802 3237 2872 quidem
3274 2802 3502 2870 integris
3531 2801 3766 2856 dictioni-

2206 2894 2331 2959 bus,
2366 2910 2470 2948 non
2517 2895 2661 2948 notis
2709 2910 3093 2957 numerorum,
3134 2893 3187 2946 in
3229 2893 3426 2962 quibus
3476 2891 3650 2946 facilis
3694 2902 3768 2946 est

2206 2983 2387 3052 lapsus
2429 2996 2445 3035 :
2489 3000 2507 3032 ι
2553 2983 2634 3035 Ab
2679 2981 3052 3036 incarnatione
3105 2980 3315 3034 Domini
3368 2979 3434 3034 ad
3493 2981 3768 3034 transitum

2205 3075 2379 3128 sancti
2423 3073 2634 3126 Martini
2679 3073 2805 3126 anni
2836 3073 3208 3141 quadringenti
3241 3073 3609 3141 quadraginta
3645 3082 3766 3126 tres.

538 3165 733 3235 tegitur
760 3166 874 3221 hzec
909 3169 1177 3222 sententia
1205 3187 1220 3221 :
1254 3188 1271 3220 ι
1301 3169 1568 3239 Quidquid
1613 3169 1894 3236 detulerat,
1928 3187 2100 3241 quan-
2131 3153 2173 3208 (ἶ
2206 3163 2287 3218 Ab
2318 3163 2689 3218 incarnatione
2725 3163 2936 3216 Domini
2976 3163 3040 3215 ad
3078 3161 3400 3232 baptismum
3443 3161 3768 3216 Francorum

539 3271 700 3323 quam
746 3259 972 3312 mercari
1023 3259 1247 3327 paratis,
1286 3259 1428 3330 quod
1479 3271 1653 3314 tamen
1702 3271 1761 3314 ut
1806 3264 1962 3327 civis,
2005 3279 2105 3318 nec

540 3353 656 3397 erat
703 3343 980 3413 ἱιλίιιειιιιιι,
1016 3361 1114 3415 pro
1157 3361 1376 3401 munere
1417 3348 1663 3418 ingessit.
1706 3348 1904 3405 Eodem
1943 3351 2103 3406 modo

539 3436 667 3505 ιιιςίι
713 3435 877 3488 editio
928 3451 1050 3489 Ctltll
1101 3437 1240 3489 notis
1295 3434 1518 3490 Joannis
1567 3439 1632 3491 de
1676 3437 2017 3504 Wouweren,
2048 3450 2106 3495 et

540 3525 682 3579 Petri
714 3523 903 3589 Colvii,
929 3525 1032 3580 nisi
1067 3525 1210 3594 quod
1249 3526 1302 3578 in
1338 3526 1511 3580 medio
1553 3527 1626 3581 ita
1667 3527 1806 3594 legat
1833 3537 1889 3582 et
1915 3529 2104 3583 distin-

539 3623 686 3683 guat,
713 3613 854 3669 facta
902 3615 1204 3683 parenthesi
1239 3614 1398 3686 (quod
1441 3627 1614 3670 tamen
1651 3617 1800 3686 cujus
1837 3633 1930 3672 nec
1966 3629 2100 3684 erat,

534 3706 813 3777 injustam)
842 3708 978 3761 sicut
1022 3716 1078 3762 et
1119 3707 1252 3762 alias
1295 3709 1347 3761 in
1379 3710 1568 3764 eadem
1605 3709 1834 3780 epistola
1881 3711 2102 3765 mendas

538 3797 721 3860 habet,
751 3807 808 3850 ut
836 3798 998 3851 editio
1026 3798 1319 3852 Savaronis
1353 3799 1547 3854 merito
1574 3799 1644 3856 sit
1670 3799 2023 3872 praeferenda,
2053 3803 2100 3857 si

531 3903 602 3942 cx
632 3902 804 3958 ungue
833 3887 1038 3965 leonem
1061 3887 1302 3957 judicare
1330 3890 1410 3943 fas
1438 3897 1540 3944 est.

1112 3980 1338 4036 CAPUT
1374 3981 1510 4036 Xlll.

604 4071 890 4140 Siagrium,
919 4069 1210 4125 Romanum
1241 4073 1514 4143 quemdam
1550 4075 1856 4144 principem.
1892 4074 1942 4131 Is
1960 4079 2100 4146 {erat

537 4161 733 4229 Egidii
771 4161 932 4226 filius,
959 4165 1063 4215 dux
1096 4159 1480 4228 Romanorum,
1507 4163 1599 4232 qui
1638 4162 1928 4220 Suessione
1958 4167 2097 4221 resi-

530 4251 707 4305 debat.
745 4251 970 4321 Grcgor.
1009 4251 1338 4307 Turonensis
1379 4253 1472 4309 lib.
1506 4268 1547 4309 ll
1579 4254 1714 4310 Hist.
1741 4254 2096 4322 Francorum,

529 4358 578 4393 c.
611 4340 711 4407 27;
739 4342 918 4412 Sigeb.
955 4343 1008 4395 in
1039 4342 1305 4397 Cln'onico
1334 4357 1476 4398 anno
1501 4343 1627 4408 489,
1655 4359 1762 4414 quo
1783 4359 1906 4400 eum
1932 4361 2097 4402 occu-

529 4430 709 4486 buisse
740 4431 948 4485 scribit.

600 4521 715 4588 Quo
738 4522 1002 4592 quondam
1054 4537 1200 4578 secus
1253 4523 1428 4576 urbem
1479 4521 1758 4577 Remorum
1810 4524 2090 4580 transitum
2124 4499 2170 4558 υ

531 4613 770 4682 faciente.
812 4613 1027 4668 Scilicet
1057 4628 1153 4683 per
1174 4613 1312 4668 viam
1340 4627 1459 4684 qua:
1496 4628 1666 4684 usque
1706 4613 1882 4679 hodie,
1917 4615 2091 4686 inquit

536 4705 876 4770 iiincmarus,
910 4717 1127 4776 propter
1157 4707 1510 4762 barbarorum
1537 4721 1633 4776 per
1661 4722 1780 4761 eam
1811 4707 1934 4774 iter,
1957 4707 2091 4764 Bar-

527 4799 706 4852 barica
745 4808 1102 4868 nuncupatur,
1143 4797 1368 4864 Gallice,
1406 4815 1499 4852 rue
1543 4798 1608 4854 de
1649 4799 1924 4868 Barbatre,
1947 4810 2001 4856 et
2034 4801 2088 4857 in

527 4903 588 4940 ea
614 4887 1087 4953 vicusBarbasue,
1119 4898 1175 4941 ut
1204 4890 1255 4943 in
1289 4890 1656 4959 manuscripto
1681 4905 1780 4944 suo
1801 4889 2092 4960 exemplari

854 4977 1098 5012 NinnI-tnc
1145 4979 1420 5014 Γιιηοονοηη
1497 4978 1572 5014 nn
1617 4981 1698 5014 hic

529 4979 797 5012 ηῩ-ιηιιιυῖι
854 4979 1098 5012 ΝἶηηΙ-ιηε
1145 4979 1420 5014 Γιιηουοηη
1497 4979 1572 5014 nn
1617 4981 1698 5014 hic
1746 4991 1923 5014 nnlnvn
1975 4997 2094 5016 num

2205 3254 2331 3309 anni
2381 3253 2657 3324 quingenti
2703 3253 3057 3324 quadraginta
3103 3253 3228 3306 duo.
3275 3253 3357 3306 Ab
3407 3253 3768 3306 incarnatione

2208 3345 2416 3401 Domini
2447 3358 2618 3412 usque
2645 3343 2710 3396 ad
2743 3343 3028 3395 transitum
3058 3341 3310 3396 Clodovei
3340 3341 3467 3395 anni
3501 3342 3766 3410 quingenti

2203 3434 2593 3504 quinquaginta
2639 3449 2756 3488 sex.
2801 3433 2884 3487 Ab
2931 3432 3302 3486 incarnatione
3350 3433 3562 3486 Domini
3609 3445 3768 3501 usque

2201 3524 2270 3578 ad
2323 3525 2608 3578 transitum
2659 3524 2718 3578 S.
2766 3523 2992 3593 chtigii
3050 3523 3175 3576 anni
3230 3523 3508 3593 quingenti
3563 3533 3767 3592 septua-

2201 3617 2348 3687 ginta
2377 3618 2611 3686 quinque
2632 3625 3029 3685 computantur.
3070 3636 3088 3668 ι
3131 3616 3220 3670 Sic
3244 3617 3336 3671 ibi.
3364 3615 3471 3670 Sed
3499 3617 3611 3669 [nec
3639 3615 3765 3687 mul-

2202 3711 2271 3764 tis
2323 3711 2495 3764 modis
2523 3725 2553 3763 a
2599 3725 2728 3765 vero
2778 3710 3054 3766 deficiunt.
3112 3709 3361 3764 Nicolaus
3407 3710 3686 3764 Cbesneau
3714 3708 3759 3759 in

2202 3798 2552 3854 translatione
2601 3815 2696 3854 sua
2742 3799 2944 3857 Gallica
3001 3801 3102 3854 hoc
3132 3799 3248 3854 loco
3286 3799 3515 3870 margini
3555 3799 3762 3867 adjecit,

2199 3887 2521 3944 Clodoveum
2551 3904 2668 3945 esse
2693 3891 3020 3961 baptizatum
3066 3890 3116 3944 in
3143 3890 3322 3960 vigilia
3353 3889 3600 3953 Pascbae,
3630 3903 3762 3941 anno

2197 3979 2321 4044 497,
2353 3983 2500 4051 regni
2531 3983 2613 4037 sui
2639 3981 2726 4042 25,
2770 3982 3016 4052 quamvis
3055 3982 3194 4037 idem
3238 3982 3292 4035 in
3350 3981 3664 4052 praefatione
3700 3981 3761 4032 ad

2196 4069 2401 4126 clerum
2432 4080 2488 4126 et
2506 4072 2757 4142 populum
2801 4071 3146 4134 ltenicnsem,
3190 4070 3525 4140 baptizatum
3576 4069 3762 4124 dixerit

2199 4176 2344 4218 anno
2373 4161 2496 4227 542,
2529 4171 2585 4214 ut
2610 4169 2694 4217 est
2722 4162 2774 4216 in
2812 4161 2917 4216 tine
2966 4161 3093 4216 dicti
3143 4161 3485 4230 exemplaris.
3517 4157 3760 4228 Μενετηί-

2198 4269 2299 4309 nus
2326 4255 2392 4308 de
2418 4253 2468 4309 la
2511 4252 2678 4324 Bignc
2723 4253 2776 4306 in
2805 4252 2980 4308 indice
3008 4251 3386 4322 cbronolugico
3429 4251 3764 4305 Bibliotheca:

2196 4343 2416 4400 Patrum
2445 4343 2691 4398 secundae
2714 4350 2769 4397 et
2798 4343 2971 4396 tet-tite
3010 4340 3285 4403 editionis,
3330 4339 3530 4394 saaculo
3559 4339 3756 4409 quinto,

2197 4435 2251 4490 in
2272 4433 2566 4490 Claudiano
2591 4431 2853 4488 Mamerto
2886 4433 3016 4486 dicit
3066 4430 3390 4486 Clodoveum
3441 4431 3756 4499 baptizatum

2197 4537 2342 4577 anno
2369 4522 2494 4586 452,
2523 4523 2625 4577 hoc
2652 4525 2980 4576 est‘centum
3003 4522 3113 4575 fere
3139 4519 3294 4573 annis
3320 4518 3503 4573 citius.
3532 4520 3599 4571 At
3614 4517 3756 4584 juxta

2196 4612 2485 4684 Sigeberti,
2544 4613 2851 4667 Sebastiani
2914 4611 3194 4674 Munsteri,
3244 4609 3469 4666 Joannis
3511 4606 3680 4668 Ticlii,
3709 4612 3756 4656 et

2195 4699 2411 4756 Baronii
2441 4700 2875 4771 chronologicam
2919 4701 3224 4770 baptizatus
3244 4708 3327 4752 est
3357 4714 3500 4750 anno
3529 4697 3650 4750 499.
3682 4695 3756 4745 Ab

2197 4797 2280 4852 bis
2309 4813 2414 4852 non
2444 4797 2601 4865 longe
2650 4796 2855 4850 recedit
2901 4796 3183 4849 Aimonius
3225 4795 3278 4846 in
3312 4792 3438 4850 fine.
3458 4792 3575 4846 libri
3605 4787 3751 4859 primi

2199 4887 2275 4942 De
2303 4888 2470 4952 gestis
2508 4886 2863 4949 Francorum,
2891 4885 3130 4939 scribens
3157 4884 3485 4938 Clodorcum
3518 4891 3754 4950 regnasse

2197 4978 2350 5016 nrtnic
2375 4977 2444 5016 ΧΠ
2463 4986 2510 5016 nt
2539 4978 2739 5016 nhiicen
2763 4993 2900 5016 mann
2923 4976 3210 5016 nisinihil-tn
3237 4975 3614 5016 ἶηοεὶΙ-ηειιὶίιιὶῖς
3631 4967 3746 5016 5”.
