3904 5396
169 280 282 335 343

1480 286 1542 340 IN
1585 285 1843 340 LIBRUM
1882 285 2172 341 PRIMUM.

3337 291 3442 347 Siti

173 409 428 465 tempora
456 399 621 454 etiam
653 400 706 453 in
741 400 925 468 Belgio
973 401 1192 463 usitato,
1222 415 1394 455 annus
1423 400 1632 454 Domini
1678 401 1763 455 in-
1793 391 1836 446 Λ
1865 408 2114 466 scopatus
2161 398 2233 453 ibi
2263 413 2381 454 esse
2411 400 2710 464 constituit,
2755 411 2812 455 et
2847 403 3095 456 eumdem
3137 403 3186 456 in
3214 401 3444 458 fornica-

172 487 367 546 cvhoari
392 488 564 542 soleat
591 503 621 543 a
653 489 788 543 festo
828 488 1072 555 Paschze,
1103 490 1396 545 secundum
1441 491 1560 545 illos
1591 491 1766 560 bapti-

158 586 335 656 ~zatns
369 578 468 632 fuit
495 581 683 634 ultimo
706 581 792 635 die
815 582 940 634 anni
963 581 1088 643 499,
1114 581 1406 636 secundum
1438 582 1536 636 bos
1588 581 1764 651 primo

175 672 266 724 die
291 673 420 726 anni
449 673 573 727 500.
606 673 810 741 Quibus
833 691 899 728 ex
924 676 1244 744 antiquitate
1271 676 1480 730 accedit
1504 674 1762 730 llincma-

176 779 272 815 rus
307 763 360 816 in
408 766 682 834 epitaphio
723 767 778 819 Β.
841 767 1092 837 Remigii,
1141 771 1283 837 quod
1336 769 1567 823 refertur
1624 767 1763 823 infra

174 869 299 922 cap.
333 855 426 919 2f,
461 856 515 909 in
554 873 660 924 quo
701 859 1046 913 exactissime
1081 870 1289 929 tempus
1317 861 1508 922 multis,
1549 860 1763 913 ordina-

178 943 369 1006 tionis,
405 945 554 999 sedis
599 947 765 1014 ipsius
791 957 846 1000 et
871 948 1122 1017 baptismi
1152 948 1484 1003 Francorum
1509 949 1767 1016 exprimi-

177 1045 289 1088 tur.
321 1034 460 1090 Nam
487 1047 696 1092 canstat
721 1054 784 1092 ex
818 1040 907 1094 illo
931 1041 1201 1110 epitaphio
1223 1041 1435 1096 beatum
1461 1041 1762 1110 Remigium

175 1137 426 1182 creatum
457 1128 624 1183 fuisse
651 1132 937 1185 Remorum
961 1134 1269 1202 episcopum
1294 1147 1434 1186 :mno
1455 1131 1631 1185 mtatis
1655 1147 1766 1184 suae

174 1218 270 1282 εξ,
305 1218 594 1287 praefuisse
643 1221 798 1274 annis
824 1221 914 1284 74,
973 1220 1174 1275 obiisse
1219 1236 1362 1274 anno
1396 1220 1606 1275 Domini
1635 1219 1766 1283 5“,

176 1309 355 1370 :etatis
388 1325 503 1363 sua:
536 1311 626 1376 96,
676 1320 734 1365 ct
783 1321 1000 1381 gentem
1058 1312 1388 1366 Francorum
1440 1312 1764 1380 baptizatum

178 1418 323 1455 anno
349 1402 478 1456 500.
513 1403 692 1469 Quare
731 1407 972 1473 oportuit
1019 1421 1140 1459 cum
1191 1415 1430 1459 creatum
1460 1397 1626 1458 fuisSe
1653 1405 1766 1474 epi-

177 1509 402 1562 scopum
426 1512 572 1550 anno
598 1495 720 1548 470.
747 1495 854 1550 Nec
886 1497 954 1562 ab
983 1497 1070 1552 his
1091 1497 1264 1564 quoad
1290 1496 1492 1549 obitum
1516 1495 1766 1549 dissentit

179 1581 518 1651 Sigebertns,
547 1586 638 1654 qui
668 1602 790 1639 eum
825 1586 974 1654 ponit
1019 1595 1213 1651 patum
1254 1585 1419 1640 fuisse
1471 1600 1612 1638 anno
1636 1584 1764 1648 M9,

176 1684 421 1726 creatum
451 1675 764 1744 episc0pnm
791 1675 915 1738 471,
941 1684 996 1728 et
1049 1675 1246 1729 obiisse
1276 1674 1401 1735 5-55,
1433 1675 1570 1727 sicut
1596 1683 1651 1728 et
1677 1671 1765 1727 Ja-

1865 488 2064 542 tionem
2112 504 2233 543 enm
2281 504 2376 543 sua
2423 491 2695 559 quomlam
2746 507 2914 548 uxore
2962 491 3291 562 prolapsum,
3349 495 3444 549 sed

1863 579 2156 648 septennali
2199 581 2516 650 paenitentia
2570 591 2854 652 purgatum
2887 623 2900 646 ,
2939 592 2994 638 et
3035 585 3100 639 de
3146 585 3446 640 reclusione

1863 671 2045 724 divino
2083 670 2235 739 jussu
2291 673 2564 734 eductum,
2618 673 2728 727 sedi
2776 689 2887 729 sua:
2936 676 3190 730 restituit.
3234 695 3252 728 ι
3315 676 3446 732 llmc

1865 761 2175 831 Sigebertns
2200 766 2445 834 sequitur
2469 766 2519 818 in
2549 765 2872 820 Flodoardo.

1933 853 2118 924 Ibique
2146 855 2536 915 Genebaudum,
2557 874 2712 910 carne
2737 858 2957 912 nobilem
2982 860 3170 914 rit-um.
3195 860 3450 916 Nicolatts

1862 946 2141 1003 Chesnean
2175 949 2225 1002 in
2258 950 2498 1019 margine
2517 948 2734 1004 Gallicae
2756 965 2867 1004 suae
2893 952 3260 1024 translationis
3291 961 3447 1008 vocat

1863 1055 1984 1092 cum
2032 1041 2307 1094 comitem.
2365 1039 2535 1095 Porro
2583 1051 2768 1096 nostra
2818 1042 3145 1112 exemplaria
3188 1054 3456 1112 perpetuo

1866 1130 2046 1198 legunt
2075 1129 2480 1185 Cenehaudnm.
2515 1131 2569 1184 In
2608 1131 2896 1186 Hincmaro
2938 1131 3078 1200 apud
3109 1131 3326 1188 Surium
3355 1147 3452 1187 vo-

1864 1230 2018 1275 catur
2054 1220 2410 1283 Genehaldus,
2454 1224 2529 1276 uti
2556 1233 2609 1277 et
2640 1223 2691 1277 in
2722 1223 2918 1277 tabulis
2947 1223 3319 1287 Democharis,
3357 1225 3450 1292 qui

1865 1311 2014 1365 addit
2053 1327 2082 1364 a
2117 1313 2436 1381 quibusdam
2463 1311 2772 1376 Geraldum,
2811 1315 2880 1368 ab
2915 1314 3035 1368 aliis
3063 1313 3450 1370 Genebaudutn

1865 1401 1994 1464 dici,
2025 1403 2296 1470 quomodo
2338 1403 2502 1456 etiam
2536 1403 2663 1472 legit
2703 1404 3026 1460 llincmarus
3055 1405 3454 1474 manuscriptus

1868 1492 1920 1563 in
1970 1493 2150 1547 Monte
2193 1492 2250 1547 S.
2282 1493 2457 1562 Eligii.
2500 1493 2802 1549 Diversitas
2844 1511 2910 1548 ex
2950 1511 3015 1550 eo
3060 1505 3186 1550 nata
3218 1496 3451 1561 videtur,

1867 1583 1989 1651 quia
2034 1599 2101 1638 ex
2150 1600 2282 1640 voce
2328 1584 2530 1640 Gallica
2578 1582 2902 1649 Cenebauld,
2955 1586 3046 1640 alii
3075 1603 3109 1640 ιι
3169 1586 3449 1657 abjiciunt,

1870 1673 1960 1727 alii
1991 1671 2029 1726 I.

175 1764 340 1820 cobus
365 1766 620 1837 Meyerus
658 1769 711 1821 in
765 1768 1064 1821 Annalibus
1113 1767 1400 1822 Flandrize.
1459 1766 1592 1821 Nam
1640 1781 1761 1818 cum
1794 1769 1838 1827 Β
1941 1763 2252 1834 Ταεὶιιιεᾳιιε
2291 1772 2396 1820 tam
2425 1766 2523 1820 viri
2561 1783 2716 1836 quam
2761 1767 2992 1820 mulieris
3019 1767 3181 1820 ardor
3207 1767 3261 1822 in
3297 1769 3454 1822 corde

178 1857 377 1913 obierit
414 1859 483 1912 {3
508 1857 776 1924 Januarii,
810 1873 950 1912 unus
983 1859 1231 1926 idemque
1255 1873 1428 1911 annus
1460 1856 1763 1925 incipicmlo

174 1964 202 2000 a
228 1947 494 2002 Januario
517 1959 600 2008 est
621 1949 748 2012 545,
779 1965 807 2002 a
862 1949 1126 2003 Paschate
1159 1947 1176 2018 (
1212 1957 1270 2001 ut
1319 1946 1458 2003 Galli
1503 1949 1765 2024 hactenus

174 2056 348 2110 usque
375 2043 443 2096 ad
469 2051 708 2110 tempora
737 2042 913 2096 Caroli
947 2041 1010 2094 IX
1039 2041 1508 2108 computaverunt)
1532 2049 1611 2093 est
1635 2038 1759 2092 544.

174 2132 268 2186 llis
293 2142 476 2187 tamen
504 2149 610 2186 non
639 2134 929 2197 consentit,
955 2133 1098 2203 quod
1122 2132 1359 2195 Flavius,
1389 2132 1478 2203 qui
1509 2142 1628 2200 post
1658 2131 1766 2185 Ro-

175 2237 397 2274 manum
426 2222 488 2274 B.
524 2223 771 2292 Remigio
796 2224 1076 2285 successit,
1114 2221 1324 2293 legatur
1375 2220 1761 2289 subscripsisse

181 2314 774 2377 concilioArvernensi,
801 2315 1010 2370 celebra
1022 2325 1073 2368 to
1099 2303 1240 2368 anno
1266 2315 1362 2368 5M
1379 2355 1393 2377 ,
1419 2312 1573 2381 juxta
1597 2313 1763 2390 Baro-

176 2406 324 2459 nium
357 2407 460 2472 (uti
491 2421 705 2461 mecum
753 2409 917 2462 sentit
951 2408 1206 2477 praefatus
1241 2407 1558 2462 Guillelmus
1588 2407 1636 2461 le
1661 2404 1762 2459 Be-

174 2495 322 2565 gue),
355 2497 499 2564 quod
536 2506 702 2567 ponat
751 2497 879 2566 illud
911 2498 1198 2554 concilium
1225 2498 1569 2552 Arveruense
1614 2494 1761 2549 dicto

173 2602 319 2640 anno
340 2586 697 2653 celebratum,
725 2604 848 2644 cum
875 2589 1056 2659 potius
1083 2588 1148 2643 l5
1174 2598 1268 2644 aut
1295 2587 1362 2644 l6
1386 2588 1547 2643 annis
1573 2595 1759 2658 postea

175 2676 421 2732 habitum
448 2687 538 2733 sul.

243 2764 379 2820 Cum
411 2770 638 2838 quodam
684 2768 984 2839 Raganario
1030 2770 1262 2839 principe
1307 2780 1454 2825 trans
1507 2770 1760 2825 Somnam

174 2859 418 2927 ﬂuvium.
441 2859 496 2913 Id
525 2870 610 2914 est
638 2860 939 2926 Cameraci,
972 2872 1030 2917 ut
1050 2862 1270 2932 exponit
1299 2863 1416 2918 haec
1451 2863 1612 2918 verba
1637 2861 1761 2916 Bal-

173 2951 414 3016 dericus,
443 2964 632 3008 auctor
651 2953 907 3010 Cbronici
934 2955 1346 3012 Cameracensis
1375 2954 1469 3008 lib.
1492 2971 1532 3017 ι.
1558 2970 1676 3024 cap.
1701 2954 1757 3020 4,

175 3043 265 3096 ubi
292 3044 448 3112 plura
481 3045 548 3100 de
573 3047 677 3100 isto
697 3048 1026 3117 Raganario,
1051 3048 1166 3102 sive
1188 3055 1245 3100 ut
1273 3048 1388 3116 ipsa
1409 3047 1615 3107 scribit.
1650 3045 1757 3098 Ra-

1867 1854 2116 1909 libidinis.
2163 1855 2262 1909 Ms.
2290 1872 2388 1924 pro
2428 1858 2719 1928 tacitasque
2756 1859 2893 1913 male
2921 1858 3046 1929 legit
3076 1861 3355 1928 totiusque.
3394 1859 3451 1914 ln

1867 1944 2162 2000 llincmaro
2202 1946 2412 2016 integra
2467 1950 2730 2002 sententia
2781 1950 2852 2006 ita
2910 1950 3072 2005 habet
3116 1969 3128 2005 :
3183 1969 3202 2001 ι
3255 1951 3454 2020 Sicque

1865 2033 2066 2090 factum
2095 2045 2182 2091 est
2203 2046 2278 2101 ut,
2314 2046 2452 2092 tecta
2485 2037 2789 2093 hominibus
2810 2039 2988 2108 culpa,
3021 2049 3076 2095 et
3101 2041 3153 2095 in
3177 2041 3453 2107 cordibus,

1867 2137 1974 2182 tam
2023 2129 2259 2200 episcopi
2315 2145 2478 2200 quam
2526 2130 2758 2196 feminae,
2793 2141 2964 2187 tectus
3013 2132 3240 2186 luxuriae
3270 2133 3452 2196 ardor.

1864 2222 2142 2289 quoniam,
2193 2207 2249 2276 ut
2285 2233 2469 2276 notum
2513 2236 2620 2287 est,
2651 2239 2758 2293 quo
2806 2225 2982 2295 magis
3029 2225 3244 2295 tegitur.
3279 2235 3454 2280 tectus

1865 2316 2036 2384 magis
2059 2324 2255 2370 aestuat
2283 2317 2421 2387 ignis
2453 2334 2466 2368 :
2499 2325 2686 2372 contra
2721 2317 2934 2384 culpam
2964 2325 3320 2386 compunctus
3340 2316 3456 2386 epi-

1861 2421 2078 2476 scopus,
2125 2427 2144 2459 ι
2186 2418 2292 2462 etc.
2343 2408 2583 2461 Tacitum
2623 2423 2752 2477 ergo
2793 2407 2928 2460 dixit
2965 2417 3157 2460 tectum
3198 2415 3252 2460 et
3288 2423 3458 2461 secre-

1862 2512 1995 2554 tum.
2052 2501 2209 2555 Patet
2256 2509 2436 2556 autem
2488 2517 2554 2556 ex
2595 2501 2694 2556 hac
2740 2500 2799 2554 S.
2862 2499 3173 2556 Genebaudi
3228 2497 3453 2552 historia

1867 2607 2022 2660 piam
2051 2594 2121 2648 sit
2157 2608 2185 2646 a
2213 2594 2441 2649 veritate
2462 2593 2635 2646 aliena
2663 2591 3019 2647 sectariornm
3048 2589 3218 2646 nostri
3243 2598 3452 2658 tempo-

1862 2683 1939 2737 ris
1960 2684 2230 2748 doctrina,
2253 2684 2344 2753 qni
2381 2683 2508 2739 illud
2535 2682 2775 2751 Apostoli
2805 2700 2819 2736 :
2856 2679 3024 2736 Unius
3051 2682 3230 2735 uxoris
3253 2680 3444 2744 virum,

1862 2773 2086 2844 intelligi
2116 2775 2301 2828 volunt
2326 2773 2394 2830 de
2440 2790 2610 2829 uxore
2655 2789 2818 2844 quam
2861 2771 3112 2836 habebat,
3141 2786 3262 2825 cum
3295 2778 3448 2825 tanta

1861 2865 2196 2935 paenitudine
2239 2867 2343 2921 elni
2389 2866 2692 2936 oportuerit
2732 2879 3082 2935 congressum
3123 2878 3245 2916 cum
3285 2876 3454 2916 uxore

1860 2972 2021 3025 quam
2062 2973 2090 3012 a
2143 2974 2200 3012 se
2251 2958 2406 3011 thoro
2449 2965 2825 3026 separaveral;
2865 2964 2918 3010 et
2959 2954 3302 3009 verissimum
3330 2967 3452 3006 esse

1861 3048 2002 3116 quod
2041 3049 2117 3102 ait
2147 3048 2506 3118 Hieronymus
2535 3047 2674 3101 libro
2694 3047 2868 3116 primo
2889 3046 3148 3098 adversus
3202 3043 3446 3098 Jovinia-

174 3135 491 3202 gnachario.
522 3134 615 3191 MS
653 3135 902 3190 Somnum
943 3147 997 3190 et
1027 3137 1198 3191 codex
1230 3136 1540 3191 monasterii
1572 3134 1628 3190 S.
1657 3135 1762 3190 Re-
1790 3123 1836 3184 C
1866 3155 1993 3194 num
2024 3158 2037 3192 :
2073 3159 2092 3191 ι
2132 3140 2288 3194 Certe
2329 3137 2610 3194 confiteris
2659 3153 2764 3190 non
2795 3150 2953 3205 posse
2973 3149 3091 3191 esse
3113 3133 3448 3202 episcopum,

173 3223 350 3293 migii,
379 3232 438 3277 nt
470 3235 621 3280 notat
659 3226 912 3282 Nicotaus
955 3227 1258 3291 Chesneau,
1317 3227 1408 3294 qui
1466 3237 1642 3281 tamen
1705 3227 1758 3281 in

175 3322 322 3368 textu
365 3315 531 3370 habet
565 3316 871 3379 Somenam.
909 3329 961 3371 et
989 3318 1193 3373 Gallice
1233 3319 1396 3373 vertit
1423 3316 1634 3372 Somne.
1668 3316 1757 3374 Si,-

173 3405 380 3460 militer
405 3405 687 3461 Samenam
717 3408 876 3462 habet
901 3407 954 3472 J,
979 3418 1034 3463 et
1059 3409 1372 3479 Sigebertns
1392 3423 1536 3463 anno
1557 3408 1684 3462 MS.

244 3497 486 3566 Pra’fato
512 3515 627 3566 rege
650 3498 930 3553 Ludovico.
972 3499 1049 3552 Ita
1079 3499 1125 3552 Μ
1159 3498 1220 3563 C,
1245 3514 1366 3553 cum
1395 3497 1443 3551 Μ
1474 3497 1612 3552 infra
1647 3496 1758 3552 fere

172 3602 390 3656 cetnper
413 3588 652 3642 scribere
679 3588 850 3642 soleat
868 3586 1170 3651 Lndowico,
1199 3588 1492 3657 quomodo,
1516 3595 1574 3640 ιιι
1601 3595 1756 3642 nota-

176 3678 250 3731 vit
271 3678 413 3731 idem
449 3676 701 3733 Nicolans
753 3679 1056 3742 Chesneau,
1090 3679 1178 3733 hic
1205 3679 1369 3733 etiam
1423 3678 1552 3745 legit
1579 3679 1756 3732 dictus

176 3767 343 3822 codex
373 3768 552 3822 sancti
584 3768 838 3838 Remigii.
900 3769 1053 3834 Quod
1104 3783 1300 3830 nomen
1353 3768 1534 3822 multis
1587 3769 1753 3823 etiam

178 3860 296 3914 aliis
324 3861 501 3914 modis
530 3861 792 3928 scriptum
821 3861 1110 3929 reperitur,
1141 3870 1199 3914 ut
1231 3860 1410 3919 notavi
1434 3857 1499 3914 ad
1528 3859 1754 3915 Chroni-

177 3966 273 4004 con
294 3950 716 4014 Cameracense,
747 3951 884 4004 libro
905 3951 1100 4019 primo,
1131 3950 1312 4017 capite
1341 3949 1615 4004 tricesimo
1663 3964 1753 4003 se-

176 4039 361 4108 ptimo.
389 4038 695 4095 Ohservant
751 4047 931 4094 autem
985 4038 1204 4108 quidam
1257 4036 1584 4092 Clodoveum
1635 4044 1756 4105 post

175 4131 502 4200 baptismum
530 4129 718 4184 vocari
751 4130 1101 4191 Ludovicum,
1129 4129 1272 4198 quod
1316 4143 1382 4184 eo
1431 4129 1648 4183 nomine
1698 4129 1752 4182 in

176 4223 443 4292 baptismo
475 4223 650 4276 dictus
683 4222 772 4285 sit,
802 4230 858 4276 ut
914 4221 1123 4276 notavit
1178 4220 1505 4274 Laurentius
1561 4218 1754 4275 Snrius

175 4315 258 4368 die
283 4315 499 4369 decimo
523 4315 682 4368 tertio
711 4311 971 4367 Januarii.
1005 4311 1203 4378 Quare,
1227 4295 1593 4368 obnitentibus
1617 4326 1754 4380 pra:-

174 4405 630 4458 sertimomnibns
685 4402 1106 4470 exemplaribus,
1139 4417 1244 4455 non
1286 4411 1369 4456 est
1408 4402 1496 4456 hic
1543 4409 1751 4454 mutan-

1861 3227 1951 3298 qui
1985 3229 2036 3280 in
2064 3229 2372 3298 episc0patu
2397 3226 2534 3280 filios
2554 3225 2736 3279 faciat.
2762 3224 2972 3294 Alioqui
3004 3223 3049 3277 si
3081 3222 3450 3291 deprehensus

1861 3316 2041 3380 fuerit,
2091 3333 2196 3371 non
2239 3318 2391 3387 quasi
2444 3317 2526 3372 vir
2581 3314 2873 3376 tenebitur,
2927 3315 3022 3370 sed
3057 3312 3210 3382 quasi
3237 3311 3450 3375 adulter

1859 3407 2223 3462 damnabitur.
2259 3428 2276 3460 ι

1928 3499 1989 3554 8.
2026 3499 2319 3568 Remigium
2349 3501 2476 3567 petit
2502 3500 2577 3552 ire
2601 3498 2938 3553 Laudunum.
2981 3497 3094 3552 Hoc
3126 3505 3208 3552 est
3237 3505 3292 3550 ut
3318 3496 3447 3560 iret,

1855 3607 1948 3646 seu
1965 3591 2192 3645 veniret.
2211 3591 2420 3645 Clarius
2439 3590 2794 3644 llincmarns:
2821 3610 2836 3639 ι
2860 3591 2937 3643 Ad
2961 3599 3228 3652 sanctum,
3247 3587 3446 3656 inquit,

1857 3680 2159 3748 Remigium
2185 3680 2350 3746 misit,
2376 3688 2566 3747 petens
2600 3688 2656 3730 ut
2691 3677 3004 3731 Landnnum
3034 3678 3262 3730 veniret.
3314 3694 3333 3726 ι

1849 3837 1854 3842 ε
1928 3769 2066 3824 Obiit
2091 3770 2253 3838 igitur
2285 3767 2628 3821 (ieneboudus
2653 3768 2706 3818 in
2730 3784 2874 3834 pace,
2898 3767 3092 3818 sanctis
3125 3764 3222 3816 Dei
3245 3780 3443 3816 connu-

1853 3873 2104 3914 meratus.
2146 3861 2323 3926 Agunt
2359 3859 2426 3912 de
2454 3875 2520 3912 eo
2556 3858 2759 3911 additio
2786 3856 3124 3911 Coloniensis
3145 3857 3213 3909 ad
3241 3855 3444 3909 Usnar—

1855 3951 2004 4012 dum,
2044 3961 2097 4004 et
2133 3949 2374 4002 Molanus
2401 3950 2592 4016 quinto
2617 3946 2972 4012 Septembris,
3013 3945 3079 3998 de
3101 3960 3230 4012 quo,
3257 3944 3438 4010 inquit

1854 4037 2054 4092 additio
2111 4037 2482 4099 Coloniensis,
2544 4036 2596 4089 in
2641 4035 2808 4104 gestis
2858 4033 2916 4107 S.
2951 4034 3180 4103 Remigii
3218 4033 3438 4102 legitur.

1853 4129 2198 4196 Quaecunque
2225 4128 2367 4184 enim
2396 4127 2484 4181 hic
2503 4126 2570 4182 de
2591 4141 2656 4180 eo
2684 4133 2806 4179 sunt
2825 4133 3246 4179 commemorata
3270 4121 3441 4177 fusius

1841 4219 2088 4287 explicat
2120 4219 2446 4273 Hincmarus
2479 4218 2528 4272 in
2560 4215 2683 4270 Vita
2709 4215 2768 4269 S.
2803 4215 3050 4284 Remigii.
3088 4213 3280 4268 Petrus
3310 4225 3443 4266 vero

1854 4307 2135 4376 Equilinus
2185 4309 2252 4363 de
2304 4310 2518 4369 eodem,
2575 4319 2631 4361 et
2674 4306 2782 4360 filio
2824 4304 2941 4375 ejus
2972 4306 3029 4359 S.
3066 4303 3297 4360 Latrone
3327 4304 3438 4375 agit

1853 4398 1945 4453 lib.
1973 4415 2010 4462 ι,
2042 4415 2090 4454 c.
2124 4398 2214 4453 41.

174 4493 293 4544 dum
329 4507 528 4545 nomen
563 4491 816 4544 Ludovici
847 4465 919 4544 ‘in
945 4489 1230 4560 Clodovei},
1273 4499 1333 4543 ut
1385 4491 1438 4543 in
1481 4489 1518 4544 S
1551 4489 1747 4544 factum
1779 4465 1829 4524 θ
1927 4489 2164 4554 Quarum
2204 4505 2376 4542 rerum
2406 4497 2527 4542 sunt
2555 4486 2796 4540 Juliacus
2840 4495 2887 4538 et
2913 4484 3220 4537 Codiciacus
3239 4482 3440 4550 capita.

170 4590 251 4638 est
275 4592 330 4637 et
352 4581 403 4646 J,
432 4581 535 4636 etsi
563 4581 708 4635 idem
737 4596 930 4635 nomen
955 4596 1075 4635 esse
1105 4597 1212 4636 non
1239 4581 1310 4636 sit
1347 4581 1674 4653 negandum.

764 4670 990 4726 CAPUT
1026 4670 1163 4747 xw.

237 4763 359 4817 Non
381 4765 668 4827 modicam,
695 4778 893 4814 necnon
915 4762 1213 4814 earumdem
1232 4773 1430 4826 partem
1452 4778 1644 4824 rerum,
1667 4779 1748 4816 ec-

166 4853 332 4906 clesia:
350 4861 554 4905 sancta!
576 4849 765 4904 Maria:
786 4848 1034 4903 Laudnni
1055 4847 1278 4913 Clavati,
1306 4849 1573 4904 Rentemis
1591 4867 1745 4918 paro-

169 4942 292 4994 enim
311 4941 499 5005 castri,
524 4940 612 4993 ubi
637 4940 866 4992 nutritus
892 4938 1082 5006 fuerat,
1108 4940 1347 4993 tradidit.
1374 4939 1591 4996 Scilicet
1619 4956 1744 4995 san-

169 5041 279 5086 ctus
304 5031 607 5100 Remigius.
626 5029 759 5086 Cum
775 5029 921 5083 enim
942 5038 1180 5082 castrum
1193 5029 1432 5085 Laudnni
1447 5031 1605 5086 Clava
1615 5033 1672 5097 ti,
1687 5041 1743 5086 et

171 5123 448 5175 conntatus
469 5120 846 5175 Laudunensis
866 5119 1195 5188 pertinerent
1216 5121 1280 5173 ad
1309 5122 1618 5189 parochiam
1648 5138 1740 5177 seu

172 5213 438 5268 dicecesim
472 5212 814 5272 Remensem,
859 5211 972 5277 ipse
1011 5210 1069 5264 B.
1105 5211 1378 5282 Remigius
1409 5229 1602 5266 novum
1633 5215 1747 5282 cpi-

169 5315 438 5372 scopatum
463 5301 703 5371 Lugduni
729 5300 932 5361 erexit,
968 5309 1024 5352 ut
1047 5311 1154 5353 tum
1193 5318 1253 5355 ex
1283 5304 1388 5375 hoc
1409 5305 1601 5373 capite.
1633 5311 1742 5356 tum

1854 4580 1928 4634 lta
1956 4587 2265 4633 constanter
2294 4579 2472 4631 omnia
2501 4586 2684 4630 nostra
2721 4576 2904 4645 legunt
2928 4572 3278 4642 exemplaria,
3320 4580 3433 4631 tum

1854 4669 1957 4724 boc
1993 4668 2130 4730 loco,
2177 4678 2286 4720 tum
2343 4667 2526 4720 nmltis
2577 4665 2739 4728 infra,
2797 4673 2851 4718 et
2905 4663 3227 4716 l-lincmarus
3270 4675 3431 4720 manu

1855 4757 2106 4825 scriptus.
2135 4757 2472 4825 Quapropter
2489 4756 2630 4822 quod
2651 4754 2787 4821 apud
2813 4751 3027 4806 Snrium
3060 4752 3112 4804 in
3141 4749 3436 4827 Ilincmaro

1847 4833 1993 4920 typis
2033 4864 2233 4902 excuso
2277 4847 2490 4918 legitur,
2542 4846 2800 4899 Iudaicus
2847 4855 2893 4898 et
2922 4842 3206 4904 Ociliacus,
3233 4857 3299 4896 ex
3331 4841 3433 4896 hoc

1851 4948 2071 4992 auctore
2097 4947 2281 4992 nostro
2309 4937 2686 5006 corrigendum
2721 4946 2825 4987 est.
3085 4921 3087 4924 i

2453 5026 2681 5083 CAPUT
2718 5025 2832 5078 XV.
3068 5079 3073 5085 ,

1919 5114 2337 5172 Condebaudum
2379 5129 2424 5171 et
2468 5115 2854 5185 Godcgiselam.
2900 5112 2975 5167 Ita
3008 5117 3177 5169 codex
3221 5111 3430 5180 Rctnig.

1847 5205 2203 5262 conformiler
2239 5207 2497 5278 Gregorio
2543 5204 2874 5266 Turonensi,
2906 5203 3000 5257 lib.
3046 5223 3082 5266 ιι
3109 5204 3242 5256 llist.
3267 5200 3431 5251 Fian-

1845 5312 2052 5357 corum.
2101 5315 2149 5353 c.
2189 5299 2256 5352 52
2303 5310 2356 5352 et
2408 5298 2777 5366 sequentibus,
2823 5289 3270 5368 ctAitnoinolib.
3316 5290 3433 5340 ine
