3904 5396
446 298 552 353 547

1236 299 1652 357 COLVENERII
1692 301 1980 359 SCIIOLIA
2022 302 2088 356 IN
2129 301 2304 358 IIIST.
2345 303 2642 360 REMENS.
2684 303 2962 361 ECCLES.

3594 299 3715 356 558

447 414 612 470 selum
654 412 924 483 legebant.
958 410 1086 467 Erat
1121 422 1301 468 autem
1345 412 1745 472 Gondebaudus
1771 417 1893 482 iste,
1915 413 2022 477 vel,
2053 416 2103 475 Α
2131 416 2327 471 Verum
2360 417 2443 472 his
2468 418 2783 472 adversatur
2802 415 2943 486 quod
2972 415 3124 471 initio
3153 414 3309 485 nujus
3335 412 3534 484 capitis
3569 414 3718 468 dici‘

449 513 512 559 ut
534 504 587 558 in
623 503 910 557 lliucmaro
929 511 984 558 et
1010 503 1281 569 Aimoino,
1305 503 1703 579 Gundebaldus,
1743 505 1794 560 in
1820 499 2045 577 Grego-'

450 591 536 645 rio
582 589 1006 656 Gundobaldus,
1054 607 1150 646 rex
1217 593 1681 663 Burgundionum,
1743 595 1833 666 qui
1890 605 2028 651 teste

453 681 641 736 eodem
657 681 915 752 Gregorio
931 683 1329 739 hatresiAriana
1361 686 1542 741 infecti
1578 696 1752 742 erant.
1780 687 2030 744 Massmus

453 770 606 824 initio
638 770 733 826 lib.
764 786 839 824 xu
866 770 1068 826 Chron.
1097 774 1288 828 scribit
1325 772 1724 831 Gundebaldum
1756 787 1804 832 et
1825 776 2034 833 Gunde-

453 857 684 928 gisilum.

535 946 796 1004 Venerunt
834 968 990 1018 super
1018 951 1272 1007 Oscaram
1308 956 1547 1024 ﬂuvium,
1589 973 1735 1012 secus
1764 957 2033 1013 Divionent

455 1049 687 1096 castrum
707 1079 721 1105 ,
746 1048 880 1106 etc.,
921 1051 966 1096 et
992 1044 1046 1097 in
1081 1043 1331 1098 Avinione
1366 1055 1538 1100 castro
1561 1064 1616 1100 sc
1647 1048 2034 1104 Gondebaudus

457 1130 790 1186 concludens.
823 1132 881 1187 In
911 1132 1201 1188 Hincmaro
1251 1133 1557 1201 Oecharam,
1609 1141 1877 1209 quomodo
1905 1140 2039 1196 scri-

458 1222 538 1277 bit
565 1221 623 1278 S.
658 1223 851 1280 Omnia
890 1234 1067 1280 autem
1097 1227 1445 1298 exemplaria,
1478 1237 1676 1299 praeter
1709 1230 1756 1294 J,
1791 1233 2038 1286 Avionem

463 1312 767 1379 habebant,
819 1313 910 1369 sed
947 1315 1262 1371 Avinionem
1297 1319 1614 1388 scripsimus
1634 1335 1700 1375 ex
1748 1320 2040 1378 Hiucmaro

460 1410 516 1456 et
555 1402 838 1473 Gregorio,
873 1406 964 1476 qui
995 1422 1120 1462 eum
1171 1407 1500 1464 Avenionem
1528 1411 1715 1465 urbem
1739 1412 2038 1482 ingressum

462 1506 584 1548 esse
611 1493 760 1549 dicit.
790 1494 1052 1552 Similiter
1076 1507 1130 1552 et
1159 1497 1410 1554 Masszeus
1434 1499 1738 1556 Avinionem
1770 1487 2041 1559 nominat.
2120 1509 2124 1516 ‘

464 1583 718 1642 Nicotaus
737 1587 1014 1643 Chesneau
1042 1591 1206 1645 vertit
1232 1592 1486 1662 Avignon.

533 1675 601 1730 Et
621 1679 942 1747 synodo,per
965 1679 1132 1732 sancti
1156 1683 1362 1748 patroni
1389 1683 1471 1736 sui
1505 1681 1725 1754 Remigii
1740 1685 2033 1752 consilium,

2129 515 2220 560 tur
2245 521 2260 559 :
2295 505 2560 564 Praesules
2585 505 2768 562 Galliae
2793 507 3035 576 petiisse,
3064 514 3124 560 ut
3147 506 3206 560 Β.
3234 504 3516 575 Remigius
3541 505 3608 557 ad
3642 503 3719 557 it-

2130 597 2219 652 lud
2247 599 2528 654 concilium
2551 599 2778 653 veniret.
2815 597 2965 663 Quod
3006 597 3145 652 idem
3174 596 3334 651 habet
3359 595 3715 653 llincmarus,

2130 697 2184 742 ct
2212 697 2435 758 uterque
2461 688 2592 743 dicit
2614 689 2668 742 in
2707 702 2868 742 causa
2917 685 3036 741 lidei
3069 685 3396 741 celebratum
3426 699 3568 747 esse,
3595 699 3715 737 non

2133 788 2344 834 tantum
2371 779 2438 832 ab
2465 778 2732 847 episcopis
2760 775 2968 839 Gallias,
2999 775 3092 830 sed
3120 784 3175 829 et
3220 773 3445 842 Belgica:
3490 771 3721 842 provin-

2133 869 2362 932 ciarum,
2394 875 2452 920 ut
2503 867 2702 922 diserte
2748 867 2941 920 asserit
2979 865 3320 920 Ilincmarus.
3358 861 3543 932 Neque
3572 862 3722 915 hanc

2135 961 2419 1030 synodum,
2448 967 2508 1014 ut
2537 959 2602 1014 ad
2633 973 2717 1014 me
2737 957 2951 1026 scripsit
2971 971 3132 1026 supra
3164 955 3362 1009 citatus
3391 952 3722 1009 Guillelmus

2137 1051 2184 1106 le
2208 1050 2404 1120 Begue,
2432 1051 2726 1106 Remenses
2765 1055 3078 1119 agnoscunt.
3134 1045 3312 1113 Quare
3350 1044 3627 1100 existimat
3658 1042 3720 1096 id

2139 1144 2338 1200 factum
2386 1144 2438 1199 in
2467 1143 2721 1213 praedicta
2750 1141 2955 1213 synodo
2987 1138 3379 1194 Aurelianensi.
3411 1134 3608 1190 Verum
3657 1132 3721 1188 id

2139 1237 2421 1292 manifeste
2474 1235 2790 1290 adversatur
2833 1233 3123 1287 Hincmaro
3164 1239 3219 1284 et
3263 1227 3587 1286 Flodoardo,
3616 1223 3722 1293 qui

2141 1325 2273 1381 duas
2297 1324 2530 1396 synodos
2553 1331 2608 1379 et
2629 1323 2766 1377 hanc
2811 1337 2841 1375 a
2885 1321 3065 1391 priore
3101 1319 3369 1374 diversam
3400 1322 3723 1370 recensent.

2711 1411 2936 1468 CAPUT
2976 1410 3136 1465 XVII.

2214 1488 2447 1576 semper,
2475 1507 2733 1575 inquiens,
2755 1513 2828 1558 est
2864 1503 3025 1558 bonus
3052 1502 3220 1572 focus,
3244 1501 3288 1555 si
3321 1515 3424 1554 non
3451 1512 3606 1566 super
3625 1510 3726 1563 po—

2144 1612 2258 1656 test.
2297 1600 2375 1654 Ita
2420 1598 2599 1653 omnia
2652 1595 2982 1664 exemplaria
3024 1604 3079 1650 et
3129 1594 3471 1648 Ilincmarus.
3515 1589 3727 1643 Sensus

2147 1705 2268 1746 esse
2295 1689 2506 1744 videtur
2536 1701 2551 1740 :
2597 1687 2654 1742 Si
2699 1685 2832 1740 nihil
2881 1685 3108 1754 amplius
3137 1683 3322 1739 haberi
3352 1689 3553 1751 potest.
3602 1677 3727 1742 Quo

461 1765 518 1819 in
546 1766 672 1818 urbe
707 1763 1069 1822 Aurelianensi
1091 1769 1285 1824 habita.
1327 1769 1452 1826 Haec
1487 1783 1566 1827 est
1595 1775 1767 1843 prima
1807 1777 2044 1847 synodus
2075 1775 2118 1834 Β
2147 1783 2274 1837 facit
2314 1780 2457 1851 quod
2486 1781 2539 1834 in
2571 1779 2861 1833 llincmaro
2886 1776 3159 1846 praecedit,
3195 1776 3251 1828 Β.
3277 1771 3581 1842 Remigium
3607 1769 3728 1822 haec

462 1855 862 1912 Aurelianensis
895 1876 908 1912 :
940 1868 1116 1914 exstat
1146 1869 1277 1916 tom.
1307 1862 1346 1916 ll
1399 1861 1604 1918 Concil.
1636 1865 1768 1920 Eam
1797 1867 1910 1922 vult
1939 1867 2048 1922 Ba-

465 1963 584 2002 ron.
611 1949 850 2004 habitam
881 1967 1023 2005 anno
1046 1952 1185 2020 507;
1227 1953 1563 2025 Sigebertus,
1594 1957 1866 2020 Masszeus,
1900 1957 2048 2013 Onu-

465 2041 652 2110 phrius
681 2049 733 2097 et
771 2043 882 2105 alii.
930 2059 1072 2098 anno
1122 2045 1246 2100 512.
1300 2046 1443 2100 Inter
1494 2057 1720 2103 czeteros
1754 2050 2048 2120 subscripti

467 2128 721 2201 leguntur
751 2132 809 2186 S.
843 2133 1120 2188 Gildaldus
1164 2134 1613 2206 Rothomagensis
1656 2139 1959 2210 episcopus,
1993 2149 2050 2195 et

470 2219 532 2275 S.
563 2222 744 2290 Lupus
783 2221 1206 2280 Suessionensis.

544 2311 842 2384 Tunicaqtte
867 2314 1080 2370 blattea.
1121 2315 1213 2372 Sic
1244 2316 1292 2372 M
1322 2315 1349 2372 J
1385 2328 1440 2373 et
1460 2319 1784 2375 Hincmarus
1805 2311 2052 2377 manusc.

470 2417 706 2460 excusas
731 2407 868 2474 apud
901 2405 1142 2472 Surium,
1166 2408 1256 2478 qui
1286 2409 1337 2463 in
1362 2411 1603 2481 margine
1626 2426 1844 2481 quoque
1887 2413 2055 2468 adno-

471 2497 607 2551 tavit
645 2514 658 2551 :
701 2516 718 2549 ι
753 2497 981 2553 Blattam
1022 2514 1120 2569 pro
1151 2515 1386 2570 purpura
1428 2503 1579 2570 ponit
1607 2501 1879 2558 Sidonius.
1909 2521 1929 2555 ι
1962 2502 2056 2557 Sic

471 2597 526 2643 ct
552 2587 885 2660 Sigebertus,
915 2605 979 2645 ex
1021 2607 1149 2646 mss.
1184 2592 1460 2648 codicibus
1486 2610 1515 2647 a
1537 2594 1653 2650 viro
1675 2595 1899 2651 doctiss.
1924 2598 2058 2651 Aut-

474 2679 631 2732 lierto
680 2679 861 2734 Miraeo
901 2680 1099 2746 editus,
1128 2683 1227 2736 etsi
1271 2681 1476 2737 Gallica
1517 2684 1846 2753 exemplaria
1878 2685 2058 2757 legant

475 2769 748 2835 blacteam,
771 2770 1092 2826 Germanica
1114 2771 1410 2841 Bt'acteam,
1431 2773 1493 2830 (Ζ.
1521 2775 1709 2842 baltea,
1735 2775 1792 2830 S.
1817 2777 2054 2830 blattrea.

476 2859 677 2916 Verum
704 2877 733 2914 a
764 2863 940 2932 prima
971 2864 1199 2919 lectione
1235 2880 1342 2920 non
1385 2875 1469 2920 est
1511 2867 1889 2922 recedendum.
1922 2866 2057 2921 Nam

477 2963 536 3009 et
573 2954 834 3010 blatteum
863 2971 960 3026 pro
983 2967 1256 3028 purpureo
1297 2969 1561 3029 usurpant
1591 2960 1898 3030 Eutropius,
1927 2961 2060 3016 Cas-

479 3046 727 3102 siodorus
756 3056 811 3103 et
843 3047 954 3102 alii.
994 3049 1147 3104 Adde
1192 3051 1335 3121 quod
1385 3053 1618 3106 tunicam
1661 3052 1902 3108 blatteam
1931 3054 2060 3122 legit

2148 1871 2438 1944 tranquillo
2480 1872 2643 1925 corde
2679 1876 2733 1923 et
2759 1882 2854 1923 ore
2882 1865 3101 1920 dixisse.
3128 1864 3186 1919 In
3224 1862 3428 1919 Gallico
3453 1859 3724 1914 vertitur:

2150 1967 2208 2023 Si
2242 1979 2345 2018 non
2376 1961 2611 2024 excedit,
2633 1967 2688 2014 et
2715 1973 2820 2012 non
2859 1956 3018 2012 nimis
3043 1963 3236 2026 potens
3263 1961 3368 2007 est.

2228 2054 2345 2108 Viri
2365 2050 2644 2123 ponderosi
2671 2049 2821 2118 ﬁant,
2851 2057 2898 2101 et
2936 2045 3144 2116 femina:
3172 2043 3396 2114 gutturis
3428 2038 3731 2096 calamitate

2149 2148 2462 2220 plectantur.
2492 2143 2591 2199 llic
2626 2139 3000 2214 ponderositas
3037 2139 3226 2192 vitium
3263 2144 3346 2191 est
3387 2132 3730 2204 genitalium,

2150 2239 2292 2312 quod
2319 2236 2477 2308 quale
2503 2235 2574 2290 sit
2599 2232 2832 2304 explicat
2851 2229 2909 2286 S.
2934 2228 3118 2300 Greg.,
3144 2243 3160 2281 ι
3191 2236 3329 2298 part.
3362 2224 3520 2280 Cura:
3549 2231 3732 2292 pasto-

2153 2330 2302 2396 ralis,
2331 2343 2454 2398 cap.
2476 2326 2576 2382 ult.
3355 2363 3360 2371 .

2226 2418 2485 2486 Quoniam
2511 2414 2885 2472 vicedominum
2910 2409 3157 2466 Ecclesite
3188 2406 3453 2462 Bernensis
3473 2405 3527 2458 in
3551 2404 3733 2457 eadem

2156 2509 2280 2566 villa
2314 2515 2583 2562 necarunt.
2616 2503 2895 2570 Quodnam
2942 2499 3106 2554 fuerit
3153 2497 3281 2552 olim
3326 2496 3430 2550 hoc
3467 2493 3731 2556 ofﬁcium,

2155 2601 2445 2656 videantur
2473 2610 2709 2652 canones
2746 2593 2887 2665 apud
2937 2591 3090 2648 Grat.
3132 2591 3256 2645 dist.
3290 2589 3378 2650 89,
3409 2601 3531 2655 cap.
3578 2584 3737 2636 Volu-

2157 2707 2274 2745 mus
2321 2698 2376 2745 et
2405 2685 2776 2758 sequentibus.
2825 2683 2904 2738 Ex
2934 2697 3040 2752 quo
3065 2681 3208 2743 loco,
3237 2689 3291 2734 et
3318 2676 3457 2733 infra
3493 2691 3562 2730 ex
3609 2673 3731 2727 Flo-

2160 2780 2384 2844 doardo,
2401 2777 2538 2833 libro
2560 2774 2814 2838 secundo,
2839 2787 2958 2842 cap.
2987 2770 3074 2836 l3,
3099 2777 3311 2824 constat
3335 2767 3525 2821 eadem
3551 2764 3730 2819 fuisse.

2159 2869 2556 2926 viaedominum
2599 2876 2655 2922 et
2683 2878 3022 2922 oeconomum
3047 2861 3310 2918 ecclesia.
3350 2857 3552 2912 Eodem
3583 2854 3736 2909 modo

2162 2963 2388 3034 exponit
2441 2959 2753 3030 Onuphrius
2809 2959 2864 3012 in
2920 2953 3360 3024 interpretatione
3409 2963 3605 3003 vocum
3653 2960 3738 3000 ee-

2165 3052 2614 3108 clesiasticarum.
2661 3047 2867 3105 Gallice
2910 3046 3142 3100 vertitur
3190 3043 3390 3098 vidame
3437 3040 3503 3094 de
3539 3038 3736 3093 Reims.

475 3137 705 3208 Gregor.
733 3139 1083 3207 Turonensis,
1105 3115 1279 3197 lib.-u.
1309 3143 1447 3198 Hist.
1467 3115 2057 3216 Francorum,cap.l’;8.
2087 3125 2134 3186 (ἶ
2165 3146 2297 3200 Nam
2349 3143 2551 3200 Gallice
2595 3115 2746 3195 da‘ine
2793 3139 2922 3194 olim
2974 3135 3335 3230 usurpabatur
3385 3143 3741 3230 genere-ima:

483 3227 635 3294 Quod
659 3239 839 3285 autem
863 3231 952 3286 hic
978 3232 1176 3287 dicitur
1206 3233 1396 3288 iisdem
1421 3251 1559 3305 pene
1584 3237 1764 3292 verbis
1793 3237 1954 3292 habet
1978 3236 2064 3294 Si-
2164 3235 2373 3292 sculino
2391 3249 2492 3304 pro
2511 3232 2748 3296 domino,
2771 3239 2834 3284 ut
2874 3228 3066 3319 probat
3088 3217 3741 3319 Sebastianus-Roulliard

489 3319 744 3388 gebertus
770 3322 835 3375 ad
871 3337 1070 3376 annum
1109 3322 1232 3388 5l0,
1264 3325 1336 3379 ita
1390 3328 1632 3382 scribens
1665 3345 1680 3381 :
1720 3346 1738 3381 t
1769 3327 2066 3386 Clodoveus
2163 3325 2219 3387 in
2252 3339 2349 3380 sua
2395 3321 2706 3378 Ρπιιὶθιηῖει
2737 3316 3076 3382 ῧθτηοίθηείο
3099 3329 3218 3384 cap-
3251 3313 3340 3375 1⁷*
3370 3312 3460 3365 “bi
3500 3310 3612 3364 me
3637 3310 3742 3377 ³8⁵³

486 3422 583 3463 rex
616 3410 683 3463 ab
703 3409 993 3466 Anastasio
1019 3413 1343 3482 imperatore
1368 3417 1642 3474 codicillos
1669 3419 1735 3474 de
1764 3419 2065 3487 consulatu,
2165 3417 2234 3471 de
2247 3414 2598 3470 vicedominis
2617 3409 2874 3466 Ecclesiae
2893 3403 3560 3469 Carnotensis,declarans
3573 3398 3742 3470 quod-

486 3506 542 3551 et
571 3513 824 3554 coronam
857 3517 1078 3556 auream
1110 3519 1231 3558 cum
1267 3507 1526 3575 gemmis,
1553 3517 1608 3563 et
1638 3509 1874 3564 tunicam
1922 3509 2066 3565 blat—
2167 3508 2291 3562 nam
2320 3514 2377 3562 et
2404 3505 2561 3573 quale
2597 3502 2758 3557 fuerit
2782 3515 2968 3555 eorum
2990 3497 3246 3554 cilicium.

487 3597 630 3643 team
672 3591 900 3660 accepit,
927 3601 981 3646 et
1031 3607 1100 3647 ex
1143 3609 1207 3647 ea
1253 3595 1338 3650 die
1373 3597 1561 3651 consul
1591 3607 1646 3653 et
1679 3599 1953 3668 Augustus
1986 3608 2072 3654 est
2239 3595 2370 3649 Cum
2392 3592 2588 3648 dederit
2606 3591 2806 3645 dilectis
2825 3591 2933 3643 suis
2959 3601 3217 3648 somnum,
3240 3584 3350 3636 Ita'c
3371 3589 3445 3635 est
3465 3579 3745 3633 hmreditas

489 3681 809 3751 appellatus.
851 3683 970 3755 Ipse
999 3700 1126 3740 vero
1150 3702 1243 3741 rex
1269 3689 1416 3743 misit
1444 3689 1667 3744 Romam
1697 3691 1756 3746 S.
1789 3691 1947 3747 Ρειιιο
1974 3707 2068 3747 co.
2168 3685 2398 3740 Domini.
2449 3683 2526 3738 Ita
2573 3681 2894 3737 Psalterium
2944 3678 3246 3732 Romanum
3298 3674 3444 3744 legit.
3491 3672 3744 3726 Nostrum

489 3786 679 3827 ronatn
711 3789 927 3830 auream
968 3791 1092 3830 cum
1123 3779 1368 3848 gemmis,
1391 3795 1512 3850 quas
1549 3797 1771 3851 regnum
1811 3783 2054 3853 appellar?

2168 3777 2398 3845 vulgatae
2443 3773 2737 3839 editionis,
2775 3770 2918 3842 quod
2960 3767 3234 3824 consensit
3273 3779 3398 3820 cum
3446 3762 3743 3825 Gallicana,

489 3865 645 3920 solet.
691 3885 710 3918 ι
745 3866 980 3922 Pertinet
1023 3870 1088 3924 ad
1133 3868 1372 3937 ejusdem
1418 3874 1496 3927 rei
1544 3873 1825 3929 clariorem
1872 3875 2071 3930 intelli-

491 3955 726 4024 gentiam
753 3956 892 4024 quod
917 3958 992 4011 ait
1012 3957 1258 4029 Papirius
1289 3959 1571 4016 Massonus
1595 3961 1732 4015 libro
1758 3963 1934 4031 primo
1962 3963 2072 4015 An-

493 4046 604 4098 nal.
657 4045 1012 4115 Francorum,
1059 4050 1144 4104 his
1183 4053 1363 4106 verbis
1403 4069 1418 4106 :
1468 4072 1485 4103 ι
1532 4053 1851 4109 Anastasius
1893 4054 2073 4108 Cmsar

492 4133 744 4190 Clodovei
795 4152 989 4191 nomen
1026 4153 1220 4207 resque
1258 4150 1436 4209 gestas
1485 4143 1740 4204 miratus,
1773 4144 1978 4213 legatos
2005 4144 2072 4197 ad

493 4241 617 4279 eum
662 4227 713 4279 in
760 4226 1017 4282 Celticam
1052 4230 1197 4284 misit
1226 4246 1291 4284 ex
1338 4232 1564 4296 Gnecia,
1599 4234 1956 4288 honoraturos
1995 4249 2076 4290 re-

497 4330 617 4384 gem
645 4315 976 4372 Francorum
1011 4321 1221 4389 patricii
1261 4321 1522 4390 dignitate
1553 4338 1580 4375 a
1611 4323 1888 4377 consulatu
1920 4324 2075 4394 longe

499 4407 743 4470 diversa,
783 4407 871 4462 illa
902 4411 1045 4464 enim
1073 4419 1349 4478 perpetua,
1381 4411 1492 4465 lucc
1523 4411 1752 4466 annalis.
1783 4432 1800 4463 ι
1842 4411 1930 4468 Sic
1966 4414 2071 4468 ille.

2169 3866 2330 3937 paulo
2360 3864 2536 3917 aliter.

2193 3963 2195 3966 ‘
2240 3954 2310 4007 Et
2334 3951 2530 4007 nullius
2555 3958 2815 4022 propatats
2843 3965 3028 4020 corpus
3057 3946 3361 4002 servabatur
3385 3946 3440 3999 in
3467 3961 3531 3998 ea
3555 3942 3744 4006 sancti,

2172 4043 2656 4114 circumjacentibus
2703 4051 2875 4095 tamen
2925 4039 3093 4100 atriis,
3132 4036 3362 4092 ecclesia:
3401 4035 3745 4088 cameterium

2174 4136 2439 4205 ferebatur
2498 4151 2563 4189 ea:
2625 4134 2838 4202 antiquo
2887 4130 3171 4185 Bernensis.
3224 4129 3310 4190 SJ,
3354 4127 3646 4190 Rentense,
3694 4133 3745 4178 et

2175 4235 2287 4280 tota
2341 4226 2610 4280 sententia
2663 4223 2864 4278 clarior
2907 4230 2991 4275 est
3038 4221 3092 4274 in
3136 4217 3467 4280 Hincmaro,
3499 4217 3570 4270 ad
3613 4217 3746 4268 hunc

2173 4317 2390 4370 modum
2420 4333 2432 4370 :
2461 4334 2480 4367 ι
2521 4314 2626 4369 Sed
2655 4313 2858 4368 nullutn
2887 4325 3084 4378 corpus
3109 4307 3368 4363 nominati
3400 4305 3575 4360 sancti
3609 4305 3659 4357 in
3687 4317 3744 4355 ea

2171 4408 2404 4478 iacebat,
2434 4417 2487 4462 et
2515 4407 2568 4461 in
2599 4421 2704 4475 qua
2735 4405 2892 4473 eique
2923 4401 3430 4471 circumiacentibus
3477 4398 3652 4460 atriis,
3683 4411 3742 4448 ex

569 4497 781 4553 Litteris
811 4503 920 4554 suis
949 4502 1018 4554 ad
1055 4477 1201 4554 illum
1241 4503 1469 4556 directis.
1516 4503 1732 4558 Littera}
1774 4503 2054 4558 Hortnisda

2176 4477 2400 4568 antiquo
2445 4504 2563 4550 erat
2613 4485 2980 4549 coemeteriutn
3010 4490 3294 4546 Remensis
3333 4489 3599 4543 ecclesiae.
3632 4506 3650 4540 ι
3682 4485 3744 4540 Ut

499 4605 670 4662 papae.
703 4592 897 4660 quibus
926 4592 1070 4648 vices
1098 4608 1222 4649 suas
1255 4593 1314 4647 Β.
1349 4594 1592 4664 Remigio
1633 4595 1685 4648 in
1716 4609 1878 4664 regno
1904 4595 2075 4651 Ludo-

499 4684 601 4737 vici
649 4685 938 4760 commisit,
987 4693 1201 4739 exstant
1255 4695 1400 4740 tomo
1459 4687 1694 4741 secundo
1743 4687 1972 4752 Concil.,
2017 4697 2073 4742 et

502 4777 639 4845 apud
667 4775 905 4841 Surium,
939 4786 1082 4831 tomo
1106 4779 1297 4848 primo,
1327 4778 1378 4832 in
1415 4778 1533 4834 Vita
1556 4778 1725 4849 ipsius
1750 4778 1808 4832 B.
1841 4777 2074 4849 Remigii

503 4879 600 4934 per
628 4864 973 4921 llincmarum
1005 4870 1334 4937 conscripta.

1094 4958 1321 5013 CAPUT
1358 4959 1495 5013 XVI.

577 5044 782 5100 Nomen
811 5047 998 5100 svnodi
1042 5048 1095 5100 in
1135 5063 1238 5100 una
1277 5047 1333 5100 S-
1382 5047 1654 5100 lletnicius
1681 5050 1945 5100 convertit
1971 5049 2082 5100 hae-

2177 4587 2320 4643 enim
2339 4588 2402 4640 ad
2421 4586 2712 4654 marginem
2739 4582 3012 4636 adnotavit
3034 4581 3087 4634 in
3107 4579 3308 4634 Gallica
3333 4579 3582 4632 versione
3598 4577 3744 4629 Nico-

2179 4678 2295 4732 laus
2317 4677 2618 4742 Chesneau,
2634 4675 2910 4744 antiquum
2931 4673 3297 4728 coemeterium
3319 4671 3588 4726 Remensc
3602 4680 3743 4724 extra

2178 4771 2365 4824 urbem
2399 4768 2516 4822 fuit.

2249 4859 2491 4914 Adeloldi
2535 4874 2738 4928 quoque
2785 4858 2861 4911 tui
2901 4856 3142 4909 miserere
3172 4853 3381 4924 famuli.
3416 4851 3516 4906 Hic
3545 4851 3746 4905 videtur

2176 4951 2262 5007 vel
2290 4959 2479 5005 auctor
2515 4948 2827 5003 monimenti
2867 4948 2939 5002 ibi
2981 4947 3181 5016 positi,
3212 4943 3295 4997 vel
3334 4943 3514 5012 potius
3563 4943 3743 4995 hormn

2179 5043 2539 5100 rvthmorum,
2575 5054 2710 5100 QUOS
2735 5053 2834 5100 ’,ξεν
2857 5038 3070 5091 modum
3091 5050 3342 5090 versuum
3372 5033 3567 5087 θιρυάἱ
3598 5047 3743 5086 cura-
