3904 5396
141 219 252 277 349

1431 221 1498 276 ΙΝ
1532 219 1792 277 LIBRUM
1829 219 2121 278 PRIMUM.

3313 223 3420 280 5’30

144 338 389 405 aliunde,
410 339 478 397 de
520 355 629 413 quo
669 341 750 400 sic
782 343 1040 415 prsel'atur
1068 360 1083 397 :
1116 360 1135 395 ι
1175 342 1364 400 Exstat
1391 339 1456 395 Ι).
1505 338 1735 408 Remigii
1768 343 1811 402 Α
1845 336 2070 402 domus,
2103 352 2224 407 qua:
2257 336 2489 394 oratoria
2535 345 2590 393 et
2626 339 2821 396 sacella
2843 340 3095 412 adjuncta
3124 341 3420 415 habebam,

145 428 438 488 Remensis
464 434 877 506 artbiepiscopi,
905 437 998 508 qui
1041 435 1257 490 laudum
1288 450 1505 490 suarum
1537 447 1742 504 praeco-

153 537 281 576 nem
353 526 634 596 egregium
698 528 980 583 Sidonium
1043 527 1409 598 Apollinarem
1476 523 1739 594 aequalem

148 628 308 667 suum
330 616 559 684 epistula
581 619 611 670 7
638 617 727 672 lib.
751 635 828 684 ιι,
854 619 1017 675 habet
1035 619 1254 688 elegans
1275 626 1680 680 testamentum,
1706 630 1736 669 a

150 718 236 757 me
283 707 491 774 pridem
540 724 607 764 ex
658 709 936 764 Hincmari
983 719 1036 766 et
1078 709 1362 764 Flodoardi
1418 708 1651 771 scriniis,
1687 715 1743 760 et

150 791 322 860 ipsius
343 793 630 852 Remensis
645 798 899 854 Ecclesia:
915 799 1115 853 archiis
1128 799 1479 868 descriptum,
1496 797 1743 852 versione

153 891 205 935 et
248 899 422 955 nuper
451 902 481 940 a
513 885 736 943 Nicolao
784 889 1053 956 Querculo
1102 889 1154 944 in
1203 889 1410 944 Gallica
1435 889 1740 953 Flodoardi,

153 975 379 1042 editum,
413 997 432 1030 ι
469 986 580 1033 etc.
610 980 784 1036 Habet
823 981 1012 1036 eodem
1059 981 1178 1036 loco
1227 981 1534 1036 Brissonius
1582 989 1744 1034 testa-

156 1072 397 1122 mentum
453 1067 717 1124 Hadoindi
780 1070 1208 1128 Cenomanensis
1269 1073 1528 1143 episcopi.
1577 1071 1745 1142 llujus

156 1155 403 1211 meminit
453 1157 788 1217 Flodoardus
841 1162 978 1218 libro
1031 1165 1288 1229 secundo,
1323 1165 1497 1236 capite
1532 1165 1742 1234 quinto,

155 1244 396 1312 ejusdem
441 1249 556 1306 fere
603 1254 788 1308 saeculi
828 1264 880 1308 et
922 1257 1067 1327 styli,
1094 1257 1237 1325 quod
1266 1257 1343 1311 sie
1366 1257 1551 1327 incipit
1582 1275 1596 1310 :
1631 1275 1650 1308 ι
1686 1256 1743 1311 lu

157 1337 374 1393 nomine
398 1339 610 1397 Domini
633 1345 803 1399 nostri
825 1345 952 1402 Jesu
969 1346 1187 1413 Christi,
1215 1358 1271 1403 et
1291 1348 1527 1419 Spiritus
1546 1348 1742 1415 sancti,

157 1439 246 1480 nn
277 1426 357 1482 ιιι.
411 1430 696 1489 Februarii
739 1436 791 1490 in
825 1453 967 1493 anno
994 1455 1024 1492 v
1049 1448 1311 1508 regnante
1355 1439 1746 1510 gloriosissimo

157 1517 425 1578 Clodoveo
452 1539 594 1596 rege.
617 1526 728 1598 Ego
748 1527 1084 1596 lladoindus,
1107 1545 1170 1586 ac
1193 1531 1236 1585 si
1259 1531 1511 1601 indiguus
1532 1531 1745 1586 tametsi

161 1623 436 1678 peccator,
457 1617 745 1686 episcopus
771 1629 974 1674 sanetae
994 1620 1085 1676 Dei
1108 1620 1364 1676 Ecclesia:
1385 1621 1748 1676 Cenomannis

1845 428 2109 498 inquibus
2136 444 2164 482 a
2191 437 2345 498 patre
2371 429 2632 484 diaconia:
2649 431 2764 486 sive
2777 431 3002 488 diacono
3031 435 3214 504 egenis
3237 452 3398 494 neces

1843 520 1986 574 saria
2025 519 2596 574 subministrabuntur.
2622 521 2755 576 Vide
2778 521 3113 592 Onuplirium
3129 526 3219 581 ubi
3235 543 3421 583 suora.

1843 611 2086 667 Meminit
2110 613 2303 666 horum
2330 612 2623 668 Zacharias
2661 629 2794 682 papa
2827 617 2985 685 epist.
3017 616 3069 669 Ἰ.

1924 705 2082 759 Vicus
2111 723 2176 759 ex
2195 707 2405 775 proprio
2430 708 2484 759 in
2518 705 2780 771 Portcnsi,
2804 717 2920 762 et...
2955 706 3178 766 Villams
3198 729 3424 784 quoque,

1843 805 1948 853 etc.
1989 796 2080 850 MS
2114 797 2216 851 hoe
2251 797 2382 870 loeol
2401 807 2455 851 et
2485 813 2609 852 mox
2641 798 2776 852 infra
2811 797 3080 866 Porcensi,
3111 803 3238 856 item
3277 803 3429 857 villa-

1847 889 1917 941 ris
1966 886 2170 957 legunt,
2219 896 2273 941 et
2319 887 2370 941 in
2414 887 2463 941 M
2511 898 2664 943 vacat
2697 891 2966 959 spatium,
2999 901 3057 946 ut
3095 894 3428 963 signiﬁcetur

1845 976 2034 1030 deesse
2065 975 2243 1046 aliqua
2295 976 2484 1040 dictio,
2516 978 2592 1031 uti
2621 987 2676 1032 et
2709 978 2882 1045 infra;
2919 980 3058 1049 quod
3092 997 3121 1035 a
3152 981 3430 1038 Brissunio

1846 1075 1900 1122 et
1931 1065 2050 1120 aliis
2072 1082 2176 1120 non
2206 1075 2288 1120 est
2319 1068 2780 1132 animadversum,
2809 1069 3036 1138 ideoque
3055 1071 3234 1125 omnia
3258 1073 3433 1127 couti-

1846 1169 2036 1215 nenter
2082 1159 2346 1214 scribunt.
2377 1159 2582 1214 Similis
2631 1170 2714 1214 est
2761 1161 2997 1216 varietas
3034 1161 3126 1217 lib.
3160 1179 3223 1229 ll,
3261 1179 3311 1218 c.
3340 1165 3431 1231 ll,

1847 1253 1938 1306 ubi
1987 1252 2140 1306 initio
2189 1252 2380 1321 capitis
2417 1251 2509 1304 MS
2543 1252 2568 1308 J
2613 1253 2805 1307 iterum
2840 1251 3086 1308 Porcensi
3113 1253 3313 1325 legunt,
3339 1256 3434 1311 sed

1847 1343 1887 1397 C
1938 1344 2098 1397 vertit
2146 1339 2356 1406 Postez,
2403 1351 2459 1397 et
2504 1343 2557 1396 in
2593 1359 2617 1395 s
2677 1342 2854 1396 littera
2893 1346 3342 1414 tsuperponitur.
3375 1345 3433 1400 in

1848 1431 1954 1486 ﬁne
1980 1446 2106 1486 vero
2143 1430 2192 1484 M
2215 1430 2330 1484 etC
2361 1428 2623 1496 Portensi,
2654 1431 2746 1485 lib.
2783 1447 2865 1496 ιιι,
2892 1447 2942 1486 c.
2969 1432 3022 1498 7,
3045 1448 3225 1487 omnia
3253 1433 3438 1503 legunt

1847 1519 2123 1586 Porcensi,
2176 1530 2231 1575 et
2282 1520 2479 1576 ibidem
2534 1523 2715 1586 vertit,
2755 1519 2940 1585 I’otez,
2989 1523 3082 1576 sed
3115 1524 3166 1577 in
3195 1523 3438 1592 margine

1848 1614 2000 1684 ponit
2028 1630 2095 1666 ou
2125 1614 2188 1666 de
2207 1611 2464 1667 Portium.
2491 1613 2621 1667 Item
2645 1612 2736 1666 lib.
2771 1629 2847 1678 tv,
2885 1629 2935 1668 c.
2961 1614 3050 1678 29,
3083 1629 3277 1685 pagum
3304 1613 3440 1668 Por-

156 1702 391 1758 civitatis
414 1745 433 1772 ,
466 1721 632 1762 sanus
656 1748 670 1771 ,
706 1709 815 1764 Deo
860 1711 1113 1782 propitio,
1169 1721 1350 1768 mente
1399 1723 1452 1766 et
1498 1727 1744 1782 corpore,
1778 1729 1824 1789 Β
1852 1714 2090 1768 tensem,
2118 1702 2187 1760 CJ
2219 1702 2539 1759 Porceusem
2562 1744 2577 1768 ,
2614 1713 2668 1759 et
2694 1703 2896 1760 Gallice
2931 1705 3091 1759 vertit
3117 1704 3169 1758 la
3201 1714 3337 1759 terre
3373 1704 3439 1760 de

160 1809 400 1865 saneque
424 1799 673 1866 consilio,
688 1811 933 1857 metuens
952 1819 1136 1859 casum
1151 1805 1399 1859 humanm
1420 1805 1749 1877 fragilitatis,

159 1895 540 1945 testamentum
589 1893 826 1958 condidi,
874 1895 1034 1965 idque
1081 1895 1312 1951 Cadulto
1359 1897 1590 1953 diacono
1617 1897 1752 1953 scri—

158 1979 392 2036 bendum
443 1983 663 2040 dictavi.
719 1987 872 2054 Quod
918 1996 1302 2044 testamentum
1333 2005 1544 2057 meum,
1573 1991 1618 2046 si
1645 2005 1752 2059 quo

159 2083 282 2123 casu
309 2071 438 2140 jure
465 2074 634 2140 civili,
659 2085 752 2130 aut
774 2078 1052 2147 prmtorio,
1072 2083 1157 2134 vel
1185 2078 1410 2149 alicujus
1437 2097 1589 2136 nova:
1617 2081 1753 2152 legis

161 2159 470 2217 interventu
500 2164 683 2220 valere
733 2167 1058 2236 nequiverit,
1090 2183 1153 2224 ac
1179 2169 1225 2224 si
1269 2171 1337 2224 ab
1377 2171 1651 2235 intestato,
1685 2173 1752 2227 ad

162 2253 332 2308 vicem
364 2255 739 2312 codicillorum
768 2260 950 2316 valere
988 2263 1039 2316 id
1073 2263 1214 2328 volo,
1239 2273 1293 2318 et
1320 2263 1515 2318 valeat.
1564 2264 1753 2335 itaque

159 2346 206 2400 si
251 2349 473 2416 quando
511 2365 613 2421 ego
652 2351 963 2429 iiadoindus
1005 2355 1408 2425 suprascriptus
1451 2355 1691 2425 cpiscop.
1724 2370 1755 2410 e

166 2437 322 2493 rebus
348 2439 607 2496 humanis
621 2457 928 2510 excessero,
943 2453 996 2498 et
1010 2444 1248 2499 debitum
1266 2456 1427 2500 ventu
1437 2446 1478 2498 ri
1499 2446 1756 2516 temporis

163 2531 529 2602 complevere,
555 2542 682 2588 tunc
713 2543 768 2588 tu
807 2534 906 2590 SS.
941 2536 1181 2592 Ecclesia
1225 2537 1548 2592 venerabilis
1582 2539 1754 2594 [iteres

166 2637 279 2677 mea
309 2633 455 2691 esto,
488 2626 865 2697 literedemque
892 2643 1067 2683 meam
1097 2635 1149 2682 te
1185 2644 1303 2684 esse
1331 2629 1608 2684 constituo
1639 2648 1652 2683 :
1680 2630 1755 2684 ita

166 2725 223 2769 ut
265 2717 580 2788 ubicunque
617 2719 817 2788 aliquid
865 2736 963 2790 per
1007 2722 1111 2777 hoc
1165 2730 1546 2777 testamentum
1576 2738 1755 2778 meum

164 2807 385 2875 dedero,
419 2809 672 2882 legavero
720 2812 918 2866 dareve
961 2811 1194 2881 jussero,
1224 2814 1277 2868 id
1326 2823 1384 2869 ut
1430 2814 1610 2880 detur,
1641 2813 1754 2885 ﬁat,

164 2911 470 2969 praestetur,
502 2903 624 2959 ﬁdei
675 2910 779 2957 tute
825 2904 998 2959 haeres
1049 2920 1168 2958 mea
1220 2906 1526 2971 committo,
1585 2924 1602 2958 ι
1646 2914 1753 2961 etc.

168 2995 293 3062 Quze
337 2995 544 3051 idcirco
593 2997 701 3051 huc
756 2995 938 3059 attuli,
969 2996 1095 3065 quia
1142 2996 1350 3052 faciunt
1385 2997 1452 3050 ad
1493 2995 1753 3064 majorem

169 3087 479 3142 testamenti
518 3085 580 3142 Β.
612 3087 838 3157 Remigii
873 3067 1306 3158 intelligentia’m,
1338 3090 1482 3158 quod
1509 3087 1750 3157 quidem,
1781 3094 1826 3157 C

166 3180 266 3236 etsi
314 3179 632 3234 ﬁdelissime
665 3195 695 3233 a
742 3179 1019 3235 Brissonio
1066 3179 1137 3235 sit
1179 3180 1403 3243 editum,
1459 3189 1542 3234 est
1574 3189 1756 3234 tamen

170 3271 256 3326 ubi
281 3270 546 3340 majorem
582 3270 872 3326 admittere
911 3277 1090 3343 potest
1126 3271 1459 3344 diligentiam
1491 3279 1546 3324 et
1573 3284 1760 3326 emen-

171 3363 462 3418 dationem.

240 3452 300 3508 Si
323 3455 372 3506 ei
386 3453 530 3522 juris
559 3453 761 3524 aliquid
784 3453 1043 3508 videbitur
1067 3452 1314 3522 defuisse.
1349 3452 1582 3508 Rcstitui
1621 3453 1668 3507 si
1714 3454 1762 3508 ei

171 3559 262 3615 pro
288 3545 426 3614 ﬁeri.
461 3543 552 3598 MS
595 3545 734 3598 male
771 3543 985 3613 a/fuisse
1036 3559 1138 3615 pro
1173 3543 1426 3614 defuisse,
1460 3543 1565 3598 nisi
1620 3543 1763 3598 forte

174 3639 432 3706 scriptum
466 3634 628 3692 fuerit
657 3635 906 3705 abfuisse.

241 3723 515 3778 Donavere
541 3765 555 3789 ,
609 3723 846 3794 legavero
891 3725 1070 3778 darive
1101 3723 1329 3793 jussero.
1371 3721 1450 3776 lta
1489 3721 1582 3776 MS
1629 3720 1658 3776 J
1710 3727 1765 3776 et

175 3817 410 3872 Brisson.
445 3816 506 3881 C,
553 3817 800 3870 donando
836 3820 1091 3887 legarero.
1122 3815 1286 3870 Paulo
1300 3824 1421 3884 post
1447 3817 1584 3870 male
1613 3816 1766 3870 Bris-

180 3925 292 3964 son.
337 3907 594 3963 Ponlensi
625 3923 723 3978 pro
777 3907 1042 3974 Portensi,
1093 3909 1234 3978 quod
1282 3907 1421 3962 forte
1452 3908 1767 3978 typographi

177 4001 425 4056 mendum
456 3989 725 4066 est,'sicut
756 4013 810 4058 et
832 4005 998 4058 multo
1017 4020 1156 4074 p05t,
1181 4003 1392 4058 colonos
1413 4019 1509 4074 pro
1531 4004 1764 4069 colonus,

177 4101 222 4145 et
254 4102 374 4162 post
420 4101 532 4147 tres
567 4093 836 4149 dictiones
864 4096 1065 4149 omittit
1102 4095 1189 4149 illa
1227 4095 1389 4148 verba
1412 4133 1428 4158 ,
1455 4111 1572 4146 cum
1596 4095 1767 4148 omni-

179 4181 265 4235 bus
305 4198 437 4252 quos
486 4183 757 4237 intestatus
795 4185 1069 4253 reliquero,
1123 4200 1242 4254 qua:
1281 4183 1476 4238 desunt
1512 4183 1676 4237 etiam
1712 4183 1766 4237 in

179 4272 235 4336 (Ξ,
257 4283 309 4326 et
338 4273 444 4328 alia
494 4273 751 4329 nonnulla
796 4290 915 4346 quae
944 4289 1011 4330 ex
1048 4275 1169 4330 aliis
1202 4273 1600 4344 exemplaribus
1642 4287 1769 4344 sup-

180 4364 338 4434 plevi.

1856 1794 2116 1850 Portium.

1924 1887 2285 1941 Duodeciacus
2315 1904 2431 1942 vero
2468 1887 2601 1941 sicut
2633 1904 2664 1940 a
2706 1886 3042 1954 Clodowullo,
3076 1895 3180 1942 etc.
3219 1886 3292 1953 M,
3331 1885 3442 1941 Lu-

1853 1977 2096 2043 dowallo,
2151 1985 2206 2032 et
2255 1977 2506 2032 similiter
2563 1976 2703 2032 infra
2752 1976 3123 2032 Ludowuldus.
3173 1977 3441 2043 Brisson.,

1855 2069 2232 2135 lllodovvaldo,
2268 2079 2323 2124 et
2371 2070 2622 2125 similiter
2669 2068 2805 2125 infra
2848 2068 2940 2123 lib.
2995 2086 3073 2133 Ill,
3108 2085 3226 2139 cap.
3262 2069 3352 2123 ΞΟ.
3384 2069 3441 2123 1ιι

1854 2162 2108 2217 erunibus
2122 2162 2524 2231 exemplaribus
2549 2161 2631 2216 bis
2655 2161 2847 2233 legitur
2859 2173 3071 2216 sanctus
3097 2161 3440 2216 Clodoaldus.

1854 2251 2053 2307 Beatus
2102 2253 2382 2324 Remigius
2439 2253 2599 2322 paulo
2649 2253 2789 2307 infra
2835 2262 2992 2308 vocat
3037 2268 3160 2306 eum
3217 2267 3444 2322 puerum

1855 2344 2288 2410 sanctissimum;
2316 2345 2524 2414 sibique
2540 2344 2868 2399 unanimem.
2885 2345 3063 2412 Agunt
3081 2345 3148 2398 de
3169 2358 3234 2398 eo
3250 2343 3450 2398 Usuar—

1855 2438 1975 2502 dus,
2024 2437 2326 2492 Romanum
2389 2436 2692 2507 Martyrol.,
2739 2434 3012 2506 Martyrol.
3085 2435 3444 2489 monasticutn

1854 2527 2077 2581 Arnoldi
2128 2525 2332 2592 Wiou.,
2385 2536 2441 2581 et
2469 2526 2571 2580 alia
2603 2524 2749 2580 die7
2803 2523 3155 2593 Septembris.
3208 2523 3448 2590 Quiescit

1849 2617 2003 2688 juxta
2028 2615 2286 2680 Parisios,
2325 2616 2528 2671 Gallice
2567 2613 2946 2671 Saint-Cloud.
2975 2614 3100 2683 Agit
3129 2613 3194 2668 de
3222 2628 3287 2669 eo
3311 2612 3450 2667 Gre-

1857 2726 1972 2781 gor.
2022 2709 2323 2765 Turonens.
2377 2707 2468 2764 lib.
2529 2724 2586 2762 ιιι
2638 2707 2842 2762 Hister.
2871 2706 3232 2771 Francorum,
3261 2721 3380 2775 cap.
3413 2703 3448 2759 6

1856 2815 1911 2862 et
1939 2805 1995 2872 8,
2028 2804 2117 2860 ubi
2147 2803 2405 2858 scribitur
2426 2799 2816 2856 Clilodovaldus
2839 2817 2858 2867 ;
2883 2809 2938 2855 et
2973 2797 3286 2869 Sigebertus
3306 2811 3450 2852 anno

1856 2898 1982 2952 551.
2022 2895 2192 2951 Filius
2240 2893 2344 2948 fuit
2387 2891 2724 2949 Clodomeris
2785 2891 2950 2962 regis,
2990 2903 3158 2958 nepos
3195 2886 3449 2944 Clodovei

1856 2991 2039 3062 primi.

1928 3082 1996 3136 In
2047 3081 2279 3144 Austria,
2329 3079 2434 3135 sive
2473 3077 2720 3147 Toringa.
2770 3074 2860 3131 Sic
2881 3073 3060 3130 omnia
3091 3070 3446 3142 exemplaria,

1860 3174 1952 3230 sed
1977 3173 2015 3228 S
2049 3173 2334 3243 Thoringn,
2364 3170 2606 3225 Brisson.
2634 3177 2689 3223 et
2716 3164 2764 3233 J,
2800 3165 3070 3235 Toringia.

1939 3265 2150 3320 Futuro
2181 3266 2421 3336 episcopo
2447 3261 2736 3317 successori
2759 3274 2872 3312 meo
2898 3253 3250 3327 amplribalum
3273 3252 3451 3305 album

1860 3358 2161 3429 pascltalem
2185 3357 2438 3425 relinquo.
2470 3353 2559 3408 Sic
2585 3360 2782 3407 extera
2808 3348 2988 3404 omnia
3013 3356 3209 3418 prmter
3234 3343 3452 3398 tertium

1861 3453 2160 3523 exemplar,
2204 3466 2310 3521 quo
2380 3464 2510 3503 usus
2569 3456 2653 3502 est
2690 3443 2940 3500 Nicolaus
2968 3439 3269 3503 Chesneau,
3309 3433 3455 3505 quod

1863 3546 1994 3615 legit
2041 3542 2358 3614 pastoralem
2399 3556 2498 3611 pro
2528 3537 2847 3610 paschalem.
2878 3531 3231 3603 Amphibalus
3271 3537 3453 3581 autem

1865 3634 2240 3688 indumentum
2284 3629 2500 3698 aliquod
2542 3629 2821 3698 designat,
2852 3640 2883 3681 a
2913 3622 3104 3679 Graeco
3134 3617 3453 3695 ἀμφιϐάλλει,

1865 3726 2218 3791 circumpono,
2249 3720 2443 3789 aperio,
2472 3717 2656 3770 induo.

1938 3812 2088 3867 Inter
2124 3820 2170 3864 te
2191 3849 2206 3874 ,
2254 3810 2418 3862 lateres
2448 3823 2580 3869 mea,
2613 3815 2660 3860 et
2692 3805 2953 3859 dioecesim
2987 3813 3132 3857 tuam
3160 3802 3455 3859 Ecclesium

1867 3904 2290 3966 Laudunensem,
2313 3908 2367 3953 et
2390 3897 2550 3961 infra,
2573 3896 2835 3951 Lauduni.
2854 3895 2928 3950 lla
2952 3895 3039 3949 hic
3063 3903 3118 3948 et
3143 3893 3281 3948 infra
3309 3904 3456 3950 recte

1869 3995 2106 4051 correxit
2144 3993 2202 4048 S.
2253 3990 2514 4046 Similiter
2552 3989 2795 4044 Brisson.
2847 3995 2902 4042 et
2929 3984 2957 4040 J
2998 3995 3262 4056 perpetuo,
3299 3985 3446 4057 legit,

1872 4099 1991 4140 cum
2037 4082 2085 4136 Μ
2114 4089 2168 4136 et
2202 4081 2248 4135 Il
2276 4081 2475 4150 ubique
2500 4077 2901 4149 Lugdunensem
2941 4084 2991 4129 et
3017 4074 3324 4146 Lugdunum
3353 4075 3454 4128 ha~

1871 4175 2081 4238 herent,
2101 4171 2193 4228 sed
2224 4185 2527 4244 perperam.
2556 4168 2694 4236 Quid
2723 4167 2866 4222 enim
2895 4166 3147 4221 Ecclesia:
3161 4163 3454 4219 Rhemensi

1871 4281 1994 4322 cum
2039 4261 2429 4334 Lugdunensi‘l
2459 4259 2835 4337 Laudunensis
2862 4273 2992 4312 vero
3017 4272 3138 4311 cum
3167 4271 3293 4326 pars
3314 4262 3459 4309 esset

1875 4356 2127 4412 ditecesis
2152 4353 2492 4418 Rhemensis,
2520 4353 2588 4406 ab
2619 4352 2735 4422 ipso
2781 4349 3024 4420 Remigio
3051 4357 3231 4402 erecta
3269 4355 3352 4402 est
3402 4346 3459 4400 in

250 4457 358 4512 Tuo
384 4459 619 4512 dominio
674 4453 980 4514 vindicabis.
1035 4457 1125 4514 Sic
1168 4467 1274 4514 tam
1321 4459 1425 4514 hoc
1456 4457 1574 4512 loco
1603 4471 1764 4526 quam
1791 4440 1844 4500 D
1872 4449 2236 4505 cathedralem
2285 4445 2578 4502 Rhemensi
2623 4443 2944 4514 sulijeetam,
2978 4449 3036 4493 ut
3085 4438 3460 4493 adnotavimus

183 4546 260 4602 bis
294 4548 345 4602 in
390 4550 572 4604 medio
614 4551 921 4604 testamenti
973 4549 1173 4604 habent
1203 4549 1383 4602 omnia
1415 4547 1764 4617 exemplaria,

187 4650 236 4694 et
268 4641 508 4698 Brisson.
538 4657 664 4697 cum
703 4641 987 4710 legendum
1017 4641 1293 4695 videretur
1312 4638 1631 4693 vendicabis.
1660 4637 1768 4692 Sed

186 4732 340 4785 etiam
390 4733 552 4787 hodie
605 4729 749 4786 docti
796 4732 877 4786 sic
933 4726 1564 4796 scribendun'ijmlicant,
1600 4738 1655 4782 et
1694 4728 1768 4782 ita

187 4821 305 4877 olim
345 4825 611 4894 scriptum
661 4822 824 4878 fuisse
868 4823 1028 4877 docet
1074 4821 1243 4876 Aldus
1281 4818 1552 4874 Manutius
1581 4819 1632 4872 in
1673 4833 1769 4872 sua

191 4913 599 4986 Ortliograpliia.
633 4913 783 4970 Unde
812 4913 1024 4976 vindex,
1049 4927 1154 4966 non
1187 4911 1405 4973 vendex,
1438 4917 1494 4963 et
1509 4908 1769 4962 vindiciar.

193 5005 340 5062 Certe
381 5009 654 5062 vindicare
701 5006 845 5061 inter
884 5012 1078 5058 caetera
1113 5001 1384 5074 signiﬁcat
1405 5016 1651 5054 asserere.
1684 4995 1772 5052 Vi-

195 5096 373 5150 dratur
413 5097 722 5152 Ludovicus
746 5093 1105 5164 Rhodiginus,
1155 5093 1248 5149 lib.
1281 5105 1392 5146 xvu
1426 5091 1771 5160 antiquarum

192 5185 516 5252 Lectionum,
543 5203 594 5242 c.
623 5186 708 5243 29.

256 5278 319 5333 In
365 5277 611 5349 ptochiis,
657 5274 944 5339 coenobiis,
987 5273 1276 5343 martyriis,
1326 5270 1604 5326 diaconiis.
1649 5269 1776 5323 Pto-

197 5369 361 5396 A‘.:.l|h1
421 5369 613 5396 [η’-ΜΛΔ
643 5373 908 5396 __-.-.-A.A|I

963 5363 1176 5396 l'nli\lllll
1211 5359 1578 5396 ηιοηδῖρηιιιιηὶ
1608 5357 1774 5396 niani-

1871 4556 2030 4610 supra
2061 4538 2126 4592 ad
2164 4553 2285 4606 cap.
2326 4536 2392 4590 l4
2425 4555 2438 4590 :
2469 4537 2695 4604 ideoque
2725 4531 3018 4587 Ecclesium
3044 4529 3456 4583 Laudunensem

1872 4630 1962 4685 hic
1995 4635 2150 4682 vocat
2175 4625 2451 4680 dioecesim
2475 4623 2856 4677 Rhemensem.
2890 4618 3154 4672 Praeterea
3178 4616 3254 4670 sic
3273 4615 3459 4683 legen-

1873 4723 2000 4777 dum
2037 4728 2184 4791 patet
2219 4733 2284 4772 ex
2318 4731 2436 4785 cap.
2484 4714 2554 4768 20
2607 4713 2774 4771 infra.
2823 4710 2914 4765 ubi
2945 4709 3146 4764 diserte
3171 4704 3460 4794 Auisiacus

1873 4810 2214 4867 Laudunensi
2265 4806 2521 4862 Ecclesia:
2568 4801 2906 4866 attribuitur,
2952 4809 3007 4855 et
3053 4814 3120 4856 ex
3169 4796 3344 4868 capite
3395 4794 3460 4850 ﬂ

1876 4916 2059 4971 supra,
2097 4900 2188 4952 ubi
2219 4897 2418 4952 dicitur
2439 4893 2497 4948 S.
2529 4893 2806 4962 Remigius
2834 4905 2941 4944 non
2963 4889 3228 4944 modicam
3250 4891 3462 4957 partem

1874 4992 2274 5064 possessionum
2297 4989 2398 5045 sibi
2449 5003 2479 5041 a
2522 4988 2814 5046 Clndoveo,
2841 4990 2896 5036 et
2923 4981 3042 5036 aliis
3071 4983 3314 5038 datarum
3348 4984 3463 5029 tra-

1878 5083 2079 5137 didisse
2101 5080 2344 5136 ecclesia:
2377 5077 2434 5133 S.
2459 5076 2645 5135 Maria:
2668 5072 2915 5130 Lauduni
2945 5072 3175 5135 Clavati,
3198 5067 3468 5138 quomodo

1875 5175 2160 5245 legendum
2213 5182 2298 5227 est
2345 5171 2397 5225 in
2445 5169 2607 5241 Greg.
2661 5167 2866 5222 Turon.
2911 5165 3008 5220 lib.
3047 5181 3120 5229 vr,
3154 5173 3271 5226 cap.
3301 5155 3472 5218 4,ubi

1880 5267 2124 5336 Lugduni
2148 5264 2351 5319 Clavati
2379 5260 2598 5328 legitur.

1959 5331 2098 5396 illm!
2125 5372 2328 5396 mmmm
2363 5368 2450 5396 nas
2480 5366 2699 5396 nni-pum
2728 5346 2907 5396 decem
2937 5345 3211 5396 librarum.
3257 5333 3348 5387 Sic
3379 5331 3474 5385 MS
