3904 5396
444 254 563 313 *551

464 366 635 432 thesi,
673 344 795 423 cum
831 374 1012 436 postea
1040 364 1204 430 dicat,
1234 383 1253 415 ι
1287 379 1405 433 qua:
1441 350 1690 417 Lauduni
1716 361 1768 414 in
1792 365 2045 429 argenteo
2075 359 2119 417 Α

465 462 579 532 ipse
598 459 814 515 dictavi.
854 478 874 513 ι

486 568 493 573 “
534 552 700 607 Iubeo
733 549 1043 604 turriculum
1068 558 1116 603 et
1143 551 1484 617 imaginalum
1515 548 1725 602 calicem
1769 547 2041 618 fabricari.

467 646 559 701 Sic
587 644 637 698 Μ
686 653 743 700 et
782 643 841 707 J,’
860 660 922 697 ex
949 657 1055 711 quo
1082 641 1217 696 alius
1251 641 1377 695 fecit
1400 638 1745 703 tlmribulum,
1776 640 2044 709 quomodo

467 738 526 793 C.
564 737 693 807 legit
722 726 774 791 in
809 744 1060 800 textu,'et
1093 733 1419 795 Brissonius,
1449 731 1544 786 sed
1589 730 1641 785 in
1684 730 1923 800 margine
1951 747 2046 784 no-

470 838 550 883 tat
585 827 626 883 (Ζ
660 829 793 883 alias
814 827 913 898 legi
942 825 1253 880 turrirnlum
1282 839 1341 877 .'(
1372 814 1477 878 Pro
1498 840 1624 894 quo,
1661 825 1854 893 inquit,
1887 825 2047 877 turri-

467 923 640 975 culam
661 936 859 975 censeo
883 920 1264 999 reponendmn.
1302 918 1396 971 Est
1420 927 1599 972 autem
1624 916 1880 972 turricula
1901 916 2043 985 quod

468 1016 627 1085 vulgo
670 1016 934 1071 ciborium
966 993 1178 1071 vocant.
1220 1034 1238 1066 ι
1270 1013 1361 1069 Sic
1405 1013 1531 1078 ille,
1578 1022 1632 1068 et
1673 991 1974 1084 propterea
2007 1010 2044 1067 S

469 1102 778 1164 tuniculam
810 1109 1047 1179 scripsit.
1088 1106 1204 1161 Non
1243 1123 1363 1162 esse
1408 1106 1689 1177 legendum
1720 1103 2046 1159 tlturtbulum

471 1202 702 1270 primum
730 1217 794 1255 ex
839 1215 905 1255 eo
939 1200 1196 1269 probatur
1236 1199 1379 1268 quod
1425 1198 1644 1252 omnino
1672 1197 1742 1252 sit
1780 1197 2047 1250 verisimi-

472 1294 573 1349 lius
614 1309 679 1348 ex
729 1308 857 1347 vase
895 1308 1060 1347 aureo
1098 1291 1386 1362 (quomodo
1427 1289 1710 1361 legendum
1745 1287 2047 1357 docuimus)

473 1401 590 1439 eum
627 1384 802 1453 potius
841 1383 1066 1454 jussisse
1116 1381 1228 1436 lieri
1265 1396 1361 1435 vas
1417 1380 1483 1434 ad
1529 1396 1682 1434 usum
1726 1378 2048 1432 venerabilis

469 1477 794 1532 sacramenti
832 1468 1190 1537 eucharistizc,
1222 1490 1381 1543 quam
1412 1470 1765 1527 thuribulum.
1798 1466 2049 1525 Secundo

471 1570 595 1648 quia
635 1568 818 1622 addit:
857 1586 875 1618 ι
917 1567 983 1622 Ει
1013 1567 1401 1636 epigrammata
1438 1580 1555 1632 qua:
1603 1562 1844 1618 Laudnni
1879 1563 1930 1616 in
1962 1555 2057 1629 ιη’-ξ

470 1669 666 1731 genteo
702 1660 816 1729 ipse
845 1659 1070 1721 dictavi,
1096 1659 1148 1712 in
1178 1659 1278 1713 hoc
1309 1672 1523 1726 (pioque
1549 1654 1817 1710 conscribi
1848 1651 1986 1707 volo.
2022 1673 2041 1704 ι

468 1755 598 1819 Quae
626 1742 849 1821 prorsus
880 1742 963 1806 ea
985 1750 1236 1806 videntur
1275 1764 1396 1804 esse
1428 1765 1548 1818 qua:
1578 1732 1740 1817 Supra
1782 1746 2049 1805 habentur

468 1858 587 1921 cap.
641 1840 730 1897 10.
782 1842 1137 1912 lmaginatnm
1190 1841 1412 1919 calicem
1456 1841 1586 1894 dicit
1627 1830 1946 1911 imaginibus
1992 1830 2049 1895 et

470 1935 654 2007 ﬁguris
682 1934 969 2003 sculptnm.
1000 1933 1143 1988 lnl'ra
1182 1948 1392 2003 quoque
1419 1933 1556 1988 libro
1583 1935 1842 1995 secundo,
1869 1922 2046 2003 capite

469 2034 643 2088 sexto,
675 2021 879 2078 mentio
907 2032 989 2079 est
1044 2023 1207 2077 turris
1255 2038 1445 2097 aurea:
1470 2038 1633 2092 super
1666 2021 1837 2076 altare
1876 2022 2048 2077 beatae

470 2116 652 2171 Mariae
680 2117 886 2187 positae,
907 2109 1075 2186 quam
1112 2125 1166 2170 et
1191 2116 1383 2172 ibidem
1420 2117 1681 2172 eiborium
1720 2117 2048 2186 interpreta-

472 2216 560 2262 tur
603 2208 741 2263 idem
772 2207 1021 2263 Nicotaus
1071 2207 1372 2273 Chesneau,
1419 2209 1521 2263 hoc
1549 2217 1632 2264 est
1670 2208 2048 2278 repositorium

468 2298 791 2377 venerabilis
829 2299 1151 2353 sacramenti
1180 2286 1540 2363 eueharistiae,
1572 2313 1602 2353 a
1642 2297 1807 2368 ﬁgura
1839 2298 1919 2354 sic
1946 2315 2047 2353 no-

470 2388 753 2447 mina'um.
784 2388 851 2443 Et
874 2387 1008 2443 infra
1040 2389 1178 2444 libro
1206 2406 1282 2456 tv,
1312 2390 1486 2460 capite
1515 2388 1728 2445 decimo
1753 2404 1912 2449 nono,
1941 2403 2052 2443 me-

470 2476 627 2536 minit
654 2480 984 2536 Flodoardus
1016 2479 1201 2534 cibarii
1235 2495 1397 2550 super
1422 2474 1594 2535 altare
1615 2487 1817 2533 sancta:
1845 2476 2047 2533 Marizc.

468 2560 602 2630 item
636 2573 800 2628 turris
821 2588 998 2627 aurea:
1024 2558 1360 2626 adeumdem
1393 2587 1547 2626 usum
1584 2562 1921 2625 mentionem
1966 2569 2050 2623 l‘a-

472 2668 547 2721 cit
578 2663 868 2718 Venantius
910 2663 1238 2717 Fortunatus
1287 2662 1424 2717 libro
1467 2648 1647 2725 tertio,
1691 2661 1867 2730 capite
1903 2662 2051 2734 vige-

472 2758 609 2812 simo
638 2756 815 2818 tertio,
844 2755 896 2808 in
928 2745 1313 2827 epigrammate
1360 2755 1427 2808 ad
1471 2744 1705 2809 Felicem
1751 2744 2057 2809 Biturieen-

474 2863 611 2925 sem,
641 2846 729 2925 qui
755 2845 1074 2916 subscripsit
1100 2846 1304 2917 synodo
1332 2844 1567 2899 secundo
1595 2843 1920 2909 Turonensi,
1952 2843 2053 2898 ha-

467 2921 599 3003 bita:
639 2921 780 2988 anno
805 2926 931 2989 570.
967 2928 1227 2989 'Ahsolute
1267 2942 1466 2988 turrem
1497 2932 1738 2987 nominat
1762 2931 2054 3004 Gregorius

474 3029 826 3099 Turonensis,
860 3028 998 3084 libro
1031 3029 1204 3098 primo
1234 3028 1299 3084 de
1326 3028 1506 3085 Gloria
1533 3038 1851 3101 martyrum,
1876 3021 2051 3101 capite
2080 3049 2127 3110 ρ

471 3110 566 3181 ΒΘ.
606 3120 790 3174 dicens
827 3136 842 3172 :
892 3137 907 3170 ι
956 3118 1298 3191 Acceptaque
1345 3132 1493 3175 turre
1533 3120 1808 3183 diaconus,
1854 3119 1907 3174 in
1946 3137 2049 3191 qua

476 3212 793 3287 mysterium
821 3211 1083 3265 Dominici
1109 3211 1351 3280 corporis
1379 3211 1695 3272 habebatur,
1725 3210 1870 3266 ferre
1888 3208 2054 3282 οωρῆ

476 3302 542 3354 ..(1
587 3303 815 3366 ostium;
864 3302 1242 3372 ingressusque
1290 3301 1584 3372 templum,
1625 3314 1686 3357 ut
1729 3317 1848 3357 eam
1895 3301 2051 3355 altari

477 3400 903 3462 superponeret,
957 3391 1138 3463 elapsa
1189 3393 1256 3448 de
1304 3408 1466 3447 manu
1513 3391 1628 3462 ejus
1678 3390 1950 3447 ferebatur
1999 3392 2050 3445 in

474 3492 626 3555 aera,
662 3501 681 3533 ι
717 3489 823 3536 etc.
856 3478 923 3536 Ut
955 3491 1131 3536 tamen
1165 3498 1195 3537 a
1223 3483 1498 3539 veteribus
1524 3481 1920 3553 exemplaribus
1948 3497 2052 3535 non

478 3566 813 3638 recedamus,
865 3575 957 3644 qui
1004 3575 1315 3630 turriculum
1363 3586 1675 3632 constanter
1723 3576 1929 3647 legunt,
1980 3576 2057 3647 (et

473 3656 791 3733 plerumque
826 3680 887 3719 ea
913 3660 1072 3720 lectio
1101 3666 1279 3720 verior
1306 3675 1410 3732 est,
1447 3682 1565 3736 qua:
1593 3674 1673 3720 est
1708 3666 1887 3721 minus
1917 3667 2058 3721 veri-

472 3755 688 3829 Isimilis)
736 3765 917 3827 potest
957 3757 1083 3811 illud
1130 3758 1313 3828 recipi,
1365 3768 1423 3813 ut
1464 3758 1533 3813 sit
1576 3757 1920 3828 adjectivum,
1956 3754 2057 3829 pro

478 3850 724 3901 turrftum
778 3848 859 3903 vel
901 3849 1289 3904 turris-ulmum.
1338 3847 1472 3904 Nam
1524 3844 1773 3916 turricus,
1840 3867 1896 3917 α,
1945 3867 2054 3918 um,

479 3937 675 4010 legitur
691 3956 752 3995 ea
782 3932 1174 4013 signiﬁcatione
1192 3944 1245 3998 in
1265 3941 1484 3998 Summa
1505 3941 1727 3999 Joannis
1746 3937 2053 4006 Januensis‘.

477 4022 936 4111 quai'Catholicon
960 4033 1176 4088 dicitur.
1202 4033 1369 4087 Porro
1396 4049 1462 4088 ex
1484 4049 1549 4088 eo
1584 4035 1726 4105 quod
1750 4034 1875 4090 huic
1903 4036 2056 4091 calici

476 4121 852 4207 bvelitinseribi
885 4139 1069 4178 versus
1109 4122 1247 4189 illos,
1289 4140 1426 4193 quos
1472 4118 1638 4179 habes
1677 4141 1838 4195 supra
1882 4127 2058 4197 capite

479 4205 713 4273 decimo,
738 4205 1085 4279 intelligimus
1113 4212 1257 4265 hunc
1281 4211 1448 4267 fuisse
1477 4212 1701 4267 calicem
1735 4210 2059 4270 ministeria-

467 4291 610 4383 :iem,
640 4312 696 4357 ut
726 4303 881 4357 docet
905 4302 1214 4372 Onuphrius
1265 4302 1352 4356 ubi
1398 4318 1578 4372 supra.
1629 4304 1835 4361 Idcirco
1876 4318 2055 4361 autem

1231 244 1642 339 concussu
1683 218 1977 299 scaeua
2016 239 2081 295 IN
2127 213 2303 296 lltST.
2342 235 2638 295 aeneus.
2680 236 2959 292 ECCLES.

3612 220 3731 283 333

2147 330 2393 408 versitas'
2430 366 2488 404 rx
2535 365 2600 405 eo
2646 350 2958 420 provenisse
2994 329 3234 406 'vidctu‘r,
3273 342 3411 412 quod
3442 355 3549 401 non
3578 340 3747 411 plena

2145 443 2400 503 dictione,
2429 449 2484 494 et
2506 446 2606 509 per
2636 447 2792 494 notas
2842 448 3184 492 numerorum
3213 434 3478 502 scriptum
3526 431 3601 486 sit
3628 428 3743 482 sol.

2146 535 2203 599 Ξ,
2251 534 2518 603 quomodo
2565 531 2835 601 plerisque
2883 529 3017 584 locis
3064 527 3239 582 adhuc
3286 525 3517 580 habetur
3552 525 3615 578 in
3669 521 3757 586 ll,

2145 625 2287 695 quod
2314 623 2453 677 alius
2483 622 2676 676 litteris
2700 619 2961 675 extendit.

2217 716 2390 780 Supra
2445 724 2679 785 cryptam
2734 711 3019 766 Remorum
3072 707 3351 776 mdiﬁcavi.
3410 705 3505 760 Sic
3549 718 3748 759 omnia

2144 808 2494 877 exemplaria.
2538 806 2720 873 Quare
2769 805 2909 859 male
2939 802 3206 865 Brisson.,
3251 814 3412 868 supra
3460 798 3747 866 scriptam,

2147 898 2252 954 nisi
2284 897 2537 952 mendum
2569 896 2639 950 sit
2680 878 3020 965 typographi.

2217 992 2387 1047 Rebus
2415 990 2676 1062 prioribus
2705 971 3067 1056 superaddidi.
3125 1001 3219 1039 ulc
3263 983 3354 1037 MS
3398 986 3449 1037 «Ι.
3488 982 3747 1034 Brisson.

2147 1102 2276 1142 vero
2301 1085 2439 1147 etC,
2468 1084 2619 1139 rebus
2656 1080 3010 1149 superioribus
3043 1077 3250 1138 addidi,
3289 1089 3390 1129 nec
3428 1071 3751 1127 Brissonius

2147 1176 2199 1230 id
2252 1173 2389 1229 bene
2428 1171 2607 1243 jungit
2658 1167 3009 1239 sequentibus
3068 1173 3255 1220 contra
3305 1159 3489 1216 omnia
3546 1172 3751 1213 exem-

2148 1266 2232 1336 pla
2242 1266 2340 1319 ria.

2168 1382 2173 1392 ι
2220 1356 2458 1410 Plebeias
2482 1370 2639 1423 supra
2669 1351 2972 1406 Matronam
3021 1346 3267 1416 adjuu-xi.
3306 1343 3384 1399 Ita
3426 1341 3757 1396 Brissonius

2146 1456 2201 1503 et
2229 1447 2408 1501 munia
2441 1442 2793 1513 exemplaria,
2815 1439 3087 1511 quomodo
3126 1446 3182 1492 et
3216 1435 3367 1490 intra
3412 1433 3497 1487 bis
3542 1430 3749 1498 legitur

2147 1538 2201 1592 in
2254 1538 2359 1593 hoc
2409 1543 2753 1596 testamento,
2807 1531 2910 1587 nisi
2957 1528 3099 1599 quod
3144 1527 3185 1582 C
3227 1527 3281 1579 in
3322 1525 3588 1594 impresso
3638 1522 3747 1575 hoc

2150 1627 2270 1682 loco
2302 1626 2500 1682 habeat
2543 1623 2860 1683 Maternum,
2892 1620 3035 1690 quod
3069 1615 3308 1686 ejusdem
3366 1613 3516 1667 liuvn
3548 1624 3747 1665 recen-

2080 1704 2121 1761 Β
2153 1722 2258 1774 tius
2287 1731 2481 1772 nomen
2519 1722 2603 1770 ρει
2629 1755 2645 1780 ,
2696 1711 2902 1768 Gallice
2950 1704 3158 1763 Μήτηρ.
3210 1705 3398 1774 Itaque
3422 1701 3753 1771 promiscue

2148 1827 2292 1868 nunc
2337 1823 2525 1870 unum,
2581 1820 2726 1862 nunc
2778 1804 3009 1858 alterum
3062 1801 3117 1855 in
3165 1794 3472 1853 Flodoardo
3514 1793 3739 1861 legitur.

2147 1904 2282 1958 Nam
2312 1901 2452 1955 libro
2480 1899 2661 1962 tertio,
2716 1896 2893 1965 capite
2943 1892 3153 1956 ultimo,
3200 1889 3380 1945 omnia
3408 1882 3749 1954 exemplaria

2147 2007 2201 2052 et
2236 1995 2518 2050 Aimonius
2553 1992 2673 2047 loco
2725 1988 2924 2045 ibidem
2957 1988 3012 2041 in
3062 1985 3306 2053 margine
3334 1997 3365 2035 a
3417 1987 3527 2035 me
3557 1984 3749 2032 uelato

2150 2086 2448 2141 Matronam
2500 2078 2889 2153 leguntuinl'ra
2927 2086 3110 2132 autem
3150 2074 3324 2145 primo
3351 2070 3516 2134 libro,
3562 2066 3747 2135 capite

2151 2179 2406 2233 vicesimo
2459 2184 2686 2246 quarto,
2734 2172 3031 2227 Maternum
3080 2168 3265 2237 legunt
3312 2162 3403 2218 MS
3447 2170 3504 2216 et
3557 2159 3745 2214 omnia

2148 2267 2498 2340 exemplaria,
2533 2265 2674 2320 libro
2708 2263 2970 2327 secundo,
3014 2261 3193 2329 capite
3221 2256 3453 2327 septimo
3490 2263 3546 2308 et
3583 2260 3741 2305 octa-

2148 2377 2235 2416 vo.
2266 2360 2523 2423 Rursum,
2557 2356 2693 2411 libro
2719 2362 2938 2425 quarto,
2968 2353 3143 2422 capite
3188 2363 3353 2411 nono,
3382 2345 3596 2401 decimo
3625 2341 3747 2398 ter-‘

2154 2454 2248 2517 tio,
2278 2452 2538 2508 vicesimo
2565 2452 2744 2507 sexto.
2768 2455 2824 2503 et
2862 2445 3120 2501 vicesimo
3160 2440 3410 2512 septimo,
3433 2435 3619 2492 or'nnia
3645 2449 3742 2487 no-

2150 2557 2263 2601 stra
2292 2542 2623 2611 exemplaria
2654 2537 2898 2610 prmterJ
2943 2536 3238 2591 Maternam
3277 2533 3494 2602 legunt,
3525 2537 3584 2584 et
3613 2527 3747 2594 MS,

2149 2651 2272 2706 cap.
2310 2635 2401 2691 3'5.
2434 2632 2698 2689 Similiter
2728 2630 2970 2684 Materna
3018 2626 3217 2697 legitur
3269 2624 3322 2677 in
3356 2621 3572 2675 litteris
3623 2618 3741 2672 iun-

2152 2725 2387 2782 dationis
2414 2722 2729 2780 monasterii
2764 2735 2856 2774 seu
2886 2719 3162 2789 prioratus
3189 2713 3246 2770 S.
3282 2712 3499 2766 Martini
3531 2726 3563 2763 a
3584 2708 3739 2764 Catu-

2152 2819 2256 2889 pEs,
2285 2815 2508 2870 Parisiis
2530 2829 2672 2867 anno
2696 2810 2833 2866 1060
2871 2824 2966 2879 per
2989 2806 3278 2861 Henricum
3309 2802 3546 2873 primum
3571 2797 3739 2889 Fran-

2154 2888 2342 2964 corum
2394 2919 2577 2976 regem
2627 2902 2854 2956 l'undati.
2891 2899 3193 2953 Matronam
3238 2894 3403 2949 habet
3445 2888 3739 2960 Gregorius

2157 2998 2510 3061 Turonensis,
2551 2995 2696 3061 libro
2741 3001 2897 3047 sexto
2946 2988 3330 3050 Historiarum,
3384 2984 3571 3053 capite
3593 2980 3739 3036 vice-

2156 3092 2296 3146 simo
2333 3090 2545 3158 quinto,
2570 3094 2626 3139 et
2658 3053 2803 3138 ﬁbra
2826 3090 3041 3144 octavo,
3078 3078 3259 3151 capite
3287 3075 3522 3130 decimo.

2168 3214 2171 3219 '
2225 3200 2294 3257 Et
2326 3195 2704 3254 Paschasidem
2747 3201 3020 3263 conjugcm
3056 3206 3227 3243 suam.
3265 3185 3341 3241 Ita
3381 3183 3489 3240 CS.
3515 3192 3569 3238 et
3596 3182 3738 3236 Bris-

2156 3292 2363 3358 sonius,
2420 3292 2513 3345 sed
2544 3289 2614 3354 Μ,
2651 3285 3018 3350 Pascasidam,
3057 3280 3107 3348 J,
3148 3277 3506 3341 Pascasidein,
3546 3273 3589 3330 C
3614 3288 3736 3328 vero

2157 3394 2307 3440 notat
2335 3384 2468 3439 alias
2498 3382 2599 3452 legi
2630 3376 3015 3433 Pasrasiolam.
3734 3378 3740 3386 '

2228 3494 2602 3549 Tlieodonima.
2633 3487 2944 3544 Brissonius
2985 3492 3041 3539 et
3082 3481 3124 3538 C
3150 3482 3203 3536 in
3246 3480 3537 3549 impresso,
3571 3475 3735 3530 Theu-

2157 3574 2470 3648 donima,'J,
2505 3579 2883 3634 Tlteodonivia‘.

2164 3720 2167 3733 ι
2228 3672 2549 3742 Edoneifau,
2572 3685 2688 3741 qua:
2713 3666 2911 3721 homini
2936 3677 3045 3719 tuo.
3074 3661 3165 3719 Sic
3184 3669 3241 3717 et
3261 3658 3579 3714 Brissonius
3602 3654 3737 3709 Edo-

2156 3748 2356 3821 rersam
2404 3750 2584 3816 autem
2642 3758 2826 3828 legunt
2879 3753 2993 3810 MS.
3050 3753 3107 3807 in
3172 3751 3359 3805 codice
3412 3748 3460 3803 Β
3511 3746 3613 3817 legi
3649 3761 3738 3814 po-

2156 3837 2265 3909 test
2302 3850 2596 3919 Edoveifan
2623 3845 2917 3923 [quomodo
2954 3840 3138 3914 habet]
3174 3849 3231 3896 et
3261 3839 3638 3894 Edoveresum.

2158 3939 2163 3943 ’
2227 3943 2309 3997 Ad
2355 3930 2629 3996 imitatem‘
2658 3938 2914 3992 montium
2952 3935 3142 4007 posito.
3195 3930 3287 3985 Sic
3336 3927 3365 3984 J
3404 3940 3460 3983 ct
3498 3927 3733 3981 Brisson.

2159 4034 2267 4090 Sed
2297 4032 2390 4088 MS
2418 4030 2479 4095 C,
2516 4030 2585 4085 ad
2614 4030 2889 4083 unitatem.

2232 4124 2296 4179 Et
2319 4141 2436 4195 qua:
2466 4121 2621 4177 Jovia
2647 4130 2764 4174 sunt
2793 4116 3036 4189 pratella.
3063 4114 3154 4170 Sic
3181 4112 3362 4168 omnia
3386 4107 3733 4177 exemplaria.

2159 4210 2470 4288 Legendum
2520 4212 2678 4279 forte,
2735 4208 2958 4263 adnutat
2989 4205 3237 4261 Nicotaus
3280 4203 3592 4261 Chesneau,
3629 4213 3737 4268 qua:

2151 4309 2309 4378 juxta
2334 4315 2474 4360 sunt.

467 4379 676 4477 icalices
707 4396 1081 4477 ministeriales
1105 4384 1439 4459 dicebantur,
1468 4397 1713 4477 quodad
1745 4398 2055 4454 ministran-
2085 4415 2133 4474 ι)
2232 4398 2311 4452 Et
2339 4412 2554 4452 uxorem
2610 4410 2763 4448 suam
2820 4391 3068 4463 Mariam.
3120 4386 3212 4441 Sic
3263 4383 3355 4438 MS
3402 4381 3432 4437 J
3496 4390 3554 4435 et
3602 4379 3643 4435 C
3688 4380 3734 4431 in

472 4489 606 4572 :dum
645 4490 957 4559 sanguinem
982 4474 1182 4546 Christi
1210 4490 1408 4561 populo
1432 4475 1782 4548 deservirem.

553 4579 938 4651 Bolatoforum.
982 4584 1072 4637 Sic
1113 4586 1291 4640 omnia
1330 4568 1677 4656 exemplaria,
1707 4584 1808 4639 nisi
1830 4587 1971 4655 quod
2002 4586 2053 4640 in

481 4677 848 4746 manuscripto
885 4673 941 4730 C'
967 4677 1036 4731 sit
1063 4676 1460 4748 Badatoforum,
1512 4688 1567 4734 et
1608 4679 1817 4734 videtur
1858 4695 2053 4734 nomen

474 4782 778 4843 proprium.

474 4842 479 4929 ‘7
542 4858 869 4925 ,Alimoniam
899 4860 1340 4928 pra'stolantibus.
1375 4862 1466 4917 Sic
1510 4860 1601 4917 MS
1632 4860 1661 4917 J
1691 4870 1745 4918 et
1777 4842 2055 4924 Brisson.}

470 4946 593 5023 _CR.,
626 4951 1025 5015 postulantibus.
1118 5024 1123 5029 ο
2038 4935 2044 4945 Ι

553 5041 937 5118 βαιηιὶδεὶαεο,
991 5043 1253 5100 Tessiaco.
1303 5046 1395 5102 Sic
1434 5044 1500 5100 SJ
1561 5054 1615 5100 et
1647 5044 1885 5101 Brisson.
1918 5044 2066 5101 Alias

485 5146 543 5191 ut
580 5137 632 5206 in
665 5136 745 5219 3i,
779 5135 1113 5209 Colmisi‘aco.
1142 5137 1273 5213 Item
1303 5120 1694 5193 aliasiTamaco
1722 5146 1777 5193 et
1803 5137 2064 5192 Trissiuco

485 5211 712 5298 legitur.
1241 5211 1246 5213 ﬁ
2038 5211 2043 5216 ’

557 5319 638 5371 Ad
683 5331 886 5389 portam
931 5318 1300 5380 Suessonicum
1350 5319 1545 5374 solidos
1600 5320 1752 5372 duos.
1795 5319 1869 5371 lta
1915 5298 2059 5380 CSJ‘,

2160 4488 2420 4559 margine,
2454 4487 2547 4542 sed
2568 4485 2619 4539 in
2652 4494 2824 4547 textu,
2847 4495 3060 4535 uxorem
3084 4478 3198 4547 ejus
3227 4474 3452 4538 Moram,
3475 4472 3735 4543 quomodo

2157 4591 2213 4637 et
2240 4580 2482 4634 Brisson.

2234 4669 2541 4727 Medaridus
2590 4682 2769 4721 eorum
2815 4663 2980 4733 ﬁlius.
3020 4661 3097 4716 ita
3137 4658 3229 4717 CJ.
3289 4669 3346 4714 et
3387 4658 3733 4721 Brissonius;

2159 4762 2275 4828 MS,
2307 4760 2595 4815 Medarius.
3204 4800 3214 4809 _

2232 4851 2524 4922 Delegoque
2546 4850 2714 4918 nepoti
2746 4864 2856 4901 meo
2884 4844 3205 4900 Pra'textuto
3239 4842 3596 4897 Moderatam.
3626 4840 3736 4895 ligrc

2158 4938 2250 5003 'est
2280 4959 2404 5000 vera
2438 4943 2596 4997 lectio
2624 4958 2689 4995 ex
2730 4942 2958 4995 diversis
2990 4939 3236 4993 restituta
3260 4978 3274 4999 ,
3308 4952 3470 5006 quam
3507 4937 3668 4990 habet
3697 4933 3732 4989 C

2154 5020 2220 5092 ﬁet
2254 5034 2303 5101 .l,
2335 5044 2394 5089 ut
2421 5035 2777 5088 Praetextatus
2806 5033 2877 5087 sit
2914 5046 3108 5085 nomen
3152 5029 3448 5098 prominet.
3483 5014 3735 5080 Sic‘inl'ra

2154 5112 2408 5183 ‘nteminit
2439 5120 2717 5193 proneptis
2747 5119 2856 5177 suae
2888 5121 3248 5175 Przctextatm.
3280 5118 3385 5171 Sed
3422 5117 3464 5172 (Ξ
3508 5119 3562 5171 in
3598 5128 3734 5175 textu

2164 5232 2396 5291 excuso,
2436 5214 2474 5268 S
2506 5224 2569 5268 et
2604 5213 2912 5268 Brissonius
2944 5212 3128 5279 legunt
3158 5208 3453 5268 Moderata,
3492 5219 3545 5260 ut
3579 5206 3738 5285 colae;

2152 5288 2286 5379 ireat
2312 5322 2436 5361 eunt
2474 5300 2820 5368 Praetextato,
2849 5303 3014 5355 veluti
3062 5315 3360 5371 cognomen
3394 5317 3409 5365 ;
3444 5296 3491 5352 Μ
3518 5340 3530 5362 ,
3556 5301 3736 5367 prle-
