3904 5396
146 276 261 329 32.5

1429 271 1494 327 IN
1533 273 1792 329 LIBRUM
1831 276 2123 333 PRMB“.

3315 294 3421 350 554

136 405 292 448 nam,
325 384 419 441 MS
444 384 495 450 ι,
528 384 818 438 lucernam.
850 380 946 435 Εςι
974 389 1155 436 autem
1181 380 1396 436 lacerna
1430 383 1569 436 idem
1595 384 1738 452 quod
1769 394 1811 447 Α
1915 386 2298 466 Leadonemm.
2333 388 2407 445 Ita
2434 391 2521 446 (IS
2557 401 2607 447 et
2656 393 2983 469 Brissonius.
3020 397 3127 471 Sed
3154 397 3255 465 Ml,
3286 400 3425 455 Leu-

135 477 369 546 penula,
405 475 661 530 nimirum
693 473 860 529 vestis
890 489 1059 545 genus
1102 474 1297 528 tunica:
1347 475 1732 543 superductum
1832 477 2088 532 noueram
2118 496 2213 550 per
2241 497 2295 534 ιι.
3396 502 3401 513 ·

134 568 203 619 ad
227 567 529 621 arcendam
568 566 827 634 pluviam.
863 564 937 617 De
981 579 1086 634 qua
1118 564 1171 616 in
1202 565 1336 617 actis
1367 566 1423 617 S.
1453 565 1731 635 Cypriani,

134 664 191 709 et
227 655 286 710 in
329 655 585 726 Snlpitio,
626 656 767 709 libro
796 656 971 725 primo
1023 655 1253 724 Dialogi,
1305 656 1480 724 capite
1522 656 1734 710 decimo

133 757 354 815 quarto.
397 747 580 803 Utitur
635 745 894 800 Martialis
935 745 1135 815 aliique
1174 745 1381 815 profani
1411 748 1727 815 scriptores.

132 836 441 893 Yideantur
468 837 581 893 loca
620 838 673 891 in
723 837 922 890 Baron.
964 846 1112 891 tumo
1147 838 1387 891 secundo
1415 838 1727 905 Annalium,

132 932 281 983 anno
304 928 429 982 261.

202 1018 273 1072 Et
296 1029 597 1089 argenteam
628 1018 868 1072 cabutam
893 1018 1194 1088 ﬁguratam.
1216 1017 1307 1073 Sic
1332 1019 1514 1073 onmia
1541 1036 1726 1077 exem-

129 1117 326 1189 plaria.
361 1116 695 1179 Brissonius,
723 1116 1042 1178 cambutam,
1063 1116 1154 1184 qui
1185 1130 1289 1169 non
1320 1126 1465 1170 recte
1494 1133 1724 1186 sequen-

131 1212 203 1264 tia
235 1211 448 1264 verba:
488 1207 680 1262 Filiolo
738 1208 881 1261 illius
934 1205 1160 1261 Paroria
1200 1207 1380 1279 jungit
1411 1212 1720 1278 pnecetlen-

131 1307 298 1369 tibus,
327 1321 450 1361 cum
483 1306 607 1359 inde
636 1319 771 1358 nova
831 1302 1054 1373 incipiat
1078 1305 1370 1369 sententia,
1406 1314 1461 1357 ut
1489 1315 1721 1375 quatuor

128 1407 314 1452 nostra
340 1397 620 1452 declarant
650 1394 1005 1466 exemplaria.
1060 1394 1123 1447 Et
1164 1395 1249 1449 cui
1293 1395 1493 1464 aliquid
1552 1396 1713 1465 legat,

129 1504 251 1540 eum
289 1487 346 1540 in
391 1485 656 1557 principio
704 1486 986 1539 nominare
1024 1483 1179 1538 Solet.
1240 1482 1318 1537 Ml
1366 1484 1585 1552 parrnlo
1637 1478 1711 1540 le;

129 1580 241 1649 git;
285 1577 329 1632 C
383 1576 653 1642 Paroria;
708 1575 769 1639 S,
811 1583 1103 1644 utrumque
1159 1574 1461 1645 coniungit,
1490 1576 1712 1645 parvulo

134 1671 373 1724 Paroria.
423 1667 563 1723 Vera
602 1668 762 1722 lectio
796 1667 1012 1721 videtur
1064 1663 1311 1720 Paroria.
1341 1666 1481 1732 Quid
1524 1668 1595 1721 sit
1623 1681 1710 1721 ca-

1909 567 2257 624 Salronarias
2285 586 2444 641 supra
2489 571 2714 627 Moram.
2756 585 2827 628 ita
2863 578 3042 631 omnia
3087 580 3418 650 exctupl'ria

1834 668 1888 713 et
1934 660 2198 725 Brisson.,
2244 663 2347 717 nisi
2388 664 2611 732 quod'M
2640 665 2781 735 legat
2820 668 3178 725 Salranarias.
3210 671 3251 725 C
3277 673 3417 728 bane

1824 750 2235 805 adnotationem
2260 754 2486 824 margini
2521 755 2754 825 adjecit:
2784 775 2802 807 ι
2838 756 2997 811 Forte
3042 763 3413 828 reponendum

1828 828 2129 897 Salinarias
2149 860 2310 915 supra
2339 846 2567 909 Mosam,
2600 849 2682 901 vel
2722 846 3083 914 Sablonarias,
3114 863 3172 906 ut
3198 853 3351 908 infra.
3390 874 3409 907 ι

1898 931 2252 989 Domitextilis
2281 937 2517 992 casulam
2546 940 2809 994 subtilem.
2849 940 2903 995 In
2927 944 3178 998 omnibus
3214 948 3414 1001 nostris

1824 1025 2232 1095 exemplaribus
2262 1038 2390 1083 sunt
2417 1031 2538 1084 dum
2565 1032 2849 1096 dictiones,
2873 1026 2965 1085 sed
2989 1048 3112 1087 cum
3139 1034 3412 1092 Brissonio

1820 1115 2093 1181 conjunxi.
2916 1170 2923 1177 ,

1893 1205 2089 1263 (ἕποιεν-ἰ
2115 1224 2292 1261 omnes
2320 1209 2619 1264 exha'redes
2672 1220 2856 1276 estote,
2893 1223 3117 1267 suntote.
3176 1212 3266 1269 Sic
3295 1230 3412 1269 om-

1821 1297 1910 1351 nia
1944 1299 2298 1369 exemplaria,
2358 1301 2458 1355 nisi
2496 1302 2637 1369 quod
2666 1302 2716 1356 Μ
2763 1304 2966 1358 omittit
2996 1306 3285 1375 posterius,
3314 1306 3409 1359 sed

1820 1405 1926 1443 non
1960 1400 2126 1444 recte.
2157 1390 2231 1444 lta
2262 1392 2328 1443 ad
2358 1390 2615 1460 majorem
2658 1393 2968 1448 ﬁrmitatem
3018 1404 3073 1449 et
3114 1410 3409 1467 exaggera»

1816 1481 2018 1535 tionem
2048 1482 2099 1535 in
2129 1480 2376 1537 formulis
2404 1474 2712 1540 testamenti
2744 1488 2846 1541 dici
2880 1488 3036 1542 solet.

1818 1606 1819 1609 η
1886 1572 1953 1626 In
1979 1589 2082 1641 quo
2108 1575 2152 1627 si
2178 1590 2282 1645 qua
2312 1576 2473 1630 litura
2502 1577 2578 1631 rel
2614 1591 2933 1633 caraxatura
2972 1580 3130 1648 fuerit
3161 1560 3395 1647 inventa,

1813 1664 1956 1733 facta
1985 1675 2058 1719 est
2082 1682 2163 1720 me
2188 1681 2461 1736 pra’sente,
2491 1671 2615 1723 dum
2661 1690 2694 1724 ιι
2741 1689 2821 1726 me
2862 1672 3109 1742 relegitur
3148 1684 3197 1728 et
3223 1692 3398 1729 eumt-

129 1762 251 1817 bnta
290 1760 560 1831 explicent
586 1759 697 1813 alii.
733 1758 846 1812 Hoc
886 1757 1015 1812 mihi
1046 1765 1251 1811 tantum
1279 1758 1542 1811 occurrit.
1576 1756 1710 1812 Cum
1747 1764 1787 1821 Β
1815 1757 1991 1810 datur.
2023 1754 2229 1815 Similis
2256 1771 2338 1815 est
2366 1761 2605 1816 clausula
2632 1763 2685 1818 in
2735 1764 2841 1819 ﬁne
2885 1769 3189 1823 testamenti
3228 1769 3401 1823 sancti

131 1854 433 1910 Brissonins
469 1854 766 1906 cambutam
821 1849 981 1921 legat,
1027 1850 1072 1903 si
1126 1848 1380 1903 cumbam
1420 1848 1707 1917 legeretur,

134 1947 322 2016 pedum
357 1943 685 2016 episcopale,
718 1940 801 1996 vel
846 1943 1024 2012 potius
1060 1940 1309 1994 baculum
1343 1940 1464 2010 pedi
1504 1940 1712 2007 cpisco-

131 2039 260 2107 palis
304 2037 718 2108 signiﬁcaretur.
752 2033 867 2102 Qua
900 2049 1030 2088 voce
1074 2033 1244 2099 utitur
1274 2030 1469 2086 Petrus
1512 2031 1710 2087 Come-

131 2140 241 2185 stor
271 2129 589 2184 in-llistoria
611 2125 805 2192 Exodi,
826 2126 1001 2195 capite
1028 2123 1098 2178 52
1130 2142 1142 2177 :
1172 2143 1191 2176 ι
1222 2122 1395 2189 Sicut,
1426 2123 1623 2193 inquit,
1655 2124 1708 2179 in

130 2222 319 2276 baculo
362 2221 639 2275 cambucze
683 2217 1008 2289 pontilicalis
1046 2217 1287 2271 eburneo
1340 2216 1454 2271 ﬁeri
1491 2215 1653 2271 solet.
1680 2233 1701 2269 ι

131 2311 265 2367 llinc
294 2313 343 2367 in
397 2309 1002 2379 PontiﬁealiGuillelmi
1059 2308 1303 2372 Duranti,
1358 2309 1499 2378 quod
1533 2310 1706 2364 habeo

128 2405 572 2480 nia-inscriptum,
600 2414 756 2473 parte
793 2402 1053 2466 secunda,
1092 2402 1181 2455 ubi
1220 2401 1396 2471 agitur
1433 2403 1498 2456 de
1521 2415 1705 2455 conse-

128 2498 359 2550 cratione
414 2495 693 2558 Ecclesiae,
722 2509 842 2548 cum
872 2494 1080 2547 accedit
1116 2492 1356 2563 pontifex
1388 2494 1456 2547 ad
1503 2493 1699 2549 ostium

132 2589 388 2659 ecclesiae.
411 2589 484 2643 ita
514 2587 711 2658 legitur
744 2605 757 2641 :
792 2605 811 2638 ι
840 2585 1023 2641 Faciat
1046 2603 1263 2642 erucem
1288 2603 1410 2641 cum
1434 2588 1699 2659 gambuca

131 2679 174 2739 in
201 2680 384 2733 lmine
410 2678 700 2749 superiori,
750 2687 801 2732 et
835 2676 1102 2733 inferiori.
1130 2698 1150 2731 ι
1194 2677 1298 2733 Pro
1340 2694 1447 2748 quo
1476 2678 1702 2733 Pontiﬁ-

129 2771 237 2842 _eale
276 2765 604 2832 Romanum,
655 2781 916 2821 excusum
971 2781 1115 2821 anno
1162 2766 1319 2832 1505,
1359 2776 1414 2822 et
1459 2766 1698 2827 Venetiis

130 2859 274 2926 lSGl,
323 2869 377 2916 et
422 2860 527 2914 alia
580 2857 768 2914 dicunt
803 2875 820 2908 ι
857 2872 980 2913 cum
1030 2856 1221 2912 baculo
1262 2856 1541 2927 pastorali.
1572 2878 1593 2912 ι
1632 2859 1691 2915 Et

131 2960 272 3004 antea
294 2949 495 3004 diserte
518 2948 653 3003 dicit
694 2947 834 3002 idem
876 2946 1193 3002 Pontiﬁcale
1224 2946 1472 3013 Duranti,
1511 2966 1528 3000 ι
1569 2964 1692 3003 cum

130 3040 350 3112 inferiori
397 3050 553 3112 parte
599 3030 898 3111 gambucie,
953 3054 1046 3093 seu
1107 3039 1280 3094 baculi
1325 3038 1631 3108 pastoralis.
1665 3057 1684 3091 ι

129 3130 313 3197 Quibus
342 3132 522 3187 verbis
543 3140 729 3202 aperte
755 3131 1022 3201 signiﬁcat
1056 3129 1140 3183 illa
1172 3130 1361 3185 eadem
1387 3145 1529 3186 esse.

190 3221 586 3277 Hicltinaculum
627 3238 829 3292 quoque
878 3220 1016 3273 dono
1062 3219 1160 3275 illi.
1201 3220 1278 3274 Ita
1316 3219 1426 3274 CR.
1453 3231 1509 3276 et
1545 3221 1691 3278 Bris-

129 3326 228 3385 βου.
254 3311 341 3367 MS
370 3311 420 3377 .l,
449 3311 846 3366 Iticlinaculum.

191 3401 377 3458 Vitium
424 3404 756 3473 perlaturum.
822 3402 966 3456 Infra
1017 3399 1195 3467 CMS,
1260 3404 1539 3473 peditum,
1594 3403 1689 3462 sed

129 3494 267 3549 male.
303 3495 522 3551 Videtur
548 3504 730 3547 autem
766 3492 975 3563 accipio
1004 3508 1103 3563 pro
1130 3508 1195 3547 eo
1220 3495 1362 3564 quod
1392 3494 1686 3552 Columella

129 3599 264 3643 vocat
302 3589 684 3660 pedamentum
729 3588 875 3650 vitis,
917 3595 970 3641 et
1002 3595 1292 3649 statumen,
1348 3586 1451 3641 hoc
1479 3596 1562 3642 est
1590 3603 1686 3644 oro

127 3681 320 3749 perticis
346 3689 400 3735 et
428 3679 566 3750 palis
589 3679 678 3748 qui
704 3678 865 3732 vitem
897 3685 1223 3732 sustentant.

186 3772 320 3824 Aetio
349 3770 521 3840 nepoti
572 3785 703 3823 meo.
759 3768 850 3823 Sic
894 3765 934 3823 C
985 3768 1038 3821 in
1083 3767 1324 3835 margine
1366 3775 1421 3822 et
1463 3765 1596 3821 infra
1629 3768 1683 3822 in

128 3871 255 3931 textu
281 3881 399 3918 cum
432 3861 711 3916 Brissonio
731 3870 785 3915 ct
818 3858 868 3913 J.
906 3859 996 3914 MS
1021 3860 1130 3923 llic,
1183 3861 1353 3923 Actio,
1381 3860 1475 3913 sed
1526 3861 1684 3929 paulo

126 3952 244 4008 infra
273 3995 287 4021 ,
317 3967 370 4010 et
419 3970 468 4009 c.
508 3954 616 4017 2'5,
665 3951 714 4004 Μ
772 3968 1019 4021 quoque,
1090 3949 1244 4015 Etio,
1293 3958 1344 4003 et
1395 3949 1461 4004 SJ
1512 3951 1679 4029 Aetio.

125 4043 302 4113 Nomen
365 4046 555 4100 Aetius
618 4044 815 4115 legitur
870 4040 1096 4113 epistola
1149 4038 1219 4094 56
1283 4039 1477 4095 Leonis
1532 4056 1684 4111 papae

124 4138 278 4205 primi.
1530 4121 1543 4128 ’

180 4229 256 4285 Ita
284 4241 338 4284 ut
365 4249 396 4285 a
430 4229 669 4300 partibus
695 4229 826 4283 suis.
855 4227 947 4283 Sic
965 4224 1016 4283 J.
1048 4227 1254 4284 Caetera
1277 4226 1534 4296 patribus.

179 4323 308 4392 Quos
346 4323 559 4376 libertos
587 4338 699 4375 esse
726 4320 995 4389 principio,
1028 4317 1363 4373 Catusioncm
1415 4327 1464 4372 et
1491 4317 1677 4372 Auliu-

124 4424 287 4470 teaatn.
340 4415 418 4469 Ita
467 4413 563 4468 MS
596 4411 711 4482 ιω.
757 4411 829 4466 At
872 4410 1181 4465 Bt'issonius
1228 4409 1357 4482 legit
1409 4414 1672 4480 percupio,

124 4504 445 4562 Cattusianem
486 4514 535 4560 et
583 4503 916 4558 Aulietenam
988 4500 1258 4555 otiomodo
1299 4494 1355 4555 et
1400 4498 1441 4555 C
1478 4500 1531 4554 in
1576 4501 1677 4554 im-

122 4610 576 4748 ?rclfsiiberedum.
640 4683 734 4740 Sic
780 4682 892 4738 MS.
937 4682 1008 4736 At
1048 4681 1118 4738 ω
1157 4692 1211 4737 et
1238 4681 1431 4747 Briss.,
1473 4679 1673 4735 Leube—

124 4780 290 4836 tadum.

182 4869 461 4936 Vasantem,
506 4869 729 4925 Cocum.
766 4866 859 4922 Sic
898 4864 991 4922 MS
1031 4863 1072 4918 C
1108 4874 1162 4920 et
1201 4861 1549 4929 Brissonius;
1581 4862 1673 4916 sed

123 4960 299 5018 Cnotat
335 4966 387 5020 in
428 4961 682 5033 margine
725 4960 861 5014 alias
892 4957 993 5028 legi
1031 4956 1254 5019 Adcum,
1286 4953 1335 5019 Ι,
1389 4951 1671 5007 Vasantcm

125 5068 286 5121 totum,
315 5065 371 5110 ut
416 5056 488 5111 sit
513 5052 922 5124 appellativum,
972 5063 1077 5102 non
1117 5055 1294 5101 autem
1323 5045 1429 5099 duo
1455 5045 1671 5117 propria

126 5147 317 5201 nomina.
366 5144 371 5149 ’
1092 5142 1099 5153 ”

174 5232 539 5309 Dagarasenam
566 5245 615 5290 ct
652 5233 1107 5288 Bauaorosenam.
1156 5229 1221 5285 Et
1265 5222 1404 5283 infra
1435 5245 1447 5281 :
1480 5226 1672 5282 Flava-

126 5339 339 5396 rascnam.
384 5330 473 5385 Sic
512 5328 612 5392 CJI
636 5336 691 5382 ct
734 5322 1067 5379 Brissonius.
1102 5323 1232 5378 Item
1264 5323 1324 5387 S,
1365 5320 1469 5375 nisi
1526 5319 1667 5389 quod

1814 1844 2191 1903 Bertbicranui
2224 1850 2364 1919 apud
2395 1850 2728 1907 Brissonium
2777 1854 2863 1909 bis
2897 1856 3115 1911 verbis:
3153 1876 3169 1908 ι
3202 1856 3258 1910 Si
3281 1872 3399 1926 qum

1815 1938 2009 2005 liturze,
2038 1942 2082 1995 si
2133 1955 2254 2011 quae
2300 1952 2656 2008 caraxatnrze,
2701 1945 2744 1998 si
2786 1961 2905 2016 quae
2956 1946 3146 2001 litterae
3176 1947 3399 2017 adjecto

1811 2039 1959 2094 sunt,
1995 2030 2078 2085 vel
2110 2032 2386 2097 detractas,
2413 2048 2513 2104 ego
2536 2032 2634 2088 l‘eci
2658 2033 3059 2106 ﬁeriquejnssi,
3082 2036 3208 2089 dum
3226 2050 3396 2090 meam

1809 2118 2174 2190 milii'smpitis
2215 2122 2447 2194 prtelego
2474 2124 2829 2190 voluntatem,
2859 2134 2915 2179 et
2938 2126 3119 2180 omnia
3161 2141 3257 2196 per
3293 2127 3399 2181 sin-

1808 2213 1933 2284 gula
1956 2228 2305 2285 recognosco,
2337 2215 2421 2271 vel
2460 2217 2709 2282 emendo,
2744 2228 2802 2270 ut
2838 2217 2919 2273 lex
2952 2218 3162 2281 edocet.
3188 2226 3393 2290 septem

1806 2307 2048 2361 virorum
2077 2310 2425 2363 honestorum
2476 2310 2959 2380 subscriptionibus
2980 2321 3032 2366 et
3058 2312 3247 2381 sigillis
3276 2329 3391 2368 cre~

1804 2396 1913 2452 didi
1947 2399 2316 2462 muniendum,
2347 2408 2400 2455 et
2449 2414 2549 2469 pro
2598 2402 2761 2456 totius
2815 2403 2889 2456 rei
2922 2402 3181 2458 ﬁrmitate
3227 2414 3391 2474 atque

1805 2489 2154 2557 stipulatione
2180 2490 2392 2545 adnecti
2423 2492 2669 2561 lirtccepi.
2709 2491 2902 2546 Actum
2924 2492 3307 2562 'Cenomannis
3337 2496 3389 2549 in

1802 2579 2041 2647 civitate,
2093 2581 2182 2636 die
2219 2589 2273 2634 et
2310 2596 2454 2635 anno
2494 2582 2743 2652 superius
2787 2583 3194 2652 comprehenso.
3228 2604 3247 2637 ι
3284 2584 3387 2641 Ubi

1801 2682 2148 2737 caraxatura,
2181 2688 2277 2727 seu
2306 2674 2483 2742 potius
2529 2675 2887 2729 cbaravatura
2908 2675 3183 2744 signiﬁcat
3225 2676 3391 2731 oblu-

1800 2762 2033 2820 ctionem
2068 2764 2182 2817 sive
2230 2763 2579 2819 deletionem.
2619 2763 2792 2820 Verbo
2830 2779 3094 2819 caraxare
3138 2775 3189 2819 et
3239 2781 3389 2818 rara-

1800 2853 1917 2908 xari
1942 2868 2039 2923 pro
2066 2841 2379 2924 insculpere.
2403 2865 2458 2910 et
2493 2853 2719 2925 insculpi
2765 2855 2936 2909 utitur
2958 2854 3251 2926 Gregorius
3285 2854 3387 2911 Tuo

1797 2948 2052 3002 ronensis
2088 2947 2226 3003 libro
2282 2950 2534 3019 septimo,
2592 2938 2779 3017 capite
2802 2948 3083 3004 tricesimo
3130 2960 3302 3017 sexto,
3328 2960 3385 3007 et

1796 3036 1938 3094 libro
1961 3047 2171 3105 octavo,
2198 3040 2376 3109 capite
2397 3039 2654 3095 vicesimo
2683 3054 2846 3095 nono.
2884 3025 3095 3095 Auctor
3111 3048 3297 3095 noster
3324 3042 3379 3097 in

1720 3128 1766 3192 C
1799 3128 2040 3201 prologo,
2079 3130 2485 3185 cltaraxatorum
2512 3130 2823 3200 indigentia,
2848 3130 2899 3185 id
2927 3139 3007 3186 est
3030 3131 3378 3203 scriptorum,

1793 3235 1891 3276 seu
1917 3207 2291 3284 scribentium,
2340 3221 2478 3277 libro
2529 3221 2722 3291 primo,
2752 3221 2930 3290 capite
2985 3236 3127 3276 nono
3155 3236 3381 3277 carata-K

1792 3321 1924 3377 tum,
1956 3313 2007 3367 id
2034 3321 2118 3367 est
2162 3298 2453 3381 scriptum.
2491 3311 2632 3366 Infra
2677 3311 2816 3369 libro
2863 3312 3039 3375 tertio,
3071 3311 3252 3382 capite
3282 3312 3368 3391 de-

1790 3404 1934 3459 cimo
1985 3413 2161 3469 sexto,
2197 3405 2336 3460 idem
2377 3403 2690 3473 signiﬁcare
2736 3405 2951 3459 videtur
3000 3407 3141 3475 quod
3189 3415 3379 3459 notare

1788 3494 1873 3551 vel
1912 3495 2262 3566 redarguere.
2316 3496 2450 3550 Vide
2495 3504 2741 3550 nostrum
2772 3495 3002 3550 indicem
3052 3510 3244 3551 vocum
3281 3497 3377 3550 οι).

1786 3598 2073 3637 scurarum
2112 3584 2165 3638 in
2213 3583 2416 3639 Chron.
2451 3582 2855 3651 Cameracensi,
2889 3584 2977 3638 ubi
3003 3592 3061 3639 et
3098 3583 3276 3640 locum
3306 3602 3374 3641 ex

1786 3674 2080 3728 l’rndeutio
2109 3674 2417 3728 citavimus.

1858 3761 2138 3816 Perartunt
2166 3762 2369 3827 Remis,
2415 3761 2499 3815 die
2547 3772 2595 3816 et
2632 3762 2844 3816 consule
2871 3763 3194 3833 supradicto.
3235 3763 3372 3819 Hine

1784 3862 2020 3918 constat,
2052 3865 2472 3922 quantacunque
2521 3851 2665 3906 facta
2692 3854 2762 3908 sit
2817 3869 2847 3908 ιι
2899 3853 3055 3909 nobis
3092 3854 3372 3921 diligentia

1783 3958 1843 4002 ut
1888 3949 2105 4003 sincere
2150 3956 2206 4002 et
2249 3947 2460 4016 integre
2515 3946 2620 4001 hoc
2648 3953 3033 4003 testamentum
3063 3947 3371 4010 cderemus,

1787 4047 1965 4093 tamen
2012 4036 2212 4107 aliquid
2264 4037 2442 4092 adhuc
2495 4036 2651 4093 initio
2704 4037 2928 4098 deesse,
2983 4035 3111 4104 quia
3154 4035 3226 4089 ibi
3271 4050 3373 4090 [nec

1779 4132 1912 4196 diei,
1942 4146 2067 4188 nec.
2093 4130 2332 4186 consulis
2371 4130 2474 4185 ulla
2524 4130 2584 4184 ﬁt
2627 4131 2849 4185 mentio.
2888 4129 3041 4198 Quod
3077 4130 3369 4186 dolendum

1781 4231 1888 4287 est,
1927 4221 2053 4292 quia
2082 4222 2154 4277 ob
2179 4220 2284 4275 hoc
2319 4220 2598 4291 ignoratur
2636 4231 2847 4277 temuns
2875 4219 3034 4281 huius
3056 4223 3370 4277 testamenti

1780 4313 2002 4371 conditi.

1806 4450 1809 4455 .
1851 4404 2296 4459 lntercedentibus
2320 4412 2369 4457 et
2397 4402 2580 4458 mediis
2606 4403 2977 4472 signatoribus.
3003 4404 3083 4459 Ita
3105 4404 3196 4461 ω.
3230 4406 3370 4461 Bris-

1711 4482 1758 4542 ο
1784 4497 1971 4552 sanius
1991 4510 2108 4567 ‘quo
2141 4497 2315 4550 tendit
2348 4495 2419 4561 Μ,
2454 4496 2595 4565 quod
2628 4496 2754 4566 legit
2780 4497 3062 4551 meridicis.
3094 4498 3175 4552 Ex
3200 4515 3306 4567 quo
3329 4499 3367 4553 S

1780 4587 1911 4642 fecit
1936 4587 2199 4641 veridicis.
2224 4586 2354 4651 Quae
2377 4585 2537 4641 lectio
2565 4601 2692 4639 vera
2719 4586 2888 4641 videri
2914 4599 3114 4654 posset,
3138 4591 3243 4643 nisi
3271 4592 3367 4645 ob-

1777 4685 1975 4733 straret
1997 4677 2127 4732 illud
2150 4685 2200 4730 et
2654 4680 2661 4687 '

1849 4768 2098 4840 Episcopi
2128 4765 2219 4835 qui
2245 4758 2573 4819 'tcstamento
2601 4748 3007 4836 subsignarnnt,
3039 4770 3145 4825 hoc
3178 4770 3368 4824 ordine

1777 4860 2048 4921 rccensiti,
2100 4858 2157 4913 bi
2188 4866 2351 4913 sunt:
2403 4856 2637 4913 Sanctus
2677 4858 2943 4914 Vedastus
2967 4862 3367 4925 Atrebatensis,

1778 4963 2003 5011 sanctus
2053 4948 2414 5007 Genebaudns
2461 4948 2859 5015 Laudunensis,
2892 4966 3119 5013 sanctus
3163 4953 3372 5008 Meilar.

1776 5049 1876 5103 dus
1899 5042 2274 5100 Noviomensis
2319 5050 2374 5096 et
2395 5041 2756 5099 Tornacensis
2783 5044 3087 5107 unitarum.
3109 5044 3166 5101 S.
3192 5044 3372 5111 Lupus

1771 5136 2206 5200 SuessiOnensis,
2243 5134 2568 5190 Benedictus
2601 5146 2656 5192 et
2680 5135 2962 5205 Eulogius.

1846 5231 1901 5285 In
1926 5227 2220 5298 exemplari
2251 5227 2299 5281 Μ
2336 5233 2459 5294 post
2490 5227 2803 5283 Medardum
2846 5228 2959 5282 duo
3007 5222 3237 5287 addeudi
3286 5223 3370 5275 vi;

1774 5324 1991 5379 dentur.
2017 5319 2152 5373 Nam
2179 5319 2262 5373 bis
2290 5318 2469 5371 denuo
2504 5326 2779 5386 ponuntur
2805 5315 2896 5369 illa
2925 5323 3114 5380 verba,
3154 5312 3240 5366 cui
3269 5328 3370 5378 pa-
