3904 5396
461 339 570 398 335
648 390 709 395 η

1240 331 1655 419 COLVENERII
1692 328 1981 387 SCIIOLIA
2022 286 2088 384 lN
2130 332 2305 390 lllS'l‘.
2349 333 2648 391 REMENS.
2684 333 2972 423 ‘ECCLES.

3618 341 3725 397 356

462 428 560 533 riri
596 447 890 505 correctius
934 447 1153 519 aliquod
1194 447 1475 520 exemplar
1509 424 1819 521 testamenti
1863 447 2042 518 hujus.
2073 450 2121 511 Α
2149 452 2208 500 ιιι
2232 444 2299 500 ad
2330 446 2641 519 episcopum
2680 448 3006 513 referantur,
3031 446 3174 519 quod
3205 448 3397 514 tenuit,
3425 448 3616 506 Eboue
3641 452 3731 507 de-

466 539 603 596 Nam
630 555 760 596 sane
786 540 1204 612 verosimiletest
1224 553 1412 595 omnes
1438 538 1581 596 illius
1616 536 1904 609 provincia:
1927 536 2047 609 epi-

463 645 676 701 scopos,
701 631 790 702 qui
829 639 954 686 tunc
991 646 1183 686 novem
1204 638 1380 693 erant,
1403 628 1808 701 subscripsisse.

464 794 467 797 Ἴ
534 726 591 781 In
624 726 993 796 manuscripto
1017 724 1058 780 C
1087 732 1208 796 post
1235 724 1540 797 Agricolam
1566 725 1941 796 presbyterum
1966 738 2051 780 se-

463 817 649 887 quitur
678 818 874 874 iterum
923 816 1195 887 Eulogius
1224 815 1529 886 episc0pus,
1570 816 1657 869 cui
1696 826 1845 886 pater
1882 832 2048 881 meus,

465 916 600 972 etc.,
630 907 824 963 deinde
853 908 1049 979 iterum
1078 924 1093 961 :
1124 905 1369 977 Agricola
1404 906 1686 977 presbyter.
1723 905 1918 963 Verum
1950 909 2052 965 hoc

466 998 751 1069 scriptoris
776 1006 1027 1054 mendum
1056 1007 1159 1055 est.
1209 997 1343 1053 Nam
1373 998 1478 1053 etsi
1521 998 1634 1054 ﬁeri
1670 999 1838 1071 possit
1861 1007 1919 1055 ιιι
1947 1000 2053 1056 duo

467 1091 848 1160 subsignarent
873 1091 1109 1161 episc0pi
1140 1089 1384 1159 ejusdem
1409 1091 1664 1157 nominis,
1700 1101 1881 1153 tamen
1916 1104 2055 1149 nun-

469 1196 634 1252 quam
664 1181 947 1252 episcopus
993 1189 1115 1251 post
1141 1180 1516 1252 presbyterum
1554 1182 1915 1253 subsignaret.
1945 1183 2053 1238 Ita-

467 1285 575 1340 que
624 1270 740 1327 haec
788 1287 911 1327 cum
962 1271 1182 1342 reliquis
1233 1271 1486 1329 omnibus
1548 1274 1949 1345 exemplaribus
2002 1285 2058 1332 et

470 1360 749 1419 Brissonio
778 1363 1119 1432 praetermisi.

510 1524 521 1533 θ
545 1451 874 1508 Tlteodouius
916 1453 1201 1525 presbyter.
1229 1453 1320 1510 Sic
1343 1454 1513 1510 Briss.
1540 1466 1595 1510 et
1622 1454 1685 1522 C,
1710 1465 1905 1513 notans
1927 1456 2061 1514 alias

472 1543 577 1614 legi
610 1543 950 1611 Theodonus;
977 1543 1070 1607 MS
1096 1544 1146 1612 .l,
1186 1543 1551 1601 Theodericus.
1581 1547 1743 1603 Forte
1774 1548 2059 1620 legendum

479 1638 805 1694 Theodorus.

548 1729 614 1785 V.
659 1728 721 1785 C.
779 1729 1046 1801 Pappolus
1091 1731 1308 1802 interfui
1356 1741 1405 1787 et
1447 1733 1750 1805 subscripsi.
1808 1735 1913 1791 Sex
1971 1712 2064 1792 aut

2147 536 2346 607 posito,
2375 547 2434 592 ut
2460 548 2609 608 patet
2632 555 2699 595 ex
2728 539 2917 595 ultimo
2942 553 3062 609 cap.
3092 538 3186 594 lib.
3216 554 3276 603 tt,
3301 548 3433 596 etc.
3461 540 3487 594 ί
3520 540 3618 595 lib.
3650 558 3727 609 ιιι,

2149 628 2364 697 quando
2389 631 2544 685 sedes
2575 647 2671 701 per
2707 631 2891 685 decem
2936 644 3107 685 annos
3148 630 3373 684 vaeavit.
3399 630 3586 697 Quare
3629 647 3729 686 non

2150 729 2298 776 recte
2324 720 2353 775 .l
2377 723 2517 792 quod
2563 722 2786 778 mutavit
2809 723 2861 777 in
2891 738 3041 794 quas,
3072 731 3133 777 ut
3163 723 3232 778 ad
3260 721 3414 779 villas
3440 721 3712 778 referatur

2151 812 2291 867 sicut
2317 823 2372 868 et
2402 814 2443 869 C
2474 815 2525 869 in
2553 814 2759 870 Gallico
2790 814 2993 870 retulit.

2230 903 2425 959 Villam
2448 904 2720 961 Iuliacum
2745 907 2960 979 quidam
3005 907 3230 963 Ricuiuo
3254 908 3419 962 dedit.
3444 906 3728 975 Quomodo

2154 999 2293 1055 hanc
2315 1000 2661 1057 donationem
2684 1012 2870 1072 postea
2913 1003 3056 1058 idem
3086 1002 3312 1058 Carolus
3339 1001 3541 1057 Calvus
3572 1015 3726 1055 revo-

2154 1093 2378 1155 caverit.
2414 1100 2491 1148 ‘et
2523 1094 2704 1148 villam
2756 1095 2913 1150 istam
2943 1111 3069 1151 cum
3110 1093 3364 1150 omnibus
3403 1093 3529 1148 aliis
3577 1091 3730 1147 bonis

2154 1197 2274 1252 qua:
2321 1183 2551 1240 alienata
2598 1185 2814 1241 fuerant
2863 1186 3116 1242 Ecclesia:
3147 1186 3402 1241 Remensi
3434 1185 3732 1241 restituerit

2154 1290 2254 1346 per
2277 1276 2550 1345 publicum
2581 1278 2844 1343 edictum,
2870 1278 3054 1334 videre
3079 1286 3162 1335 est
3189 1277 3281 1332 lib.
3317 1293 3401 1341 ιιι,
3427 1289 3479 1332 c.
3510 1276 3571 1331 4.

2230 1368 2486 1425 Μοόεηιο
2516 1379 2745 1441 tempore
2765 1372 2983 1427 colonus
3003 1373 3240 1444 quidam.
3272 1372 3326 1427 ld
3357 1372 3592 1441 contigit
3612 1381 3734 1427 aeta-

2161 1465 2212 1513 te
2238 1457 2533 1523 llincmari,
2574 1477 2697 1517 nam
2729 1463 2842 1533 ipse
2871 1479 2968 1532 pro
2989 1478 3054 1518 eo
3081 1463 3237 1524 dicit.
3269 1473 3456 1533 nostra
3487 1472 3664 1517 (etate.

2231 1546 2340 1603 Pro
2368 1566 2474 1620 qua
2507 1569 2561 1606 re
2602 1570 2768 1623 nuper
2812 1571 2952 1609 auito
2995 1556 3276 1624 prtrterito,
3319 1571 3437 1609 cum
3486 1571 3606 1625 rege
3644 1553 3731 1608 Ot-

2162 1648 2283 1694 tone
2311 1650 2359 1695 et
2389 1642 2612 1712 prwfato
2641 1644 2773 1698 duce
2803 1644 2964 1698 locuti
3009 1662 3212 1708 sumus,
3234 1645 3447 1716 quando
3475 1644 3640 1713 Aquis
3669 1645 3731 1697 ad

2161 1731 2401 1785 eumdem
2447 1747 2614 1802 regem
2646 1733 2795 1786 missi
2814 1732 3052 1800 fuimus.
3106 1734 3294 1788 Sermo
3325 1742 3410 1787 est
3451 1732 3519 1786 de
3546 1731 3731 1786 Ottone

470 1832 676 1895 septem
704 1824 1056 1895 sequentibus
1082 1823 1238 1880 laicis
1263 1823 1318 1880 in
1343 1826 1638 1897 exemplari
1663 1827 1713 1882 Μ
1742 1844 2062 1898 pmponun-
2093 1820 2136 1877 ll
2164 1821 2359 1888 primo,
2382 1820 2450 1875 de
2477 1836 2584 1890 quo
2611 1820 2748 1875 infra
2781 1821 2872 1877 lib.
2907 1839 2978 1887 Iv,
3015 1838 3139 1893 cap.
3169 1824 3238 1878 55
3284 1832 3339 1878 et
3367 1823 3730 1891 sequentibus.

474 1922 561 1968 tur
598 1914 716 1970 dure
751 1914 867 1968 istae
893 1914 1105 1982 litterae,
1137 1931 1274 1986 quas
1316 1932 1383 1971 ex
1412 1931 1478 1972 eo
1517 1916 1708 1986 adieci,
1738 1920 2063 1990 easdemque

471 2006 741 2076 expressit
770 2005 821 2061 .l.
850 2006 981 2074 Qua:
1027 2006 1096 2062 ab
1148 2006 1268 2063 aliis
1314 2006 1454 2063 forte
1486 2024 1591 2064 non
1643 2008 1949 2077 intellecta},
1981 2011 2066 2066 vel

475 2112 583 2150 non
632 2096 1047 2163 animadversze,
1077 2097 1453 2167 praetermissae
1480 2108 1625 2164 sunt,
1676 2099 1756 2156 uti
1804 2101 1872 2156 ab
1901 2100 1983 2156 CS
2012 2110 2068 2157 et

474 2184 774 2243 Brissonio.
815 2186 1123 2259 Legendtnu
1168 2204 1331 2259 porro
1378 2188 1481 2244 hoc
1514 2198 1619 2256 est,
1652 2191 1733 2247 vir
1757 2191 1932 2248 clarus
1952 2192 2067 2248 sive

485 2281 834 2348 clarissimus,
866 2293 958 2339 aut
988 2285 1065 2338 vir
1087 2284 1398 2339 consularis.
1428 2285 1574 2340 Inter
1609 2285 2066 2356 subsiguationem

477 2371 696 2428 Eusebii
738 2383 793 2429 et
826 2374 1087 2430 Rusticoli
1133 2375 1185 2430 in
1230 2374 1280 2430 Μ
1322 2375 1438 2431 haec
1466 2377 1920 2446 interponuntur:
1959 2375 2065 2432 VC.

478 2463 713 2535 interfui,
740 2465 967 2535 ideoque
996 2466 1205 2521 videtur
1222 2467 1313 2523 bic
1338 2452 1487 2523 unus
1503 2467 1830 2538 praeteritus,
1856 2476 1911 2524 et
1932 2466 2069 2523 forte

475 2554 707 2627 Attolus,
741 2556 807 2612 de
830 2572 938 2627 quo
964 2556 1102 2612 infra
1133 2559 1313 2629 capite
1346 2559 1601 2615 vicesimo
1633 2560 1794 2615 tertio
1821 2577 1835 2614 :
1867 2559 1950 2615 vel
1980 2559 2067 2615 illa

476 2644 640 2699 verba
667 2646 963 2702 abundant.
987 2646 1147 2703 Certe
1170 2647 1309 2703 inira
1332 2664 1453 2719 cap.
1479 2649 1551 2704 25
1573 2665 1669 2706 sex
1694 2658 1902 2706 tantum
1942 2651 2068 2707 laici

479 2739 831 2794 nominantur
872 2740 1302 2811 subscripsisse,
1361 2756 1591 2812 quorum
1638 2751 1765 2799 sunt
1813 2757 2069 2815 expressa

483 2831 726 2884 nomina.
1490 2831 1507 2847 '

946 2984 947 2987 η
1075 2918 1305 2978 CAPUT
1341 2919 1483 2977 XIX.

468 2980 474 3045 ξ
551 3008 666 3066 iloc
693 3010 990 3081 capitulum
1024 3012 1088 3079 in
1135 3013 1435 3083 exemplari
1487 3012 1580 3068 MS
1626 3014 1886 3083 praecedit
1913 3024 2074 3085 caput

481 3097 548 3155 de
575 3109 929 3168 testamento;
963 3102 1015 3158 in
1041 3103 1164 3160 aliis
1204 3105 1469 3175 sequitur,
1520 3104 1680 3175 idque
1704 3104 1881 3175 magis
1905 3106 2074 3178 exigit

483 3191 617 3246 ordo
645 3207 825 3246 rerum
854 3201 1151 3269 gestarum.

558 3277 821 3351 Populum
849 3283 1031 3353 prima:
1058 3282 1357 3368 Germaniae
1384 3285 1695 3342 devastaret.
1727 3287 1783 3344 ld
1805 3295 1891 3343 est
1916 3302 2079 3358 supe-

490 3370 656 3427 rioris
681 3371 1004 3428 Germanice.
1029 3373 1281 3446 intelligit
1308 3375 1561 3431 Treviros
1593 3385 1652 3431 et
1688 3376 2078 3447 circumiacen-

496 3472 598 3521 tes.
631 3464 919 3520 Germania
940 3465 1136 3536 prima,
1160 3466 1336 3537 inquit
1356 3467 1601 3539 Papirius
1634 3468 1915 3524 Massonus
1943 3469 2035 3525 lib.
2064 3486 2081 3526 ι

490 3556 779 3613 Annalium
801 3558 1133 3615 Francorum
1168 3560 1222 3614 in
1264 3559 1532 3626 Meroveo,
1558 3559 1835 3627 Salviano,
1861 3561 2082 3616 Sidonio

493 3660 550 3709 et
598 3653 871 3709 veteribus
903 3653 984 3709 eis
1026 3654 1275 3709 Rhenum
1326 3663 1434 3721 est,
1466 3654 1533 3710 ad
1579 3671 1740 3725 quam
1768 3655 2084 3711 Ammianus

492 3754 677 3803 narrat
712 3757 911 3818 prieter
947 3748 1051 3803 alia
1089 3749 1360 3819 pertinere
1400 3748 1821 3820 Moguntiacum,
1851 3746 2085 3818 Vangio-

494 3854 612 3907 nes,
644 3839 897 3896 Nemetes
932 3849 990 3896 et
1026 3840 1466 3910 Argentoratum.
1516 3840 1660 3895 idem
1704 3838 1989 3894 Massonus
2030 3838 2083 3892 in

494 3931 762 3987 Clodoveo
811 3932 889 3987 ait
931 3933 1283 4004 Agrippinam
1324 3932 1605 3989 Coloniam
1654 3931 1797 3987 inter
1838 3930 2086 3986 civitates

492 4024 799 4079 Germania:
854 4026 1106 4081 secunda:
1153 4025 1355 4094 primas
1406 4035 1610 4080 tenere.
1664 4024 1719 4078 in
1770 4025 1959 4080 eadem
2003 4030 2088 4077 est

497 4112 837 4182 Tungrorum
880 4117 1094 4172 civitas.
1133 4117 1268 4171 Vide
1319 4116 1457 4171 infra
1507 4117 1574 4172 ad
1616 4133 1667 4172 c.
1715 4116 1806 4170 23.
1851 4116 2089 4186 Contigit

496 4212 679 4260 autem
704 4206 818 4262 bare
844 4208 1010 4279 pestis
1035 4223 1177 4262 anno
1199 4207 1326 4272 565,
1361 4216 1494 4264 teste
1524 4207 1777 4263 Baronio.

1093 4301 1319 4358 CAPUT
1357 4302 1473 4357 XX.

573 4391 641 4449 In
681 4404 853 4448 ntante
882 4393 1208 4449 Burdonem.
1239 4394 1287 4450 ls
1305 4403 1389 4451 est
1412 4395 1505 4466 qui
1534 4394 1641 4449 alio
1668 4394 1883 4450 nomine
1910 4394 2091 4465 Apen-

503 4484 626 4540 nius
667 4485 905 4550 dicitur,
955 4486 1047 4554 qui
1090 4485 1295 4541 italiam
1344 4486 1642 4542 secundum
1697 4484 2087 4556 longitudinem

502 4577 712 4633 dividit.
735 4577 869 4633 Vide
897 4578 1107 4634 Orteliii
1133 4579 1471 4635 Thesaurum
1511 4579 1949 4650 geograplticum.

576 4667 730 4735 Quod
760 4681 972 4725 vocatur
993 4668 1285 4725 Berrelum.
1316 4670 1464 4725 Alias
1493 4668 1783 4731 Berterum,
1814 4666 2086 4721 Bertecum

503 4769 579 4817 et.
607 4760 889 4815 Berletum.
939 4761 1044 4816 Sed
1072 4761 1352 4815 Bercetum
1380 4775 1502 4814 esse
1545 4772 1731 4812 veram
1778 4756 2087 4821 lectionem,

508 4868 672 4922 quam
703 4852 901 4908 habent
932 4853 1153 4909 meliora
1183 4852 1534 4923 exemplaria,
1574 4849 1841 4918 probatur
1877 4860 2090 4916 quoque

510 4960 578 5001 ex
602 4944 768 5001 Paulo
810 4945 1063 5009 Diacono,
1102 4944 1195 5012 qui
1230 4943 1476 4998 meminit
1503 4941 1662 5012 hujus
1692 4936 2001 4994 monasterii
2034 4936 2089 4990 in

509 5035 779 5094 Bardouis
801 5034 1026 5105 Alpibus
1049 5050 1081 5088 a
1110 5034 1442 5103 Luitpraudo
1468 5031 1786 5088 constructi.

582 5124 809 5192 Qttaudo
837 5133 947 5179 tres
961 5124 1170 5193 fratres,
1194 5123 1498 5182 Lotharius.
1522 5123 1817 5178 Ludovicus
1844 5130 1890 5175 et
1922 5118 2094 5174 Kars-

517 5217 597 5250 Ιιιο
643 5223 856 5250 ἆραι-..ηιμ
898 5215 992 5250 ,εις
1030 5214 1352 5250 Feras-announ-
1384 5227 1493 5250 uno!
1527 5214 1688 5250 null-:1
1729 5212 1924 5250 abitus»
1958 5209 2093 5250 Αἱιιί-

2168 1908 2305 1965 Vera
2332 1909 2493 1965 lectio
2532 1921 2615 1967 est
2644 1912 2831 1981 Aquis,
2880 1912 3086 1968 Gallice
3115 1914 3240 1977 Aix,
3263 1914 3537 1981 quomodo
3564 1913 3733 1984 legunt

2165 2002 2350 2058 omnia
2379 2003 2746 2073 exemplaria:
2782 2004 2895 2075 pro'
2917 2020 3026 2074 quo
3062 2003 3102 2060 S
3144 2005 3423 2077 substituit
3452 2005 3732 2075 Aquisgra-

2166 2110 2312 2157 num,
2337 2092 2576 2162 ejusdem
2607 2094 2846 2149 civitatis
2875 2109 3095 2150 nomen.
3124 2094 3230 2150 Sed
3259 2095 3411 2150 nrius
3443 2095 3733 2167 sepissime

2166 2182 2310 2255 apud
2336 2193 2586 2240 auctores
2622 2184 2917 2241 invenitur.

2747 2301 2978 2378 CAPUT
3017 2321 3160 2378 XXI.

2240 2432 2614 2508 [ntegrumque
2653 2433 2788 2489 illud
2815 2451 2932 2489 cum
2959 2434 3208 2501 brandeo,
3256 2451 3358 2506 quo
3385 2434 3534 2505 prius
3581 2451 3737 2506 reper-

2170 2536 2281 2581 tum
2308 2528 2480 2596 fuerat
2530 2526 2838 2582 inrolutum.
2870 2526 3196 2582 llincmarus
3226 2526 3278 2581 in
3322 2525 3446 2581 Vita
3488 2526 3545 2582 S.
3576 2525 3737 2582 Remi'

2169 2617 2263 2689 g'i,
2291 2618 2519 2671 brandeo
2552 2617 2713 2672 rubea
2758 2616 3075 2688 turolutum.
3120 2617 3270 2684 Quod
3304 2618 3558 2674 Nicolaus
3583 2619 3735 2674 Ches-

2171 2723 2311 2764 neau
2333 2706 2537 2763 Gallice
2557 2696 2753 2774 vertit;
2784 2710 2917 2779 drap
2955 2708 3021 2762 de
3054 2724 3203 2779 samy
3225 2708 3457 2774 vermeil,
3488 2719 3547 2763 ut
3573 2708 3733 2777 capite

2170 2801 2498 2871 praecedenti
2532 2800 2744 2871 legitur.
2781 2798 3063 2870 Significat
3094 2808 3275 2854 autem
3304 2800 3602 2854 brandeum
3622 2814 3735 2869 pan-

2172 2903 2303 2944 num
2339 2888 2575 2944 sericum
2608 2887 2724 2943 sive
2775 2886 3022 2953 linteum,
3056 2904 3164 2958 quo
3188 2896 3499 2942 sanctorum
3524 2901 3731 2956 corpora

2174 2994 2268 3035 seu
2312 2979 2555 3049 reliquias
2604 2978 3033 3034 involvebantur.
3104 2977 3266 3034 Moris
3314 2979 3459 3033 enim
3527 2977 3646 3040 fuit.
3687 2984 3735 3031 ut

2175 3072 2375 3129 alicubi
2407 3073 2461 3126 in
2485 3066 2731 3127 conciliis
2754 3071 3054 3137 decretum,
3081 3079 3142 3124 ut
3166 3067 3473 3137 huiusmodi
3502 3067 3735 3138 pretiosis

2100 3170 2145 3233 (ἶ
2179 3160 2312 3219 velis
2331 3174 2643 3218 sanctorum
2662 3175 2889 3231 corpora
2918 3158 3340 3215 involverentur.
3369 3158 3555 3214 Utitur
3567 3160 3734 3215 eadem

2174 3267 2313 3310 voce
2341 3251 2398 3308 S.
2428 3250 2721 3321 Gregorius
2744 3266 2878 3322 papa
2910 3248 3050 3305 libro
3071 3250 3249 3316 tertio,
3291 3251 3519 3321 epistola
3540 3251 3625 3314 '50,
3655 3264 3736 3321 pro

2180 3345 2379 3411 serico,
2405 3354 2500 3399 aut
2523 3343 2661 3410 velo,
2710 3342 2852 3413 quod
2890 3343 2958 3398 ad
2992 3357 3117 3397 eum
3167 3342 3326 3397 tinem
3360 3343 3609 3407 missum,
3630 3359 3739 3397 san-

2181 3446 2390 3513 ctorum
2438 3440 2679 3506 corpora“
2712 3432 3047 3504 contigisset.
3094 3432 3188 3487 Sic
3240 3432 3385 3486 enim
3448 3433 3631 3488 scribit
3680 3430 3734 3484 ad

2179 3526 2552 3584 Constantiam
2596 3525 2935 3597 Angustam:
2971 3543 2989 3575 ι
3044 3521 3350 3594 Cognoscat
3400 3534 3580 3578 autem
3610 3532 3735 3579 tran-

2182 3619 2503 3691 quillissima
2526 3616 2761 3680 domina,
2799 3615 2926 3687 quia
2973 3614 3234 3670 Romanis
3269 3617 3603 3671 consuetudo
3646 3630 3734 3671 non

2183 3723 2286 3776 est,
2320 3711 2536 3783 quando
2560 3714 2871 3765 sanctorum
2903 3708 3161 3797 reliquias
3185 3708 3336 3773 dant,
3371 3716 3433 3763 ut
3464 3709 3731 3780 quidquam

2186 3812 2405 3871 tangere
2428 3807 2759 3873 praesumant
2785 3800 2854 3854 de
2894 3814 3143 3867 corpore,
3174 3797 3266 3854 sed
3300 3799 3668 3853 tantummodo
3693 3798 3733 3850 in

2184 3891 2381 3964 pyxide
2434 3890 2731 3945 brandeum
2778 3888 3032 3954 mittitur,
3081 3897 3245 3959 atque
3287 3888 3354 3943 ad
3397 3888 3735 3944 sacratissima

2187 3997 2419 4055 corpora
2442 3990 2754 4039 sanctorum
2796 3980 3036 4051 ponitur.
3059 3978 3215 4047 Quod
3243 3979 3479 4035 levatum
3512 3979 3561 4033 in
3588 3976 3735 4035 eccle-

2186 4075 2267 4131 sia
2316 4090 2435 4144 quae
2463 4082 2549 4129 est
2573 4072 2889 4134 dedicanda,
2931 4071 3110 4126 debita
3137 4085 3258 4125 cum
3304 4071 3644 4126 veneratione
3666 4085 3733 4124 re-

2187 4167 2437 4224 conditur
2466 4185 2479 4222 :
2506 4175 2560 4221 et
2593 4174 2756 4221 tanta:
2791 4180 2888 4235 per
2914 4164 3016 4219 hoc
3044 4164 3242 4219 ibidem
3266 4164 3497 4219 virtutes
3521 4163 3658 4228 ilunt,
3684 4179 3733 4218 ac

2188 4257 2233 4313 si
2266 4256 2392 4312 illuc
2429 4255 2738 4326 specialiter
2760 4269 2947 4309 eorum
2975 4268 3205 4323 corpora
3246 4252 3580 4309 deierantur.
3608 4252 3733 4308 Unde

2189 4348 2415 4418 contigit
2442 4355 2502 4401 ut
2531 4347 2703 4401 beatas
2746 4343 3134 4400 recordationis
3163 4343 3358 4398 Leonis
3385 4359 3538 4415 papae
3561 4353 3733 4413 tempo—

2190 4441 2362 4503 ribus,
2390 4438 2534 4493 sicut
2555 4453 2584 4491 a
2610 4435 2906 4503 majoribus
2932 4435 3183 4498 traditur,
3199 4435 3325 4489 dum
3347 4434 3566 4503 quidam
3588 4432 3731 4487 ϐιωςί

2114 4535 2167 4596 D
2195 4534 2258 4589 de
2287 4532 2484 4586 talibus
2514 4529 2778 4598 reliquiis
2827 4527 3161 4590 dubitarent,
3207 4526 3497 4596 praedictus
3527 4524 3729 4596 pontifex

2195 4626 2297 4679 hoc
2336 4622 2509 4692 ipsum
2538 4619 2856 4682 brandeum,
2884 4618 3062 4683 allatis
3091 4617 3384 4679 forﬁcibus.
3415 4616 3664 4676 inciderit,
3689 4622 3732 4668 et

2195 4729 2261 4768 ex
2286 4713 2400 4783 ipsa
2427 4709 2690 4765 incisione
2718 4709 2940 4778 sanguis
2964 4706 3249 4761 eilluxerit.
3276 4725 3293 4757 ι
3318 4703 3443 4760 llaec
3473 4704 3575 4760 ille.
3602 4702 3730 4771 Ejus-

2195 4804 2317 4859 dem
2347 4800 2515 4856 moris
2554 4798 2917 4868 antiquissimi
2966 4784 3195 4867 ponendi
3244 4796 3360 4849 vela
3389 4795 3473 4849 vel
3506 4795 3598 4848 alia
3621 4797 3732 4871 ejus

2196 4897 2317 4952 dem
2366 4908 2529 4964 supra
2586 4890 2814 4961 apostoli
2860 4880 3015 4945 Petri
3055 4887 3385 4955 sepulcrum,
3436 4894 3495 4939 ut
3548 4884 3728 4939 benedi-

2106 5042 2109 5043 ν
2198 4976 2375 5042 ctione
2404 4983 2734 5054 locupletata
2767 4980 3160 5051 reciperentur,
3209 4977 3458 5031 meminit
3482 4975 3730 5047 Gregorius

2197 5076 2531 5132 Turonensis
2573 5074 2712 5129 libro
2758 5073 2933 5145 primo
2977 5056 3379 5135 Miraculorum,
3409 5069 3579 5140 capite
3611 5066 3729 5121 vice-

2199 5171 2336 5226 simo
2358 5175 2572 5223 octavo.
3541 5179 3547 5185 ι
