  <div class='ocr_page' id='page_1' title='image "/cluster/home/n/w/nwhite01/storage/ocr_20150623/135/hvd.32044015471758/184.png"; bbox 0 0 3904 5396; ppageno 0'>
   <div class='ocr_carea' id='block_1_1' title="bbox 177 276 269 329">
    <p class='ocr_par' dir='ltr' id='par_1_1' title="bbox 177 276 269 329">
     <span class='ocr_line' id='line_1_1' title="bbox 177 276 269 329; baseline 0.011 -1"><span class='ocrx_word' id='word_1_1' title='bbox 177 276 269 329; x_wconf 74' lang='grc'><strong>357</strong></span> 
     </span>
    </p>
   </div>
   <div class='ocr_carea' id='block_1_2' title="bbox 1428 273 2112 354">
    <p class='ocr_par' dir='ltr' id='par_1_2' title="bbox 1428 273 2112 354">
     <span class='ocr_line' id='line_1_2' title="bbox 1428 273 2112 354; baseline 0.001 -24"><span class='ocrx_word' id='word_1_2' title='bbox 1428 275 1494 330; x_wconf 77' lang='lat' dir='ltr'><strong>IN</strong></span> <span class='ocrx_word' id='word_1_3' title='bbox 1522 273 1783 331; x_wconf 63' lang='lat' dir='ltr'><strong>uanum</strong></span> <span class='ocrx_word' id='word_1_4' title='bbox 1819 274 2112 354; x_wconf 67' lang='lat' dir='ltr'><strong>l’RlMUM.</strong></span> 
     </span>
    </p>
   </div>
   <div class='ocr_carea' id='block_1_3' title="bbox 3283 277 3389 333">
    <p class='ocr_par' dir='ltr' id='par_1_3' title="bbox 3283 277 3389 333">
     <span class='ocr_line' id='line_1_3' title="bbox 3283 277 3389 333; baseline -0.019 0"><span class='ocrx_word' id='word_1_5' title='bbox 3283 277 3389 333; x_wconf 76' lang='lat'><strong>358</strong></span> 
     </span>
    </p>
   </div>
   <div class='ocr_carea' id='block_1_4' title="bbox 177 369 3394 460">
    <p class='ocr_par' dir='ltr' id='par_1_4' title="bbox 177 369 3394 460">
     <span class='ocr_line' id='line_1_4' title="bbox 177 369 3394 460; baseline 0 -16"><span class='ocrx_word' id='word_1_6' title='bbox 177 390 456 458; x_wconf 85' lang='lat' dir='ltr'><strong>eodemque</strong></span> <span class='ocrx_word' id='word_1_7' title='bbox 496 387 656 445; x_wconf 92' lang='lat' dir='ltr'><strong>modo</strong></span> <span class='ocrx_word' id='word_1_8' title='bbox 712 388 907 460; x_wconf 99' lang='lat' dir='ltr'><strong>legitur</strong></span> <span class='ocrx_word' id='word_1_9' title='bbox 965 387 1021 444; x_wconf 87' lang='lat' dir='ltr'><strong>in</strong></span> <span class='ocrx_word' id='word_1_10' title='bbox 1064 369 1290 444; x_wconf 77' lang='lat' dir='ltr'><strong>metrico</strong></span> <span class='ocrx_word' id='word_1_11' title='bbox 1340 385 1716 459; x_wconf 75' lang='lat' dir='ltr'><strong>Martyrologio</strong></span> <span class='ocrx_word' id='word_1_12' title='bbox 1741 390 1792 450; x_wconf 73' lang='grc' dir='ltr'><strong>Α</strong></span> <span class='ocrx_word' id='word_1_13' title='bbox 1820 387 2052 457; x_wconf 87' lang='lat' dir='ltr'><strong>populis,</strong></span> <span class='ocrx_word' id='word_1_14' title='bbox 2085 387 2177 458; x_wconf 85' lang='lat' dir='ltr'><strong>qui</strong></span> <span class='ocrx_word' id='word_1_15' title='bbox 2222 403 2364 444; x_wconf 91' lang='lat' dir='ltr'><strong>nunc</strong></span> <span class='ocrx_word' id='word_1_16' title='bbox 2391 386 2708 444; x_wconf 87' lang='lat' dir='ltr'><strong>Brabantini</strong></span> <span class='ocrx_word' id='word_1_17' title='bbox 2761 397 2816 444; x_wconf 89' lang='lat' dir='ltr'><strong>et</strong></span> <span class='ocrx_word' id='word_1_18' title='bbox 2861 388 3080 445; x_wconf 85' lang='lat' dir='ltr'><strong>Flaudri</strong></span> <span class='ocrx_word' id='word_1_19' title='bbox 3107 379 3394 446; x_wconf 63' lang='lat' dir='ltr'><strong>vocantur.</strong></span> 
     </span>
    </p>
   </div>
   <div class='ocr_carea' id='block_1_5' title="bbox 175 478 897 536">
    <p class='ocr_par' dir='ltr' id='par_1_5' title="bbox 175 478 897 536">
     <span class='ocr_line' id='line_1_5' title="bbox 175 478 897 536; baseline -0.004 -1"><span class='ocrx_word' id='word_1_20' title='bbox 175 478 521 536; x_wconf 81' lang='lat' dir='ltr'><strong>Wandelberti</strong></span> <span class='ocrx_word' id='word_1_21' title='bbox 548 478 897 534; x_wconf 88' lang='lat' dir='ltr'><strong>Prumiensis.</strong></span> 
     </span>
    </p>
   </div>
   <div class='ocr_carea' id='block_1_6' title="bbox 240 567 1719 640">
    <p class='ocr_par' dir='ltr' id='par_1_6' title="bbox 240 567 1719 640">
     <span class='ocr_line' id='line_1_6' title="bbox 240 567 1719 640; baseline -0.001 -17"><span class='ocrx_word' id='word_1_22' title='bbox 240 570 333 623; x_wconf 87' lang='lat' dir='ltr'><strong>Ter</strong></span> <span class='ocrx_word' id='word_1_23' title='bbox 357 579 558 623; x_wconf 86' lang='lat' dir='ltr'><strong>centum</strong></span> <span class='ocrx_word' id='word_1_24' title='bbox 605 569 836 637; x_wconf 78' lang='lat' dir='ltr'><strong>fuerant,</strong></span> <span class='ocrx_word' id='word_1_25' title='bbox 866 578 970 622; x_wconf 90' lang='lat' dir='ltr'><strong>tres</strong></span> <span class='ocrx_word' id='word_1_26' title='bbox 1006 577 1055 622; x_wconf 88' lang='lat' dir='ltr'><strong>et</strong></span> <span class='ocrx_word' id='word_1_27' title='bbox 1082 567 1205 623; x_wconf 84' lang='lat' dir='ltr'><strong>deni</strong></span> <span class='ocrx_word' id='word_1_28' title='bbox 1223 576 1409 640; x_wconf 86' lang='lat' dir='ltr'><strong>quater</strong></span> <span class='ocrx_word' id='word_1_29' title='bbox 1435 583 1582 633; x_wconf 88' lang='lat' dir='ltr'><strong>anm,</strong></span> <span class='ocrx_word' id='word_1_30' title='bbox 1613 574 1719 623; x_wconf 91' lang='lat' dir='ltr'><strong>etc.</strong></span> 
     </span>
    </p>
   </div>
   <div class='ocr_carea' id='block_1_7' title="bbox 176 657 1724 728">
    <p class='ocr_par' dir='ltr' id='par_1_7' title="bbox 176 657 1724 728">
     <span class='ocr_line' id='line_1_7' title="bbox 176 657 1724 728; baseline -0.001 -16"><span class='ocrx_word' id='word_1_31' title='bbox 176 659 223 714; x_wconf 88' lang='lat' dir='ltr'><strong>Id</strong></span> <span class='ocrx_word' id='word_1_32' title='bbox 244 669 322 712; x_wconf 89' lang='lat' dir='ltr'><strong>est</strong></span> <span class='ocrx_word' id='word_1_33' title='bbox 374 657 599 711; x_wconf 90' lang='lat' dir='ltr'><strong>trecenti</strong></span> <span class='ocrx_word' id='word_1_34' title='bbox 633 668 688 711; x_wconf 89' lang='lat' dir='ltr'><strong>et</strong></span> <span class='ocrx_word' id='word_1_35' title='bbox 716 667 908 728; x_wconf 90' lang='lat' dir='ltr'><strong>quater</strong></span> <span class='ocrx_word' id='word_1_36' title='bbox 957 658 1236 722; x_wconf 90' lang='lat' dir='ltr'><strong>tredecim,</strong></span> <span class='ocrx_word' id='word_1_37' title='bbox 1270 658 1362 727; x_wconf 86' lang='lat' dir='ltr'><strong>qui</strong></span> <span class='ocrx_word' id='word_1_38' title='bbox 1405 666 1531 711; x_wconf 88' lang='lat' dir='ltr'><strong>sunt</strong></span> <span class='ocrx_word' id='word_1_39' title='bbox 1559 658 1724 726; x_wconf 58' lang='lat' dir='ltr'><strong>quin-</strong></span> 
     </span>
    </p>
   </div>
   <div class='ocr_carea' id='block_1_8' title="bbox 176 748 1722 822">
    <p class='ocr_par' dir='ltr' id='par_1_8' title="bbox 176 748 1722 822">
     <span class='ocr_line' id='line_1_8' title="bbox 176 748 1722 822; baseline -0.002 -18"><span class='ocrx_word' id='word_1_40' title='bbox 176 752 413 822; x_wconf 75' lang='lat' dir='ltr'><strong>quaginta</strong></span> <span class='ocrx_word' id='word_1_41' title='bbox 445 751 568 815; x_wconf 90' lang='lat' dir='ltr'><strong>duo,</strong></span> <span class='ocrx_word' id='word_1_42' title='bbox 599 751 726 805; x_wconf 91' lang='lat' dir='ltr'><strong>anni</strong></span> <span class='ocrx_word' id='word_1_43' title='bbox 777 749 943 820; x_wconf 81' lang='lat' dir='ltr'><strong>elapsi</strong></span> <span class='ocrx_word' id='word_1_44' title='bbox 979 759 1136 804; x_wconf 88' lang='lat' dir='ltr'><strong>erant</strong></span> <span class='ocrx_word' id='word_1_45' title='bbox 1166 765 1196 803; x_wconf 89' lang='lat' dir='ltr'><strong>a</strong></span> <span class='ocrx_word' id='word_1_46' title='bbox 1244 748 1570 818; x_wconf 84' lang='lat' dir='ltr'><strong>baptismate</strong></span> <span class='ocrx_word' id='word_1_47' title='bbox 1594 749 1722 802; x_wconf 83' lang='lat' dir='ltr'><strong>Clo-</strong></span> 
     </span>
    </p>
   </div>
   <div class='ocr_carea' id='block_1_9' title="bbox 176 840 1721 912">
    <p class='ocr_par' dir='ltr' id='par_1_9' title="bbox 176 840 1721 912">
     <span class='ocr_line' id='line_1_9' title="bbox 176 840 1721 912; baseline -0.003 -13"><span class='ocrx_word' id='word_1_48' title='bbox 176 845 308 899; x_wconf 86' lang='lat' dir='ltr'><strong>dovei</strong></span> <span class='ocrx_word' id='word_1_49' title='bbox 329 852 382 898; x_wconf 88' lang='lat' dir='ltr'><strong>et</strong></span> <span class='ocrx_word' id='word_1_50' title='bbox 409 843 760 907; x_wconf 84' lang='lat' dir='ltr'><strong>Francorum,</strong></span> <span class='ocrx_word' id='word_1_51' title='bbox 783 841 995 912; x_wconf 86' lang='lat' dir='ltr'><strong>quando</strong></span> <span class='ocrx_word' id='word_1_52' title='bbox 1026 843 1141 897; x_wconf 66' lang='lat' dir='ltr'><strong>haec</strong></span> <span class='ocrx_word' id='word_1_53' title='bbox 1163 840 1450 896; x_wconf 83' lang='lat' dir='ltr'><strong>translatio</strong></span> <span class='ocrx_word' id='word_1_54' title='bbox 1474 841 1721 910; x_wconf 89' lang='lat' dir='ltr'><strong>corporis</strong></span> 
     </span>
    </p>
   </div>
   <div class='ocr_carea' id='block_1_10' title="bbox 177 931 1721 1003">
    <p class='ocr_par' dir='ltr' id='par_1_10' title="bbox 177 931 1721 1003">
     <span class='ocr_line' id='line_1_10' title="bbox 177 931 1721 1003; baseline -0.003 -14"><span class='ocrx_word' id='word_1_55' title='bbox 177 933 225 989; x_wconf 88' lang='lat' dir='ltr'><strong>S.</strong></span> <span class='ocrx_word' id='word_1_56' title='bbox 261 933 480 1003; x_wconf 75' lang='lat' dir='ltr'><strong>Remigii</strong></span> <span class='ocrx_word' id='word_1_57' title='bbox 522 932 666 988; x_wconf 80' lang='lat' dir='ltr'><strong>facta</strong></span> <span class='ocrx_word' id='word_1_58' title='bbox 700 941 804 996; x_wconf 86' lang='lat' dir='ltr'><strong>est,</strong></span> <span class='ocrx_word' id='word_1_59' title='bbox 851 933 993 1003; x_wconf 91' lang='lat' dir='ltr'><strong>quod</strong></span> <span class='ocrx_word' id='word_1_60' title='bbox 1034 933 1136 986; x_wconf 82' lang='lat' dir='ltr'><strong>fuit</strong></span> <span class='ocrx_word' id='word_1_61' title='bbox 1184 947 1326 988; x_wconf 90' lang='lat' dir='ltr'><strong>anno</strong></span> <span class='ocrx_word' id='word_1_62' title='bbox 1351 933 1476 988; x_wconf 69' lang='lat'><strong>952.</strong></span> <span class='ocrx_word' id='word_1_63' title='bbox 1512 931 1587 986; x_wconf 80' lang='lat' dir='ltr'><strong>Ex</strong></span> <span class='ocrx_word' id='word_1_64' title='bbox 1613 946 1721 1001; x_wconf 90' lang='lat' dir='ltr'><strong>quo</strong></span> 
     </span>
    </p>
   </div>
   <div class='ocr_carea' id='block_1_11' title="bbox 175 1021 1717 1094">
    <p class='ocr_par' dir='ltr' id='par_1_11' title="bbox 175 1021 1717 1094">
     <span class='ocr_line' id='line_1_11' title="bbox 175 1021 1717 1094; baseline -0.001 -16"><span class='ocrx_word' id='word_1_65' title='bbox 175 1026 394 1094; x_wconf 90' lang='lat' dir='ltr'><strong>sequitur</strong></span> <span class='ocrx_word' id='word_1_66' title='bbox 417 1023 741 1093; x_wconf 80' lang='lat' dir='ltr'><strong>baptismum</strong></span> <span class='ocrx_word' id='word_1_67' title='bbox 777 1021 1031 1078; x_wconf 88' lang='lat' dir='ltr'><strong>Clodovei</strong></span> <span class='ocrx_word' id='word_1_68' title='bbox 1082 1023 1375 1092; x_wconf 89' lang='lat' dir='ltr'><strong>contigisse</strong></span> <span class='ocrx_word' id='word_1_69' title='bbox 1423 1037 1564 1077; x_wconf 89' lang='lat' dir='ltr'><strong>anno</strong></span> <span class='ocrx_word' id='word_1_70' title='bbox 1591 1021 1717 1077; x_wconf 82' lang='lat'><strong>500.</strong></span> 
     </span>
    </p>
   </div>
   <div class='ocr_carea' id='block_1_12' title="bbox 173 1110 1720 1180">
    <p class='ocr_par' dir='ltr' id='par_1_12' title="bbox 173 1110 1720 1180">
     <span class='ocr_line' id='line_1_12' title="bbox 173 1110 1720 1180; baseline -0.001 -13"><span class='ocrx_word' id='word_1_71' title='bbox 173 1113 272 1167; x_wconf 86' lang='lat' dir='ltr'><strong>Non</strong></span> <span class='ocrx_word' id='word_1_72' title='bbox 307 1120 481 1166; x_wconf 88' lang='lat' dir='ltr'><strong>autem</strong></span> <span class='ocrx_word' id='word_1_73' title='bbox 524 1126 716 1166; x_wconf 88' lang='lat' dir='ltr'><strong>sensus</strong></span> <span class='ocrx_word' id='word_1_74' title='bbox 763 1121 868 1176; x_wconf 88' lang='lat' dir='ltr'><strong>est,</strong></span> <span class='ocrx_word' id='word_1_75' title='bbox 917 1119 975 1166; x_wconf 93' lang='lat' dir='ltr'><strong>ut</strong></span> <span class='ocrx_word' id='word_1_76' title='bbox 1013 1111 1185 1166; x_wconf 90' lang='lat' dir='ltr'><strong>videri</strong></span> <span class='ocrx_word' id='word_1_77' title='bbox 1232 1119 1437 1180; x_wconf 81' lang='lat' dir='ltr'><strong>posset,</strong></span> <span class='ocrx_word' id='word_1_78' title='bbox 1493 1110 1720 1166; x_wconf 87' lang='lat' dir='ltr'><strong>trecenti</strong></span> 
     </span>
    </p>
   </div>
   <div class='ocr_carea' id='block_1_13' title="bbox 173 1203 1718 1274">
    <p class='ocr_par' dir='ltr' id='par_1_13' title="bbox 173 1203 1718 1274">
     <span class='ocr_line' id='line_1_13' title="bbox 173 1203 1718 1274; baseline 0.001 -17"><span class='ocrx_word' id='word_1_79' title='bbox 173 1204 500 1274; x_wconf 79' lang='lat' dir='ltr'><strong>quadraginta</strong></span> <span class='ocrx_word' id='word_1_80' title='bbox 560 1212 667 1258; x_wconf 85' lang='lat' dir='ltr'><strong>tres</strong></span> <span class='ocrx_word' id='word_1_81' title='bbox 693 1203 840 1256; x_wconf 89' lang='lat' dir='ltr'><strong>anni.</strong></span> <span class='ocrx_word' id='word_1_82' title='bbox 886 1203 1036 1258; x_wconf 86' lang='lat' dir='ltr'><strong>Tunc</strong></span> <span class='ocrx_word' id='word_1_83' title='bbox 1077 1203 1221 1259; x_wconf 91' lang='lat' dir='ltr'><strong>enim</strong></span> <span class='ocrx_word' id='word_1_84' title='bbox 1262 1211 1542 1274; x_wconf 88' lang='lat' dir='ltr'><strong>oporteret</strong></span> <span class='ocrx_word' id='word_1_85' title='bbox 1595 1217 1718 1258; x_wconf 90' lang='lat' dir='ltr'><strong>eum</strong></span> 
     </span>
    </p>
   </div>
   <div class='ocr_carea' id='block_1_14' title="bbox 175 1290 1719 1361">
    <p class='ocr_par' dir='ltr' id='par_1_14' title="bbox 175 1290 1719 1361">
     <span class='ocr_line' id='line_1_14' title="bbox 175 1290 1719 1361; baseline -0.001 -13"><span class='ocrx_word' id='word_1_86' title='bbox 175 1295 315 1348; x_wconf 77' lang='lat' dir='ltr'><strong>fuisse</strong></span> <span class='ocrx_word' id='word_1_87' title='bbox 362 1292 690 1360; x_wconf 84' lang='lat' dir='ltr'><strong>baptizatum</strong></span> <span class='ocrx_word' id='word_1_88' title='bbox 725 1306 864 1346; x_wconf 89' lang='lat' dir='ltr'><strong>anno</strong></span> <span class='ocrx_word' id='word_1_89' title='bbox 894 1290 1018 1354; x_wconf 82' lang='lat'><strong>509,</strong></span> <span class='ocrx_word' id='word_1_90' title='bbox 1064 1291 1208 1361; x_wconf 90' lang='lat' dir='ltr'><strong>quod</strong></span> <span class='ocrx_word' id='word_1_91' title='bbox 1241 1301 1324 1347; x_wconf 90' lang='lat' dir='ltr'><strong>est</strong></span> <span class='ocrx_word' id='word_1_92' title='bbox 1351 1301 1538 1346; x_wconf 90' lang='lat' dir='ltr'><strong>contra</strong></span> <span class='ocrx_word' id='word_1_93' title='bbox 1570 1306 1719 1346; x_wconf 91' lang='lat' dir='ltr'><strong>com-</strong></span> 
     </span>
    </p>
   </div>
   <div class='ocr_carea' id='block_1_15' title="bbox 173 1382 1718 1455">
    <p class='ocr_par' dir='ltr' id='par_1_15' title="bbox 173 1382 1718 1455">
     <span class='ocr_line' id='line_1_15' title="bbox 173 1382 1718 1455; baseline -0.002 -14"><span class='ocrx_word' id='word_1_94' title='bbox 173 1401 360 1442; x_wconf 88' lang='lat' dir='ltr'><strong>munem</strong></span> <span class='ocrx_word' id='word_1_95' title='bbox 410 1382 760 1450; x_wconf 87' lang='lat' dir='ltr'><strong>senteutiam,</strong></span> <span class='ocrx_word' id='word_1_96' title='bbox 805 1391 864 1439; x_wconf 92' lang='lat' dir='ltr'><strong>ut</strong></span> <span class='ocrx_word' id='word_1_97' title='bbox 923 1398 1086 1454; x_wconf 88' lang='lat' dir='ltr'><strong>supra</strong></span> <span class='ocrx_word' id='word_1_98' title='bbox 1121 1383 1190 1438; x_wconf 90' lang='lat' dir='ltr'><strong>ad</strong></span> <span class='ocrx_word' id='word_1_99' title='bbox 1225 1397 1346 1455; x_wconf 86' lang='lat' dir='ltr'><strong>cap.</strong></span> <span class='ocrx_word' id='word_1_100' title='bbox 1380 1383 1446 1437; x_wconf 79' lang='grc'><strong>15</strong></span> <span class='ocrx_word' id='word_1_101' title='bbox 1491 1383 1718 1438; x_wconf 81' lang='lat' dir='ltr'><strong>adnota—</strong></span> 
     </span>
    </p>
   </div>
   <div class='ocr_carea' id='block_1_16' title="bbox 171 1480 340 1532">
    <p class='ocr_par' dir='ltr' id='par_1_16' title="bbox 171 1480 340 1532">
     <span class='ocr_line' id='line_1_16' title="bbox 171 1480 340 1532; baseline -0.012 0"><span class='ocrx_word' id='word_1_102' title='bbox 171 1480 340 1532; x_wconf 89' lang='lat' dir='ltr'><strong>vimus.</strong></span> 
     </span>
    </p>
   </div>
   <div class='ocr_carea' id='block_1_17' title="bbox 227 1565 1715 1637">
    <p class='ocr_par' dir='ltr' id='par_1_17' title="bbox 227 1565 1715 1637">
     <span class='ocr_line' id='line_1_17' title="bbox 227 1565 1715 1637; baseline 0.001 -17"><span class='ocrx_word' id='word_1_103' title='bbox 227 1566 589 1620; x_wconf 83' lang='lat' dir='ltr'><strong>Comitantibus</strong></span> <span class='ocrx_word' id='word_1_104' title='bbox 635 1566 861 1637; x_wconf 81' lang='lat' dir='ltr'><strong>undique</strong></span> <span class='ocrx_word' id='word_1_105' title='bbox 911 1583 1059 1621; x_wconf 85' lang='lat' dir='ltr'><strong>secus</strong></span> <span class='ocrx_word' id='word_1_106' title='bbox 1122 1565 1434 1636; x_wconf 85' lang='lat' dir='ltr'><strong>populorum</strong></span> <span class='ocrx_word' id='word_1_107' title='bbox 1491 1569 1715 1635; x_wconf 89' lang='lat' dir='ltr'><strong>stipatus</strong></span> 
     </span>
    </p>
   </div>
   <div class='ocr_carea' id='block_1_18' title="bbox 174 1656 1714 1729">
    <p class='ocr_par' dir='ltr' id='par_1_18' title="bbox 174 1656 1714 1729">
     <span class='ocr_line' id='line_1_18' title="bbox 174 1656 1714 1729; baseline 0 -17"><span class='ocrx_word' id='word_1_108' title='bbox 174 1659 377 1712; x_wconf 77' lang='lat' dir='ltr'><strong>catervis.</strong></span> <span class='ocrx_word' id='word_1_109' title='bbox 407 1656 603 1720; x_wconf 89' lang='lat' dir='ltr'><strong>Secus,</strong></span> <span class='ocrx_word' id='word_1_110' title='bbox 644 1657 696 1711; x_wconf 90' lang='lat' dir='ltr'><strong>id</strong></span> <span class='ocrx_word' id='word_1_111' title='bbox 733 1666 817 1710; x_wconf 88' lang='lat' dir='ltr'><strong>est</strong></span> <span class='ocrx_word' id='word_1_112' title='bbox 843 1673 1021 1727; x_wconf 82' lang='lat' dir='ltr'><strong>prope,</strong></span> <span class='ocrx_word' id='word_1_113' title='bbox 1047 1666 1101 1712; x_wconf 90' lang='lat' dir='ltr'><strong>et</strong></span> <span class='ocrx_word' id='word_1_114' title='bbox 1130 1657 1208 1712; x_wconf 91' lang='lat' dir='ltr'><strong>sic</strong></span> <span class='ocrx_word' id='word_1_115' title='bbox 1232 1657 1414 1712; x_wconf 90' lang='lat' dir='ltr'><strong>omnia</strong></span> <span class='ocrx_word' id='word_1_116' title='bbox 1442 1657 1714 1729; x_wconf 80' lang='lat' dir='ltr'><strong>exempla-</strong></span> 
     </span>
    </p>
   </div>
   <div class='ocr_carea' id='block_1_19' title="bbox 172 1745 1218 1816">
    <p class='ocr_par' dir='ltr' id='par_1_19' title="bbox 172 1745 1218 1816">
     <span class='ocr_line' id='line_1_19' title="bbox 172 1745 1218 1816; baseline 0.003 -15"><span class='ocrx_word' id='word_1_117' title='bbox 172 1748 256 1816; x_wconf 85' lang='lat' dir='ltr'><strong>ria,</strong></span> <span class='ocrx_word' id='word_1_118' title='bbox 283 1761 343 1802; x_wconf 91' lang='lat' dir='ltr'><strong>ne</strong></span> <span class='ocrx_word' id='word_1_119' title='bbox 368 1746 490 1816; x_wconf 89' lang='lat' dir='ltr'><strong>quis</strong></span> <span class='ocrx_word' id='word_1_120' title='bbox 517 1745 804 1816; x_wconf 85' lang='lat' dir='ltr'><strong>legendum</strong></span> <span class='ocrx_word' id='word_1_121' title='bbox 836 1754 984 1815; x_wconf 91' lang='lat' dir='ltr'><strong>putet</strong></span> <span class='ocrx_word' id='word_1_122' title='bbox 1013 1761 1218 1805; x_wconf 75' lang='lat' dir='ltr'><strong>secum.</strong></span> 
     </span>
    </p>
   </div>
   <div class='ocr_carea' id='block_1_20' title="bbox 712 1836 1141 1894">
    <p class='ocr_par' dir='ltr' id='par_1_20' title="bbox 712 1836 1141 1894">
     <span class='ocr_line' id='line_1_20' title="bbox 712 1836 1141 1894; baseline 0.002 -2"><span class='ocrx_word' id='word_1_123' title='bbox 712 1836 938 1894; x_wconf 84' lang='lat' dir='ltr'><strong>CAPUT</strong></span> <span class='ocrx_word' id='word_1_124' title='bbox 976 1837 1141 1893; x_wconf 80' lang='lat' dir='ltr'>XXII.</span> 
     </span>
    </p>
   </div>
   <div class='ocr_carea' id='block_1_21' title="bbox 173 1927 1713 2000">
    <p class='ocr_par' dir='ltr' id='par_1_21' title="bbox 173 1927 1713 2000">
     <span class='ocr_line' id='line_1_21' title="bbox 173 1927 1713 2000; baseline 0.003 -18"><span class='ocrx_word' id='word_1_125' title='bbox 173 1985 180 1994; x_wconf 58' lang='grc'><strong>,</strong></span> <span class='ocrx_word' id='word_1_126' title='bbox 228 1927 404 1983; x_wconf 64' lang='lat' dir='ltr'><strong>Mulier</strong></span> <span class='ocrx_word' id='word_1_127' title='bbox 433 1927 680 2000; x_wconf 65' lang='lat' dir='ltr'><strong>quadam</strong></span> <span class='ocrx_word' id='word_1_128' title='bbox 734 1929 798 1982; x_wconf 88' lang='lat' dir='ltr'><strong>de</strong></span> <span class='ocrx_word' id='word_1_129' title='bbox 837 1945 969 1998; x_wconf 86' lang='lat' dir='ltr'><strong>pago</strong></span> <span class='ocrx_word' id='word_1_130' title='bbox 1021 1927 1326 1985; x_wconf 75' lang='lat' dir='ltr'><strong>Trecassrno</strong></span> <span class='ocrx_word' id='word_1_131' title='bbox 1368 1931 1713 1987; x_wconf 68' lang='lat' dir='ltr'><strong>membrorum</strong></span> 
     </span>
    </p>
   </div>
   <div class='ocr_carea' id='block_1_22' title="bbox 173 2016 1712 2089">
    <p class='ocr_par' dir='ltr' id='par_1_22' title="bbox 173 2016 1712 2089">
     <span class='ocr_line' id='line_1_22' title="bbox 173 2016 1712 2089; baseline 0.003 -17"><span class='ocrx_word' id='word_1_132' title='bbox 173 2019 369 2072; x_wconf 86' lang='lat' dir='ltr'><strong>omnium</strong></span> <span class='ocrx_word' id='word_1_133' title='bbox 390 2017 678 2087; x_wconf 79' lang='lat' dir='ltr'><strong>agitatione</strong></span> <span class='ocrx_word' id='word_1_134' title='bbox 705 2016 947 2072; x_wconf 86' lang='lat' dir='ltr'><strong>multata.</strong></span> <span class='ocrx_word' id='word_1_135' title='bbox 976 2016 1224 2074; x_wconf 86' lang='lat' dir='ltr'><strong>Similem</strong></span> <span class='ocrx_word' id='word_1_136' title='bbox 1266 2020 1601 2089; x_wconf 88' lang='lat' dir='ltr'><strong>punitionem</strong></span> <span class='ocrx_word' id='word_1_137' title='bbox 1644 2037 1712 2076; x_wconf 81' lang='lat' dir='ltr'><strong>ex</strong></span> 
     </span>
    </p>
   </div>
   <div class='ocr_carea' id='block_1_23' title="bbox 174 2103 1712 2178">
    <p class='ocr_par' dir='ltr' id='par_1_23' title="bbox 174 2103 1712 2178">
     <span class='ocr_line' id='line_1_23' title="bbox 174 2103 1712 2178; baseline 0.007 -23"><span class='ocrx_word' id='word_1_138' title='bbox 174 2103 423 2160; x_wconf 86' lang='lat' dir='ltr'><strong>maledicto</strong></span> <span class='ocrx_word' id='word_1_139' title='bbox 446 2106 643 2160; x_wconf 87' lang='lat' dir='ltr'><strong>matris</strong></span> <span class='ocrx_word' id='word_1_140' title='bbox 668 2105 1093 2176; x_wconf 87' lang='lat' dir='ltr'><strong>provenientem,</strong></span> <span class='ocrx_word' id='word_1_141' title='bbox 1127 2107 1350 2178; x_wconf 87' lang='lat' dir='ltr'><strong>ejusque</strong></span> <span class='ocrx_word' id='word_1_142' title='bbox 1375 2111 1712 2166; x_wconf 81' lang='lat' dir='ltr'><strong>curationem</strong></span> 
     </span>
    </p>
   </div>
   <div class='ocr_carea' id='block_1_24' title="bbox 174 2194 1716 2271">
    <p class='ocr_par' dir='ltr' id='par_1_24' title="bbox 174 2194 1716 2271">
     <span class='ocr_line' id='line_1_24' title="bbox 174 2194 1716 2271; baseline 0.007 -25"><span class='ocrx_word' id='word_1_143' title='bbox 174 2194 226 2246; x_wconf 83' lang='lat' dir='ltr'><strong>ad</strong></span> <span class='ocrx_word' id='word_1_144' title='bbox 267 2194 574 2249; x_wconf 85' lang='lat' dir='ltr'><strong>memoriam</strong></span> <span class='ocrx_word' id='word_1_145' title='bbox 631 2195 690 2250; x_wconf 92' lang='lat' dir='ltr'><strong>S.</strong></span> <span class='ocrx_word' id='word_1_146' title='bbox 739 2195 998 2266; x_wconf 85' lang='lat' dir='ltr'><strong>Stephani</strong></span> <span class='ocrx_word' id='word_1_147' title='bbox 1054 2200 1473 2271; x_wconf 85' lang='lat' dir='ltr'><strong>protomartyris</strong></span> <span class='ocrx_word' id='word_1_148' title='bbox 1525 2215 1716 2257; x_wconf 87' lang='lat' dir='ltr'><strong>narrat</strong></span> 
     </span>
    </p>
   </div>
   <div class='ocr_carea' id='block_1_25' title="bbox 173 2285 1317 2355">
    <p class='ocr_par' dir='ltr' id='par_1_25' title="bbox 173 2285 1317 2355">
     <span class='ocr_line' id='line_1_25' title="bbox 173 2285 1317 2355; baseline 0.006 -17"><span class='ocrx_word' id='word_1_149' title='bbox 173 2285 465 2354; x_wconf 81' lang='lat' dir='ltr'><strong>Augustinus</strong></span> <span class='ocrx_word' id='word_1_150' title='bbox 488 2287 587 2342; x_wconf 89' lang='lat' dir='ltr'><strong>lib.</strong></span> <span class='ocrx_word' id='word_1_151' title='bbox 620 2304 732 2342; x_wconf 82' lang='lat' dir='ltr'><strong>xm</strong></span> <span class='ocrx_word' id='word_1_152' title='bbox 761 2288 826 2343; x_wconf 91' lang='lat' dir='ltr'><strong>de</strong></span> <span class='ocrx_word' id='word_1_153' title='bbox 849 2288 1008 2343; x_wconf 90' lang='lat' dir='ltr'><strong>Civit.</strong></span> <span class='ocrx_word' id='word_1_154' title='bbox 1038 2288 1154 2355; x_wconf 89' lang='lat' dir='ltr'><strong>Dei,</strong></span> <span class='ocrx_word' id='word_1_155' title='bbox 1187 2305 1237 2344; x_wconf 91' lang='lat' dir='ltr'><strong>c.</strong></span> <span class='ocrx_word' id='word_1_156' title='bbox 1263 2290 1317 2346; x_wconf 90' lang='lat'><strong>8.</strong></span> 
     </span>
    </p>
   </div>
   <div class='ocr_carea' id='block_1_26' title="bbox 233 2372 1710 2451">
    <p class='ocr_par' dir='ltr' id='par_1_26' title="bbox 233 2372 1710 2451">
     <span class='ocr_line' id='line_1_26' title="bbox 233 2372 1710 2451; baseline 0.009 -25"><span class='ocrx_word' id='word_1_157' title='bbox 233 2372 304 2426; x_wconf 77' lang='lat' dir='ltr'><strong>Es:</strong></span> <span class='ocrx_word' id='word_1_158' title='bbox 321 2374 438 2428; x_wconf 76' lang='lat' dir='ltr'><strong>villa</strong></span> <span class='ocrx_word' id='word_1_159' title='bbox 466 2392 590 2446; x_wconf 69' lang='grc' dir='ltr'><strong>(μίαν</strong></span> <span class='ocrx_word' id='word_1_160' title='bbox 611 2387 824 2429; x_wconf 83' lang='lat' dir='ltr'><strong>rocatur</strong></span> <span class='ocrx_word' id='word_1_161' title='bbox 845 2375 1112 2432; x_wconf 83' lang='lat' dir='ltr'><strong>Caucella.</strong></span> <span class='ocrx_word' id='word_1_162' title='bbox 1135 2379 1224 2434; x_wconf 87' lang='lat' dir='ltr'><strong>Sic</strong></span> <span class='ocrx_word' id='word_1_163' title='bbox 1245 2379 1430 2445; x_wconf 75' lang='lat' dir='ltr'><strong>R,’MS</strong></span> <span class='ocrx_word' id='word_1_164' title='bbox 1451 2379 1501 2448; x_wconf 83' lang='lat' dir='ltr'><strong>J,</strong></span> <span class='ocrx_word' id='word_1_165' title='bbox 1524 2383 1616 2438; x_wconf 88' lang='lat' dir='ltr'><strong>sed</strong></span> <span class='ocrx_word' id='word_1_166' title='bbox 1647 2383 1710 2451; x_wconf 89' lang='lat' dir='ltr'><strong>C,</strong></span> 
     </span>
    </p>
   </div>
   <div class='ocr_carea' id='block_1_27' title="bbox 176 2461 1713 2543">
    <p class='ocr_par' dir='ltr' id='par_1_27' title="bbox 176 2461 1713 2543">
     <span class='ocr_line' id='line_1_27' title="bbox 176 2461 1713 2543; baseline 0.008 -27"><span class='ocrx_word' id='word_1_167' title='bbox 176 2461 402 2520; x_wconf 84' lang='lat' dir='ltr'><strong>Caurella.</strong></span> <span class='ocrx_word' id='word_1_168' title='bbox 456 2467 537 2521; x_wconf 90' lang='lat' dir='ltr'><strong>De</strong></span> <span class='ocrx_word' id='word_1_169' title='bbox 569 2466 832 2523; x_wconf 87' lang='lat' dir='ltr'><strong>relatione</strong></span> <span class='ocrx_word' id='word_1_170' title='bbox 868 2467 924 2523; x_wconf 97' lang='grc'><strong>8.</strong></span> <span class='ocrx_word' id='word_1_171' title='bbox 956 2469 1186 2542; x_wconf 87' lang='lat' dir='ltr'><strong>Remigii</strong></span> <span class='ocrx_word' id='word_1_172' title='bbox 1229 2471 1296 2525; x_wconf 90' lang='lat' dir='ltr'><strong>ad</strong></span> <span class='ocrx_word' id='word_1_173' title='bbox 1326 2471 1502 2527; x_wconf 91' lang='lat' dir='ltr'><strong>locum</strong></span> <span class='ocrx_word' id='word_1_174' title='bbox 1529 2475 1713 2543; x_wconf 86' lang='lat' dir='ltr'><strong>sepul-</strong></span> 
     </span>
    </p>
   </div>
   <div class='ocr_carea' id='block_1_28' title="bbox 177 2558 1714 2634">
    <p class='ocr_par' dir='ltr' id='par_1_28' title="bbox 177 2558 1714 2634">
     <span class='ocr_line' id='line_1_28' title="bbox 177 2558 1714 2634; baseline 0.008 -26"><span class='ocrx_word' id='word_1_175' title='bbox 177 2564 282 2610; x_wconf 74' lang='lat' dir='ltr'><strong>tura:</strong></span> <span class='ocrx_word' id='word_1_176' title='bbox 320 2573 443 2622; x_wconf 77' lang='lat' dir='ltr'><strong>sine,</strong></span> <span class='ocrx_word' id='word_1_177' title='bbox 501 2573 600 2612; x_wconf 88' lang='lat' dir='ltr'><strong>seu</strong></span> <span class='ocrx_word' id='word_1_178' title='bbox 648 2558 716 2612; x_wconf 90' lang='lat' dir='ltr'><strong>ad</strong></span> <span class='ocrx_word' id='word_1_179' title='bbox 769 2561 1153 2616; x_wconf 86' lang='lat' dir='ltr'><strong>monasterium</strong></span> <span class='ocrx_word' id='word_1_180' title='bbox 1207 2578 1385 2629; x_wconf 91' lang='lat' dir='ltr'><strong>suum,</strong></span> <span class='ocrx_word' id='word_1_181' title='bbox 1426 2579 1524 2634; x_wconf 90' lang='lat' dir='ltr'><strong>per</strong></span> <span class='ocrx_word' id='word_1_182' title='bbox 1559 2565 1714 2620; x_wconf 83' lang='lat' dir='ltr'><strong>Heri-</strong></span> 
     </span>
    </p>
   </div>
   <div class='ocr_carea' id='block_1_29' title="bbox 173 2649 1710 2723">
    <p class='ocr_par' dir='ltr' id='par_1_29' title="bbox 173 2649 1710 2723">
     <span class='ocr_line' id='line_1_29' title="bbox 173 2649 1710 2723; baseline 0.008 -26"><span class='ocrx_word' id='word_1_183' title='bbox 173 2662 310 2700; x_wconf 73' lang='lat' dir='ltr'><strong>vaeum</strong></span> <span class='ocrx_word' id='word_1_184' title='bbox 338 2649 805 2719; x_wconf 85' lang='lat' dir='ltr'><strong>archiepiscopum</strong></span> <span class='ocrx_word' id='word_1_185' title='bbox 855 2649 998 2705; x_wconf 82' lang='lat' dir='ltr'><strong>facta</strong></span> <span class='ocrx_word' id='word_1_186' title='bbox 1059 2666 1201 2706; x_wconf 85' lang='lat' dir='ltr'><strong>anno</strong></span> <span class='ocrx_word' id='word_1_187' title='bbox 1235 2653 1362 2718; x_wconf 74' lang='lat'><strong>901,</strong></span> <span class='ocrx_word' id='word_1_188' title='bbox 1400 2657 1467 2709; x_wconf 91' lang='lat' dir='ltr'><strong>de</strong></span> <span class='ocrx_word' id='word_1_189' title='bbox 1517 2669 1622 2723; x_wconf 91' lang='lat' dir='ltr'><strong>qua</strong></span> <span class='ocrx_word' id='word_1_190' title='bbox 1655 2655 1710 2710; x_wconf 72' lang='lat' dir='ltr'><strong>in</strong></span> 
     </span>
    </p>
   </div>
   <div class='ocr_carea' id='block_1_30' title="bbox 175 2733 1708 2814">
    <p class='ocr_par' dir='ltr' id='par_1_30' title="bbox 175 2733 1708 2814">
     <span class='ocr_line' id='line_1_30' title="bbox 175 2733 1708 2814; baseline 0.008 -28"><span class='ocrx_word' id='word_1_191' title='bbox 175 2733 258 2788; x_wconf 82' lang='lat' dir='ltr'><strong>ﬁne</strong></span> <span class='ocrx_word' id='word_1_192' title='bbox 283 2735 426 2807; x_wconf 89' lang='lat' dir='ltr'><strong>hujus</strong></span> <span class='ocrx_word' id='word_1_193' title='bbox 462 2737 690 2794; x_wconf 84' lang='lat' dir='ltr'><strong>cauiluli</strong></span> <span class='ocrx_word' id='word_1_194' title='bbox 733 2738 896 2810; x_wconf 92' lang='lat' dir='ltr'><strong>paulo</strong></span> <span class='ocrx_word' id='word_1_195' title='bbox 938 2739 1101 2798; x_wconf 92' lang='lat' dir='ltr'><strong>latius</strong></span> <span class='ocrx_word' id='word_1_196' title='bbox 1131 2744 1242 2814; x_wconf 88' lang='lat' dir='ltr'><strong>agit</strong></span> <span class='ocrx_word' id='word_1_197' title='bbox 1268 2752 1482 2813; x_wconf 87' lang='lat' dir='ltr'><strong>auctor,</strong></span> <span class='ocrx_word' id='word_1_198' title='bbox 1507 2745 1603 2802; x_wconf 91' lang='lat' dir='ltr'><strong>lib.</strong></span> <span class='ocrx_word' id='word_1_199' title='bbox 1633 2761 1708 2813; x_wconf 85' lang='lat' dir='ltr'><strong>tv,</strong></span> 
     </span>
    </p>
   </div>
   <div class='ocr_carea' id='block_1_31' title="bbox 175 2824 305 2880">
    <p class='ocr_par' dir='ltr' id='par_1_31' title="bbox 175 2824 305 2880">
     <span class='ocr_line' id='line_1_31' title="bbox 175 2824 305 2880; baseline 0.031 -4"><span class='ocrx_word' id='word_1_200' title='bbox 175 2838 212 2876; x_wconf 88' lang='lat' dir='ltr'><strong>c.</strong></span> <span class='ocrx_word' id='word_1_201' title='bbox 235 2824 305 2880; x_wconf 65' lang='lat' dir='ltr'><strong>l2.</strong></span> 
     </span>
    </p>
   </div>
   <div class='ocr_carea' id='block_1_32' title="bbox 230 2909 1713 2996">
    <p class='ocr_par' dir='ltr' id='par_1_32' title="bbox 230 2909 1713 2996">
     <span class='ocr_line' id='line_1_32' title="bbox 230 2909 1713 2996; baseline 0.012 -31"><span class='ocrx_word' id='word_1_202' title='bbox 230 2911 286 2967; x_wconf 88' lang='lat' dir='ltr'><strong>In</strong></span> <span class='ocrx_word' id='word_1_203' title='bbox 311 2931 365 2969; x_wconf 87' lang='lat' dir='ltr'><strong>eo</strong></span> <span class='ocrx_word' id='word_1_204' title='bbox 385 2932 500 2971; x_wconf 82' lang='lat' dir='ltr'><strong>vero</strong></span> <span class='ocrx_word' id='word_1_205' title='bbox 545 2916 660 2972; x_wconf 84' lang='lat' dir='ltr'><strong>loco</strong></span> <span class='ocrx_word' id='word_1_206' title='bbox 690 2918 778 2972; x_wconf 84' lang='lat' dir='ltr'><strong>ubi</strong></span> <span class='ocrx_word' id='word_1_207' title='bbox 803 2919 901 2975; x_wconf 78' lang='lat' dir='ltr'><strong>hoc</strong></span> <span class='ocrx_word' id='word_1_208' title='bbox 925 2909 1133 2976; x_wconf 65' lang='lat' dir='ltr'><strong>salutis</strong></span> <span class='ocrx_word' id='word_1_209' title='bbox 1162 2924 1352 2978; x_wconf 88' lang='lat' dir='ltr'><strong>accidit</strong></span> <span class='ocrx_word' id='word_1_210' title='bbox 1381 2925 1598 2992; x_wconf 82' lang='lat' dir='ltr'><strong>donum,</strong></span> <span class='ocrx_word' id='word_1_211' title='bbox 1620 2943 1713 2996; x_wconf 82' lang='lat' dir='ltr'><strong>po-</strong></span> 
     </span>
    </p>
   </div>
   <div class='ocr_carea' id='block_1_33' title="bbox 175 3007 1711 3091">
    <p class='ocr_par' dir='ltr' id='par_1_33' title="bbox 175 3007 1711 3091">
     <span class='ocr_line' id='line_1_33' title="bbox 175 3007 1711 3091; baseline 0.014 -35"><span class='ocrx_word' id='word_1_212' title='bbox 175 3007 252 3057; x_wconf 85' lang='lat' dir='ltr'><strong>sita</strong></span> <span class='ocrx_word' id='word_1_213' title='bbox 275 3008 498 3080; x_wconf 77' lang='lat' dir='ltr'><strong>deinceps</strong></span> <span class='ocrx_word' id='word_1_214' title='bbox 526 3023 696 3065; x_wconf 72' lang='lat' dir='ltr'><strong>exstat</strong></span> <span class='ocrx_word' id='word_1_215' title='bbox 721 3013 984 3080; x_wconf 85' lang='lat' dir='ltr'><strong>columna,</strong></span> <span class='ocrx_word' id='word_1_216' title='bbox 1006 3032 1158 3070; x_wconf 87' lang='lat' dir='ltr'><strong>cruce</strong></span> <span class='ocrx_word' id='word_1_217' title='bbox 1178 3019 1419 3087; x_wconf 76' lang='lat' dir='ltr'><strong>pra-ﬁxa,</strong></span> <span class='ocrx_word' id='word_1_218' title='bbox 1446 3020 1711 3091; x_wconf 74' lang='lat' dir='ltr'><strong>gloriﬁca-</strong></span> 
     </span>
    </p>
   </div>
   <div class='ocr_carea' id='block_1_34' title="bbox 174 3099 1784 3184">
    <p class='ocr_par' dir='ltr' id='par_1_34' title="bbox 174 3099 1784 3184">
     <span class='ocr_line' id='line_1_34' title="bbox 174 3099 1784 3184; baseline 0.013 -34"><span class='ocrx_word' id='word_1_219' title='bbox 174 3099 299 3154; x_wconf 87' lang='lat' dir='ltr'><strong>tionis</strong></span> <span class='ocrx_word' id='word_1_220' title='bbox 321 3101 471 3172; x_wconf 82' lang='lat' dir='ltr'><strong>hujus</strong></span> <span class='ocrx_word' id='word_1_221' title='bbox 513 3105 787 3158; x_wconf 86' lang='lat' dir='ltr'><strong>continens</strong></span> <span class='ocrx_word' id='word_1_222' title='bbox 815 3121 1168 3162; x_wconf 85' lang='lat' dir='ltr'><strong>monumenta.</strong></span> <span class='ocrx_word' id='word_1_223' title='bbox 1217 3109 1272 3163; x_wconf 89' lang='lat' dir='ltr'><strong>In</strong></span> <span class='ocrx_word' id='word_1_224' title='bbox 1301 3111 1528 3166; x_wconf 84' lang='lat' dir='ltr'><strong>circuitu</strong></span> <span class='ocrx_word' id='word_1_225' title='bbox 1557 3115 1709 3184; x_wconf 90' lang='lat' dir='ltr'><strong>pedis</strong></span> <span class='ocrx_word' id='word_1_226' title='bbox 1738 3123 1784 3184; x_wconf 74' lang='grc' dir='ltr'>ο</span> 
     </span>
    </p>
   </div>
   <div class='ocr_carea' id='block_1_35' title="bbox 174 3190 1708 3273">
    <p class='ocr_par' dir='ltr' id='par_1_35' title="bbox 174 3190 1708 3273">
     <span class='ocr_line' id='line_1_35' title="bbox 174 3190 1708 3273; baseline 0.01 -29"><span class='ocrx_word' id='word_1_227' title='bbox 174 3190 394 3248; x_wconf 67' lang='lat' dir='ltr'><strong>columna:</strong></span> <span class='ocrx_word' id='word_1_228' title='bbox 427 3195 613 3249; x_wconf 91' lang='lat' dir='ltr'><strong>crucis</strong></span> <span class='ocrx_word' id='word_1_229' title='bbox 660 3196 777 3250; x_wconf 68' lang='lat' dir='ltr'><strong>sitae</strong></span> <span class='ocrx_word' id='word_1_230' title='bbox 803 3196 856 3251; x_wconf 88' lang='lat' dir='ltr'><strong>in</strong></span> <span class='ocrx_word' id='word_1_231' title='bbox 888 3199 1057 3268; x_wconf 86' lang='lat' dir='ltr'><strong>burgo</strong></span> <span class='ocrx_word' id='word_1_232' title='bbox 1099 3199 1158 3254; x_wconf 91' lang='lat' dir='ltr'><strong>S.</strong></span> <span class='ocrx_word' id='word_1_233' title='bbox 1207 3201 1449 3272; x_wconf 80' lang='lat' dir='ltr'><strong>Dionysii</strong></span> <span class='ocrx_word' id='word_1_234' title='bbox 1501 3203 1708 3273; x_wconf 84' lang='lat' dir='ltr'><strong>Remis,</strong></span> 
     </span>
    </p>
   </div>
   <div class='ocr_carea' id='block_1_36' title="bbox 173 3281 1709 3368">
    <p class='ocr_par' dir='ltr' id='par_1_36' title="bbox 173 3281 1709 3368">
     <span class='ocr_line' id='line_1_36' title="bbox 173 3281 1709 3368; baseline 0.011 -32"><span class='ocrx_word' id='word_1_235' title='bbox 173 3281 262 3348; x_wconf 77' lang='lat' dir='ltr'><strong>ejus</strong></span> <span class='ocrx_word' id='word_1_236' title='bbox 285 3286 351 3340; x_wconf 89' lang='lat' dir='ltr'><strong>rei</strong></span> <span class='ocrx_word' id='word_1_237' title='bbox 375 3287 529 3342; x_wconf 89' lang='lat' dir='ltr'><strong>testis</strong></span> <span class='ocrx_word' id='word_1_238' title='bbox 559 3298 639 3342; x_wconf 92' lang='lat' dir='ltr'><strong>est</strong></span> <span class='ocrx_word' id='word_1_239' title='bbox 665 3288 781 3342; x_wconf 70' lang='lat' dir='ltr'><strong>haec</strong></span> <span class='ocrx_word' id='word_1_240' title='bbox 812 3289 1092 3361; x_wconf 82' lang='lat' dir='ltr'><strong>IllSCl’lpllO</strong></span> <span class='ocrx_word' id='word_1_241' title='bbox 1123 3309 1137 3345; x_wconf 88' lang='lat'><strong>:</strong></span> <span class='ocrx_word' id='word_1_242' title='bbox 1171 3310 1191 3344; x_wconf 69' lang='grc' dir='ltr'><strong>ε</strong></span> <span class='ocrx_word' id='word_1_243' title='bbox 1224 3291 1506 3365; x_wconf 84' lang='lat' dir='ltr'><strong>Nongento</strong></span> <span class='ocrx_word' id='word_1_244' title='bbox 1532 3297 1709 3368; x_wconf 83' lang='lat' dir='ltr'><strong>primo</strong></span> 
     </span>
    </p>
   </div>
   <div class='ocr_carea' id='block_1_37' title="bbox 173 3374 1706 3454">
    <p class='ocr_par' dir='ltr' id='par_1_37' title="bbox 173 3374 1706 3454">
     <span class='ocr_line' id='line_1_37' title="bbox 173 3374 1706 3454; baseline 0.012 -32"><span class='ocrx_word' id='word_1_245' title='bbox 173 3385 284 3426; x_wconf 86' lang='lat' dir='ltr'><strong>anno</strong></span> <span class='ocrx_word' id='word_1_246' title='bbox 314 3374 580 3430; x_wconf 89' lang='lat' dir='ltr'><strong>incarnati</strong></span> <span class='ocrx_word' id='word_1_247' title='bbox 631 3376 865 3444; x_wconf 89' lang='lat' dir='ltr'><strong>Domini,</strong></span> <span class='ocrx_word' id='word_1_248' title='bbox 922 3380 1022 3434; x_wconf 90' lang='lat' dir='ltr'><strong>sub</strong></span> <span class='ocrx_word' id='word_1_249' title='bbox 1069 3390 1264 3450; x_wconf 90' lang='lat' dir='ltr'><strong>quarto</strong></span> <span class='ocrx_word' id='word_1_250' title='bbox 1289 3381 1406 3436; x_wconf 84' lang='lat' dir='ltr'><strong>Kal.</strong></span> <span class='ocrx_word' id='word_1_251' title='bbox 1439 3383 1706 3454; x_wconf 84' lang='lat' dir='ltr'><strong>Januarii,</strong></span> 
     </span>
    </p>
   </div>
   <div class='ocr_carea' id='block_1_38' title="bbox 173 3467 1708 3541">
    <p class='ocr_par' dir='ltr' id='par_1_38' title="bbox 173 3467 1708 3541">
     <span class='ocr_line' id='line_1_38' title="bbox 173 3467 1708 3541; baseline 0.011 -24"><span class='ocrx_word' id='word_1_252' title='bbox 173 3467 469 3538; x_wconf 86' lang='lat' dir='ltr'><strong>secundaque</strong></span> <span class='ocrx_word' id='word_1_253' title='bbox 514 3468 766 3535; x_wconf 85' lang='lat' dir='ltr'><strong>Sabbati,</strong></span> <span class='ocrx_word' id='word_1_254' title='bbox 813 3469 1050 3541; x_wconf 88' lang='lat' dir='ltr'><strong>glorioso</strong></span> <span class='ocrx_word' id='word_1_255' title='bbox 1095 3474 1165 3528; x_wconf 92' lang='lat' dir='ltr'><strong>ab</strong></span> <span class='ocrx_word' id='word_1_256' title='bbox 1217 3475 1320 3530; x_wconf 90' lang='lat' dir='ltr'><strong>hac</strong></span> <span class='ocrx_word' id='word_1_257' title='bbox 1351 3476 1484 3532; x_wconf 85' lang='lat' dir='ltr'><strong>urbe</strong></span> <span class='ocrx_word' id='word_1_258' title='bbox 1531 3477 1708 3534; x_wconf 92' lang='lat' dir='ltr'><strong>delato</strong></span> 
     </span>
    </p>
   </div>
   <div class='ocr_carea' id='block_1_39' title="bbox 174 3555 1706 3637">
    <p class='ocr_par' dir='ltr' id='par_1_39' title="bbox 174 3555 1706 3637">
     <span class='ocr_line' id='line_1_39' title="bbox 174 3555 1706 3637; baseline 0.01 -32"><span class='ocrx_word' id='word_1_259' title='bbox 174 3565 358 3622; x_wconf 88' lang='lat' dir='ltr'><strong>corpore</strong></span> <span class='ocrx_word' id='word_1_260' title='bbox 400 3555 619 3610; x_wconf 89' lang='lat' dir='ltr'><strong>Domini</strong></span> <span class='ocrx_word' id='word_1_261' title='bbox 666 3559 836 3612; x_wconf 92' lang='lat' dir='ltr'><strong>nostri</strong></span> <span class='ocrx_word' id='word_1_262' title='bbox 888 3574 951 3614; x_wconf 92' lang='lat' dir='ltr'><strong>ac</strong></span> <span class='ocrx_word' id='word_1_263' title='bbox 1001 3562 1218 3631; x_wconf 90' lang='lat' dir='ltr'><strong>patroni</strong></span> <span class='ocrx_word' id='word_1_264' title='bbox 1269 3563 1412 3618; x_wconf 89' lang='lat' dir='ltr'><strong>beati</strong></span> <span class='ocrx_word' id='word_1_265' title='bbox 1451 3565 1706 3637; x_wconf 78' lang='lat' dir='ltr'><strong>Remigii,</strong></span> 
     </span>
    </p>
   </div>
   <div class='ocr_carea' id='block_1_40' title="bbox 175 3643 1709 3719">
    <p class='ocr_par' dir='ltr' id='par_1_40' title="bbox 175 3643 1709 3719">
     <span class='ocr_line' id='line_1_40' title="bbox 175 3643 1709 3719; baseline 0.014 -29"><span class='ocrx_word' id='word_1_266' title='bbox 175 3654 270 3692; x_wconf 89' lang='lat' dir='ltr'><strong>cum</strong></span> <span class='ocrx_word' id='word_1_267' title='bbox 293 3643 485 3700; x_wconf 84' lang='lat' dir='ltr'><strong>honore</strong></span> <span class='ocrx_word' id='word_1_268' title='bbox 506 3645 792 3715; x_wconf 80' lang='lat' dir='ltr'><strong>dignitatis</strong></span> <span class='ocrx_word' id='word_1_269' title='bbox 816 3647 1100 3719; x_wconf 90' lang='lat' dir='ltr'><strong>utriusque</strong></span> <span class='ocrx_word' id='word_1_270' title='bbox 1118 3651 1325 3706; x_wconf 84' lang='lat' dir='ltr'><strong>ordinis</strong></span> <span class='ocrx_word' id='word_1_271' title='bbox 1348 3655 1709 3711; x_wconf 88' lang='lat' dir='ltr'><strong>concurrebat</strong></span> 
     </span>
    </p>
   </div>
   <div class='ocr_carea' id='block_1_41' title="bbox 171 3734 1790 3816">
    <p class='ocr_par' dir='ltr' id='par_1_41' title="bbox 171 3734 1790 3816">
     <span class='ocr_line' id='line_1_41' title="bbox 171 3734 1790 3816; baseline 0.011 -30"><span class='ocrx_word' id='word_1_272' title='bbox 171 3734 291 3801; x_wconf 85' lang='lat' dir='ltr'><strong>plebs</strong></span> <span class='ocrx_word' id='word_1_273' title='bbox 315 3739 496 3795; x_wconf 85' lang='lat' dir='ltr'><strong>devote</strong></span> <span class='ocrx_word' id='word_1_274' title='bbox 546 3740 796 3796; x_wconf 68' lang='lat' dir='ltr'><strong>llerivreo</strong></span> <span class='ocrx_word' id='word_1_275' title='bbox 847 3743 1083 3813; x_wconf 70' lang='lat' dir='ltr'><strong>praesuli,</strong></span> <span class='ocrx_word' id='word_1_276' title='bbox 1123 3743 1317 3800; x_wconf 87' lang='lat' dir='ltr'><strong>Carolo</strong></span> <span class='ocrx_word' id='word_1_277' title='bbox 1360 3760 1486 3816; x_wconf 88' lang='lat' dir='ltr'><strong>rege</strong></span> <span class='ocrx_word' id='word_1_278' title='bbox 1514 3746 1714 3816; x_wconf 51' lang='lat' dir='ltr'><strong>subses</strong></span> <span class='ocrx_word' id='word_1_279' title='bbox 1781 3764 1790 3770; x_wconf 90' lang='grc'><strong>·</strong></span> 
     </span>
    </p>
   </div>
   <div class='ocr_carea' id='block_1_42' title="bbox 173 3831 1705 3905">
    <p class='ocr_par' dir='ltr' id='par_1_42' title="bbox 173 3831 1705 3905">
     <span class='ocr_line' id='line_1_42' title="bbox 173 3831 1705 3905; baseline 0.01 -27"><span class='ocrx_word' id='word_1_280' title='bbox 173 3839 352 3894; x_wconf 82' lang='lat' dir='ltr'><strong>quente,</strong></span> <span class='ocrx_word' id='word_1_281' title='bbox 375 3845 495 3886; x_wconf 92' lang='lat' dir='ltr'><strong>cum</strong></span> <span class='ocrx_word' id='word_1_282' title='bbox 521 3831 802 3888; x_wconf 86' lang='lat' dir='ltr'><strong>Richardo</strong></span> <span class='ocrx_word' id='word_1_283' title='bbox 842 3835 1106 3905; x_wconf 90' lang='lat' dir='ltr'><strong>principe,</strong></span> <span class='ocrx_word' id='word_1_284' title='bbox 1140 3835 1358 3891; x_wconf 88' lang='lat' dir='ltr'><strong>Christo</strong></span> <span class='ocrx_word' id='word_1_285' title='bbox 1387 3836 1572 3893; x_wconf 89' lang='lat' dir='ltr'><strong>Iaudes</strong></span> <span class='ocrx_word' id='word_1_286' title='bbox 1601 3854 1705 3893; x_wconf 90' lang='lat' dir='ltr'><strong>una</strong></span> 
     </span>
    </p>
   </div>
   <div class='ocr_carea' id='block_1_43' title="bbox 173 3918 1704 3997">
    <p class='ocr_par' dir='ltr' id='par_1_43' title="bbox 173 3918 1704 3997">
     <span class='ocr_line' id='line_1_43' title="bbox 173 3918 1704 3997; baseline 0.01 -30"><span class='ocrx_word' id='word_1_287' title='bbox 173 3918 607 3988; x_wconf 78' lang='lat' dir='ltr'><strong>mentejubilando</strong></span> <span class='ocrx_word' id='word_1_288' title='bbox 635 3939 894 3980; x_wconf 88' lang='lat' dir='ltr'><strong>consone.</strong></span> <span class='ocrx_word' id='word_1_289' title='bbox 924 3925 1057 3980; x_wconf 88' lang='lat' dir='ltr'><strong>Cum</strong></span> <span class='ocrx_word' id='word_1_290' title='bbox 1085 3926 1278 3981; x_wconf 79' lang='lat' dir='ltr'><strong>luisset</strong></span> <span class='ocrx_word' id='word_1_291' title='bbox 1309 3927 1412 3982; x_wconf 88' lang='lat' dir='ltr'><strong>huc</strong></span> <span class='ocrx_word' id='word_1_292' title='bbox 1439 3927 1704 3997; x_wconf 87' lang='lat' dir='ltr'><strong>perlatum</strong></span> 
     </span>
    </p>
   </div>
   <div class='ocr_carea' id='block_1_44' title="bbox 172 4007 1705 4089">
    <p class='ocr_par' dir='ltr' id='par_1_44' title="bbox 172 4007 1705 4089">
     <span class='ocr_line' id='line_1_44' title="bbox 172 4007 1705 4089; baseline 0.012 -31"><span class='ocrx_word' id='word_1_293' title='bbox 172 4007 328 4077; x_wconf 83' lang='lat' dir='ltr'><strong>pignus</strong></span> <span class='ocrx_word' id='word_1_294' title='bbox 369 4014 792 4080; x_wconf 80' lang='lat' dir='ltr'><strong>sanctissimum,</strong></span> <span class='ocrx_word' id='word_1_295' title='bbox 839 4016 1052 4072; x_wconf 72' lang='lat' dir='ltr'><strong>etelitus</strong></span> <span class='ocrx_word' id='word_1_296' title='bbox 1106 4018 1306 4072; x_wconf 90' lang='lat' dir='ltr'><strong>virtute</strong></span> <span class='ocrx_word' id='word_1_297' title='bbox 1362 4018 1510 4089; x_wconf 91' lang='lat' dir='ltr'><strong>lapsa</strong></span> <span class='ocrx_word' id='word_1_298' title='bbox 1559 4020 1705 4076; x_wconf 90' lang='lat' dir='ltr'><strong>illico</strong></span> 
     </span>
    </p>
   </div>
   <div class='ocr_carea' id='block_1_45' title="bbox 171 4102 1705 4182">
    <p class='ocr_par' dir='ltr' id='par_1_45' title="bbox 171 4102 1705 4182">
     <span class='ocr_line' id='line_1_45' title="bbox 171 4102 1705 4182; baseline 0.007 -27"><span class='ocrx_word' id='word_1_299' title='bbox 171 4102 359 4166; x_wconf 84' lang='lat' dir='ltr'><strong>prosiliit</strong></span> <span class='ocrx_word' id='word_1_300' title='bbox 384 4106 605 4177; x_wconf 90' lang='lat' dir='ltr'><strong>(mirum</strong></span> <span class='ocrx_word' id='word_1_301' title='bbox 631 4107 834 4176; x_wconf 90' lang='lat' dir='ltr'><strong>dictu!)</strong></span> <span class='ocrx_word' id='word_1_302' title='bbox 858 4108 1075 4177; x_wconf 88' lang='lat' dir='ltr'><strong>quidam</strong></span> <span class='ocrx_word' id='word_1_303' title='bbox 1101 4109 1326 4165; x_wconf 89' lang='lat' dir='ltr'><strong>claudus</strong></span> <span class='ocrx_word' id='word_1_304' title='bbox 1347 4111 1567 4167; x_wconf 90' lang='lat' dir='ltr'><strong>directis</strong></span> <span class='ocrx_word' id='word_1_305' title='bbox 1609 4128 1705 4182; x_wconf 83' lang='lat' dir='ltr'><strong>po—</strong></span> 
     </span>
    </p>
   </div>
   <div class='ocr_carea' id='block_1_46' title="bbox 171 4188 1702 4273">
    <p class='ocr_par' dir='ltr' id='par_1_46' title="bbox 171 4188 1702 4273">
     <span class='ocr_line' id='line_1_46' title="bbox 171 4188 1702 4273; baseline 0.012 -33"><span class='ocrx_word' id='word_1_306' title='bbox 171 4188 393 4260; x_wconf 88' lang='lat' dir='ltr'><strong>plitibus,</strong></span> <span class='ocrx_word' id='word_1_307' title='bbox 442 4211 586 4251; x_wconf 89' lang='lat' dir='ltr'><strong>novo</strong></span> <span class='ocrx_word' id='word_1_308' title='bbox 630 4211 820 4268; x_wconf 88' lang='lat' dir='ltr'><strong>gressu</strong></span> <span class='ocrx_word' id='word_1_309' title='bbox 867 4198 934 4252; x_wconf 88' lang='lat' dir='ltr'><strong>ab</strong></span> <span class='ocrx_word' id='word_1_310' title='bbox 984 4198 1112 4253; x_wconf 91' lang='lat' dir='ltr'><strong>hinc</strong></span> <span class='ocrx_word' id='word_1_311' title='bbox 1164 4215 1319 4254; x_wconf 90' lang='lat' dir='ltr'><strong>suum</strong></span> <span class='ocrx_word' id='word_1_312' title='bbox 1368 4215 1702 4273; x_wconf 88' lang='lat' dir='ltr'><strong>prosequens</strong></span> 
     </span>
    </p>
   </div>
   <div class='ocr_carea' id='block_1_47' title="bbox 173 4284 1703 4365">
    <p class='ocr_par' dir='ltr' id='par_1_47' title="bbox 173 4284 1703 4365">
     <span class='ocr_line' id='line_1_47' title="bbox 173 4284 1703 4365; baseline 0.011 -34"><span class='ocrx_word' id='word_1_313' title='bbox 173 4284 462 4355; x_wconf 78' lang='lat' dir='ltr'><strong>remedium,</strong></span> <span class='ocrx_word' id='word_1_314' title='bbox 514 4285 672 4357; x_wconf 89' lang='lat' dir='ltr'><strong>cujus</strong></span> <span class='ocrx_word' id='word_1_315' title='bbox 719 4302 822 4359; x_wconf 92' lang='lat' dir='ltr'><strong>ope</strong></span> <span class='ocrx_word' id='word_1_316' title='bbox 869 4286 1189 4358; x_wconf 88' lang='lat' dir='ltr'><strong>adjuvemur</strong></span> <span class='ocrx_word' id='word_1_317' title='bbox 1240 4289 1328 4346; x_wconf 92' lang='lat' dir='ltr'><strong>hic</strong></span> <span class='ocrx_word' id='word_1_318' title='bbox 1375 4300 1432 4347; x_wconf 89' lang='lat' dir='ltr'><strong>et</strong></span> <span class='ocrx_word' id='word_1_319' title='bbox 1482 4291 1534 4346; x_wconf 92' lang='lat' dir='ltr'><strong>in</strong></span> <span class='ocrx_word' id='word_1_320' title='bbox 1574 4309 1703 4365; x_wconf 89' lang='lat' dir='ltr'><strong>per-</strong></span> 
     </span>
    </p>
   </div>
   <div class='ocr_carea' id='block_1_48' title="bbox 172 4379 367 4436">
    <p class='ocr_par' dir='ltr' id='par_1_48' title="bbox 172 4379 367 4436">
     <span class='ocr_line' id='line_1_48' title="bbox 172 4379 367 4436; baseline 0.031 -14"><span class='ocrx_word' id='word_1_321' title='bbox 172 4379 367 4436; x_wconf 86' lang='lat' dir='ltr'><strong>petuum.</strong></span> 
     </span>
    </p>
   </div>
   <div class='ocr_carea' id='block_1_49' title="bbox 227 4482 1527 4559">
    <p class='ocr_par' dir='ltr' id='par_1_49' title="bbox 227 4482 1527 4559">
     <span class='ocr_line' id='line_1_49' title="bbox 227 4482 1527 4559; baseline 0.009 -23"><span class='ocrx_word' id='word_1_322' title='bbox 227 4498 252 4559; x_wconf 49' lang='grc' dir='ltr'><strong>ξ</strong></span> <span class='ocrx_word' id='word_1_323' title='bbox 272 4482 455 4559; x_wconf 73' lang='lat' dir='ltr'><strong>Sancte</strong></span> <span class='ocrx_word' id='word_1_324' title='bbox 487 4487 563 4542; x_wconf 90' lang='lat' dir='ltr'><strong>tui</strong></span> <span class='ocrx_word' id='word_1_325' title='bbox 597 4487 864 4559; x_wconf 88' lang='lat' dir='ltr'><strong>Sigloardi</strong></span> <span class='ocrx_word' id='word_1_326' title='bbox 886 4489 1145 4545; x_wconf 88' lang='lat' dir='ltr'><strong>miserere</strong></span> <span class='ocrx_word' id='word_1_327' title='bbox 1181 4491 1452 4557; x_wconf 90' lang='lat' dir='ltr'><strong>monachi,</strong></span> <span class='ocrx_word' id='word_1_328' title='bbox 1493 4483 1527 4493; x_wconf 73' lang='grc'><em>”</em></span> 
     </span>
    </p>
   </div>
   <div class='ocr_carea' id='block_1_50' title="bbox 221 4550 1448 4628">
    <p class='ocr_par' dir='ltr' id='par_1_50' title="bbox 221 4550 1448 4628">
     <span class='ocr_line' id='line_1_50' title="bbox 221 4550 1448 4628; baseline 0.011 -26"><span class='ocrx_word' id='word_1_329' title='bbox 221 4550 508 4628; x_wconf 24' lang='lat' dir='ltr'><strong>Qui-ductus</strong></span> <span class='ocrx_word' id='word_1_330' title='bbox 537 4550 724 4613; x_wconf 65' lang='lat' dir='ltr'><strong>amore</strong></span> <span class='ocrx_word' id='word_1_331' title='bbox 755 4561 912 4614; x_wconf 90' lang='lat' dir='ltr'><strong>istius</strong></span> <span class='ocrx_word' id='word_1_332' title='bbox 949 4560 1143 4628; x_wconf 88' lang='lat' dir='ltr'><strong>patrati</strong></span> <span class='ocrx_word' id='word_1_333' title='bbox 1179 4550 1448 4628; x_wconf 71' lang='lat' dir='ltr'><strong>miraculi,</strong></span> 
     </span>
    </p>
   </div>
   <div class='ocr_carea' id='block_1_51' title="bbox 222 4621 1585 4687">
    <p class='ocr_par' dir='ltr' id='par_1_51' title="bbox 222 4621 1585 4687">
     <span class='ocr_line' id='line_1_51' title="bbox 222 4621 1585 4687; baseline 0.009 -14"><span class='ocrx_word' id='word_1_334' title='bbox 222 4621 287 4674; x_wconf 85' lang='lat' dir='ltr'><strong>0b</strong></span> <span class='ocrx_word' id='word_1_335' title='bbox 313 4625 458 4683; x_wconf 88' lang='lat' dir='ltr'><strong>istius</strong></span> <span class='ocrx_word' id='word_1_336' title='bbox 483 4631 880 4684; x_wconf 88' lang='lat' dir='ltr'><strong>monimentum</strong></span> <span class='ocrx_word' id='word_1_337' title='bbox 919 4621 1062 4685; x_wconf 56' lang='lat' dir='ltr'><strong>h&#39;unc</strong></span> <span class='ocrx_word' id='word_1_338' title='bbox 1089 4632 1262 4686; x_wconf 67' lang='lat' dir='ltr'><strong>erexit</strong></span> <span class='ocrx_word' id='word_1_339' title='bbox 1289 4621 1525 4687; x_wconf 83' lang='lat' dir='ltr'><strong>titulum.</strong></span> <span class='ocrx_word' id='word_1_340' title='bbox 1565 4650 1585 4685; x_wconf 73' lang='grc' dir='ltr'><strong><em>ι</em></strong></span> 
     </span>
    </p>
   </div>
   <div class='ocr_carea' id='block_1_52' title="bbox 672 4740 1140 4798">
    <p class='ocr_par' dir='ltr' id='par_1_52' title="bbox 672 4740 1140 4798">
     <span class='ocr_line' id='line_1_52' title="bbox 672 4740 1140 4798; baseline 0.004 -2"><span class='ocrx_word' id='word_1_341' title='bbox 672 4740 901 4797; x_wconf 89' lang='lat' dir='ltr'><strong>CAPUT</strong></span> <span class='ocrx_word' id='word_1_342' title='bbox 955 4741 1140 4798; x_wconf 81' lang='lat' dir='ltr'><strong>XXIII.</strong></span> 
     </span>
    </p>
   </div>
   <div class='ocr_carea' id='block_1_53' title="bbox 225 4842 1700 4926">
    <p class='ocr_par' dir='ltr' id='par_1_53' title="bbox 225 4842 1700 4926">
     <span class='ocr_line' id='line_1_53' title="bbox 225 4842 1700 4926; baseline 0.009 -27"><span class='ocrx_word' id='word_1_343' title='bbox 225 4842 425 4908; x_wconf 81' lang='lat' dir='ltr'><strong>Quidam</strong></span> <span class='ocrx_word' id='word_1_344' title='bbox 466 4849 694 4921; x_wconf 79' lang='lat' dir='ltr'><strong>Belgica:</strong></span> <span class='ocrx_word' id='word_1_345' title='bbox 750 4869 992 4907; x_wconf 75' lang='lat' dir='ltr'><strong>secunaa:</strong></span> <span class='ocrx_word' id='word_1_346' title='bbox 1035 4855 1333 4920; x_wconf 79' lang='lat' dir='ltr'><strong>provincice.</strong></span> <span class='ocrx_word' id='word_1_347' title='bbox 1373 4854 1584 4926; x_wconf 84' lang='lat' dir='ltr'><strong>Belgica</strong></span> <span class='ocrx_word' id='word_1_348' title='bbox 1612 4873 1700 4913; x_wconf 88' lang='lat' dir='ltr'><strong>se-</strong></span> 
     </span>
    </p>
   </div>
   <div class='ocr_carea' id='block_1_54' title="bbox 178 4937 1694 5013">
    <p class='ocr_par' dir='ltr' id='par_1_54' title="bbox 178 4937 1694 5013">
     <span class='ocr_line' id='line_1_54' title="bbox 178 4937 1694 5013; baseline 0.013 -29"><span class='ocrx_word' id='word_1_349' title='bbox 178 4937 311 4990; x_wconf 82' lang='lat' dir='ltr'><strong>cunda</strong></span> <span class='ocrx_word' id='word_1_350' title='bbox 334 4943 566 4996; x_wconf 89' lang='lat' dir='ltr'><strong>continet</strong></span> <span class='ocrx_word' id='word_1_351' title='bbox 612 4943 833 5008; x_wconf 82' lang='lat' dir='ltr'><strong>Remos,</strong></span> <span class='ocrx_word' id='word_1_352' title='bbox 855 4944 1200 5008; x_wconf 83' lang='lat' dir='ltr'><strong>Catalaunos,</strong></span> <span class='ocrx_word' id='word_1_353' title='bbox 1245 4946 1561 5013; x_wconf 89' lang='lat' dir='ltr'><strong>Ambianos,</strong></span> <span class='ocrx_word' id='word_1_354' title='bbox 1589 4959 1694 5004; x_wconf 91' lang='lat' dir='ltr'><strong>etc.</strong></span> 
     </span>
    </p>
   </div>
   <div class='ocr_carea' id='block_1_55' title="bbox 174 5019 1696 5109">
    <p class='ocr_par' dir='ltr' id='par_1_55' title="bbox 174 5019 1696 5109">
     <span class='ocr_line' id='line_1_55' title="bbox 174 5019 1696 5109; baseline 0.013 -34"><span class='ocrx_word' id='word_1_355' title='bbox 174 5019 224 5076; x_wconf 80' lang='lat' dir='ltr'><strong>Ut</strong></span> <span class='ocrx_word' id='word_1_356' title='bbox 247 5029 370 5083; x_wconf 90' lang='lat' dir='ltr'><strong>enim</strong></span> <span class='ocrx_word' id='word_1_357' title='bbox 390 5033 544 5088; x_wconf 91' lang='lat' dir='ltr'><strong>docte</strong></span> <span class='ocrx_word' id='word_1_358' title='bbox 572 5036 764 5090; x_wconf 91' lang='lat' dir='ltr'><strong>scribit</strong></span> <span class='ocrx_word' id='word_1_359' title='bbox 788 5033 1022 5090; x_wconf 89' lang='lat' dir='ltr'><strong>Jacobus</strong></span> <span class='ocrx_word' id='word_1_360' title='bbox 1045 5036 1296 5109; x_wconf 78' lang='lat' dir='ltr'><strong>Meyerus</strong></span> <span class='ocrx_word' id='word_1_361' title='bbox 1318 5039 1371 5094; x_wconf 91' lang='lat' dir='ltr'><strong>in</strong></span> <span class='ocrx_word' id='word_1_362' title='bbox 1398 5039 1511 5095; x_wconf 84' lang='lat' dir='ltr'><strong>suis</strong></span> <span class='ocrx_word' id='word_1_363' title='bbox 1537 5040 1696 5095; x_wconf 85' lang='lat' dir='ltr'><strong>Flau-</strong></span> 
     </span>
    </p>
   </div>
   <div class='ocr_carea' id='block_1_56' title="bbox 173 5110 1695 5198">
    <p class='ocr_par' dir='ltr' id='par_1_56' title="bbox 173 5110 1695 5198">
     <span class='ocr_line' id='line_1_56' title="bbox 173 5110 1695 5198; baseline 0.012 -34"><span class='ocrx_word' id='word_1_364' title='bbox 173 5110 274 5198; x_wconf 75' lang='lat' dir='ltr'><strong>dria:</strong></span> <span class='ocrx_word' id='word_1_365' title='bbox 309 5118 600 5177; x_wconf 79' lang='lat' dir='ltr'><strong>Annalibus</strong></span> <span class='ocrx_word' id='word_1_366' title='bbox 639 5124 708 5177; x_wconf 84' lang='lat' dir='ltr'><strong>ad</strong></span> <span class='ocrx_word' id='word_1_367' title='bbox 736 5139 938 5177; x_wconf 92' lang='lat' dir='ltr'><strong>annum</strong></span> <span class='ocrx_word' id='word_1_368' title='bbox 963 5124 1088 5189; x_wconf 73' lang='grc'><strong>455,</strong></span> <span class='ocrx_word' id='word_1_369' title='bbox 1123 5125 1352 5181; x_wconf 89' lang='lat' dir='ltr'><strong>Romani</strong></span> <span class='ocrx_word' id='word_1_370' title='bbox 1385 5127 1695 5198; x_wconf 84' lang='lat' dir='ltr'><strong>dividebant</strong></span> 
     </span>
    </p>
   </div>
   <div class='ocr_carea' id='block_1_57' title="bbox 1829 477 3395 554">
    <p class='ocr_par' dir='ltr' id='par_1_57' title="bbox 1829 477 3395 554">
     <span class='ocr_line' id='line_1_57' title="bbox 1829 477 3395 554; baseline 0.003 -22"><span class='ocrx_word' id='word_1_371' title='bbox 1829 477 2036 534; x_wconf 85' lang='lat' dir='ltr'><strong>Rursus</strong></span> <span class='ocrx_word' id='word_1_372' title='bbox 2071 480 2329 549; x_wconf 83' lang='lat' dir='ltr'><strong>secabant</strong></span> <span class='ocrx_word' id='word_1_373' title='bbox 2353 481 2596 536; x_wconf 88' lang='lat' dir='ltr'><strong>eamdem</strong></span> <span class='ocrx_word' id='word_1_374' title='bbox 2643 480 2870 536; x_wconf 86' lang='lat' dir='ltr'><strong>Galliam</strong></span> <span class='ocrx_word' id='word_1_375' title='bbox 2903 481 2956 536; x_wconf 88' lang='lat' dir='ltr'><strong>in</strong></span> <span class='ocrx_word' id='word_1_376' title='bbox 2983 481 3251 554; x_wconf 77' lang='lat' dir='ltr'><strong>Belgicam</strong></span> <span class='ocrx_word' id='word_1_377' title='bbox 3281 483 3395 552; x_wconf 79' lang='lat' dir='ltr'><strong>pri-</strong></span> 
     </span>
    </p>
   </div>
   <div class='ocr_carea' id='block_1_58' title="bbox 1793 571 3395 642">
    <p class='ocr_par' dir='ltr' id='par_1_58' title="bbox 1793 571 3395 642">
     <span class='ocr_line' id='line_1_58' title="bbox 1793 571 3395 642; baseline 0.003 -18"><span class='ocrx_word' id='word_1_378' title='bbox 1793 628 1796 631; x_wconf 96' lang='lat'><em>_</em></span> <span class='ocrx_word' id='word_1_379' title='bbox 1823 587 1987 636; x_wconf 89' lang='lat' dir='ltr'><strong>mam,</strong></span> <span class='ocrx_word' id='word_1_380' title='bbox 2017 571 2172 639; x_wconf 91' lang='lat' dir='ltr'><strong>cujus</strong></span> <span class='ocrx_word' id='word_1_381' title='bbox 2219 582 2380 642; x_wconf 90' lang='lat' dir='ltr'><strong>caput</strong></span> <span class='ocrx_word' id='word_1_382' title='bbox 2419 571 2690 638; x_wconf 80' lang='lat' dir='ltr'><strong>Treveris,</strong></span> <span class='ocrx_word' id='word_1_383' title='bbox 2723 587 2846 626; x_wconf 92' lang='lat' dir='ltr'><strong>cum</strong></span> <span class='ocrx_word' id='word_1_384' title='bbox 2875 571 3395 642; x_wconf 84' lang='lat' dir='ltr'><strong>Mediomatricibus,</strong></span> 
     </span>
    </p>
   </div>
   <div class='ocr_carea' id='block_1_59' title="bbox 1822 659 3395 734">
    <p class='ocr_par' dir='ltr' id='par_1_59' title="bbox 1822 659 3395 734">
     <span class='ocr_line' id='line_1_59' title="bbox 1822 659 3395 734; baseline 0.004 -21"><span class='ocrx_word' id='word_1_385' title='bbox 1822 659 2016 716; x_wconf 89' lang='lat' dir='ltr'><strong>Leucis</strong></span> <span class='ocrx_word' id='word_1_386' title='bbox 2037 671 2092 716; x_wconf 91' lang='lat' dir='ltr'><strong>et</strong></span> <span class='ocrx_word' id='word_1_387' title='bbox 2115 662 2604 726; x_wconf 82' lang='lat' dir='ltr'><strong>Virodunensibus;</strong></span> <span class='ocrx_word' id='word_1_388' title='bbox 2629 671 2683 716; x_wconf 90' lang='lat' dir='ltr'><strong>et</strong></span> <span class='ocrx_word' id='word_1_389' title='bbox 2709 661 2761 716; x_wconf 91' lang='lat' dir='ltr'><strong>in</strong></span> <span class='ocrx_word' id='word_1_390' title='bbox 2778 661 3046 734; x_wconf 85' lang='lat' dir='ltr'><strong>Belgicam</strong></span> <span class='ocrx_word' id='word_1_391' title='bbox 3075 665 3395 730; x_wconf 81' lang='lat' dir='ltr'><strong>sectuidam,</strong></span> 
     </span>
    </p>
   </div>
   <div class='ocr_carea' id='block_1_60' title="bbox 1822 750 3397 823">
    <p class='ocr_par' dir='ltr' id='par_1_60' title="bbox 1822 750 3397 823">
     <span class='ocr_line' id='line_1_60' title="bbox 1822 750 3397 823; baseline 0.003 -19"><span class='ocrx_word' id='word_1_392' title='bbox 1822 751 1912 804; x_wconf 90' lang='lat' dir='ltr'><strong>ubi</strong></span> <span class='ocrx_word' id='word_1_393' title='bbox 1971 751 2331 823; x_wconf 90' lang='lat' dir='ltr'><strong>principatum</strong></span> <span class='ocrx_word' id='word_1_394' title='bbox 2387 753 2640 806; x_wconf 87' lang='lat' dir='ltr'><strong>tenebant</strong></span> <span class='ocrx_word' id='word_1_395' title='bbox 2690 750 2867 816; x_wconf 90' lang='lat' dir='ltr'><strong>Remi,</strong></span> <span class='ocrx_word' id='word_1_396' title='bbox 2918 751 3180 807; x_wconf 86' lang='lat' dir='ltr'><strong>habentes</strong></span> <span class='ocrx_word' id='word_1_397' title='bbox 3208 751 3308 807; x_wconf 87' lang='lat' dir='ltr'><strong>sub</strong></span> <span class='ocrx_word' id='word_1_398' title='bbox 3338 768 3397 809; x_wconf 84' lang='lat' dir='ltr'><strong>se</strong></span> 
     </span>
    </p>
   </div>
   <div class='ocr_carea' id='block_1_61' title="bbox 1822 839 3394 910">
    <p class='ocr_par' dir='ltr' id='par_1_61' title="bbox 1822 839 3394 910">
     <span class='ocr_line' id='line_1_61' title="bbox 1822 839 3394 910; baseline 0.002 -15"><span class='ocrx_word' id='word_1_399' title='bbox 1822 839 2145 896; x_wconf 82' lang='lat' dir='ltr'><strong>Suessiones</strong></span> <span class='ocrx_word' id='word_1_400' title='bbox 2173 882 2188 907; x_wconf 93' lang='lat'><strong>,</strong></span> <span class='ocrx_word' id='word_1_401' title='bbox 2243 841 2602 904; x_wconf 83' lang='lat' dir='ltr'><strong>Catalaunos,</strong></span> <span class='ocrx_word' id='word_1_402' title='bbox 2660 841 2988 907; x_wconf 87' lang='lat' dir='ltr'><strong>Laudunos,</strong></span> <span class='ocrx_word' id='word_1_403' title='bbox 3048 841 3394 910; x_wconf 87' lang='lat' dir='ltr'><strong>Camaracos,</strong></span> 
     </span>
    </p>
   </div>
   <div class='ocr_carea' id='block_1_62' title="bbox 1819 931 3396 999">
    <p class='ocr_par' dir='ltr' id='par_1_62' title="bbox 1819 931 3396 999">
     <span class='ocr_line' id='line_1_62' title="bbox 1819 931 3396 999; baseline 0.002 -14"><span class='ocrx_word' id='word_1_404' title='bbox 1819 931 2065 996; x_wconf 84' lang='lat' dir='ltr'><strong>Nervios,</strong></span> <span class='ocrx_word' id='word_1_405' title='bbox 2122 931 2381 997; x_wconf 83' lang='lat' dir='ltr'><strong>Morinos,</strong></span> <span class='ocrx_word' id='word_1_406' title='bbox 2437 932 2748 998; x_wconf 80' lang='lat' dir='ltr'><strong>Atrebates,</strong></span> <span class='ocrx_word' id='word_1_407' title='bbox 2798 931 3110 999; x_wconf 87' lang='lat' dir='ltr'><strong>Ambianos,</strong></span> <span class='ocrx_word' id='word_1_408' title='bbox 3151 933 3396 989; x_wconf 85' lang='lat' dir='ltr'><strong>Bellova-</strong></span> 
     </span>
    </p>
   </div>
   <div class='ocr_carea' id='block_1_63' title="bbox 1820 1021 3394 1096">
    <p class='ocr_par' dir='ltr' id='par_1_63' title="bbox 1820 1021 3394 1096">
     <span class='ocr_line' id='line_1_63' title="bbox 1820 1021 3394 1096; baseline 0.003 -19"><span class='ocrx_word' id='word_1_409' title='bbox 1820 1036 1934 1087; x_wconf 90' lang='lat' dir='ltr'><strong>cos,</strong></span> <span class='ocrx_word' id='word_1_410' title='bbox 1971 1021 2448 1094; x_wconf 86' lang='lat' dir='ltr'><strong>Noviomagenses.</strong></span> <span class='ocrx_word' id='word_1_411' title='bbox 2478 1023 2538 1078; x_wconf 89' lang='lat' dir='ltr'><strong>In</strong></span> <span class='ocrx_word' id='word_1_412' title='bbox 2576 1039 2681 1094; x_wconf 90' lang='lat' dir='ltr'><strong>qua</strong></span> <span class='ocrx_word' id='word_1_413' title='bbox 2730 1022 2969 1080; x_wconf 88' lang='lat' dir='ltr'><strong>secunda</strong></span> <span class='ocrx_word' id='word_1_414' title='bbox 2996 1023 3212 1096; x_wconf 83' lang='lat' dir='ltr'><strong>Belgica</strong></span> <span class='ocrx_word' id='word_1_415' title='bbox 3231 1022 3394 1082; x_wconf 85' lang='lat' dir='ltr'><strong>Flau-</strong></span> 
     </span>
    </p>
   </div>
   <div class='ocr_carea' id='block_1_64' title="bbox 1819 1113 2276 1170">
    <p class='ocr_par' dir='ltr' id='par_1_64' title="bbox 1819 1113 2276 1170">
     <span class='ocr_line' id='line_1_64' title="bbox 1819 1113 2276 1170; baseline 0.002 -1"><span class='ocrx_word' id='word_1_416' title='bbox 1819 1114 1935 1169; x_wconf 88' lang='lat' dir='ltr'><strong>dria</strong></span> <span class='ocrx_word' id='word_1_417' title='bbox 1965 1113 2276 1170; x_wconf 90' lang='lat' dir='ltr'><strong>includitur.</strong></span> 
     </span>
    </p>
   </div>
   <div class='ocr_carea' id='block_1_65' title="bbox 2382 1228 2826 1286">
    <p class='ocr_par' dir='ltr' id='par_1_65' title="bbox 2382 1228 2826 1286">
     <span class='ocr_line' id='line_1_65' title="bbox 2382 1228 2826 1286; baseline 0 -1"><span class='ocrx_word' id='word_1_418' title='bbox 2382 1228 2608 1286; x_wconf 84' lang='lat' dir='ltr'><strong>CAPUT</strong></span> <span class='ocrx_word' id='word_1_419' title='bbox 2638 1228 2826 1285; x_wconf 78' lang='lat' dir='ltr'><strong>XXIV.</strong></span> 
     </span>
    </p>
   </div>
   <div class='ocr_carea' id='block_1_66' title="bbox 1890 1339 3398 1396">
    <p class='ocr_par' dir='ltr' id='par_1_66' title="bbox 1890 1339 3398 1396">
     <span class='ocr_line' id='line_1_66' title="bbox 1890 1339 3398 1396; baseline -0.002 0"><span class='ocrx_word' id='word_1_420' title='bbox 1890 1341 1984 1396; x_wconf 81' lang='lat' dir='ltr'><strong>Est</strong></span> <span class='ocrx_word' id='word_1_421' title='bbox 2032 1341 2218 1396; x_wconf 87' lang='lat' dir='ltr'><strong>silvula</strong></span> <span class='ocrx_word' id='word_1_422' title='bbox 2256 1341 2308 1395; x_wconf 91' lang='lat' dir='ltr'><strong>in</strong></span> <span class='ocrx_word' id='word_1_423' title='bbox 2339 1352 2510 1395; x_wconf 88' lang='lat' dir='ltr'><strong>monte</strong></span> <span class='ocrx_word' id='word_1_424' title='bbox 2536 1343 2635 1394; x_wconf 88' lang='lat' dir='ltr'><strong>sita</strong></span> <span class='ocrx_word' id='word_1_425' title='bbox 2665 1341 2829 1395; x_wconf 84' lang='lat' dir='ltr'><strong>tribus</strong></span> <span class='ocrx_word' id='word_1_426' title='bbox 2853 1357 2887 1394; x_wconf 93' lang='lat' dir='ltr'><strong>a</strong></span> <span class='ocrx_word' id='word_1_427' title='bbox 2920 1339 3125 1395; x_wconf 78' lang='lat' dir='ltr'><strong>civitate</strong></span> <span class='ocrx_word' id='word_1_428' title='bbox 3167 1339 3398 1394; x_wconf 80' lang='lat' dir='ltr'><strong>millibus</strong></span> 
     </span>
    </p>
   </div>
   <div class='ocr_carea' id='block_1_67' title="bbox 1817 1427 3396 1500">
    <p class='ocr_par' dir='ltr' id='par_1_67' title="bbox 1817 1427 3396 1500">
     <span class='ocr_line' id='line_1_67' title="bbox 1817 1427 3396 1500; baseline 0 -16"><span class='ocrx_word' id='word_1_429' title='bbox 1817 1441 2083 1500; x_wconf 85' lang='lat' dir='ltr'><strong>separata.</strong></span> <span class='ocrx_word' id='word_1_430' title='bbox 2110 1429 2315 1486; x_wconf 88' lang='lat' dir='ltr'><strong>Nomen</strong></span> <span class='ocrx_word' id='word_1_431' title='bbox 2339 1430 2508 1486; x_wconf 93' lang='lat' dir='ltr'><strong>monti</strong></span> <span class='ocrx_word' id='word_1_432' title='bbox 2531 1440 2616 1485; x_wconf 90' lang='lat' dir='ltr'><strong>est</strong></span> <span class='ocrx_word' id='word_1_433' title='bbox 2641 1429 2774 1495; x_wconf 90' lang='lat' dir='ltr'><strong>llor,</strong></span> <span class='ocrx_word' id='word_1_434' title='bbox 2812 1440 2872 1485; x_wconf 91' lang='lat' dir='ltr'><strong>ut</strong></span> <span class='ocrx_word' id='word_1_435' title='bbox 2893 1439 2976 1485; x_wconf 86' lang='lat' dir='ltr'><strong>est</strong></span> <span class='ocrx_word' id='word_1_436' title='bbox 3001 1427 3056 1485; x_wconf 87' lang='lat' dir='ltr'><strong>in</strong></span> <span class='ocrx_word' id='word_1_437' title='bbox 3086 1430 3208 1486; x_wconf 79' lang='lat' dir='ltr'><strong>Vita</strong></span> <span class='ocrx_word' id='word_1_438' title='bbox 3236 1429 3396 1500; x_wconf 85' lang='lat' dir='ltr'><strong>hujus</strong></span> 
     </span>
    </p>
   </div>
   <div class='ocr_carea' id='block_1_68' title="bbox 1815 1519 3033 1591">
    <p class='ocr_par' dir='ltr' id='par_1_68' title="bbox 1815 1519 3033 1591">
     <span class='ocr_line' id='line_1_68' title="bbox 1815 1519 3033 1591; baseline 0 -17"><span class='ocrx_word' id='word_1_439' title='bbox 1815 1519 1884 1574; x_wconf 88' lang='lat' dir='ltr'><strong>de</strong></span> <span class='ocrx_word' id='word_1_440' title='bbox 1909 1536 2019 1590; x_wconf 92' lang='lat' dir='ltr'><strong>quo</strong></span> <span class='ocrx_word' id='word_1_441' title='bbox 2049 1522 2226 1590; x_wconf 84' lang='lat' dir='ltr'><strong>agitur</strong></span> <span class='ocrx_word' id='word_1_442' title='bbox 2257 1520 2579 1576; x_wconf 88' lang='lat' dir='ltr'><strong>Theodorici</strong></span> <span class='ocrx_word' id='word_1_443' title='bbox 2621 1521 2762 1591; x_wconf 91' lang='lat' dir='ltr'><strong>apud</strong></span> <span class='ocrx_word' id='word_1_444' title='bbox 2793 1519 3033 1575; x_wconf 88' lang='lat' dir='ltr'><strong>Surium.</strong></span> 
     </span>
    </p>
   </div>
   <div class='ocr_carea' id='block_1_69' title="bbox 1889 1608 3391 1676">
    <p class='ocr_par' dir='ltr' id='par_1_69' title="bbox 1889 1608 3391 1676">
     <span class='ocr_line' id='line_1_69' title="bbox 1889 1608 3391 1676; baseline 0.001 -14"><span class='ocrx_word' id='word_1_445' title='bbox 1889 1608 2029 1675; x_wconf 82' lang='lat' dir='ltr'><strong>Quin</strong></span> <span class='ocrx_word' id='word_1_446' title='bbox 2050 1622 2257 1664; x_wconf 81' lang='lat' dir='ltr'><strong>vocetur</strong></span> <span class='ocrx_word' id='word_1_447' title='bbox 2288 1609 2633 1665; x_wconf 82' lang='lat' dir='ltr'><strong>Theodorico.</strong></span> <span class='ocrx_word' id='word_1_448' title='bbox 2664 1611 2754 1666; x_wconf 93' lang='lat' dir='ltr'><strong>Sic</strong></span> <span class='ocrx_word' id='word_1_449' title='bbox 2783 1611 2822 1666; x_wconf 93' lang='lat' dir='ltr'><strong>C</strong></span> <span class='ocrx_word' id='word_1_450' title='bbox 2845 1620 2899 1666; x_wconf 92' lang='lat' dir='ltr'><strong>et</strong></span> <span class='ocrx_word' id='word_1_451' title='bbox 2924 1611 2968 1664; x_wconf 91' lang='lat' dir='ltr'><strong>R</strong></span> <span class='ocrx_word' id='word_1_452' title='bbox 2992 1611 3084 1666; x_wconf 91' lang='lat' dir='ltr'><strong>sed</strong></span> <span class='ocrx_word' id='word_1_453' title='bbox 3109 1610 3198 1676; x_wconf 84' lang='lat' dir='ltr'><strong>SJ,</strong></span> <span class='ocrx_word' id='word_1_454' title='bbox 3226 1610 3270 1664; x_wconf 85' lang='grc' dir='ltr'><em>Τ</em></span> <span class='ocrx_word' id='word_1_455' title='bbox 3270 1613 3391 1664; x_wconf 69' lang='lat' dir='ltr'><strong>loco.</strong></span> 
     </span>
    </p>
   </div>
   <div class='ocr_carea' id='block_1_70' title="bbox 1817 1697 3392 1773">
    <p class='ocr_par' dir='ltr' id='par_1_70' title="bbox 1817 1697 3392 1773">
     <span class='ocr_line' id='line_1_70' title="bbox 1817 1697 3392 1773; baseline 0.001 -21"><span class='ocrx_word' id='word_1_456' title='bbox 1817 1697 1988 1766; x_wconf 84' lang='lat' dir='ltr'><strong>deria,</strong></span> <span class='ocrx_word' id='word_1_457' title='bbox 2035 1700 2164 1766; x_wconf 91' lang='lat' dir='ltr'><strong>alia,</strong></span> <span class='ocrx_word' id='word_1_458' title='bbox 2221 1699 2555 1756; x_wconf 78' lang='lat' dir='ltr'><strong>Theoderico.</strong></span> <span class='ocrx_word' id='word_1_459' title='bbox 2617 1700 3112 1772; x_wconf 82' lang='lat' dir='ltr'><strong>Quomodocunque</strong></span> <span class='ocrx_word' id='word_1_460' title='bbox 3161 1701 3392 1773; x_wconf 79' lang='lat' dir='ltr'><strong>legatur,</strong></span> 
     </span>
    </p>
   </div>
   <div class='ocr_carea' id='block_1_71' title="bbox 1806 1793 3393 1863">
    <p class='ocr_par' dir='ltr' id='par_1_71' title="bbox 1806 1793 3393 1863">
     <span class='ocr_line' id='line_1_71' title="bbox 1806 1793 3393 1863; baseline 0.001 -15"><span class='ocrx_word' id='word_1_461' title='bbox 1806 1795 2124 1863; x_wconf 75' lang='lat' dir='ltr'><strong>exprimere</strong></span> <span class='ocrx_word' id='word_1_462' title='bbox 2165 1793 2334 1847; x_wconf 89' lang='lat' dir='ltr'><strong>voluit</strong></span> <span class='ocrx_word' id='word_1_463' title='bbox 2387 1809 2581 1848; x_wconf 88' lang='lat' dir='ltr'><strong>nomen</strong></span> <span class='ocrx_word' id='word_1_464' title='bbox 2637 1794 3037 1859; x_wconf 84' lang='lat' dir='ltr'><strong>diminutivum,</strong></span> <span class='ocrx_word' id='word_1_465' title='bbox 3091 1809 3210 1848; x_wconf 67' lang='lat' dir='ltr'><strong>aute</strong></span> <span class='ocrx_word' id='word_1_466' title='bbox 3252 1795 3393 1849; x_wconf 72' lang='lat' dir='ltr'><strong>apud</strong></span> 
     </span>
    </p>
   </div>
   <div class='ocr_carea' id='block_1_72' title="bbox 1814 1883 3075 1950">
    <p class='ocr_par' dir='ltr' id='par_1_72' title="bbox 1814 1883 3075 1950">
     <span class='ocr_line' id='line_1_72' title="bbox 1814 1883 3075 1950; baseline 0 -10"><span class='ocrx_word' id='word_1_467' title='bbox 1814 1886 1998 1942; x_wconf 87' lang='lat' dir='ltr'><strong>Gallos</strong></span> <span class='ocrx_word' id='word_1_468' title='bbox 2023 1885 2277 1940; x_wconf 87' lang='lat' dir='ltr'><strong>desinunt</strong></span> <span class='ocrx_word' id='word_1_469' title='bbox 2301 1884 2353 1939; x_wconf 94' lang='lat' dir='ltr'><strong>in</strong></span> <span class='ocrx_word' id='word_1_470' title='bbox 2386 1901 2438 1950; x_wconf 91' lang='grc' dir='ltr'>ο,</span> <span class='ocrx_word' id='word_1_471' title='bbox 2479 1893 2594 1939; x_wconf 90' lang='lat' dir='ltr'><strong>uta</strong></span> <span class='ocrx_word' id='word_1_472' title='bbox 2628 1883 2816 1939; x_wconf 84' lang='lat' dir='ltr'><strong>Petrus</strong></span> <span class='ocrx_word' id='word_1_473' title='bbox 2848 1884 3075 1940; x_wconf 88' lang='lat' dir='ltr'><strong>Pierrot.</strong></span> 
     </span>
    </p>
   </div>
   <div class='ocr_carea' id='block_1_73' title="bbox 1886 1976 3393 2034">
    <p class='ocr_par' dir='ltr' id='par_1_73' title="bbox 1886 1976 3393 2034">
     <span class='ocr_line' id='line_1_73' title="bbox 1886 1976 3393 2034; baseline 0 -2"><span class='ocrx_word' id='word_1_474' title='bbox 1886 1978 1984 2034; x_wconf 78' lang='lat' dir='ltr'><strong>Die</strong></span> <span class='ocrx_word' id='word_1_475' title='bbox 2055 1977 2420 2032; x_wconf 76' lang='lat' dir='ltr'><strong>Kalendarum</strong></span> <span class='ocrx_word' id='word_1_476' title='bbox 2478 1977 2771 2032; x_wconf 84' lang='lat' dir='ltr'><strong>Juliarum.</strong></span> <span class='ocrx_word' id='word_1_477' title='bbox 2838 1977 3084 2033; x_wconf 82' lang='lat' dir='ltr'><strong>Natalem</strong></span> <span class='ocrx_word' id='word_1_478' title='bbox 3139 1978 3280 2033; x_wconf 90' lang='lat' dir='ltr'><strong>diem</strong></span> <span class='ocrx_word' id='word_1_479' title='bbox 3332 1976 3393 2032; x_wconf 92' lang='lat' dir='ltr'><strong>S.</strong></span> 
     </span>
    </p>
   </div>
   <div class='ocr_carea' id='block_1_74' title="bbox 1817 2069 3395 2139">
    <p class='ocr_par' dir='ltr' id='par_1_74' title="bbox 1817 2069 3395 2139">
     <span class='ocr_line' id='line_1_74' title="bbox 1817 2069 3395 2139; baseline -0.001 -15"><span class='ocrx_word' id='word_1_480' title='bbox 1817 2069 2162 2134; x_wconf 81' lang='lat' dir='ltr'><strong>Theudorici,</strong></span> <span class='ocrx_word' id='word_1_481' title='bbox 2207 2071 2323 2124; x_wconf 87' lang='lat' dir='ltr'><strong>sive</strong></span> <span class='ocrx_word' id='word_1_482' title='bbox 2371 2069 2692 2124; x_wconf 86' lang='lat' dir='ltr'><strong>Theoderici</strong></span> <span class='ocrx_word' id='word_1_483' title='bbox 2735 2070 2838 2125; x_wconf 92' lang='lat' dir='ltr'><strong>hoc</strong></span> <span class='ocrx_word' id='word_1_484' title='bbox 2876 2069 2964 2125; x_wconf 92' lang='lat' dir='ltr'><strong>die</strong></span> <span class='ocrx_word' id='word_1_485' title='bbox 2999 2070 3160 2124; x_wconf 83' lang='lat' dir='ltr'><strong>habet</strong></span> <span class='ocrx_word' id='word_1_486' title='bbox 3191 2069 3395 2139; x_wconf 83' lang='lat' dir='ltr'><strong>Marty-</strong></span> 
     </span>
    </p>
   </div>
   <div class='ocr_carea' id='block_1_75' title="bbox 1814 2158 3394 2230">
    <p class='ocr_par' dir='ltr' id='par_1_75' title="bbox 1814 2158 3394 2230">
     <span class='ocr_line' id='line_1_75' title="bbox 1814 2158 3394 2230; baseline -0.002 -15"><span class='ocrx_word' id='word_1_487' title='bbox 1814 2160 2076 2230; x_wconf 89' lang='lat' dir='ltr'><strong>rologium</strong></span> <span class='ocrx_word' id='word_1_488' title='bbox 2127 2159 2357 2215; x_wconf 88' lang='lat' dir='ltr'><strong>Usuardi</strong></span> <span class='ocrx_word' id='word_1_489' title='bbox 2415 2159 2720 2214; x_wconf 83' lang='lat' dir='ltr'><strong>Romanum</strong></span> <span class='ocrx_word' id='word_1_490' title='bbox 2784 2175 2910 2215; x_wconf 89' lang='lat' dir='ltr'><strong>cum</strong></span> <span class='ocrx_word' id='word_1_491' title='bbox 2964 2159 3108 2214; x_wconf 90' lang='lat' dir='ltr'><strong>notis</strong></span> <span class='ocrx_word' id='word_1_492' title='bbox 3150 2158 3394 2225; x_wconf 81' lang='lat' dir='ltr'><strong>Baronii,</strong></span> 
     </span>
    </p>
   </div>
   <div class='ocr_carea' id='block_1_76' title="bbox 1816 2249 3392 2321">
    <p class='ocr_par' dir='ltr' id='par_1_76' title="bbox 1816 2249 3392 2321">
     <span class='ocr_line' id='line_1_76' title="bbox 1816 2249 3392 2321; baseline -0.003 -14"><span class='ocrx_word' id='word_1_493' title='bbox 1816 2251 1945 2307; x_wconf 88' lang='lat' dir='ltr'><strong>item</strong></span> <span class='ocrx_word' id='word_1_494' title='bbox 1973 2250 2118 2306; x_wconf 82' lang='lat' dir='ltr'><strong>Petri</strong></span> <span class='ocrx_word' id='word_1_495' title='bbox 2143 2250 2423 2314; x_wconf 85' lang='lat' dir='ltr'><strong>Galesinii,</strong></span> <span class='ocrx_word' id='word_1_496' title='bbox 2458 2250 2730 2306; x_wconf 82' lang='lat' dir='ltr'><strong>Francisci</strong></span> <span class='ocrx_word' id='word_1_497' title='bbox 2761 2249 3077 2320; x_wconf 85' lang='lat' dir='ltr'><strong>Maurolyei,</strong></span> <span class='ocrx_word' id='word_1_498' title='bbox 3105 2251 3198 2321; x_wconf 89' lang='lat' dir='ltr'><strong>qui</strong></span> <span class='ocrx_word' id='word_1_499' title='bbox 3225 2249 3392 2304; x_wconf 82' lang='lat' dir='ltr'><strong>Theo-</strong></span> 
     </span>
    </p>
   </div>
   <div class='ocr_carea' id='block_1_77' title="bbox 1814 2340 3394 2409">
    <p class='ocr_par' dir='ltr' id='par_1_77' title="bbox 1814 2340 3394 2409">
     <span class='ocr_line' id='line_1_77' title="bbox 1814 2340 3394 2409; baseline -0.003 -12"><span class='ocrx_word' id='word_1_500' title='bbox 1814 2345 2002 2397; x_wconf 84' lang='lat' dir='ltr'><strong>dorum</strong></span> <span class='ocrx_word' id='word_1_501' title='bbox 2053 2350 2230 2408; x_wconf 88' lang='lat' dir='ltr'><strong>vocat,</strong></span> <span class='ocrx_word' id='word_1_502' title='bbox 2275 2350 2332 2398; x_wconf 91' lang='lat' dir='ltr'><strong>et</strong></span> <span class='ocrx_word' id='word_1_503' title='bbox 2382 2342 2609 2396; x_wconf 87' lang='lat' dir='ltr'><strong>Arnoldi</strong></span> <span class='ocrx_word' id='word_1_504' title='bbox 2651 2341 2811 2395; x_wconf 85' lang='lat' dir='ltr'><strong>Wion</strong></span> <span class='ocrx_word' id='word_1_505' title='bbox 2853 2341 2992 2395; x_wconf 91' lang='lat' dir='ltr'><strong>libro</strong></span> <span class='ocrx_word' id='word_1_506' title='bbox 3042 2343 3204 2396; x_wconf 89' lang='lat' dir='ltr'><strong>tertio</strong></span> <span class='ocrx_word' id='word_1_507' title='bbox 3238 2340 3394 2409; x_wconf 80' lang='lat' dir='ltr'><strong>Ligui</strong></span> 
     </span>
    </p>
   </div>
   <div class='ocr_carea' id='block_1_78' title="bbox 1815 2430 3391 2502">
    <p class='ocr_par' dir='ltr' id='par_1_78' title="bbox 1815 2430 3391 2502">
     <span class='ocr_line' id='line_1_78' title="bbox 1815 2430 3391 2502; baseline -0.002 -16"><span class='ocrx_word' id='word_1_508' title='bbox 1815 2431 1972 2488; x_wconf 59' lang='lat' dir='ltr'><strong>Vitae.</strong></span> <span class='ocrx_word' id='word_1_509' title='bbox 2021 2431 2274 2500; x_wconf 75' lang='lat' dir='ltr'><strong>Ejusdem</strong></span> <span class='ocrx_word' id='word_1_510' title='bbox 2327 2430 2448 2486; x_wconf 77' lang='lat' dir='ltr'><strong>Vita</strong></span> <span class='ocrx_word' id='word_1_511' title='bbox 2481 2441 2660 2488; x_wconf 77' lang='lat' dir='ltr'><strong>exstat</strong></span> <span class='ocrx_word' id='word_1_512' title='bbox 2716 2432 2818 2486; x_wconf 94' lang='lat' dir='ltr'><strong>hoc</strong></span> <span class='ocrx_word' id='word_1_513' title='bbox 2853 2431 2939 2487; x_wconf 90' lang='lat' dir='ltr'><strong>die</strong></span> <span class='ocrx_word' id='word_1_514' title='bbox 2967 2431 3106 2502; x_wconf 89' lang='lat' dir='ltr'><strong>apud</strong></span> <span class='ocrx_word' id='word_1_515' title='bbox 3151 2431 3391 2497; x_wconf 86' lang='lat' dir='ltr'><strong>Surium,</strong></span> 
     </span>
    </p>
   </div>
   <div class='ocr_carea' id='block_1_79' title="bbox 1813 2521 3394 2583">
    <p class='ocr_par' dir='ltr' id='par_1_79' title="bbox 1813 2521 3394 2583">
     <span class='ocr_line' id='line_1_79' title="bbox 1813 2521 3394 2583; baseline -0.001 -5"><span class='ocrx_word' id='word_1_516' title='bbox 1813 2538 2052 2578; x_wconf 88' lang='lat' dir='ltr'><strong>consona</strong></span> <span class='ocrx_word' id='word_1_517' title='bbox 2078 2523 2142 2578; x_wconf 90' lang='lat' dir='ltr'><strong>iis</strong></span> <span class='ocrx_word' id='word_1_518' title='bbox 2164 2537 2284 2579; x_wconf 72' lang='lat' dir='ltr'><strong>uua:</strong></span> <span class='ocrx_word' id='word_1_519' title='bbox 2305 2521 2408 2577; x_wconf 90' lang='lat' dir='ltr'><strong>hoc</strong></span> <span class='ocrx_word' id='word_1_520' title='bbox 2433 2537 2552 2578; x_wconf 87' lang='lat' dir='ltr'><strong>cao.</strong></span> <span class='ocrx_word' id='word_1_521' title='bbox 2574 2522 2862 2583; x_wconf 86' lang='lat' dir='ltr'><strong>habentur,</strong></span> <span class='ocrx_word' id='word_1_522' title='bbox 2883 2522 2977 2578; x_wconf 90' lang='lat' dir='ltr'><strong>sed</strong></span> <span class='ocrx_word' id='word_1_523' title='bbox 3002 2521 3092 2577; x_wconf 89' lang='lat' dir='ltr'><strong>hic</strong></span> <span class='ocrx_word' id='word_1_524' title='bbox 3116 2521 3394 2577; x_wconf 71' lang='lat' dir='ltr'><strong>aliquanto</strong></span> 
     </span>
    </p>
   </div>
   <div class='ocr_carea' id='block_1_80' title="bbox 1815 2617 2056 2672">
    <p class='ocr_par' dir='ltr' id='par_1_80' title="bbox 1815 2617 2056 2672">
     <span class='ocr_line' id='line_1_80' title="bbox 1815 2617 2056 2672; baseline 0 -2"><span class='ocrx_word' id='word_1_525' title='bbox 1815 2617 2056 2672; x_wconf 88' lang='lat' dir='ltr'><strong>uberius.</strong></span> 
     </span>
    </p>
   </div>
   <div class='ocr_carea' id='block_1_81' title="bbox 1887 2705 3392 2778">
    <p class='ocr_par' dir='ltr' id='par_1_81' title="bbox 1887 2705 3392 2778">
     <span class='ocr_line' id='line_1_81' title="bbox 1887 2705 3392 2778; baseline 0.001 -18"><span class='ocrx_word' id='word_1_526' title='bbox 1887 2706 2130 2772; x_wconf 85' lang='lat' dir='ltr'><strong>Quadam</strong></span> <span class='ocrx_word' id='word_1_527' title='bbox 2179 2707 2401 2778; x_wconf 85' lang='lat' dir='ltr'><strong>denique</strong></span> <span class='ocrx_word' id='word_1_528' title='bbox 2447 2705 2800 2762; x_wconf 84' lang='lat' dir='ltr'><strong>Sabbatorum</strong></span> <span class='ocrx_word' id='word_1_529' title='bbox 2846 2707 2970 2772; x_wconf 90' lang='lat' dir='ltr'><strong>die,</strong></span> <span class='ocrx_word' id='word_1_530' title='bbox 3013 2706 3130 2776; x_wconf 87' lang='lat' dir='ltr'><strong>jam</strong></span> <span class='ocrx_word' id='word_1_531' title='bbox 3179 2722 3392 2776; x_wconf 82' lang='lat' dir='ltr'><strong>vespera</strong></span> 
     </span>
    </p>
   </div>
   <div class='ocr_carea' id='block_1_82' title="bbox 1813 2793 3390 2868">
    <p class='ocr_par' dir='ltr' id='par_1_82' title="bbox 1813 2793 3390 2868">
     <span class='ocr_line' id='line_1_82' title="bbox 1813 2793 3390 2868; baseline 0.001 -19"><span class='ocrx_word' id='word_1_532' title='bbox 1813 2793 2078 2850; x_wconf 85' lang='lat' dir='ltr'><strong>Dominici</strong></span> <span class='ocrx_word' id='word_1_533' title='bbox 2127 2796 2233 2850; x_wconf 86' lang='lat' dir='ltr'><strong>diei</strong></span> <span class='ocrx_word' id='word_1_534' title='bbox 2285 2798 2578 2863; x_wconf 85' lang='lat' dir='ltr'><strong>accedente,</strong></span> <span class='ocrx_word' id='word_1_535' title='bbox 2607 2796 2849 2868; x_wconf 80' lang='lat' dir='ltr'><strong>qucedam</strong></span> <span class='ocrx_word' id='word_1_536' title='bbox 2899 2795 3241 2866; x_wconf 87' lang='lat' dir='ltr'><strong>paupercula,</strong></span> <span class='ocrx_word' id='word_1_537' title='bbox 3280 2805 3390 2851; x_wconf 88' lang='lat' dir='ltr'><strong>etc.</strong></span> 
     </span>
    </p>
   </div>
   <div class='ocr_carea' id='block_1_83' title="bbox 1813 2885 3392 2958">
    <p class='ocr_par' dir='ltr' id='par_1_83' title="bbox 1813 2885 3392 2958">
     <span class='ocr_line' id='line_1_83' title="bbox 1813 2885 3392 2958; baseline -0.003 -13"><span class='ocrx_word' id='word_1_538' title='bbox 1813 2889 2067 2945; x_wconf 82' lang='lat' dir='ltr'><strong>Graviter</strong></span> <span class='ocrx_word' id='word_1_539' title='bbox 2116 2889 2301 2958; x_wconf 88' lang='lat' dir='ltr'><strong>punita</strong></span> <span class='ocrx_word' id='word_1_540' title='bbox 2329 2888 2429 2942; x_wconf 78' lang='lat' dir='ltr'><strong>fuit</strong></span> <span class='ocrx_word' id='word_1_541' title='bbox 2459 2889 2574 2943; x_wconf 66' lang='lat' dir='ltr'><strong>htec</strong></span> <span class='ocrx_word' id='word_1_542' title='bbox 2621 2887 2836 2950; x_wconf 90' lang='lat' dir='ltr'><strong>mulier,</strong></span> <span class='ocrx_word' id='word_1_543' title='bbox 2869 2887 3011 2956; x_wconf 91' lang='lat' dir='ltr'><strong>quod</strong></span> <span class='ocrx_word' id='word_1_544' title='bbox 3037 2901 3259 2957; x_wconf 87' lang='lat' dir='ltr'><strong>vespere</strong></span> <span class='ocrx_word' id='word_1_545' title='bbox 3284 2885 3392 2941; x_wconf 89' lang='lat' dir='ltr'><strong>diei</strong></span> 
     </span>
    </p>
   </div>
   <div class='ocr_carea' id='block_1_84' title="bbox 1815 2974 3394 3046">
    <p class='ocr_par' dir='ltr' id='par_1_84' title="bbox 1815 2974 3394 3046">
     <span class='ocr_line' id='line_1_84' title="bbox 1815 2974 3394 3046; baseline -0.001 -15"><span class='ocrx_word' id='word_1_546' title='bbox 1815 2977 2108 3032; x_wconf 66' lang='lat' dir='ltr'><strong>Dominicze</strong></span> <span class='ocrx_word' id='word_1_547' title='bbox 2129 2986 2471 3045; x_wconf 88' lang='lat' dir='ltr'><strong>operaretur,</strong></span> <span class='ocrx_word' id='word_1_548' title='bbox 2495 2976 2622 3046; x_wconf 90' lang='lat' dir='ltr'><strong>quia</strong></span> <span class='ocrx_word' id='word_1_549' title='bbox 2647 2986 2759 3030; x_wconf 93' lang='lat' dir='ltr'><strong>tum</strong></span> <span class='ocrx_word' id='word_1_550' title='bbox 2783 2975 3076 3031; x_wconf 88' lang='lat' dir='ltr'><strong>celebratio</strong></span> <span class='ocrx_word' id='word_1_551' title='bbox 3099 2974 3394 3030; x_wconf 75' lang='lat' dir='ltr'><strong>Dominica:</strong></span> 
     </span>
    </p>
   </div>
   <div class='ocr_carea' id='block_1_85' title="bbox 1817 3062 3391 3136">
    <p class='ocr_par' dir='ltr' id='par_1_85' title="bbox 1817 3062 3391 3136">
     <span class='ocr_line' id='line_1_85' title="bbox 1817 3062 3391 3136; baseline -0.003 -14"><span class='ocrx_word' id='word_1_552' title='bbox 1817 3067 2109 3136; x_wconf 86' lang='lat' dir='ltr'><strong>incipiebat</strong></span> <span class='ocrx_word' id='word_1_553' title='bbox 2136 3082 2166 3120; x_wconf 90' lang='lat' dir='ltr'><strong>a</strong></span> <span class='ocrx_word' id='word_1_554' title='bbox 2199 3076 2441 3135; x_wconf 91' lang='lat' dir='ltr'><strong>tempore</strong></span> <span class='ocrx_word' id='word_1_555' title='bbox 2472 3081 2842 3135; x_wconf 85' lang='lat' dir='ltr'><strong>vesperarum,</strong></span> <span class='ocrx_word' id='word_1_556' title='bbox 2867 3064 3011 3134; x_wconf 82' lang='lat' dir='ltr'><strong>quod</strong></span> <span class='ocrx_word' id='word_1_557' title='bbox 3033 3064 3246 3118; x_wconf 78' lang='lat' dir='ltr'><strong>duravit</strong></span> <span class='ocrx_word' id='word_1_558' title='bbox 3276 3062 3391 3118; x_wconf 81' lang='lat' dir='ltr'><strong>fere</strong></span> 
     </span>
    </p>
   </div>
   <div class='ocr_carea' id='block_1_86' title="bbox 1798 3144 3390 3240">
    <p class='ocr_par' dir='ltr' id='par_1_86' title="bbox 1798 3144 3390 3240">
     <span class='ocr_line' id='line_1_86' title="bbox 1798 3144 3390 3240; baseline -0.003 -27"><span class='ocrx_word' id='word_1_559' title='bbox 1798 3159 1882 3240; x_wconf 72' lang='lat' dir='ltr'><strong>ad</strong></span> <span class='ocrx_word' id='word_1_560' title='bbox 1910 3167 2094 3214; x_wconf 89' lang='lat' dir='ltr'><strong>nostra</strong></span> <span class='ocrx_word' id='word_1_561' title='bbox 2130 3173 2298 3227; x_wconf 88' lang='lat' dir='ltr'><strong>usque</strong></span> <span class='ocrx_word' id='word_1_562' title='bbox 2335 3166 2598 3226; x_wconf 90' lang='lat' dir='ltr'><strong>tempora.</strong></span> <span class='ocrx_word' id='word_1_563' title='bbox 2647 3157 2941 3212; x_wconf 79' lang='lat' dir='ltr'><strong>Videantur</strong></span> <span class='ocrx_word' id='word_1_564' title='bbox 2969 3144 3088 3225; x_wconf 59' lang='lat' dir='ltr'><strong>quae</strong></span> <span class='ocrx_word' id='word_1_565' title='bbox 3117 3155 3308 3226; x_wconf 90' lang='lat' dir='ltr'><strong>scripsi</strong></span> <span class='ocrx_word' id='word_1_566' title='bbox 3334 3154 3390 3209; x_wconf 91' lang='lat' dir='ltr'><strong>in</strong></span> 
     </span>
    </p>
   </div>
   <div class='ocr_carea' id='block_1_87' title="bbox 1811 3247 3388 3318">
    <p class='ocr_par' dir='ltr' id='par_1_87' title="bbox 1811 3247 3388 3318">
     <span class='ocr_line' id='line_1_87' title="bbox 1811 3247 3388 3318; baseline -0.003 -12"><span class='ocrx_word' id='word_1_567' title='bbox 1811 3252 1955 3307; x_wconf 88' lang='lat' dir='ltr'><strong>uotis</strong></span> <span class='ocrx_word' id='word_1_568' title='bbox 2011 3251 2078 3306; x_wconf 89' lang='lat' dir='ltr'><strong>ad</strong></span> <span class='ocrx_word' id='word_1_569' title='bbox 2107 3249 2369 3306; x_wconf 87' lang='lat' dir='ltr'><strong>Thomam</strong></span> <span class='ocrx_word' id='word_1_570' title='bbox 2415 3249 2886 3318; x_wconf 82' lang='lat' dir='ltr'><strong>Cautipratanum,</strong></span> <span class='ocrx_word' id='word_1_571' title='bbox 2931 3247 3027 3302; x_wconf 89' lang='lat' dir='ltr'><strong>lib.</strong></span> <span class='ocrx_word' id='word_1_572' title='bbox 3059 3264 3120 3314; x_wconf 86' lang='grc' dir='ltr'><strong>ιι,</strong></span> <span class='ocrx_word' id='word_1_573' title='bbox 3145 3263 3270 3318; x_wconf 87' lang='lat' dir='ltr'><strong>cap.</strong></span> <span class='ocrx_word' id='word_1_574' title='bbox 3298 3247 3388 3314; x_wconf 78' lang='lat'><strong>55,</strong></span> 
     </span>
    </p>
   </div>
   <div class='ocr_carea' id='block_1_88' title="bbox 1808 3338 3390 3412">
    <p class='ocr_par' dir='ltr' id='par_1_88' title="bbox 1808 3338 3390 3412">
     <span class='ocr_line' id='line_1_88' title="bbox 1808 3338 3390 3412; baseline -0.002 -18"><span class='ocrx_word' id='word_1_575' title='bbox 1808 3350 1964 3412; x_wconf 90' lang='lat' dir='ltr'><strong>parte</strong></span> <span class='ocrx_word' id='word_1_576' title='bbox 2013 3357 2090 3395; x_wconf 74' lang='grc' dir='ltr'><strong>ιχ.</strong></span> <span class='ocrx_word' id='word_1_577' title='bbox 2136 3339 2283 3396; x_wconf 90' lang='lat' dir='ltr'><strong>Idem</strong></span> <span class='ocrx_word' id='word_1_578' title='bbox 2342 3354 2474 3394; x_wconf 90' lang='lat' dir='ltr'><strong>vero</strong></span> <span class='ocrx_word' id='word_1_579' title='bbox 2526 3348 2672 3409; x_wconf 87' lang='lat' dir='ltr'><strong>patet</strong></span> <span class='ocrx_word' id='word_1_580' title='bbox 2724 3353 2789 3392; x_wconf 76' lang='lat' dir='ltr'><strong>ex</strong></span> <span class='ocrx_word' id='word_1_581' title='bbox 2815 3338 2917 3393; x_wconf 93' lang='lat' dir='ltr'><strong>hoc</strong></span> <span class='ocrx_word' id='word_1_582' title='bbox 2949 3346 3174 3392; x_wconf 87' lang='lat' dir='ltr'><strong>auctore</strong></span> <span class='ocrx_word' id='word_1_583' title='bbox 3203 3353 3390 3408; x_wconf 83' lang='lat' dir='ltr'><strong>supra,</strong></span> 
     </span>
    </p>
   </div>
   <div class='ocr_carea' id='block_1_89' title="bbox 1810 3430 3390 3503">
    <p class='ocr_par' dir='ltr' id='par_1_89' title="bbox 1810 3430 3390 3503">
     <span class='ocr_line' id='line_1_89' title="bbox 1810 3430 3390 3503; baseline -0.004 -13"><span class='ocrx_word' id='word_1_584' title='bbox 1810 3449 1930 3502; x_wconf 91' lang='lat' dir='ltr'><strong>cap.</strong></span> <span class='ocrx_word' id='word_1_585' title='bbox 1960 3433 2050 3500; x_wconf 73' lang='lat'><strong>20,</strong></span> <span class='ocrx_word' id='word_1_586' title='bbox 2085 3433 2173 3488; x_wconf 91' lang='lat' dir='ltr'><strong>ubi</strong></span> <span class='ocrx_word' id='word_1_587' title='bbox 2223 3431 2602 3503; x_wconf 87' lang='lat' dir='ltr'><strong>Ragenbaldus</strong></span> <span class='ocrx_word' id='word_1_588' title='bbox 2631 3431 2850 3502; x_wconf 90' lang='lat' dir='ltr'><strong>quidam</strong></span> <span class='ocrx_word' id='word_1_589' title='bbox 2878 3431 2948 3487; x_wconf 91' lang='lat' dir='ltr'><strong>ob</strong></span> <span class='ocrx_word' id='word_1_590' title='bbox 2977 3430 3224 3487; x_wconf 85' lang='lat' dir='ltr'><strong>eamdem</strong></span> <span class='ocrx_word' id='word_1_591' title='bbox 3259 3444 3390 3485; x_wconf 84' lang='lat' dir='ltr'><strong>cau-</strong></span> 
     </span>
    </p>
   </div>
   <div class='ocr_carea' id='block_1_90' title="bbox 1810 3523 2322 3614">
    <p class='ocr_par' dir='ltr' id='par_1_90' title="bbox 1810 3523 2322 3595">
     <span class='ocr_line' id='line_1_90' title="bbox 1810 3523 2322 3595; baseline -0.008 -15"><span class='ocrx_word' id='word_1_592' title='bbox 1810 3539 1928 3580; x_wconf 85' lang='lat' dir='ltr'><strong>sam</strong></span> <span class='ocrx_word' id='word_1_593' title='bbox 1959 3523 2180 3595; x_wconf 87' lang='lat' dir='ltr'><strong>punitus</strong></span> <span class='ocrx_word' id='word_1_594' title='bbox 2216 3532 2322 3578; x_wconf 87' lang='lat' dir='ltr'><strong>est.</strong></span> 
     </span>
    </p>
   </div>
   <div class='ocr_carea' id='block_1_91' title="bbox 2343 3637 2810 3715">
    <p class='ocr_par' dir='ltr' id='par_1_91' title="bbox 2343 3637 2810 3715">
     <span class='ocr_line' id='line_1_91' title="bbox 2343 3637 2810 3715; baseline 0 -22"><span class='ocrx_word' id='word_1_595' title='bbox 2343 3637 2604 3715; x_wconf 31' lang='lat' dir='ltr'><strong>,carur</strong></span> <span class='ocrx_word' id='word_1_596' title='bbox 2641 3637 2810 3693; x_wconf 83' lang='lat' dir='ltr'><strong>xxv.</strong></span> 
     </span>
    </p>
   </div>
   <div class='ocr_carea' id='block_1_92' title="bbox 1879 3749 3386 3822">
    <p class='ocr_par' dir='ltr' id='par_1_92' title="bbox 1879 3749 3386 3822">
     <span class='ocr_line' id='line_1_92' title="bbox 1879 3749 3386 3822; baseline -0.002 -13"><span class='ocrx_word' id='word_1_597' title='bbox 1879 3753 1956 3809; x_wconf 91' lang='lat' dir='ltr'><strong>De</strong></span> <span class='ocrx_word' id='word_1_598' title='bbox 1985 3752 2042 3808; x_wconf 85' lang='grc'><strong>8.</strong></span> <span class='ocrx_word' id='word_1_599' title='bbox 2071 3749 2395 3817; x_wconf 78' lang='lat' dir='ltr'><strong>Theodult‘o,</strong></span> <span class='ocrx_word' id='word_1_600' title='bbox 2431 3752 2496 3807; x_wconf 91' lang='lat' dir='ltr'><strong>de</strong></span> <span class='ocrx_word' id='word_1_601' title='bbox 2521 3767 2628 3822; x_wconf 92' lang='lat' dir='ltr'><strong>quo</strong></span> <span class='ocrx_word' id='word_1_602' title='bbox 2672 3752 2776 3806; x_wconf 89' lang='lat' dir='ltr'><strong>hoc</strong></span> <span class='ocrx_word' id='word_1_603' title='bbox 2823 3765 2970 3820; x_wconf 88' lang='lat' dir='ltr'><strong>cap.,</strong></span> <span class='ocrx_word' id='word_1_604' title='bbox 3001 3751 3110 3822; x_wconf 88' lang='lat' dir='ltr'><strong>agit</strong></span> <span class='ocrx_word' id='word_1_605' title='bbox 3143 3749 3386 3806; x_wconf 86' lang='lat' dir='ltr'><strong>Molanus</strong></span> 
     </span>
    </p>
   </div>
   <div class='ocr_carea' id='block_1_93' title="bbox 1808 3841 3391 3899">
    <p class='ocr_par' dir='ltr' id='par_1_93' title="bbox 1808 3841 3391 3899">
     <span class='ocr_line' id='line_1_93' title="bbox 1808 3841 3391 3899; baseline -0.002 0"><span class='ocrx_word' id='word_1_606' title='bbox 1808 3843 1862 3899; x_wconf 89' lang='lat' dir='ltr'><strong>in</strong></span> <span class='ocrx_word' id='word_1_607' title='bbox 1896 3843 2168 3898; x_wconf 89' lang='lat' dir='ltr'><strong>additione</strong></span> <span class='ocrx_word' id='word_1_608' title='bbox 2198 3843 2265 3896; x_wconf 90' lang='lat' dir='ltr'><strong>ad</strong></span> <span class='ocrx_word' id='word_1_609' title='bbox 2292 3841 2598 3898; x_wconf 85' lang='lat' dir='ltr'><strong>Usuardum</strong></span> <span class='ocrx_word' id='word_1_610' title='bbox 2625 3841 2880 3896; x_wconf 82' lang='lat' dir='ltr'><strong>Kalendis</strong></span> <span class='ocrx_word' id='word_1_611' title='bbox 2907 3841 3051 3896; x_wconf 77' lang='lat' dir='ltr'><strong>Maii.</strong></span> <span class='ocrx_word' id='word_1_612' title='bbox 3078 3842 3278 3896; x_wconf 84' lang='lat' dir='ltr'><strong>Eodem</strong></span> <span class='ocrx_word' id='word_1_613' title='bbox 3302 3842 3391 3896; x_wconf 86' lang='lat' dir='ltr'><strong>die</strong></span> 
     </span>
    </p>
   </div>
   <div class='ocr_carea' id='block_1_94' title="bbox 1805 3933 3386 4004">
    <p class='ocr_par' dir='ltr' id='par_1_94' title="bbox 1805 3933 3386 4004">
     <span class='ocr_line' id='line_1_94' title="bbox 1805 3933 3386 4004; baseline -0.003 -12"><span class='ocrx_word' id='word_1_614' title='bbox 1805 3938 2000 3993; x_wconf 90' lang='lat' dir='ltr'><strong>Petrus</strong></span> <span class='ocrx_word' id='word_1_615' title='bbox 2051 3935 2378 4000; x_wconf 81' lang='lat' dir='ltr'><strong>Galesinius,</strong></span> <span class='ocrx_word' id='word_1_616' title='bbox 2430 3942 2487 3990; x_wconf 91' lang='lat' dir='ltr'><strong>et</strong></span> <span class='ocrx_word' id='word_1_617' title='bbox 2538 3933 2808 3989; x_wconf 86' lang='lat' dir='ltr'><strong>Arnoldus</strong></span> <span class='ocrx_word' id='word_1_618' title='bbox 2855 3933 3386 4004; x_wconf 89' lang='lat' dir='ltr'><strong>Wion,Utriusque,</strong></span> 
     </span>
    </p>
   </div>
   <div class='ocr_carea' id='block_1_95' title="bbox 1805 4025 3392 4095">
    <p class='ocr_par' dir='ltr' id='par_1_95' title="bbox 1805 4025 3392 4095">
     <span class='ocr_line' id='line_1_95' title="bbox 1805 4025 3392 4095; baseline -0.002 -12"><span class='ocrx_word' id='word_1_619' title='bbox 1805 4029 2059 4085; x_wconf 89' lang='lat' dir='ltr'><strong>videlicet</strong></span> <span class='ocrx_word' id='word_1_620' title='bbox 2104 4027 2164 4083; x_wconf 93' lang='lat' dir='ltr'><strong>S.</strong></span> <span class='ocrx_word' id='word_1_621' title='bbox 2216 4025 2541 4082; x_wconf 84' lang='lat' dir='ltr'><strong>Theoderici</strong></span> <span class='ocrx_word' id='word_1_622' title='bbox 2607 4034 2663 4081; x_wconf 91' lang='lat' dir='ltr'><strong>et</strong></span> <span class='ocrx_word' id='word_1_623' title='bbox 2710 4025 3044 4095; x_wconf 87' lang='lat' dir='ltr'><strong>Theodulphi</strong></span> <span class='ocrx_word' id='word_1_624' title='bbox 3075 4065 3090 4091; x_wconf 96' lang='lat'><strong>,</strong></span> <span class='ocrx_word' id='word_1_625' title='bbox 3140 4025 3392 4080; x_wconf 88' lang='lat' dir='ltr'><strong>meminit</strong></span> 
     </span>
    </p>
   </div>
   <div class='ocr_carea' id='block_1_96' title="bbox 1808 4119 3386 4193">
    <p class='ocr_par' dir='ltr' id='par_1_96' title="bbox 1808 4119 3386 4193">
     <span class='ocr_line' id='line_1_96' title="bbox 1808 4119 3386 4193; baseline -0.003 -15"><span class='ocrx_word' id='word_1_626' title='bbox 1808 4120 2126 4193; x_wconf 84' lang='lat' dir='ltr'><strong>Sigcbertus</strong></span> <span class='ocrx_word' id='word_1_627' title='bbox 2176 4120 2229 4174; x_wconf 88' lang='lat' dir='ltr'><strong>in</strong></span> <span class='ocrx_word' id='word_1_628' title='bbox 2271 4119 2544 4175; x_wconf 91' lang='lat' dir='ltr'><strong>Chronico</strong></span> <span class='ocrx_word' id='word_1_629' title='bbox 2587 4119 2654 4174; x_wconf 87' lang='lat' dir='ltr'><strong>ad</strong></span> <span class='ocrx_word' id='word_1_630' title='bbox 2683 4135 2884 4174; x_wconf 91' lang='lat' dir='ltr'><strong>annum</strong></span> <span class='ocrx_word' id='word_1_631' title='bbox 2911 4119 3017 4174; x_wconf 75' lang='grc'><strong>554</strong></span> <span class='ocrx_word' id='word_1_632' title='bbox 3047 4119 3131 4174; x_wconf 92' lang='lat' dir='ltr'><strong>his</strong></span> <span class='ocrx_word' id='word_1_633' title='bbox 3158 4119 3338 4174; x_wconf 86' lang='lat' dir='ltr'><strong>verbis</strong></span> <span class='ocrx_word' id='word_1_634' title='bbox 3371 4135 3386 4173; x_wconf 90' lang='lat'><strong>:</strong></span> 
     </span>
    </p>
   </div>
   <div class='ocr_carea' id='block_1_97' title="bbox 1815 4210 3392 4282">
    <p class='ocr_par' dir='ltr' id='par_1_97' title="bbox 1815 4210 3392 4282">
     <span class='ocr_line' id='line_1_97' title="bbox 1815 4210 3392 4282; baseline 0 -16"><span class='ocrx_word' id='word_1_635' title='bbox 1815 4231 1833 4266; x_wconf 71' lang='grc' dir='ltr'>ς</span> <span class='ocrx_word' id='word_1_636' title='bbox 1872 4213 2243 4268; x_wconf 89' lang='lat' dir='ltr'><strong>Theodoricus</strong></span> <span class='ocrx_word' id='word_1_637' title='bbox 2277 4212 2469 4278; x_wconf 89' lang='lat' dir='ltr'><strong>ahbas,</strong></span> <span class='ocrx_word' id='word_1_638' title='bbox 2501 4211 2796 4282; x_wconf 90' lang='lat' dir='ltr'><strong>discipulus</strong></span> <span class='ocrx_word' id='word_1_639' title='bbox 2839 4211 3014 4267; x_wconf 89' lang='lat' dir='ltr'><strong>sancti</strong></span> <span class='ocrx_word' id='word_1_640' title='bbox 3045 4210 3301 4281; x_wconf 87' lang='lat' dir='ltr'><strong>Remigii,</strong></span> <span class='ocrx_word' id='word_1_641' title='bbox 3335 4221 3392 4266; x_wconf 93' lang='lat' dir='ltr'><strong>et</strong></span> 
     </span>
    </p>
   </div>
   <div class='ocr_carea' id='block_1_98' title="bbox 1806 4300 3388 4373">
    <p class='ocr_par' dir='ltr' id='par_1_98' title="bbox 1806 4300 3388 4373">
     <span class='ocr_line' id='line_1_98' title="bbox 1806 4300 3388 4373; baseline 0 -16"><span class='ocrx_word' id='word_1_642' title='bbox 1806 4301 2192 4372; x_wconf 84' lang='lat' dir='ltr'><strong>Theodulphus</strong></span> <span class='ocrx_word' id='word_1_643' title='bbox 2223 4301 2415 4368; x_wconf 80' lang='lat' dir='ltr'><strong>abbas,</strong></span> <span class='ocrx_word' id='word_1_644' title='bbox 2440 4301 2733 4371; x_wconf 87' lang='lat' dir='ltr'><strong>discipulus</strong></span> <span class='ocrx_word' id='word_1_645' title='bbox 2764 4301 2930 4373; x_wconf 81' lang='lat' dir='ltr'><strong>ipsius</strong></span> <span class='ocrx_word' id='word_1_646' title='bbox 2960 4300 3304 4367; x_wconf 87' lang='lat' dir='ltr'><strong>Theoderici,</strong></span> <span class='ocrx_word' id='word_1_647' title='bbox 3336 4303 3388 4357; x_wconf 87' lang='lat' dir='ltr'><strong>in</strong></span> 
     </span>
    </p>
   </div>
   <div class='ocr_carea' id='block_1_99' title="bbox 1805 4391 3390 4461">
    <p class='ocr_par' dir='ltr' id='par_1_99' title="bbox 1805 4391 3390 4461">
     <span class='ocr_line' id='line_1_99' title="bbox 1805 4391 3390 4461; baseline 0.001 -16"><span class='ocrx_word' id='word_1_648' title='bbox 1805 4391 2036 4447; x_wconf 87' lang='lat' dir='ltr'><strong>Francia</strong></span> <span class='ocrx_word' id='word_1_649' title='bbox 2081 4391 2310 4448; x_wconf 87' lang='lat' dir='ltr'><strong>clarcnt.</strong></span> <span class='ocrx_word' id='word_1_650' title='bbox 2346 4412 2366 4445; x_wconf 69' lang='grc' dir='ltr'>ι</span> <span class='ocrx_word' id='word_1_651' title='bbox 2401 4393 2770 4448; x_wconf 89' lang='lat' dir='ltr'><strong>lnveutionem</strong></span> <span class='ocrx_word' id='word_1_652' title='bbox 2825 4393 3071 4461; x_wconf 88' lang='lat' dir='ltr'><strong>corporis</strong></span> <span class='ocrx_word' id='word_1_653' title='bbox 3103 4393 3161 4447; x_wconf 93' lang='lat' dir='ltr'><strong>S.</strong></span> <span class='ocrx_word' id='word_1_654' title='bbox 3212 4392 3390 4446; x_wconf 85' lang='lat' dir='ltr'><strong>Theo-</strong></span> 
     </span>
    </p>
   </div>
   <div class='ocr_carea' id='block_1_100' title="bbox 1724 4463 3387 4553">
    <p class='ocr_par' dir='ltr' id='par_1_100' title="bbox 1724 4463 3387 4553">
     <span class='ocr_line' id='line_1_100' title="bbox 1724 4463 3387 4553; baseline 0.001 -16"><span class='ocrx_word' id='word_1_655' title='bbox 1724 4463 1779 4522; x_wconf 82' lang='lat' dir='ltr'><strong>D</strong></span> <span class='ocrx_word' id='word_1_656' title='bbox 1808 4481 1994 4552; x_wconf 88' lang='lat' dir='ltr'><strong>dulphi</strong></span> <span class='ocrx_word' id='word_1_657' title='bbox 2043 4483 2184 4553; x_wconf 89' lang='lat' dir='ltr'><strong>apud</strong></span> <span class='ocrx_word' id='word_1_658' title='bbox 2227 4483 2483 4538; x_wconf 83' lang='lat' dir='ltr'><strong>Treviros</strong></span> <span class='ocrx_word' id='word_1_659' title='bbox 2537 4491 2694 4538; x_wconf 85' lang='lat' dir='ltr'><strong>notat</strong></span> <span class='ocrx_word' id='word_1_660' title='bbox 2737 4498 2803 4537; x_wconf 80' lang='lat' dir='ltr'><strong>ex</strong></span> <span class='ocrx_word' id='word_1_661' title='bbox 2853 4482 3156 4537; x_wconf 90' lang='lat' dir='ltr'><strong>Trithemio</strong></span> <span class='ocrx_word' id='word_1_662' title='bbox 3209 4482 3387 4538; x_wconf 77' lang='lat' dir='ltr'><strong>dictus</strong></span> 
     </span>
    </p>
   </div>
   <div class='ocr_carea' id='block_1_101' title="bbox 1805 4573 3388 4644">
    <p class='ocr_par' dir='ltr' id='par_1_101' title="bbox 1805 4573 3388 4644">
     <span class='ocr_line' id='line_1_101' title="bbox 1805 4573 3388 4644; baseline -0.002 -15"><span class='ocrx_word' id='word_1_663' title='bbox 1805 4575 2078 4630; x_wconf 87' lang='lat' dir='ltr'><strong>Arnoldus</strong></span> <span class='ocrx_word' id='word_1_664' title='bbox 2125 4575 2315 4638; x_wconf 75' lang='lat' dir='ltr'><strong>Wion,</strong></span> <span class='ocrx_word' id='word_1_665' title='bbox 2370 4575 2458 4630; x_wconf 88' lang='lat' dir='ltr'><strong>die</strong></span> <span class='ocrx_word' id='word_1_666' title='bbox 2503 4574 2598 4627; x_wconf 90' lang='lat' dir='ltr'><strong>ult.</strong></span> <span class='ocrx_word' id='word_1_667' title='bbox 2625 4574 2929 4638; x_wconf 86' lang='lat' dir='ltr'><strong>Februarii,</strong></span> <span class='ocrx_word' id='word_1_668' title='bbox 2963 4590 3124 4644; x_wconf 90' lang='lat' dir='ltr'><strong>quam</strong></span> <span class='ocrx_word' id='word_1_669' title='bbox 3164 4573 3268 4627; x_wconf 88' lang='lat' dir='ltr'><strong>late</strong></span> <span class='ocrx_word' id='word_1_670' title='bbox 3293 4574 3388 4627; x_wconf 53' lang='lat' dir='ltr'><strong>de.</strong></span> 
     </span>
    </p>
   </div>
   <div class='ocr_carea' id='block_1_102' title="bbox 1808 4664 3384 4734">
    <p class='ocr_par' dir='ltr' id='par_1_102' title="bbox 1808 4664 3384 4734">
     <span class='ocr_line' id='line_1_102' title="bbox 1808 4664 3384 4734; baseline -0.001 -12"><span class='ocrx_word' id='word_1_671' title='bbox 1808 4668 1998 4724; x_wconf 89' lang='lat' dir='ltr'><strong>scribit</strong></span> <span class='ocrx_word' id='word_1_672' title='bbox 2051 4666 2286 4722; x_wconf 89' lang='lat' dir='ltr'><strong>Thomas</strong></span> <span class='ocrx_word' id='word_1_673' title='bbox 2331 4664 2748 4734; x_wconf 88' lang='lat' dir='ltr'><strong>Cantipratanus</strong></span> <span class='ocrx_word' id='word_1_674' title='bbox 2787 4665 2877 4717; x_wconf 90' lang='lat' dir='ltr'><strong>ubi</strong></span> <span class='ocrx_word' id='word_1_675' title='bbox 2925 4680 3108 4733; x_wconf 90' lang='lat' dir='ltr'><strong>supra,</strong></span> <span class='ocrx_word' id='word_1_676' title='bbox 3145 4673 3286 4734; x_wconf 90' lang='lat' dir='ltr'><strong>part.</strong></span> <span class='ocrx_word' id='word_1_677' title='bbox 3324 4681 3384 4722; x_wconf 89' lang='grc' dir='ltr'><strong>ιι.</strong></span> 
     </span>
    </p>
   </div>
   <div class='ocr_carea' id='block_1_103' title="bbox 1809 4753 3388 4826">
    <p class='ocr_par' dir='ltr' id='par_1_103' title="bbox 1809 4753 3388 4826">
     <span class='ocr_line' id='line_1_103' title="bbox 1809 4753 3388 4826; baseline -0.005 -10"><span class='ocrx_word' id='word_1_678' title='bbox 1809 4758 1915 4816; x_wconf 90' lang='lat' dir='ltr'><strong>Sed</strong></span> <span class='ocrx_word' id='word_1_679' title='bbox 1946 4773 2090 4813; x_wconf 90' lang='lat' dir='ltr'><strong>anne</strong></span> <span class='ocrx_word' id='word_1_680' title='bbox 2134 4758 2205 4811; x_wconf 91' lang='lat' dir='ltr'><strong>sit</strong></span> <span class='ocrx_word' id='word_1_681' title='bbox 2247 4758 2388 4810; x_wconf 89' lang='lat' dir='ltr'><strong>idem</strong></span> <span class='ocrx_word' id='word_1_682' title='bbox 2424 4755 2807 4826; x_wconf 87' lang='lat' dir='ltr'><strong>Theodulpbus</strong></span> <span class='ocrx_word' id='word_1_683' title='bbox 2843 4753 2931 4808; x_wconf 91' lang='lat' dir='ltr'><strong>ille</strong></span> <span class='ocrx_word' id='word_1_684' title='bbox 2967 4769 3089 4808; x_wconf 93' lang='lat' dir='ltr'><strong>cum</strong></span> <span class='ocrx_word' id='word_1_685' title='bbox 3121 4755 3225 4810; x_wconf 90' lang='lat' dir='ltr'><strong>isto</strong></span> <span class='ocrx_word' id='word_1_686' title='bbox 3249 4755 3388 4809; x_wconf 80' lang='lat' dir='ltr'><strong>mul-</strong></span> 
     </span>
    </p>
   </div>
   <div class='ocr_carea' id='block_1_104' title="bbox 1805 4845 3390 4918">
    <p class='ocr_par' dir='ltr' id='par_1_104' title="bbox 1805 4845 3390 4918">
     <span class='ocr_line' id='line_1_104' title="bbox 1805 4845 3390 4918; baseline -0.003 -12"><span class='ocrx_word' id='word_1_687' title='bbox 1805 4861 1918 4906; x_wconf 90' lang='lat' dir='ltr'><strong>tum</strong></span> <span class='ocrx_word' id='word_1_688' title='bbox 1947 4849 2181 4918; x_wconf 88' lang='lat' dir='ltr'><strong>ambigo.</strong></span> <span class='ocrx_word' id='word_1_689' title='bbox 2207 4847 2468 4902; x_wconf 86' lang='lat' dir='ltr'><strong>Eumdem</strong></span> <span class='ocrx_word' id='word_1_690' title='bbox 2497 4845 2625 4901; x_wconf 82' lang='lat' dir='ltr'><strong>facit</strong></span> <span class='ocrx_word' id='word_1_691' title='bbox 2653 4847 2918 4902; x_wconf 90' lang='lat' dir='ltr'><strong>Trithem.</strong></span> <span class='ocrx_word' id='word_1_692' title='bbox 2951 4845 3046 4901; x_wconf 89' lang='lat' dir='ltr'><strong>lib.</strong></span> <span class='ocrx_word' id='word_1_693' title='bbox 3073 4863 3134 4902; x_wconf 84' lang='lat' dir='ltr'><strong>Ill</strong></span> <span class='ocrx_word' id='word_1_694' title='bbox 3157 4847 3224 4902; x_wconf 88' lang='lat' dir='ltr'><strong>de</strong></span> <span class='ocrx_word' id='word_1_695' title='bbox 3243 4845 3390 4902; x_wconf 77' lang='lat' dir='ltr'><strong>Viris</strong></span> 
     </span>
    </p>
   </div>
   <div class='ocr_carea' id='block_1_105' title="bbox 1806 4937 3384 5009">
    <p class='ocr_par' dir='ltr' id='par_1_105' title="bbox 1806 4937 3384 5009">
     <span class='ocr_line' id='line_1_105' title="bbox 1806 4937 3384 5009; baseline -0.001 -12"><span class='ocrx_word' id='word_1_696' title='bbox 1806 4942 1972 4998; x_wconf 90' lang='lat' dir='ltr'><strong>illust.</strong></span> <span class='ocrx_word' id='word_1_697' title='bbox 1997 4940 2118 4994; x_wconf 89' lang='lat' dir='ltr'><strong>0rd.</strong></span> <span class='ocrx_word' id='word_1_698' title='bbox 2170 4939 2230 4994; x_wconf 92' lang='lat' dir='ltr'><strong>S.</strong></span> <span class='ocrx_word' id='word_1_699' title='bbox 2262 4937 2564 5004; x_wconf 87' lang='lat' dir='ltr'><strong>Benedicti,</strong></span> <span class='ocrx_word' id='word_1_700' title='bbox 2602 4955 2723 5009; x_wconf 91' lang='lat' dir='ltr'><strong>cap.</strong></span> <span class='ocrx_word' id='word_1_701' title='bbox 2753 4937 2879 5003; x_wconf 70' lang='lat'><strong>260,</strong></span> <span class='ocrx_word' id='word_1_702' title='bbox 2911 4939 3001 4993; x_wconf 91' lang='lat' dir='ltr'><strong>ubi</strong></span> <span class='ocrx_word' id='word_1_703' title='bbox 3050 4939 3130 4996; x_wconf 88' lang='lat' dir='ltr'><strong>sic</strong></span> <span class='ocrx_word' id='word_1_704' title='bbox 3175 4939 3338 4995; x_wconf 84' lang='lat' dir='ltr'><strong>habet</strong></span> <span class='ocrx_word' id='word_1_705' title='bbox 3371 4958 3384 4994; x_wconf 90' lang='lat'><strong>:</strong></span> 
     </span>
    </p>
   </div>
   <div class='ocr_carea' id='block_1_106' title="bbox 1808 5027 3389 5099">
    <p class='ocr_par' dir='ltr' id='par_1_106' title="bbox 1808 5027 3389 5099">
     <span class='ocr_line' id='line_1_106' title="bbox 1808 5027 3389 5099; baseline -0.003 -13"><span class='ocrx_word' id='word_1_706' title='bbox 1808 5053 1827 5086; x_wconf 70' lang='grc' dir='ltr'>ι</span> <span class='ocrx_word' id='word_1_707' title='bbox 1865 5031 2249 5099; x_wconf 88' lang='lat' dir='ltr'><strong>Theodulphus</strong></span> <span class='ocrx_word' id='word_1_708' title='bbox 2273 5029 2442 5084; x_wconf 88' lang='lat' dir='ltr'><strong>abbas</strong></span> <span class='ocrx_word' id='word_1_709' title='bbox 2473 5029 2526 5084; x_wconf 92' lang='lat' dir='ltr'><strong>in</strong></span> <span class='ocrx_word' id='word_1_710' title='bbox 2551 5039 2738 5086; x_wconf 90' lang='lat' dir='ltr'><strong>monte</strong></span> <span class='ocrx_word' id='word_1_711' title='bbox 2763 5027 2896 5094; x_wconf 86' lang='lat' dir='ltr'><strong>IIor,</strong></span> <span class='ocrx_word' id='word_1_712' title='bbox 2925 5028 3010 5082; x_wconf 86' lang='lat' dir='ltr'><strong>vir</strong></span> <span class='ocrx_word' id='word_1_713' title='bbox 3036 5039 3240 5084; x_wconf 69' lang='lat' dir='ltr'><strong>sanctae</strong></span> <span class='ocrx_word' id='word_1_714' title='bbox 3259 5044 3389 5082; x_wconf 83' lang='lat' dir='ltr'><strong>con-</strong></span> 
     </span>
    </p>
   </div>
   <div class='ocr_carea' id='block_1_107' title="bbox 1801 5119 3389 5199">
    <p class='ocr_par' dir='ltr' id='par_1_107' title="bbox 1801 5119 3389 5199">
     <span class='ocr_line' id='line_1_107' title="bbox 1801 5119 3389 5199; baseline -0.006 -17"><span class='ocrx_word' id='word_1_715' title='bbox 1801 5122 2122 5199; x_wconf 75' lang='lat' dir='ltr'><strong>versationis</strong></span> <span class='ocrx_word' id='word_1_716' title='bbox 2169 5131 2227 5177; x_wconf 87' lang='lat' dir='ltr'><strong>et</strong></span> <span class='ocrx_word' id='word_1_717' title='bbox 2279 5120 2587 5176; x_wconf 88' lang='lat' dir='ltr'><strong>innocentis</strong></span> <span class='ocrx_word' id='word_1_718' title='bbox 2648 5122 2812 5186; x_wconf 72' lang='lat' dir='ltr'><strong>vitm,</strong></span> <span class='ocrx_word' id='word_1_719' title='bbox 2867 5119 3056 5176; x_wconf 88' lang='lat' dir='ltr'><strong>multis</strong></span> <span class='ocrx_word' id='word_1_720' title='bbox 3098 5119 3389 5175; x_wconf 89' lang='lat' dir='ltr'><strong>virtutibus</strong></span> 
     </span>
    </p>
   </div>
   <div class='ocr_carea' id='block_1_108' title="bbox 171 5194 3386 5284">
    <p class='ocr_par' dir='ltr' id='par_1_108' title="bbox 171 5194 3386 5284">
     <span class='ocr_line' id='line_1_108' title="bbox 171 5194 3386 5284; baseline 0.001 -25"><span class='ocrx_word' id='word_1_721' title='bbox 171 5194 389 5272; x_wconf 64' lang='lat' dir='ltr'><strong>Belgicam</strong></span> <span class='ocrx_word' id='word_1_722' title='bbox 444 5210 672 5267; x_wconf 85' lang='lat' dir='ltr'><strong>Galliam</strong></span> <span class='ocrx_word' id='word_1_723' title='bbox 735 5213 790 5267; x_wconf 89' lang='lat' dir='ltr'><strong>in</strong></span> <span class='ocrx_word' id='word_1_724' title='bbox 830 5212 1174 5269; x_wconf 62' lang='lat' dir='ltr'><strong>Germania!!!</strong></span> <span class='ocrx_word' id='word_1_725' title='bbox 1205 5195 1466 5284; x_wconf 61' lang='lat' dir='ltr'><strong>primam,</strong></span> <span class='ocrx_word' id='word_1_726' title='bbox 1483 5230 1577 5271; x_wconf 85' lang='lat' dir='ltr'><strong>seu</strong></span> <span class='ocrx_word' id='word_1_727' title='bbox 1605 5232 1694 5272; x_wconf 86' lang='lat' dir='ltr'><strong>su-</strong></span> <span class='ocrx_word' id='word_1_728' title='bbox 1800 5194 1982 5273; x_wconf 78' lang='lat' dir='ltr'><strong>clarus</strong></span> <span class='ocrx_word' id='word_1_729' title='bbox 2006 5213 2229 5269; x_wconf 79' lang='lat' dir='ltr'><strong>eﬂ&#39;ulsit.</strong></span> <span class='ocrx_word' id='word_1_730' title='bbox 2253 5213 2426 5283; x_wconf 77' lang='lat' dir='ltr'><strong>lllujus</strong></span> <span class='ocrx_word' id='word_1_731' title='bbox 2469 5227 2670 5282; x_wconf 89' lang='lat' dir='ltr'><strong>corpus</strong></span> <span class='ocrx_word' id='word_1_732' title='bbox 2693 5229 2800 5268; x_wconf 90' lang='lat' dir='ltr'><strong>non</strong></span> <span class='ocrx_word' id='word_1_733' title='bbox 2823 5219 2952 5265; x_wconf 89' lang='lat' dir='ltr'><strong>ante</strong></span> <span class='ocrx_word' id='word_1_734' title='bbox 2979 5211 3180 5266; x_wconf 87' lang='lat' dir='ltr'><strong>multos</strong></span> <span class='ocrx_word' id='word_1_735' title='bbox 3213 5221 3386 5264; x_wconf 85' lang='lat' dir='ltr'><strong>annos</strong></span> 
     </span>
    </p>
   </div>
  </div>
