3872 5326
509 368 615 423 563

582 482 705 536 Post
733 486 842 534 Irwc
883 480 935 533 in
977 475 1247 532 ecclesiola
1298 475 1356 528 S.
1390 475 1578 528 Maria'
1599 513 1611 535 ,
1639 489 1796 542 quam
1829 474 1880 525 in
1913 471 2088 524 eodem
2120 473 2169 531 Α

511 572 822 627 monasterio
862 577 1254 630 construxerat,
1295 567 1482 618 abiisse
1529 565 1717 632 fertur.
1771 563 1941 628 Quam
2003 574 2090 615 so-

508 664 712 719 lemnes
755 658 991 714 Nivardo
1019 658 1273 712 exhibit-.1:
1315 655 1513 708 fuerint
1553 653 1822 722 exsequiae
1857 650 2091 704 refertur

509 752 600 806 ubi
634 765 794 821 supra
817 789 831 814 ,
868 749 920 802 iu
946 748 1070 802 Vita
1097 755 1149 801 et
1181 745 1429 814 passione
1460 742 1517 798 S.
1549 741 1823 796 Bercharii
1858 739 2086 794 abbatis.

509 845 654 901 Obiit
681 841 935 897 Kalendis
978 838 1341 909 Septembris,
1375 837 1442 890 ad
1476 850 1635 904 quem
1665 833 1806 888 diem
1851 833 1917 887 ad
1953 831 2090 886 Usu-

507 935 696 989 ardum
740 931 936 1002 adjecit
984 929 1227 1002 Molanus
1262 946 1276 980 :
1312 947 1328 978 ι
1367 927 1424 980 In
1451 925 1560 979 alto
1595 923 1803 989 Villari,
1829 923 2091 994 depositio

509 1025 681 1080 sancti
722 1022 939 1078 Nivardi
981 1021 1214 1090 episc0pi
1269 1017 1570 1072 Bernensis.
1607 1035 1624 1067 ι
1658 1015 1777 1081 Quo
1825 1014 1910 1068 die
1942 1013 2090 1083 ponit

509 1115 754 1168 errmdern
803 1113 856 1166 in
920 1126 1018 1166 suo
1072 1107 1449 1179 Martyrologio
1505 1105 1698 1160 Petrus
1751 1103 2087 1158 Galesianus.

511 1202 751 1257 Meminit
777 1201 1017 1270 ejusdem
1049 1197 1359 1269 Sigebertus
1388 1196 1439 1248 iu
1485 1194 1757 1249 Chronico
1797 1207 1936 1246 anno
1966 1193 2087 1256 661,

511 1295 594 1348 bis
646 1292 822 1346 verbis
883 1309 951 1344 τι
991 1290 1221 1344 Sanctus
1272 1288 1534 1342 Nivardus
1585 1284 1867 1340 Remensis
1909 1283 2089 1337 archi-

510 1381 824 1450 episcopus,
879 1388 933 1433 et
983 1377 1181 1433 Reolus
1241 1391 1523 1431 successor
1571 1375 1725 1445 ejus,
1767 1372 2092 1428 Berclrarius

509 1487 719 1540 quoque
747 1479 953 1538 martyr
973 1510 987 1532 ,
1018 1467 1106 1537 qui
1139 1467 1240 1520 fuit
1287 1458 1454 1521 abbas
1483 1464 1690 1534 primus
1727 1462 2092 1516 Allivillaren-

509 1565 645 1618 sium
664 1605 678 1628 ,
703 1573 888 1617 saneta
915 1561 1080 1616 etiam
1108 1560 1304 1614 Bertha
1335 1569 1541 1628 martyr
1562 1566 1616 1611 et
1642 1557 1933 1619 abbatissa,
1965 1571 2091 1610 san-

509 1655 698 1709 ctitate
724 1653 928 1707 clarent
956 1652 1006 1703 in
1035 1648 1226 1705 Gallia.
1269 1668 1288 1702 ι
1317 1648 1469 1703 liuuc
1516 1646 1710 1701 vitiose
1751 1645 1970 1716 quidam
2001 1644 2091 1700 Vi-

507 1741 753 1796 viardum
784 1749 998 1796 vocant.
1287 1767 1294 1772 -

1125 1829 1349 1887 CAPUT
1393 1827 1521 1884 VIII.

578 1925 657 1976 Ad
693 1933 1038 1994 prcenotatum
1083 1922 1240 1990 hujus
1270 1922 1436 1975 sancti
1465 1921 1562 1973 riri
1605 1916 1869 1989 (Nivardi)
1913 1932 2086 1971 caeno-

510 2018 647 2069 bium
681 2016 808 2086 (hoc
831 2025 914 2069 est
939 2016 1004 2067 ad
1029 2013 1420 2083 Altumvillare)
1450 2012 1612 2066 beata:
1653 2009 1866 2065 Helena:
1896 2009 2088 2080 regina:

511 2115 712 2158 constat
740 2120 925 2173 corpus
953 2103 1015 2156 ab
1053 2101 1179 2156 urbe
1224 2101 1392 2156 Roma
1424 2102 1706 2155 devectum.
1739 2099 1864 2155 Dies
1915 2108 2090 2154 trans-

512 2197 748 2262 lationis,
789 2205 844 2250 et
879 2196 1139 2250 adventus
1168 2194 1235 2249 ad
1267 2196 1368 2250 hoc
1398 2193 2091 2251 monasteriumadnotatur

510 2291 737 2358 septima
783 2287 1060 2341 Februarii
1108 2287 1157 2340 in
1208 2285 1376 2340 addit.
1416 2285 1610 2340 Molani
1660 2285 1726 2338 ad
1764 2283 2086 2340 Usuardum.

512 2381 746 2452 Scripsit
808 2378 1174 2456 translationis
1234 2378 1392 2449 hujus
1448 2377 1737 2431 Historiam
1793 2377 2091 2430 Alrnarrnus

511 2470 810 2526 monachus
853 2468 1272 2523 Altivillarcnsis
1295 2509 1310 2531 ,
1355 2476 1490 2524 teste
1539 2467 1824 2537 Sigeberto
1855 2467 1928 2520 De
1958 2467 2090 2522 viris

510 2563 828 2627 illustribus,
844 2577 962 2631 cap.
977 2562 1067 2626 99,
1082 2569 1160 2627 et,
1180 2560 1445 2615 utihideru
1472 2557 1659 2622 refert,
1682 2556 1856 2612 Vitam
1878 2572 2091 2626 quoque

511 2654 569 2710 S.
620 2654 838 2708 Nivardi
881 2663 937 2707 et
965 2651 1025 2708 S.
1058 2651 1374 2720 Sindulphi,
1405 2651 1470 2705 de
1510 2663 1617 2719 quo
1646 2663 1760 2718 seq.
1813 2663 1932 2717 cap.
1968 2648 2092 2703 llaec

510 2753 688 2799 autem
738 2742 1016 2796 translatio
1063 2742 1129 2808 ab
1173 2742 1304 2796 urbe
1356 2740 1527 2793 Roma
1576 2739 1629 2793 in
1676 2737 1914 2803 Gallias,
1953 2746 2091 2793 teste

509 2837 697 2890 eodem
744 2832 1026 2904 Sigeherto
1074 2833 1124 2886 in
1160 2831 1465 2896 Chronico,
1504 2832 1645 2885 facta
1677 2839 1761 2884 est
1790 2846 1930 2885 anno
1960 2831 2087 2897 849,

459 2984 466 2990 ν
510 2932 569 2977 ut
612 2921 777 2976 refert
809 2931 929 2992 post
958 2937 1080 2977 eum
1107 2936 1320 2991 quoque
1362 2922 1622 2976 Baronius
1660 2931 1788 2976 tom.
1818 2921 1867 2975 Χ
1896 2922 1949 2975 in
1983 2921 2089 2978 ﬁne

509 3013 747 3083 ejusdem
780 3012 935 3076 anni,
965 3013 1165 3066 addens
1195 3028 1209 3066 :
1254 3031 1272 3062 ι
1310 3012 1415 3066 Sed
1447 3012 1512 3066 de
1548 3011 1664 3082 ejus
1692 3026 1918 3080 corpore
1946 3012 2087 3068 inter

508 3105 729 3161 Latinos
770 3114 826 3159 et
879 3103 1094 3159 Graecos
1147 3103 1366 3174 antiqua
1407 3112 1490 3158 est
1541 3109 1943 3172 controversia,
1993 3107 2083 3162 ubi

511 3198 774 3268 sepultum
829 3196 1009 3251 fuerit.
1068 3197 1255 3252 Veneti
1307 3197 1529 3266 insuper
1581 3196 1707 3251 illud
1761 3198 1827 3250 ab
1865 3187 2157 3252 OrientcC

511 3290 744 3344 delatum
768 3289 1041 3359 possidere
1070 3302 1127 3343 se
1149 3289 1468 3358 gloriantur,
1499 3290 1640 3358 quod
1667 3298 1721 3344 et
1759 3290 1917 3359 digno
1937 3289 2085 3344 cultu

509 3389 925 3451 prosequuntur.
967 3399 984 3430 ›
1019 3380 1142 3435 flare
1171 3379 1453 3436 Baronius.

525 3528 529 3530 _
583 3468 798 3523 Gemino
842 3470 993 3522 dita-ti
1041 3471 1266 3539 gaudent
1299 3487 1464 3525 esoce.
1520 3471 1610 3526 Sic
1644 3470 1744 3526 MJ.
1778 3471 1816 3527 S
1867 3471 2084 3542 reliquit

511 3559 687 3614 locum
735 3574 978 3613 vacuum.
1022 3559 1325 3630 Signiﬁeari
1361 3569 1580 3630 putatur
1625 3561 1821 3631 piscis,
1851 3562 1942 3632 qui
1972 3562 2079 3617 alio

510 3652 727 3706 nomine
756 3652 926 3706 salino
949 3651 1166 3705 dicitur.
1191 3651 1460 3722 Sulpicius
1486 3653 1719 3710 Severus
1744 3655 1838 3710 lib.
1867 3673 1927 3710 ru
1962 3655 2086 3710 Dia-

507 3743 615 3814 logi
662 3744 727 3800 de
767 3743 1054 3798 virtutibus
1097 3745 1157 3798 Β.
1204 3744 1450 3812 Martini,
1500 3761 1618 3818 cap.
1658 3747 1755 3813 15,
1795 3767 1813 3801 ‹
1850 3750 1930 3803 Ad
1973 3750 2086 3820 pri-

507 3851 654 3890 mum
697 3844 876 3891 actum
908 3837 1007 3891 reri
1054 3838 1360 3906 permodico
1404 3839 1694 3894 immanem
1735 3854 1946 3896 esoeem
1972 3841 2087 3896 dia-

507 3943 676 3984 conus
701 3931 953 3982 extraxit.
983 3948 1003 3979 ›
1021 3930 1100 3983 Ad
1117 3945 1276 3999 quem
1291 3919 1465 3985 lucum
1491 3933 1614 3986 Sur.
1644 3942 1772 3986 tom.
1802 3933 1862 3987 Vl
1881 3933 2085 3987 notavit

510 4019 577 4074 ad
608 4034 757 4088 marg
788 4036 800 4071 :
835 4019 1095 4083 Ezocem,
1128 4021 1181 4072 id
1211 4030 1314 4086 est,
1357 4021 1664 4075 salmonem.
1703 4021 1902 4076 Scribit
1937 4023 2080 4076 enim

507 4110 623 4180 ipse
654 4125 752 4178 per
794 4127 840 4164 z.
870 4110 1138 4164 Adrianus
1181 4109 1373 4165 Junius
1418 4113 1470 4165 in
1511 4127 1608 4166 suo
1644 4111 2080 4185 Nor‘uenclatot‘e,

511 4213 801 4253 recensens
841 4199 1059 4251 nomina
1106 4198 1364 4267 piscium,
1398 4199 1472 4254 ita
1516 4201 1703 4254 scribit
1741 4199 1911 4267 E103,
1943 4203 2083 4271 quod

510 4289 724 4344 ossibus
749 4276 964 4353 careat,
996 4288 1110 4353 vel,
1144 4297 1202 4342 ut
1232 4289 1318 4342 alii
1351 4289 1560 4359 legunt,
1597 4307 1719 4343 οδω)
1751 4290 1942 4346 Plinio.
1971 4293 2083 4346 An-

511 4379 647 4449 glice
673 4397 703 4432 a
735 4377 877 4443 Lar,
924 4389 978 4433 et
1013 4379 1294 4448 distinguit
1340 4393 1369 4432 a
1404 4379 1664 4434 salmoue.
1717 4381 1920 4436 Plinius
1957 4381 2079 4437 Nat.

510 4472 649 4528 llist.
683 4472 776 4528 lib.
809 4488 884 4537 rx,
919 4488 966 4526 e.
1005 4470 1068 4525 15
1103 4486 1118 4525 :
1149 4491 1168 4522 ε
1209 4472 1350 4525 Sunt
1389 4480 1442 4526 et
1474 4473 1523 4526 in
1552 4474 1870 4540 quibusdam
1903 4474 2079 4530 amni-

1265 359 1674 419 COINENERII
1717 357 2007 415 SCllOLIA
2040 356 2109 414 IN
2145 335 2322 413 IIIST.
2366 358 2665 414 REMENS.
2702 356 2985 415 ECCLES.
3648 353 3724 408 36I

2819 467 3046 526 CAPUT
3085 467 3152 521 Χ.

2265 561 2339 614 De
2382 569 2565 614 sancto
2611 559 2770 613 Rcolo
2803 559 3062 629 episcopo.
3110 557 3185 611 De
3225 556 3328 610 hoc
3373 555 3506 612 nihil
3555 555 3726 614 invenio

2192 652 2246 706 in
2292 651 2710 722 Martyrologiis.
2754 651 2853 706 Hic
2901 659 3024 704 ante
3051 650 3424 720 episc0patunr
3463 660 3658 720 neptem
3682 654 3726 707 S.

2190 741 2436 806 Nivardi,
2490 743 2656 796 ﬁliam
2694 742 2984 798 Childerici
3031 742 3211 813 regis,
3269 757 3494 804 uxorem
3547 741 3728 808 habuit.

2191 844 2248 889 ut
2276 843 2488 889 constat
2532 851 2600 890 ex
2630 844 2854 890 auctore
2895 849 3056 904 supra
3086 848 3206 904 cap.
3240 833 3295 888 7.
3323 831 3450 888 Post
3484 833 3596 902 ejus
3620 849 3712 888 mor

2193 934 2298 978 tem
2349 923 2560 992 prefuit
2605 923 2659 977 in
2708 924 2812 978 hoc
2859 923 3320 992 archiepiscopatu
3353 923 3511 977 annis
3559 923 3646 988 26,
3689 935 3734 978 ut

2191 1016 2388 1072 dicitur
2411 1015 2465 1068 in
2507 1014 2627 1069 Vita
2669 1015 2841 1070 sancti
2870 1013 3181 1079 Gumherti,
3210 1011 3398 1068 fratris
3430 1012 3487 1068 S.
3520 1012 3732 1079 Nivarrli,

2189 1122 2308 1176 qnze
2349 1116 2430 1162 est
2480 1105 2533 1160 in
2583 1107 2720 1160 Vitis
2749 1105 3071 1160 Sanctorum
3098 1103 3304 1159 Gallice
3342 1104 3504 1158 editis
3545 1120 3633 1174 per
3657 1105 3734 1159 Pa-

2192 1198 2446 1252 risienses
2476 1196 2561 1251 die
2582 1195 2650 1251 29
2669 1195 2888 1264 Aprilis.
2929 1195 3079 1248 llunc
3111 1193 3235 1259 alii,
3269 1204 3326 1248 ut
3350 1193 3600 1262 Papirius
3624 1193 3736 1248 Bias.

2191 1303 2356 1342 sonus
2395 1287 2446 1340 in
2479 1285 2592 1340 suis
2635 1284 2932 1340 Annalibus
2977 1291 3032 1339 et
3075 1283 3309 1338 Jacobus
3354 1283 3664 1338 Sirmondus
3697 1284 3737 1338 in

2189 1377 2446 1448 Catalogo
2471 1378 2996 1448 archiepiscoporum
3025 1375 3370 1431 Remensium
3393 1417 3409 1442 ,
3441 1387 3629 1431 vocant
3653 1376 3740 1430 Rc-

2190 1469 2393 1540 gulum.

2260 1559 2628 1614 Crnciniucmn
2673 1573 2932 1622 montem,
2963 1559 3190 1612 Cru'bant
3241 1558 3452 1623 villam,
3492 1575 3606 1612 cum
3647 1559 3743 1612 Aci-

2191 1653 2342 1704 niaco
2396 1652 2448 1705 in
2488 1667 2622 1720 pago
2670 1651 3012 1705 ’l'ardonensi.
3072 1650 3194 1705 lianc
3245 1650 3316 1703 ita
3368 1651 3535 1704 vertit
3575 1650 3741 1705 Gallice

2193 1741 2444 1796 Nicolaus
2481 1743 2802 1805 Chesneau,
2851 1741 2898 1796 le
2935 1752 3075 1796 mont
3113 1742 3178 1795 de
3222 1739 3400 1811 Cruny
3423 1782 3437 1807 ,
3479 1739 3742 1806 Courvitle.

2113 1823 2158 1882 Β
2187 1842 2230 1886 et
2263 1833 2412 1886 Acini
2436 1849 2497 1898 ea
2531 1831 2838 1887 Tardenois.
2869 1832 3047 1902 Atque
3091 1833 3163 1887 ita
3204 1831 3389 1903 legunt
3443 1833 3622 1888 omnia
3655 1832 3745 1911 fere

2187 1925 2549 1995 exemplaria,
2589 1935 2702 1979 tum
2749 1925 2852 1980 hoc
2894 1925 3048 1990 loco,
3097 1934 3208 1979 tum
3248 1941 3298 1979 c.
3331 1925 3396 1978 i7
3427 1925 3588 1994 hujus
3614 1925 3746 1990 libri,

2187 2019 2288 2074 nisi
2314 2020 2455 2088 quod
2479 2018 2570 2074 MS
2594 2020 2692 2074 hoc
2723 2018 2839 2076 loco
2865 2030 2919 2074 et
2945 2034 2994 2075 c.
3023 2019 3080 2073 11
3113 2018 3295 2091 legunt
3321 2019 3549 2075 Torbam
3571 2029 3622 2078 et
3647 2019 3749 2074 Tar-

2187 2109 2288 2163 don
2297 2109 2414 2164 isse.

2795 2201 3024 2258 CAPUT
3073 2201 3163 2258 XI.

2261 2289 2572 2345 Gerniacam
2600 2303 2812 2346 cortem.
2855 2293 2930 2347 Ita
2974 2294 3061 2348 hic
3089 2301 3144 2347 ct
3173 2294 3369 2362 saepius
3419 2293 3566 2350 infra
3595 2295 3748 2349 omnia

2189 2382 2550 2451 exemplaria,
2591 2381 2730 2439 Gali.
2767 2383 3102 2439 Gernicoart.
3131 2385 3234 2440 Pro
3262 2401 3368 2455 quo
3399 2385 3684 2456 aliquaties
3721 2385 3753 2437 S

2189 2473 2465 2528 substituit
2502 2471 2904 2539 Germanicam,
2935 2475 3076 2544 quod
3107 2490 3268 2544 supra
3313 2491 3434 2544 cap.
3472 2476 3510 2529 5
3554 2475 3752 2530 vertitur

2191 2562 2457 2636 Germyni.
2498 2566 2578 2620 Ex
2610 2565 2714 2622 hoc
2744 2566 2861 2622 loco
2887 2567 3238 2637 eorrigendus
3277 2567 3510 2632 Surius,
3557 2567 3755 2622 [laneus

2190 2668 2245 2714 et
2276 2659 2550 2729 Lippello,
2578 2661 2668 2728 qui
2711 2659 2763 2714 in
2801 2659 2919 2716 Vita
2950 2659 3007 2715 S.
3041 2660 3315 2730 Rigoberti
3347 2663 3438 2716 die
3464 2661 3502 2715 4
3533 2660 3755 2717 Januarii

2190 2750 2373 2821 legunt
2411 2750 2686 2806 Gremaca.
2730 2751 2905 2808 Locus
2949 2763 3031 2810 est
3070 2770 3174 2808 non
3223 2755 3411 2824 procul
3461 2754 3680 2818 Remis,
3709 2763 3758 2808 ut

2189 2849 2401 2896 constat
2428 2856 2494 2895 ex
2523 2857 2643 2912 cap.
2693 2843 2959 2913 sequenti.
3006 2844 3396 2913 Corrigendum
3447 2854 3506 2900 et
3561 2845 3686 2901 illud
3709 2846 3754 2899 in

2189 2935 2378 2990 iisdem
2420 2937 2762 3002 auctoribus,
2801 2937 2944 3007 quod
2985 2953 3220 3008 pugnam
3255 2937 3432 2993 Caroli
3469 2955 3600 2994 cum
3632 2939 3760 2994 Chil-

2186 3028 2369 3098 perico
2398 3037 2452 3083 et
2480 3028 2822 3099 Ragemfrido
2863 3040 3063 3099 ponant
3100 3031 3360 3086 accidisse
3401 3047 3475 3085 xu
3512 3031 3760 3086 Kalendas

2187 3121 2461 3190 Augusti,
2504 3137 2625 3176 cum
2681 3121 2962 3192 legendum
3008 3122 3079 3177 sit
3125 3123 3343 3192 Aprilis.
3402 3122 3546 3178 Nam
3583 3121 3761 3178 accidit

2189 3213 2242 3267 in
2279 3214 2730 3284 Quadragesima,
2787 3214 3064 3269 Dominica
3111 3215 3199 3269 die
3249 3225 3373 3270 ante
3419 3214 3673 3279 Pascha,
3715 3221 3763 3268 ut

2188 3305 2389 3359 habent
2424 3305 2660 3360 Annales
2705 3305 3030 3361 Francorum
3074 3322 3104 3360 a
3138 3305 3352 3362 Pithmo
3385 3308 3520 3361 editi
3543 3348 3557 3369 ,
3588 3315 3642 3361 et
3677 3320 3762 3375 ap-

2187 3397 2382 3465 pendix
2428 3395 2654 3467 Gregor.
2707 3396 3007 3454 Turonens.
3059 3398 3214 3469 cujus
3255 3407 3449 3454 auctor
3505 3399 3764 3467 Fregeda-

2188 3487 2300 3540 rius
2336 3484 2737 3554 Scholastieus,
2789 3489 2879 3558 qui
2933 3503 3020 3543 res
3065 3489 3145 3542 sui
3181 3490 3443 3557 temporis
3491 3487 3764 3542 describit.

2196 3612 2198 3616 τ
2269 3576 2463 3632 Villam
2495 3580 2699 3633 nomine
2728 3578 3058 3634 Curtobram.
3091 3578 3181 3636 Sic
3220 3579 3312 3636 Cit
3339 3590 3395 3635 et
3423 3578 3475 3633 ι.
3520 3580 3643 3635 Alia
3674 3579 3766 3633 Ge-

2188 3670 2415 3724 robrarn.
2463 3670 2581 3725 Gal.
2622 3671 2964 3726 Clrartrenne.

2186 3765 2212 3831 ι
2256 3761 2326 3816 Et
2359 3763 2410 3816 in
2440 3762 2561 3818 villa
2593 3765 2676 3816 cui
2703 3780 2890 3818 nomen
2914 3762 3108 3817 Turba.
3149 3763 3223 3817 Ita
3253 3764 3344 3819 hic
3373 3766 3564 3820 omnia
3596 3779 3766 3820 exem-

2187 3853 2376 3923 plaria.
2422 3853 2538 3909 Gal.
2598 3853 2815 3909 Tourbe.

2257 3945 2334 3999 De
2364 3945 2485 3999 villa
2515 3945 2807 4000 Bracaneio
2836 3963 2992 4015 super
3011 3947 3231 4016 ﬂuvium
3263 3946 3616 4003 Rotumnam.
3654 3947 3767 4011 RM,

2187 4035 2523 4101 Bracaneco,
2569 4035 2597 4090 ,Ι
2642 4036 2960 4091 Bracaneto.

2256 4129 2299 4180 Α
2349 4127 2639 4197 Dagoberto
2681 4130 2900 4199 denique
2956 4147 3088 4201 rege.
3140 4131 3460 4203 Intelligitnr
3501 4134 3772 4189 secundus

2185 4215 2346 4286 hujus
2377 4217 2625 4280 nominis,
2659 4217 2795 4271 filius
2817 4218 3168 4281 Childeherti,
3191 4221 3283 4290 qui
3309 4222 3442 4276 obiit
3473 4239 3630 4277 anno
3651 4221 3772 4286 715,

2184 4307 2270 4360 cui
2305 4306 2566 4361 successit
2597 4306 2736 4361 titius
2771 4307 3136 4365 Theodericus
3167 4310 3227 4364 ll.

2257 4394 2323 4450 In
2368 4396 2630 4451 Rodonico
2673 4397 2848 4451 etiam.
2882 4397 2972 4453 Sic
2998 4397 3048 4463 .I,
3093 4401 3188 4455 sed
3230 4400 3346 4465 MS,
3384 4400 3687 4468 Rodinico;
3716 4401 3771 4466 C,

2184 4484 2460 4552 Rodolito;
2492 4487 2635 4541 aliud
2661 4527 2676 4553 ,
2710 4486 3000 4543 Rodocino.

508 4563 610 4617 bus
639 4563 780 4616 haud
808 4563 1042 4616 minores
1063 4602 1077 4627 ,
1108 4562 1306 4616 silurns
1347 4563 1397 4616 in
1431 4561 1582 4627 Nilo,
1614 4578 1742 4617 esox
1773 4563 1826 4617 in
1855 4563 2078 4632 Rheno,
2114 4560 2161 4618 D
2258 4575 2359 4630 mc
2405 4576 2709 4631 venerabili,
2745 4579 2941 4647 μναιεαι
2987 4578 3267 4650 Ρίρρξηαηι
3316 4582 3775 4651 majoremdom”

509 4654 690 4709 attilus
744 4655 798 4726 in
846 4653 1012 4710 Pado.
1053 4673 1071 4704 ι
1102 4653 1202 4721 Qui
1232 4655 1428 4714 ibidem
1459 4670 1576 4726 cap.
1629 4655 1692 4709 l8
1727 4657 1838 4725 agit
1875 4659 1938 4712 de
1967 4658 2077 4712 sal-

509 4762 688 4801 ιιιοηθ.
750 4795 753 4797 .

855 4907 858 4910 δ
1107 4839 1464 4895 εΑΡυΤιΧ.

582 4927 658 4981 De
705 4927 761 4982 S.
801 4927 1048 4983 Sindulfo
1095 4931 1205 5000 agit
1249 4929 1488 4984 Molanus
1534 4932 1602 4986 ad
1652 4930 1951 4987 Usuardum
1991 4933 2078 4989 die

509 5016 580 5072 20
624 5017 871 5073 Octobris
892 5059 906 5082 ,
937 5016 1242 5072 Romanum
1272 5019 1547 5089 Martyrol.
1595 5036 1718 5074 cum
1763 5021 1996 5077 Baronio
2027 5038 2080 5079 ct

508 5107 671 5164 Petro
719 5106 991 5163 Galesinio
1019 5107 1086 5160 ad
1117 5108 1361 5162 eumdem
1405 5110 1580 5173 diem,
1628 5112 1768 5165 sicut
1809 5123 1863 5168 et
1894 5113 2076 5168 Wion.

1533 5201 1625 5228 Au.‘
1700 5201 1733 5228 Ω
1810 5203 2076 5228 Damalin-3

510 5199 637 5228 'lnm
693 5198 931 5228 Ψηῗιιιηιιι
1013 5198 1086 5228 [in
1139 5199 1266 5228 ..ζ-ζῆ
1317 5199 1456 5228 ζΙΙηηο

2187 4666 2340 4736 regia:
2379 4667 2608 4720 traditur
2651 4669 3333 4735 anticissimnnrhabuisse,
3386 4673 3472 4725 cui
3535 4674 3777 4743 eulogia:

2185 4773 2278 4827 pro
2307 4757 2657 4811 benedictione
2705 4760 2882 4813 crebro
2929 4760 3125 4815 solebat
3151 4763 3368 4815 mittere.
3398 4761 3498 4816 Hic
3528 4774 3626 4818 est
3659 4765 3781 4834 Pip-

2185 4848 2719 4919 pinusllerstallus,
2774 4851 2913 4906 filius
2966 4851 3023 4906 S.
3075 4853 3332 4924 Begglrar,
3380 4866 3541 4923 pater
3599 4857 3782 4912 Caroli

2170 4936 2414 4994 'Martelli
2464 4956 2528 4994 ex
2559 4941 2771 5010 pellice.
2817 4942 3055 5014 Eulogiae
3093 4954 3252 4998 erant
3278 4960 3443 5014 panes
3469 4945 3783 5012 benedicti,

2186 5034 2580 5088 communionis
2607 5043 2804 5090 mutuae
2825 5045 2880 5090 et
2903 5036 3153 5090 amicitia:
3174 5036 3415 5106 syrubola
3437 5076 3453 5100 ,
3479 5039 3554 5093 de
3576 5041 3785 5109 quibus

2182 5121 2288 5174 late
2337 5121 2529 5176 Baron.
2573 5133 2684 5178 tom
2711 5124 2777 5178 lll
2802 5124 3090 5180 Annalium
3122 5141 3264 5179 anno
3303 5125 3425 5180 515.
3457 5127 3786 5184 Concilium

2183 5210 2225 5228 ‘7
2391 5222 2401 5228 .
2801 5215 2828 5228 Λ
2899 5215 2910 5228 ο
