3872 5326
97 179 190 238 365

669 277 893 337 CAPUT
933 276 1043 332 .\'II.

157 386 275 441 Orta
295 379 516 450 denique
556 373 822 429 simultate
858 373 993 424 inter
1023 382 1191 437 regem
1218 361 1564 430 Cltilpet'icum
1598 367 1644 410 et

101 476 328 534 lt'urolunt
374 468 582 541 pratfati
624 463 832 534 Pippini
857 460 1048 529 ﬁlium,
1089 456 1441 526 majorentqne
1461 452 1646 505 domus

100 566 490 641 llagemfritlum.
527 560 626 616 IIic
672 568 756 612 est
779 554 1096 624 Cbiperieus
1119 550 1159 604 Il
1185 591 1200 616 ,
1265 547 1431 600 frater
1469 545 1646 641 Bago-

95 633 212 717 υενίι
261 633 326 723 ιι,
383 655 623 723 obiitque
648 665 788 704 anno
815 645 938 709 τις),
975 643 1080 707 vel,
1118 651 1178 695 ut
1204 639 1315 702 alii,
1355 636 1480 691 7-26.
1523 633 1650 687 "me

95 762 250 806 autem
302 754 455 818 gesta
504 751 633 798 sunt
685 754 825 794 anno
868 736 994 798 7I7,
1048 743 1106 788 ut
1139 730 1378 787 referunt
1413 725 1649 782 Annales

94 816 399 896 Francorum
440 849 472 888 a
542 832 754 888 Pithozo
790 827 944 882 editi.
983 822 1296 894 Sigebettns
1318 827 1372 873 et
1403 816 1650 884 Meyerns

95 934 316 988 tribuunt
347 941 492 982 anno
516 924 641 978 7I8.
681 919 918 988 Quaestio
939 924 1059 970 erat
1088 914 1154 969 de
1178 907 1472 966 obtinendo
1497 906 1646 974 prin-

93 1027 248 1095 cipatu
291 1023 403 1078 sive
452 1015 761 1089 magisterio
811 1009 1086 1080 equitnm,
1151 1013 1209 1058 ttt
1236 1011 1320 1057 est
1351 999 1402 1054 in
1438 996 1560 1051 Vita

93 1089 369 1187 Rigoberti.
420 1110 554 1164 Nam
605 1102 943 1174 Chilpericus
997 1098 1312 1168 magistrum
1369 1089 1648 1160 equitum,

92 1181 189 1262 sive
260 1200 712 1274 majoremdomus
785 1190 1144 1248 constituerat
1208 1186 1352 1240 hunc
1414 1181 1648 1250 [lugent-

95 1298 300 1453 mgitizd
347 1401 450 1438 non
499 1380 578 1436 illi
629 1393 744 1432 eam
792 1374 937 1444 prius
984 1369 1226 1438 aperiret.
1263 1365 1354 1420 Sic
1376 1363 1464 1419 Cll
1519 1369 1572 1416 et
1601 1359 1650 1414 J.

93 1481 194 1549 Quo
216 1477 424 1533 accedit
454 1471 596 1544 quod
637 1470 691 1524 in
729 1466 777 1521 M
803 1463 1082 1534 legebatur
1107 1457 1380 1518 nonnulli,
1423 1453 1514 1508 sed
1551 1469 1652 1506 non

97 1545 396 1625 .ranslixnm
441 1573 548 1629 est,
603 1569 656 1616 ct
706 1558 954 1614 relictum
995 1564 1080 1609 est
1126 1549 1258 1606 nulli
1285 1545 1654 1618 qnomodole—

93 1665 157 1736 git
172 1663 233 1717 8.
535 1627 542 1629 ν
1112 1735 1115 1736 ν
1365 1731 1392 1736 Α.
1685 1627 1732 1688 Β

157 1751 488 1822 Rigobertum
517 1754 791 1816 patronum
829 1754 1006 1802 suum,
1031 1735 1141 1808 qui,
1175 1743 1227 1786 ut
1257 1731 1504 1791 traditur,
1537 1741 1654 1779 eum

92 1847 146 1901 de
195 1815 406 1898 lavacro
459 1815 640 1894 sancto
691 1840 1008 1901 susceperat,
1055 1827 1359 1897 episcopatu
1408 1815 1656 1873 deturba-

95 1939 172 1992 υἱέ.
215 1935 254 1992 8
311 1930 508 2004 corrigi
552 1928 668 1983 vult
690 1925 977 1997 pati-iitum,
1009 1933 1198 1974 verum
1230 1916 1447 1970 obstant
1472 1907 1654 1962 omnia

92 2028 434 2101 exemplaria.
467 2002 544 2078 ⁷ιιι
601 2021 723 2077 Vita
762 2017 932 2088 ipsius
985 2011 1184 2068 dicitur
1220 2007 1280 2062 S.
1331 2002 1658 2101 Rigobcrtus

95 2093 252 2175 ouiie-
282 2115 538 2174 Carolum
579 2109 912 2181 baptizasse,
980 2113 1035 2158 et
1060 2103 1126 2156 de
1168 2112 1323 2154 sacro
1364 2093 1511 2148 fonte
1541 2105 1661 2145 sus-

93 2213 310 2284 cepisse.
383 2207 492 2264 Sed
537 2216 594 2260 Cl.
651 2211 800 2258 recte
845 2207 1186 2268 susceptores
1231 2187 1444 2260 patroni
1470 2185 1659 2240 dicun-

93 2278 188 2357 tur.
250 2301 384 2370 Ejus
429 2296 817 2368 depositioucm
866 2291 936 2344 ab
992 2286 1324 2357 episcopatu,
1397 2278 1569 2370 εἰρυξῄ
1608 2283 1660 2328 et

94 2364 336 2448 Eucherii
375 2364 799 2450 Aurelianensis,
855 2386 1050 2435 notant
1096 2373 1414 2446 Sigebertus
1429 2376 1487 2424 et
1521 2364 1661 2421 Mas-

94 2499 223 2540 ςαξοϐ
249 2497 398 2538 anno
426 2480 554 2536 725.

160 2574 232 2628 De
289 2589 394 2644 quo
455 2580 667 2641 patrum
707 2575 906 2632 scnpta
954 2559 1203 2614 relatione
1258 2552 1512 2616 traditur,
1558 2557 1664 2605 etc.

96 2640 328 2721 Historia
376 2640 464 2717 de,
501 2659 711 2715 visione
749 2654 808 2710 S.
838 2651 1088 2708 Eucherii
1115 2643 1524 2702 Aurelianensis
1556 2640 1669 2710 epi-

95 2758 236 2827 scopi
273 2755 343 2811 de
369 2763 572 2810 :eterna
601 2747 945 2805 damnatione
972 2741 1150 2799 Caroli
1193 2736 1424 2794 Martelli
1475 2735 1545 2790 ob
1589 2733 1670 2787 iu-

97 2863 245 2902 rasas
289 2862 377 2901 res
423 2841 840 2905 ecclesiasticas,
880 2837 1072 2892 iisdem
1119 2833 1234 2889 fere
1280 2829 1463 2887 verbis
1490 2834 1673 2882 exstat

97 2957 148 2996 in
173 2938 424 3011 capitulis
477 2931 881 3004 manuscriptis,
919 2945 1039 3001 qua:
1069 2929 1136 2982 ab
1163 2924 1431 2996 episcopis
1455 2921 1672 2993 provin-

1487 156 1552 211 lN
1599 154 1861 212 LIBRUM
1891 155 1960 210 II.

1678 265 1725 326 Α
1757 275 1820 319 tu
1869 266 2120 322 Nicotaus
2150 265 2434 322 Cbesneau
2479 267 2665 323 dicens
2698 286 2709 322 :
2755 286 2772 318 ι
2802 267 2858 322 In
2890 269 3219 325 monasterio
3269 270 3328 324 S.

3225 150 3331 208 366

1749 357 2000 412 Eucherii
2034 358 2300 427 sepultum
2333 372 2453 413 esse
2481 373 2678 429 corpus
2709 359 2766 414 S.
2799 360 3087 416 Trudonis.
3125 382 3144 415 ι

1818 447 1922 512 Qui
1970 464 2232 518 regressus
2276 450 2473 518 petitur
2497 466 2530 504 a
2579 449 2797 516 Milone,
2829 460 2933 507 etc.
2971 451 3028 508 Id
3059 463 3143 507 est
3167 469 3327 522 roga—

1749 547 1856 604 tur,
1923 539 2236 608 requiritur.
2273 539 2370 594 Est
2397 542 2542 597 enim
2584 538 2884 612 passivum,
2936 549 3124 602 eodem
3167 549 3326 602 modo

1749 645 1857 699 quo
1887 646 2049 700 supra
2080 632 2182 686 hoc
2212 631 2348 687 libro
2369 649 2419 688 c.
2443 635 2498 689 '5.
2545 632 2846 708 Petitusque
2875 642 3167 695 secretioris
3197 659 3325 697 con-

1749 722 2058 775 versationis
2110 723 2469 778 habitaculum
2524 730 2825 783 concedere.
2866 729 2968 786 Ubi
2999 741 3184 786 contra
3213 749 3328 789 om-

1751 810 1838 865 nia
1870 813 2194 882 exemplaria
2227 815 2365 870 male
2407 819 2643 872 correxit
2671 817 2728 883 S,
2759 821 3094 891 petentisque.
3126 822 3329 878 Sensus

1751 901 1914 971 igitur
1965 912 2048 958 est
2103 906 2245 975 quod
2296 905 2352 960 8.
2413 907 2736 979 Rigobertus
2767 909 2931 966 fuerit
2981 913 3329 983 requisitusa

1752 992 1966 1048 Milone.

1823 1082 2094 1140 Habitavit
2149 1089 2203 1142 in
2251 1087 2509 1146 Ceruiaca
2557 1107 2697 1150 corte
2737 1107 2964 1167 tempore
2999 1117 3102 1154 non
3138 1118 3354 1170 pauco-

1751 1175 1921 1231 Annis
1958 1177 2023 1231 15
2078 1189 2170 1231 aut
2209 1181 2293 1247 17,
2330 1192 2387 1236 ιιι
2426 1185 2477 1238 in
2506 1201 2677 1259 marg.
2720 1191 3000 1246 adnotavit
3029 1194 3118 1262 qui
3168 1209 3333 1264 supra

1753 1264 1848 1320 lib.
1903 1283 1920 1321 ι
1981 1267 2300 1325 Guilleltnus
2370 1271 2446 1326 Le
2506 1275 2723 1345 Begue,
2799 1279 3050 1350 idemque
3113 1286 3339 1340 adnotat

1753 1372 1876 1411 eum
1917 1360 2155 1431 quinque
2200 1371 2292 1416 aut
2323 1374 2526 1432 septem
2583 1370 2739 1424 anuis
2770 1372 3050 1428 exsulasse
3113 1376 3165 1428 in
3232 1378 3340 1432 Va-

1754 1465 1955 1506 SCOI'lIil.

2343 1549 2570 1608 CAPUT
2612 1553 2745 1610 XIII.

1835 1633 2010 1705 Hujus
2073 1639 2208 1692 beati
2267 1643 2512 1710 prwsulis
2577 1648 2843 1704 Adrianus
2913 1655 3052 1709 sedis
3127 1667 3333 1725 aposto-

1755 1727 1872 1781 lica:
1917 1731 2156 1798 pontifex
2207 1735 2437 1787 nteminit
2495 1738 2548 1791 in
2602 1740 2821 1809 epistola
2848 1759 2943 1798 sua
2975 1745 3179 1815 Tilpino
3227 1756 3341 1818 post

1753 1819 1990 1888 episcopo
2057 1819 2294 1877 Remcnsi
2359 1827 2577 1882 directa.
2664 1830 2854 1888 Exstat
2917 1838 3020 1892 hoc
3069 1836 3348 1909 fragmeu‘

1757 1922 1868 1968 tum
1927 1924 2058 1972 tom.
2120 1917 2185 1972 III
2238 1919 2445 1977 Concil.
2503 1924 2646 1980 inter
2707 1929 2936 1998 scripta
2973 1930 3218 2003 Gregorii
3273 1933 3342 1996 II,

1759 2003 1918 2075 idque
1991 2007 2194 2065 factum
2263 2022 2347 2069 est
2395 2028 2463 2068 ex
2528 2016 2736 2084 judicio
2788 2019 3005 2075 Baronii
3065 2032 3198 2079 tom.
3245 2023 3342 2090 IX,

1761 2113 1902 2152 anno
1943 2099 2065 2154 7I7.
2139 2102 2238 2170 Qui
2291 2107 2513 2162 omnino
2555 2108 2693 2163 alter
2737 2113 3085 2178 censuisset,
3153 2117 3201 2172 si
3251 2132 3341 2174 re-

1761 2191 1960 2262 liquam
1986 2207 2192 2264 partem
2221 2199 2460 2268 ejusdem
2500 2203 2764 2272 epistolae,
2802 2221 2923 2276 qua:
2953 2208 3183 2263 habetur
3204 2209 3347 2266 infra

1764 2297 1888 2352 cap.
1914 2284 1999 2350 I6,
2023 2287 2352 2358 perlegisset.
2379 2287 2512 2345 Nam
2537 2292 2660 2348 inde
2679 2293 2839 2364 plane
2866 2299 3205 2354 convincitur
3225 2316 3353 2357 vere

1765 2387 1887 2429 esse
1913 2375 2158 2442 Adriani,
2199 2394 2307 2433 non
2334 2381 2601 2451 Gregorii,
2632 2386 2759 2454 quia
2788 2386 2842 2442 in
2867 2403 2928 2442 ea
2961 2389 3207 2445 meminit
3242 2390 3350 2446 Za-

1768 2466 1969 2521 chariae
1991 2476 2046 2521 et
2069 2466 2329 2540 Stephani
2361 2481 2766 2530 antecessorum
2804 2493 3052 2546 suorum,
3088 2458 3180 2550 qui
3229 2492 3357 2538 sunt

1769 2557 2104 2627 posteriores
2129 2558 2390 2630 Gregorio
2437 2567 2693 2621 secundo.
2728 2567 2934 2625 Poterit
2980 2583 3159 2628 autem
3207 2590 3355 2629 com-

1775 2648 1910 2718 pleri
1947 2649 2061 2705 hinc
2083 2651 2308 2721 epistola
2337 2654 2536 2710 additis
2571 2657 2780 2714 duabus
2801 2662 3044 2730 partibus
3070 2679 3189 2732 quae
3217 2665 3355 2720 infra

1777 2755 1894 2810 cap.
1929 2741 1993 2794 l6
2012 2750 2066 2797 et
2090 2742 2153 2796 l7
2182 2744 2500 2812 recitantur,
2519 2756 2572 2802 et
2594 2750 2792 2821 corrigi
2815 2752 3090 2809 adnotatio
3108 2756 3357 2812 Severini

1778 2835 1935 2899 Binii,
1965 2836 2054 2906 qui
2082 2845 2232 2891 notat
2254 2842 2510 2895 mendose
2526 2841 2808 2912 irrepsisse
2828 2845 2967 2915 apud
2990 2845 3205 2902 Surium
3222 2849 3308 2904 die
3327 2852 3362 2905 4

1779 2925 2018 2998 Januarii
2053 2943 2249 2984 nomen
2304 2929 2524 2986 Adriani
2562 2948 2659 3002 pro
2705 2935 2968 3006 Gregorio
3008 2939 3070 3004 II,
3123 2941 3263 2996 sicut
3300 2950 3357 2996 et

98 2991 418 3011 ,Ὕη-νη
757 2991 770 3004 ,
871 2991 878 2995 .
937 2991 952 3001 ,
1198 2991 1213 2996 -
1349 2991 1365 2996 -
1456 2991 1468 2993 -
1973 2995 1976 2998 .
2562 2991 2577 3002 .
2817 2991 2845 3006 υ
2948 2991 2957 2992 κ

95 3035 300 3088 ciarum
342 3028 632 3087 Bernensis
663 3035 718 3082 et
767 3020 1218 3089 Botbomagensis
1253 3017 1524 3072 Ludovico
1562 3012 1672 3080 regi
1699 2991 1747 3056 (ἶ
1779 3017 2030 3074 Nicotaus
2061 3017 2360 3087 Serrarius,
2387 3020 2438 3075 in
2469 3022 2612 3077 notis
2633 3023 2701 3079 ad
2721 3026 2879 3094 epist.
2905 3028 3007 3082 142
3055 3029 3112 3084 8.
3142 3030 3360 3086 Bonifa-

99 3129 258 3182 missa
303 3125 523 3181 fuerunt
554 3140 568 3176 :
603 3130 792 3190 estque
840 3117 1050 3187 adjecta
1097 3114 1150 3167 in
1201 3111 1342 3166 notis
1381 3110 1447 3164 ad
1467 3103 1670 3162 novum

98 3217 302 3288 Corpus
341 3214 677 3273 Canonieum
721 3225 849 3266 cura
891 3205 1137 3277 Gregorii
1176 3203 1290 3258 XIII
1317 3200 1671 3272 recognitum,

100 3310 190 3375 l6,
221 3329 274 3382 q.
311 3327 352 3375 ι,
392 3325 518 3380 cap.
563 3307 725 3372 Quia.
779 3302 970 3357 Exstat
1023 3299 1150 3354 item
1194 3296 1247 3350 in
1279 3295 1399 3349 Vita
1437 3292 1676 3362 ejusdem

101 3402 161 3457 S.
197 3381 446 3457 Eucherii
477 3397 618 3468 apud
661 3394 880 3450 Surium
923 3403 1107 3444 mense
1136 3385 1443 3449 Februarii,
1473 3381 1676 3452 scripta

102 3510 131 3546 a
174 3502 651 3560 contemporaueo,
714 3494 770 3539 et
815 3483 868 3537 in
915 3479 1033 3534 Vita
1070 3479 1238 3548 ipsius
1290 3476 1349 3530 8.
1401 3471 1679 3544 Bigoberti

104 3585 136 3638 ι
161 3583 417 3647 Januarii;
441 3582 497 3635 in
524 3578 720 3649 quibus
747 3573 998 3630 omnibus
1025 3570 1285 3626 asseritur
1311 3566 1510 3622 dictum
1543 3562 1682 3617 illar-

105 3677 290 3732 tellum
338 3691 406 3730 ex
450 3685 595 3728 nunc
639 3671 693 3724 in
721 3681 948 3738 corpore
978 3675 1034 3720 et
1075 3665 1254 3719 anima
1282 3663 1456 3732 patinis
1486 3660 1684 3728 sempi-

107 3770 277 3824 ternis
300 3783 418 3824 esse
464 3766 806 3836 deputatum.
849 3741 1091 3815 Meminit
1131 3758 1374 3828 ejusdem
1429 3753 1685 3808 llincma—

107 3876 203 3914 rus
234 3861 284 3914 in
314 3856 632 3930 prtel‘atione
670 3853 808 3909 Vitae
847 3850 905 3906 8.
940 3849 1192 3920 Remigii,
1230 3856 1284 3901 ct
1311 3848 1453 3901 inter
1501 3860 1687 3899 recen—

108 3952 279 4006 tiores
298 3950 497 4006 Paulus
523 3946 778 4002 .‘Emilius
800 3945 892 4000 lib.
926 3959 994 4008 ιι,
1026 3942 1102 3996 De
1139 3941 1297 3997 rebus
1325 3940 1491 4009 gestis
1519 3938 1688 3992 Fran-

119 4057 320 4107 zorum,
361 4049 418 4096 et
444 4039 638 4094 Petrus
674 4035 938 4106 Despiuac
985 4032 1423 4101 archiepisc0pus
1477 4028 1689 4097 Lugdu-

110 4135 298 4189 nensis
364 4133 418 4188 in
491 4129 738 4185 oratione
801 4126 981 4181 habita
1042 4123 1234 4178 Blossii
1313 4137 1495 4176 coram
1566 4134 1691 4190 rege

115 4226 356 4280 Francia:
386 4223 622 4278 Henrico
667 4219 752 4282 Ill,
781 4233 925 4272 anno
978 4216 1137 4276 1575,
1175 4223 1233 4269 ιιι
1273 4212 1429 4268 testis
1480 4220 1566 4266 est
1593 4213 1693 4263 Ar-

1776 3109 1867 3164 cii.

1847 3200 2019 3256 Simul
2047 3220 2166 3258 cum
2204 3205 2310 3259 alio
2349 3207 2669 3277 episcopatu.
2717 3207 2982 3265 Videlicet
3027 3209 3360 3276 Trevircnsi,

1778 3303 1837 3348 ut
1861 3295 2124 3364 probatur
2145 3311 2212 3351 ex
2239 3297 2396 3366 epist.
2425 3300 2492 3352 l6
2513 3298 2810 3366 Hincmari,
2840 3316 2957 3372 cap.
2989 3302 3071 3365 I9,
3106 3303 3246 3358 inter
3267 3319 3362 3360 eas

1779 3397 1898 3452 quae
1923 3386 2073 3454 prelo
2122 3402 2335 3442 excusa:
2382 3397 2530 3453 sunt,
2562 3399 2706 3445 etex
2756 3391 3074 3460 praefatione
3121 3387 3378 3460 ejusdem

1781 3476 2056 3532 Ilincmari
2085 3479 2138 3533 in
2171 3479 2346 3535 Vitam
2375 3483 2549 3536 sancti
2587 3482 2838 3554 Remigii,
2883 3486 2935 3539 in
2972 3501 3076 3554 qua
3124 3487 3199 3540 ait
3225 3490 3367 3555 quod

1782 3566 1928 3634 Milo,
1951 3567 2018 3624 de
2053 3585 2162 3638 quo
2189 3585 2368 3625 sermo
2387 3581 2491 3636 est,
2517 3573 2792 3642 episcopia
2821 3574 3112 3631 Remorum
3146 3590 3209 3629 ac
3237 3575 3370 3630 Trc-

1781 3659 2021 3712 virorum
2047 3676 2314 3730 usurpans
2361 3662 2601 3726 insimul,
2647 3677 2743 3731 per
2767 3665 3120 3736 quadraginta
3151 3665 3370 3720 circiter

1785 3767 1955 3807 annos
1977 3754 2429 3822 pessumdederit.

2374 3845 2600 3903 CAPUT
2640 3849 2782 3904 XIV.

1859 3932 2087 3988 Decessit
2127 3935 2208 4003 (S.
2260 3934 2592 4008 Rigobertus)
2642 3940 2812 4007 pridie
2865 3938 3051 3995 Nonas
3101 3941 3374 3999 Januarii.

1787 4023 2042 4079 Additum
2075 4035 2162 4081 est
2191 4028 2243 4081 in
2269 4043 2375 4082 uno
2415 4029 2710 4098 exemplari
2739 4031 2793 4085 in
2840 4033 3087 4102 margine
3116 4051 3130 4088 :
3163 4053 3182 4085 ι
3216 4035 3375 4089 Anno

1793 4117 2184 4176 incarnationis
2209 4120 2484 4177 Doninica:
2513 4123 2738 4179 circiter
2770 4127 3250 4197 septingentesimo
3294 4144 3380 4184 se-

1792 4211 2132 4280 ptuagesimo
2165 4214 2344 4268 tertio.
2375 4233 2394 4266 ι
2429 4215 2558 4282 Quae
2584 4217 2749 4271 verba
2776 4217 2889 4283 MS,
2914 4217 2981 4272 Cl
3017 4233 3124 4273 non
3154 4219 3374 4282 habent,

116 4318 309 4373 auidus
332 4317 516 4372 Wion.
558 4314 654 4367 lib.
704 4329 763 4367 ιιι
795 4309 948 4381 Ligni
991 4308 1147 4372 Viue,
1179 4307 1264 4361 die
1293 4305 1363 4361 20
1388 4305 1689 4360 Februarii.
1724 4343 1774 4403 υ
1796 4302 1897 4356 etsi
1925 4303 2228 4360 habeantur
2253 4306 2307 4360 in
2337 4306 2457 4361 Vita
2497 4309 2636 4378 apud
2666 4309 2907 4374 Surium,
2937 4325 3003 4364 ex
3035 4325 3139 4378 qua
3163 4322 3379 4381 sumpta

121 4411 318 4466 Verum
361 4411 446 4468 his
473 4406 797 4464 contradicit
822 4404 1013 4458 Petrus
1057 4401 1301 4456 Pitbcnus
1336 4401 1388 4455 in
1417 4399 1693 4455 Glossario

120 4503 496 4572 capitulorum,
537 4500 720 4553 littera
761 4495 833 4561 Il,
869 4505 924 4551 et
952 4494 1217 4548 Haronius
1253 4501 1383 4546 tom.
1413 4491 1483 4546 IX
1514 4492 1696 4544 Anna»

122 4597 281 4658 tium,
319 4609 460 4649 anno
493 4592 589 4646 7H
623 4607 638 4658 ;
678 4589 837 4658 idque
872 4603 939 4642 ex
992 4601 1058 4641 eo
1101 4587 1242 4656 quod
1297 4584 1594 4639 Eucherius
1641 4590 1701 4636 ut

124 4688 404 4742 minimum
439 4687 625 4742 decem
657 4683 816 4738 annis
835 4681 1033 4737 obierit
1059 4689 1184 4734 ante
1214 4677 1536 4734 Martellum.
1561 4675 1700 4743 Quin

122 4778 294 4834 etiam
339 4777 487 4833 addit
518 4775 718 4829 Baron.
753 4772 821 4828 de
871 4771 1047 4830 salute
1081 4770 1246 4841 ipsius
1290 4769 1430 4825 bene
1476 4781 1700 4836 speran-

125 4870 268 4924 dum
287 4884 418 4934 esse,
454 4884 521 4924 eo
544 4867 691 4938 quod
721 4864 1090 4934 paenitentiam
1125 4862 1316 4933 egerit.
1374 4860 1512 4928 Quid
1539 4859 1606 4914 de
1637 4874 1702 4914 ea

128 4977 202 5015 re
249 4960 307 5015 sit
342 4959 655 5017 exainineut
704 4955 815 5010 alii.
873 4953 1206 5010 Flodoardus
1254 4952 1486 5008 ﬁdeliter
1517 4958 1709 5006 narrat

131 5063 267 5119 qua:
316 5067 375 5106 ex
438 5049 654 5120 scriptis
730 5054 940 5116 patrum
1005 5042 1254 5111 accepit,
1315 5058 1436 5112 quae
1502 5049 1710 5098 temere

131 5143 478 5198 mavellenda
539 5157 646 5196 non
696 5146 856 5205 sunt,
929 5142 991 5192 et
1042 5136 1308 5207 prtecipue
1353 5135 1712 5194 conciliorum

133 5238 291 5284 acta.

1800 4403 1928 4447 sunt
1959 4395 2214 4465 pleraque
2251 4412 2372 4466 qute
2416 4399 2469 4452 in
2516 4400 2617 4453 hac
2655 4399 2888 4454 Historia
2915 4402 2981 4456 de
3006 4417 3072 4456 eo
3118 4403 3379 4458 hactenus

1803 4487 1975 4541 relata
2005 4496 2147 4541 sunt.
2197 4488 2426 4542 Additur
2476 4505 2692 4559 quoque
2732 4492 2783 4544 in
2838 4491 2981 4556 Vita,
3019 4492 3086 4546 ad
3121 4492 3383 4562 majorem

1808 4578 2064 4646 temporis
2109 4579 2512 4645 certitudinem,
2563 4582 2859 4638 indictione
2895 4590 3087 4638 octava
3127 4601 3250 4640 eum
3291 4587 3386 4640 ob-

1809 4676 1954 4730 iisse.
1986 4674 2174 4727 Exstat
2222 4674 2366 4744 aptid
2416 4674 2634 4730 Surium
2666 4676 2754 4730 die
2777 4676 2811 4730 4
2839 4676 3104 4735 Januarii.
3133 4681 3252 4749 Quo
3305 4681 3394 4736 die

1808 4767 1924 4837 ejus
1945 4767 2142 4834 legitur
2164 4767 2423 4821 memoria
2453 4767 2504 4821 in
2535 4767 2782 4824 Romano
2838 4768 3247 4845 Martyrologio,
3280 4780 3390 4826 tam

1812 4857 1954 4913 Petri
1986 4856 2245 4912 Galesinii
2269 4873 2432 4927 quam
2461 4859 2699 4916 Baronii.
2743 4861 2940 4914 Eodem
2992 4870 3210 4934 quoque
3246 4862 3332 4916 die
3361 4877 3394 4915 a

1813 4946 2022 5001 Nolano
2059 4946 2276 5002 additus
2304 4957 2388 5003 est
2432 4949 2700 5006 Usuardo.
2752 4951 2953 5004 Scribit
2983 4951 3185 5006 ibidem
3227 4951 3400 5004 Baro-
3465 4945 3473 4953 ’

1815 5040 1936 5094 nius
1965 5039 2017 5093 in
2055 5038 2200 5093 notis
2225 5053 2349 5094 eum
2373 5039 2686 5110 pervenisse
2720 5055 2890 5110 usque
2925 5040 2991 5092 ad
3017 5048 3262 5110 tempora
3291 5037 3400 5093 Hac

1817 5133 1989 5190 driani
2019 5145 2187 5201 papas,
2220 5133 2332 5202 qui,
2361 5131 2553 5200 inquit,
2588 5132 2706 5200 ipso
2743 5130 3016 5192 defuncto,
3050 5130 3255 5198 rejecto
3297 5123 3399 5181 Mi-

1821 5226 1963 5290 lone,
2003 5224 2058 5278 in
2116 5222 2294 5278 locum
2335 5220 2450 5290 ejus
2476 5221 2787 5291 subrogavit
2824 5217 3146 5285 Turpinum,
3185 5227 3244 5273 ut
3283 5215 3403 5284 ejus

2294 5313 2328 5326 Λ
