3872 5326
527 267 630 321 567

1300 265 1711 324 coavsxsnu
1749 264 2042 325 senem
2080 260 2146 317 tu
2185 262 2361 320 utst'.
2405 262 2706 320 REliENS.
2750 242 3066 319 eccusf

3658 257 3745 311 363

529 396 622 435 seu
654 378 900 447 ejectum.
960 377 1088 446 Quae
1127 377 1169 433 si
1219 393 1343 433 vera
1391 388 1538 445 sunt.
1583 389 1796 452 oportet
1835 394 1958 435 eum
1992 394 2093 434 an-
2124 384 2168 442 Α
2197 380 2264 433 de
2286 394 2351 434 eo
2374 380 2513 434 idem
2544 378 2785 434 Molanus
2820 381 2872 434 in
2914 377 3192 434 Natalibus
3239 375 3340 432 SS.
3373 375 3563 447 Belgii,
3596 377 3746 431 ascri-

530 472 616 525 nis
638 469 707 525 50
739 468 1033 524 exsulasse.
1059 469 1256 526 Verum
1284 468 1605 528 Franciscus
1630 473 1852 528 llarmus
1881 473 1933 526 in
1960 470 2099 526 Vitis

532 561 850 615 Sanctorum
898 575 927 614 a
960 575 1019 616 sc
1045 560 1203 617 editis
1233 563 1384 632 ponit
1433 578 1555 617 eum
1584 565 1781 620 abiisse
1821 566 1965 620 circa
1997 579 2096 618 an-

530 667 655 705 num
674 650 798 715 735,
831 652 931 706 hac
967 652 1211 723 apposita
1239 655 1588 711 adnotatione
1642 666 1765 727 post
1813 657 1992 712 Vitam
2021 656 2099 725 ip-

532 744 692 798 sius:
733 762 753 795 ι
805 742 1114 799 Ponebatur
1157 744 1360 801 abiisse
1412 761 1554 802 anno
1594 745 1797 802 Christi
1851 748 1974 812 775,
2006 746 2100 801 sed

528 837 749 891 omnino
787 852 943 891 error
972 837 1184 892 videtur
1205 853 1325 894 esse
1360 838 1412 892 in
1439 840 1699 895 numeris.
1726 839 1927 909 Nempe
1957 838 2099 893 Mar-

536 926 693 981 tellus
738 926 1007 997 princeps,
1035 942 1197 997 quem
1228 926 1316 982 ille
1341 927 1625 1000 episcopus
1648 942 1873 998 puerum
1902 928 2102 997 baptis-

531 1029 677 1074 mate
704 1018 891 1082 aL-luit,
920 1017 1053 1071 obiit
1074 1019 1565 1089 quinquagenarius
1591 1033 1732 1074 anno
1749 1018 1937 1073 salutis
1960 1018 2054 1072 7-H
2082 1033 2099 1083 ;

532 1109 718 1178 sicque
764 1106 1035 1161 debuisset
1088 1115 1309 1161 sanctus
1365 1106 1686 1177 Rigobertus
1736 1107 2102 1177 episcopatum

532 1200 761 1270 gessisse
788 1198 1013 1267 integris
1032 1198 1309 1269 octoginta
1339 1198 1516 1252 annis.
1552 1196 1863 1268 Sigebertns
1891 1211 2105 1268 quoque

532 1290 832 1346 Iiistoricus
861 1288 1036 1343 refert.
1072 1304 1195 1344 eum
1223 1303 1366 1342 anno
1397 1287 1466 1343 23
1494 1287 1636 1343 illius
1677 1287 1856 1342 smculi
1881 1303 1911 1341 a
1958 1286 2105 1341 Mar-

522 1381 664 1436 -tello
688 1381 999 1451 episc0patu
1028 1380 1260 1449 pulsum.
1288 1379 1436 1434 Adde
1460 1381 1604 1450 quod
1625 1378 1795 1434 solum
1842 1392 2105 1433 memore-

528 1483 623 1526 tur
657 1473 860 1527 vixisse
879 1473 980 1527 sub
1017 1471 1103 1526 his
1128 1472 1296 1526 trihns
1334 1471 1575 1541 regibus,
1607 1471 1975 1533 Childeberto,
2003 1470 2106 1523 Da-

529 1564 776 1632 goberto,
807 1571 863 1619 ct
896 1562 1225 1633 Chilperico,
1254 1578 1483 1631 quorum
1514 1573 1816 1632 postremus
1851 1571 2006 1617 certe
2052 1561 2107 1615 in

535 1654 672 1709 vivis
697 1668 817 1709 esse
842 1653 1002 1709 desiit
1054 1668 1195 1708 anno
1223 1653 1346 1707 727.
1383 1652 1571 1722 Itaque
1608 1652 1853 1721 suspicor
1900 1649 2106 1722 pridem

2199 471 2332 527 beus
2362 471 2414 525 ei
2453 470 2663 525 titulum
2712 470 2994 524 Remensis
3040 468 3453 539 archiepiscopi,
3496 477 3549 523 et
3583 468 3631 522 in
3654 470 3748 523 suis

2199 560 2598 632 Martyrologiis
2643 560 2835 615 Petrus
2867 560 3172 616 Calesinius
3198 570 3256 614 et
3299 558 3567 619 Arnoldus
3588 557 3749 614 Wion.

2198 652 2329 706 Item
2356 651 2686 707 Tritlt'emius
2708 651 2800 706 lib.
2831 668 2888 706 tu
2918 651 3145 706 Deviris
3165 650 3330 705 illust.
3355 649 3564 705 militiis
3600 650 3749 707 sancti

2201 743 2491 808 Benedicti,
2525 758 2644 814 cap.
2688 743 2815 809 298,
2846 753 2901 799 et
2948 744 3042 797 lib.
3074 760 3148 807 tv,
3182 759 3300 813 cap.
3330 744 3453 800 118.
3512 743 3625 810 Quo
3649 742 3751 799 loco

2200 834 2391 889 scribit
2416 834 2613 890 festum
2638 834 2756 903 ejus
2789 832 2872 907 agi
2898 848 3041 889 nono
3058 832 3330 889 Kalendas
3360 832 3625 893 Octobris.
3649 831 3752 889 Fuit

2200 928 2419 983 natione
2442 925 2659 983 Scottis.
2740 962 2743 967 λ

2269 1018 2569 1073 Giimonem
2597 1020 2652 1074 in
2689 1019 2893 1074 civitate
2927 1033 3042 1089 quae
3076 1017 3272 1072 dicitur
3307 1016 3596 1071 Eudamus.
3635 1015 3678 1072 Ii
3707 1024 3754 1073 et

2201 1116 2258 1163 et
2282 1109 2425 1163 aliud
2447 1108 2728 1179 exemplar
2776 1108 3048 1174 Ilodomis,
3099 1122 3199 1178 pro
3223 1122 3330 1176 quo
3371 1106 3412 1161 S
3448 1117 3505 1162 et
3529 1106 3557 1161 ιι
3580 1105 3751 1162 substi-

2205 1208 2424 1257 tuerunt
2472 1202 2847 1272 Rothomagus,
2871 1202 3114 1269 ejusdem
3142 1202 3378 1255 civitatis
3414 1215 3631 1263 unum,
3654 1211 3753 1270 quae

2202 1292 2364 1345 etiam
2389 1289 2633 1346 Rodoma
2657 1291 2876 1346 dicitur.
2904 1289 3036 1345 Vide
3052 1291 3295 1345 adnotat.
3318 1289 3523 1346 Nicolai
3548 1287 3750 1343 Serrani

2204 1383 2271 1434 ad
2296 1381 2578 1450 epistolam
2612 1381 2713 1436 I45
2744 1381 2915 1436 sancti
2944 1380 3228 1436 Bonifacii.
3266 1381 3371 1435 Sed
3400 1397 3507 1434 non
3534 1381 3690 1449 probo
3708 1389 3753 1433 ut

2203 1484 2301 1544 pro
2326 1474 2598 1530 veteribus
2624 1488 2763 1530 nova
2792 1476 3035 1543 nomina,
3069 1476 3319 1545 quamvis
3364 1474 3599 1538 notiora,
3622 1487 3751 1543 repo—

2206 1577 2427 1633 nantur,
2452 1570 2578 1638 quia
2610 1570 2712 1625 hac
2756 1570 2967 1624 ratione
3013 1569 3155 1639 perit
3198 1569 3388 1624 notitia
3422 1566 3751 1637 antiquitatis.

2208 1657 2301 1712 Sic
2325 1665 2379 1711 et
2404 1656 2543 1713 iul‘ra
2566 1657 2660 1713 lib.
2686 1673 2761 1723 tv,
2788 1674 2913 1730 cap.
2936 1656 3026 1723 51,
3048 1658 3229 1715 omnia
3246 1658 3579 1728 exemplaria
3602 1657 3753 1726 legunt

520 1758 630 1814 .pro
651 1759 821 1799 χχχιιι
846 1744 1193 1800 substitutum
1210 1758 1402 1808 Lxxut,
1422 1752 1481 1798 ut
1496 1757 1639 1797 anno
1657 1742 1727 1797 '53
1744 1741 1884 1796 illius
1900 1739 2104 1805 saeculi,

2223 1746 2584 1812 Rodomi,uisi
2641 1750 2781 1818 quod
2833 1749 2905 1804 ihi
2952 1749 2993 1805 C
3043 1750 3235 1804 vitiose
3283 1748 3414 1819 legit
3461 1748 3755 1813 Rodonii,et

434 1888 437 1891 .
536 1848 640 1888 non
675 1834 760 1896 73.
796 1842 1015 1888 sanctus
1037 1832 1363 1902 Rigobertus
1392 1840 1624 1887 mortem
1669 1831 1883 1887 obierit.
1920 1848 1942 1883 ι
1982 1828 2109 1884 Haec

532 1924 755 1979 Ilarwus
776 1924 909 1979 satis
936 1923 1309 1994 probabiliter.

1130 2032 1359 2090 CAPUT
1401 2031 1520 2087 ιγ.

614 2152 679 2207 In
697 2169 887 2224 pagum
919 2149 1413 2214 Verontandensem,
1465 2149 1535 2203 ad
1564 2147 1741 2202 viilam
1774 2145 2109 2202 Nemincum.

532 2243 559 2297 J
596 2242 931 2298 Memnicum.
963 2242 1018 2296 In
1050 2242 1152 2297 hoc
1196 2249 1371 2295 tractu
1412 2236 1836 2295 Veromandensi
1887 2235 2113 2306 insignis

535 2345 619 2389 cst
648 2335 840 2390 civitas
869 2334 927 2389 S.
958 2333 1224 2401 Quintini,
1251 2350 1358 2388 non
1380 2332 1565 2404 procul
1594 2348 1622 2386 a
1654 2330 1969 2386 Cameraco.

605 2425 732 2481 Haec
755 2428 979 2496 pretiosa
1003 2425 1127 2481 iiluc
1150 2425 1326 2480 delata
1364 2424 1615 2479 membra.
1641 2420 1755 2487 MS,
1782 2420 1832 2488 J,
1873 2437 2114 2487 munera,

533 2516 804 2584 quomodo
837 2524 892 2570 et
920 2515 980 2569 C.
1016 2515 1174 2569 vertit
1196 2514 1248 2568 in
1276 2513 1518 2578 Gallico;
1549 2514 1642 2568 sed
1664 2511 1768 2567 alia
1809 2511 1970 2568 lectio
1995 2524 2113 2566 me-

535 2605 636 2659 linr
667 2613 770 2669 est,
794 2618 956 2673 quam
994 2602 1151 2673 paulo
1178 2610 1299 2672 post
1327 2603 1526 2657 habent
1553 2602 1736 2656 omnia
1759 2598 2110 2669 exemplaria.

617 2691 728 2746 Nec
762 2692 971 2763 longum
997 2702 1108 2763 post
1135 2694 1267 2758 La’c,
1290 2702 1396 2749 etc.
1428 2691 1553 2747 Haec
1586 2701 1671 2746 est
1709 2699 1904 2761 quarta
1936 2700 2114 2745 trans-

544 2780 673 2835 latio
707 2780 763 2835 S.
799 2780 1100 2852 Rigoberti,
1133 2779 1274 2835 facta
1302 2782 1370 2836 ab
1413 2779 1657 2836 Herivaeo
1687 2778 2114 2850 archiepiscopo,

540 2871 605 2926 de
632 2886 733 2942 qua
758 2871 893 2926 inira
934 2869 1027 2926 lib.
1054 2886 1125 2936 tv,
1158 2886 1208 2927 c.
1248 2871 1333 2925 i3.

1136 2976 1365 3040 CAPUT
1401 2982 1541 3039 XVI.

2211 1839 2497 1908 utrobique
2521 1837 2726 1894 Gallice
2768 1826 2997 1894 vertitur
3023 1838 3227 1895 Rauca.
3260 1837 3442 1893 Utitur
3465 1854 3529 1895 ea
3556 1839 3756 1907 appella-

2207 1929 2358 1985 tione
2379 1930 2692 2002 Sigebertus
2722 1945 2863 1985 anno
2892 1931 2991 1986 751
3016 1950 3029 1985 :
3058 1948 3078 1982 ι
3110 1930 3404 2001 Remigius.
3432 1930 3622 1999 inquit,
3650 1929 3755 1998 Pip-

2209 2020 2320 2091 pini
2348 2023 2488 2091 regis
2508 2021 2699 2087 frater,
2716 2022 3071 2078 Rodomensis
3094 2022 3597 2092 arcltiepiscopusin
3616 2022 3759 2078 Gallia

2211 2110 2402 2166 claret.
2455 2131 2473 2163 ι
2508 2112 2601 2167 Est
2628 2121 2812 2167 autem
2862 2112 2949 2167 hic
2977 2110 3162 2169 Grimo
3205 2111 3501 2167 vicesimus
3534 2112 3764 2182 septimus

2212 2196 2661 2269 Rotltumagensis
2676 2197 3113 2268 archiepiscopus
3134 2214 3187 2252 in
3208 2198 3404 2253 tabulis
3418 2199 3763 2267 Democharis,

2211 2288 2449 2343 Robcrtn
2489 2290 2812 2360 subrogatus
2844 2306 2988 2343 anno
3022 2290 3144 2343 733.
3631 2352 3641 2364 l

2287 2377 2516 2432 Tertium
2537 2378 2758 2448 denique
2790 2376 3128 2433 Ilartberlum
3159 2379 3212 2432 in
3238 2379 3445 2435 civitate
3467 2395 3583 2449 qua:
3601 2379 3767 2432 dicitur

2216 2471 2454 2527 Senonis.
2508 2472 2598 2527 Sic
2652 2471 2696 2527 C
2722 2483 2777 2527 et
2813 2469 2862 2525 J.
2896 2472 2964 2525 Al.
3000 2469 3123 2536 MS,
3150 2469 3511 2525 Hartbertum.
3552 2469 3605 2524 In
3633 2470 3768 2525 tomis

2215 2560 2579 2615 Conciliorum
2610 2559 2903 2625 Artberlus,
2941 2560 2991 2614 in
3046 2561 3527 2616 tahulisDcmoch.
3554 2558 3767 2615 Otberm

2216 2650 2331 2705 sive
2358 2648 2667 2705 Ochibertus
2691 2650 2988 2706 cardinalis
3010 2666 3154 2705 anno
3177 2650 3320 2718 762;
3349 2660 3546 2719 estque
3572 2665 3765 2705 nuntero

2217 2739 2521 2794 tricesimus
2548 2748 2749 2794 sextus.
2798 2738 2965 2793 Porro
2991 2752 3058 2794 ex
3094 2739 3183 2794 bis
3210 2756 3330 2809 qua:
3358 2740 3448 2795 hic
3469 2741 3693 2794 citantur
3714 2753 3766 2792 ex

2215 2829 2423 2885 duabus
2444 2829 2719 2886 Zacharite
2747 2829 2993 2901 epistolis
3025 2845 3131 2886 non
3164 2846 3335 2902 pauca
3366 2824 3767 2901 poteruutresti-

2219 2922 2294 2976 tui
2331 2922 2383 2978 in
2410 2922 2571 2978 tomis
2597 2922 2758 2995 epist.
2789 2923 3165 2987 decretalium,
3190 2933 3247 2978 et
3278 2934 3411 2978 tom.
3435 2921 3502 2978 lll
3525 2922 3714 2979 Concil.

2787 3031 3016 3089 CAPUT
3054 3032 3217 3091 XVII.

606 3094 1003 3194 ο,“α”¹¹’ἔξ,ε³⁴³⁷⁸
1032 3096 1248 3194 σαίξιωη
1277 3094 1701 3194 ίήθῖῗρίξίορυηξ
1726 3102 1929 3194 mtuum
1954 3093 2118 3194 Ῑ²ίί³³⁸
2144 3110 2188 3171 C
2291 3122 2366 3179 De
2397 3122 2605 3193 Tilpiuo
2652 3124 2911 3194 epismpo.
2943 3123 3019 3178 Ita
3061 3134 3377 3181 constanter
3396 3125 3582 3181 omnia
3613 3140 3769 3181 exem-

542 3187 779 3241 tradunt.
798 3185 972 3250 Alias,
996 3186 1374 3256 coepiscopum.
1395 3185 1502 3239 Sed
1531 3200 1655 3239 vera
1679 3184 1836 3238 lectio
1863 3198 1945 3239 εει
1966 3186 2118 3238 chor-

535 3277 859 3347 episcopum.
886 3274 1023 3328 Dicti
1051 3283 1178 3329 sunt
1201 3274 1569 3344 chorepiscopi
1604 3291 1634 3326 a
1663 3278 1837 3349 χώρα.
1861 3289 1981 3344 quae
2016 3289 2120 3330 vox

536 3365 746 3421 Gnccis
765 3366 1044 3436 regionem,
1068 3365 1149 3421 vel
1171 3380 1355 3436 agrum
1374 3360 1659 3436 signiﬁcat,
1676 3368 1831 3436 quasi
1851 3362 2121 3425 certarum

541 3454 970 3527 rcgiuncularum
994 3454 1047 3509 in
1065 3452 1304 3525 qualibet
1320 3453 1539 3508 dioecesi
1554 3453 1938 3524 speculatores.
1968 3453 2122 3523 Quod

538 3546 776 3601 ollicium
804 3546 855 3599 in
883 3560 979 3600 eos
1005 3544 1100 3616 qui
1138 3543 1536 3610 archidiaconi,
1562 3544 2040 3615 archipresbyteri,
2067 3550 2123 3599 et

539 3638 728 3695 decani
744 3635 969 3702 rurales,
987 3645 1040 3692 et
1053 3637 1241 3692 decani
1253 3635 1678 3692 Christianitatis
1695 3637 2124 3709 hodieyoeantur

542 3731 777 3785 maxime
805 3737 1114 3800 competere
1142 3730 1375 3784 videtur.
1410 3728 1735 3785 llincmarus
1765 3729 1903 3784 infra
1925 3729 2119 3795 Iib.ttt,

536 3836 664 3890 cap.
693 3820 783 3885 22,
807 3820 1071 3875 vicarium
1100 3820 1411 3890 episcopum
1437 3836 1465 3874 a
1492 3820 1613 3875 vico
1640 3821 1782 3876 idem
1810 3835 2003 3876 nomen
2035 3820 2120 3874 in-

539 3920 892 3983 terpretatur.
940 3910 1093 3966 Unde
1120 3920 1177 3966 et
1201 3911 1405 3967 Gallice
1455 3910 1705 3968 Nicolaus
1728 3913 2007 3969 Chesneau
2042 3913 2125 3967 in-

546 4010 873 4071 terpretatur
906 4001 1010 4055 hoc
1052 4000 1171 4055 loco
1225 4010 1281 4055 et
1337 4000 1517 4066 infra,
1569 4003 1735 4072 dogen
1783 4002 1950 4056 rural.
1983 4001 2038 4056 ln
2071 4000 2121 4055 Μ

547 4092 806 4158 scriptum
859 4088 957 4142 fuit
1006 4089 1433 4158 corepiscopum,
1484 4090 1577 4145 sed
1620 4089 1802 4145 littera
1844 4107 1872 4145 r
1919 4092 2123 4146 recenti

546 4196 709 4235 manu
741 4180 810 4235 ab
835 4179 1018 4249 aliquo
1055 4179 1305 4248 imperito
1358 4180 1530 4234 deleta
1564 4191 1667 4244 est,
1694 4182 1762 4234 ad
1820 4182 2123 4237 faciendum

548 4273 928 4342 coepiscopum.
956 4272 1107 4340 Quod
1132 4283 1312 4327 autem
1341 4273 1477 4328 Abel
1505 4288 1629 4328 vere
1655 4271 1816 4328 fuerit
1843 4273 2125 4330 Remensis

546 4366 985 4437 archiepiscopus
1013 4365 1340 4421 suiIicienter
1365 4368 1555 4436 probat
1578 4368 1680 4422 hoc
1709 4383 1827 4437 cap.
1873 4367 2125 4425 Flodoar-

2219 3214 2406 3284 plaria.
2456 3214 2559 3268 Alii
2588 3226 2833 3268 auctores
2863 3224 3056 3269 vocant
3098 3215 3343 3271 absolute
3375 3214 3769 3285 Turpinuntaut

2220 3304 2480 3359 Joannem
2511 3303 2826 3374 Turpinum.
2860 3302 3053 3359 Exstat
3088 3304 3203 3374 ejus
3228 3306 3451 3360 nomine
3476 3303 3692 3360 historia
3719 3303 3770 3355 de

2223 3391 2341 3447 Vita
2386 3393 2585 3447 Caroli
2620 3378 2795 3463 Magni
2828 3403 2905 3447 Aet
2972 3393 3193 3449 Rolandi
3217 3434 3232 3458 ,
3274 3393 3508 3449 tametsi
3538 3391 3775 3465 jPa’plrius

2221 3482 2508 3538 Massonus
2528 3482 2620 3537 lib.
2646 3499 2686 3537 ιι
2724 3483 3015 3538 Annalium
3037 3482 3371 3539 Francorum
3398 3484 3773 3539 existimamus

2221 3588 2341 3627 esse
2371 3573 2559 3643 ipsius,
2585 3574 2680 3628 sed
2711 3574 2946 3629 hominis
2973 3575 3155 3642 otiosi,
3181 3575 3273 3645 qui
3303 3560 3514 3631 fabulas
3542 3574 3656 3629 illas
3676 3579 3774 3641 post

2222 3662 2399 3718 Caroli
2414 3663 2561 3717 Calvi
2579 3664 2862 3733 imperium
2877 3664 3157 3735 descripsit
3172 3666 3223 3719 in
3239 3666 3470 3735 gratiam
3481 3662 3774 3733 juveuttttis.

2224 3752 2366 3807 Idem
2399 3764 2543 3809 recte
2583 3757 2739 3810 docet
2776 3756 3045 3811 Antonius
3081 3756 3407 3813 Possevinns
3451 3758 3507 3812 in
3531 3758 3774 3827 Apparatu

2225 3859 2381 3898 sacro
2399 3885 2412 3908 ,
2446 3845 2498 3899 in
2527 3843 2768 3900 TILPINO.
3020 3870 3054 3897 ο
3672 3900 3677 3904 .

2299 3934 2372 3989 De
2392 3938 2721 3990 ordinatione
2745 3936 2971 4007 episcopi
2996 3938 3202 3992 nomine
3224 3936 3348 4002 Lul,
3363 3949 3564 3999 sanch
3582 3935 3775 4006 Hegeas

2225 4021 2350 4079 tina:
2397 4023 2667 4081 Ecclesiw.
2707 4026 2797 4081 Sic
2840 4029 3021 4083 omnia
3076 4038 3257 4084 vetera
3305 4029 3673 4100 exemplaria,
3700 4040 3777 4096 pro

2225 4132 2331 4186 quo
2360 4115 2398 4172 S
2438 4116 2545 4172 ctJ
2588 4118 2724 4171 Lulli
2773 4120 3186 4174 substituorunt.
3220 4120 3326 4174 Sed
3363 4121 3418 4176 in
3455 4121 3618 4175 tomis
3655 4118 3774 4172 Con-

2228 4209 2471 4264 ciliorum
2503 4224 2644 4280 saepe
2668 4208 2768 4263 Lul
2790 4210 3111 4279 appellatur,
3137 4226 3202 4265 at:
3230 4211 3553 4264 nominatim
3582 4206 3776 4280 epistola

2229 4299 2296 4355 12
2327 4301 2603 4357 Zachariae
2632 4316 2802 4371 papae,
2831 4302 2987 4356 sicuti
3010 4312 3067 4356 et
3096 4303 3150 4356 in
3180 4304 3427 4373 epistolis
3450 4300 3619 4359 sancti
3647 4298 3776 4354 limu-

2228 4391 2374 4448 facii.
2409 4391 2530 4446 Fuit
2571 4394 2659 4448 hic
2705 4393 2896 4449 beatus
2933 4392 3118 4449 Lullus
3151 4392 3208 4448 S.
3240 4391 3507 4450 Bonifacii
3555 4389 3781 4459 martyris

548 4459 670 4553 ἐφ’
690 4457 1061 4553 -Εοίίῗηῖίῖθῗίι
1080 4470 1141 4553 9⁸
1161 4457 1289 4514 illud
1475 4456 1692 4513 S“ri"m
1723 4460 1774 4553 i_"
1809 4458 1924 4553 vim
1948 4462 2120 4553 simul
2151 4456 2201 4515 θ
2227 4499 2508 4538 successor
2529 4525 2543 4550 ,
2577 4494 2629 4539 et
2654 4484 2920 4539 secundus
2968 4484 3407 4553 archiepisc0pus
3444 4456 3775 4552 Moguntinns.

548 4546 851 4619 Iligoberti,
874 4549 964 4604 tthi
988 4548 1186 4604 dicitur
1212 4550 1353 4619 quod
1374 4548 1697 4604 llincmarus
1727 4548 1887 4603 fuerit
1905 4552 2126 4620 quintus

550 4658 583 4695 a
618 4649 809 4696 sancto
855 4639 1149 4712 Rigoberto
1203 4639 1498 4696 Remorum
1563 4642 2021 4712 archiepiscopus.
2068 4642 2125 4696 Si

549 4735 693 4790 enim
744 4749 849 4790 non
890 4742 1314 4790 connumeretur
1346 4734 1435 4789 hic
1460 4733 1617 4800 Abel,
1652 4734 1866 4789 nonnisi
1906 4742 2130 4803 quartus

553 4827 676 4880 erit.
706 4826 818 4882 Cur
838 4835 1018 4880 autem
1039 4839 1069 4879 a
1094 4823 1414 4893 quibusdam
1447 4824 1888 4893 praetermittatur
1909 4824 1961 4877 in
1984 4832 2130 4879 cata-

553 4916 674 4987 logo
698 4915 1047 4971 Remensium
1074 4915 1624 4983 archiepiscoporum,
1666 4915 1928 4970 rationem
1963 4913 2128 4969 habe-

554 5021 675 5062 mus
722 5020 790 5061 ex
840 5005 909 5059 iis
947 5021 1066 5074 qua:
1120 5005 1356 5059 citantur
1400 5016 1467 5059 ex
1510 5005 1736 5076 epistola
1766 5005 1989 5059 Adriani
2030 5004 2130 5059 hoc

553 5111 696 5166 cap.,
718 5095 848 5165 quia
882 5096 993 5149 etsi
1040 5094 1112 5148 ibi
1148 5094 1474 5150 constitutus
1511 5099 1582 5149 sit
1605 5096 1925 5163 cpiscOpus,
1950 5104 2130 5149 tamen

539 5189 627 5252 ,ibi
682 5203 1002 5260 permanere
1054 5190 1348 5257 permissus
1391 5205 1498 5243 non
1543 5189 1667 5253 fuit,
1709 5190 1933 5258 ideoque
1974 5188 2133 5243 rediit

554 5278 800 5326 Lollium-
830 5279 1044 5326 celebro.
1077 5282 1128 5326 in
1157 5276 1340 5326 “alain
1367 5282 1774 5326 monasterium-
1803 5281 1888 5326 ulti
1920 5282 1986 5326 ml
2014 5282 2132 5326 inn-

2302 4573 2635 4628 Novitiacum
2694 4575 2749 4627 in
2791 4588 2924 4644 pago
2970 4572 3202 4629 L'rtinse.
3246 4573 3286 4629 C
3321 4571 3564 4636 Ursince,
3603 4568 3631 4625 ι
3691 4566 3775 4620 Ur—

2231 4681 2391 4718 611188.

2797 4735 3025 4791 CAPUT
3056 4734 3236 4791 XVIII.

2308 4822 2504 4880 Missus
2556 4824 2853 4879 dominicus
2892 4825 2960 4878 ad
2999 4837 3141 4878 recta
3163 4824 3371 4894 judicia
3412 4815 3776 4875 determinnds

2231 4920 2402 4988 fuerat
2427 4926 2547 4969 ante
2566 4915 2916 4983 episcopatum
2943 4916 3274 4968 constitutus.
3308 4911 3523 4976 Missus,
3551 4911 3601 4965 id
3621 4916 3695 4963 est
3715 4907 3774 4957 le-

2230 5016 2408 5076 gatus.
2458 5004 2734 5072 Frequens
2761 5011 2847 5057 est
2871 5002 3158 5056 missorum
3202 5002 3403 5056 mentio
3444 5003 3497 5055 in
3548 4996 3779 5069 Capitula

2231 5101 2407 5157 Caroli
2451 5100 2628 5177 Magni
2654 5108 2707 5153 et
2737 5098 2990 5173 Ludovici
3036 5097 3144 5161 Pii,
3174 5113 3401 5166 quorum
3433 5086 3660 5153 cilicium
3694 5092 3775 5145 hoc
3826 5112 3827 5171 ι

2231 5190 2407 5258 capite
2436 5188 2777 5244 describitur.
2824 5184 2988 5241 Misso
3043 5191 3225 5241 autem
3273 5188 3544 5241 dominico
3573 5182 3680 5239 fere
3700 5179 3777 5231 ad-
3824 5218 3825 5229 ι

2231 5280 2461 5326 dabatur
2505 5294 2725 5326 mmeu.
2754 5288 2816 5326 nt
2858 5282 3005 5326 natet
3054 5293 3120 5326 ex
3175 5275 3270 5326 lib.
3318 5294 3383 5326 ll‘
3414 5272 3775 5326 Canilulomm.
3824 5258 3825 5317 ‘
