3872 5326
131 438 222 493 569
1468 432 1542 489 ῘΝ
1583 434 1840 491 LIBRUM
1891 434 1954 488 ll.
3247 436 3374 494 370'-

128 568 231 621 περ.
256 546 491 611 6.9.10,
518 547 604 610 η,
633 548 721 611 l8,
749 548 842 609 25,
871 546 962 612 2i,
993 546 1085 610 25,
1112 543 1319 610 26,28,
1346 544 1435 607 52,
1466 553 1570 600 etc.
1602 544 1678 601 De
1708 555 1751 609 Α
1782 545 1951 600 cteris
2006 542 2302 612 probatur,
2359 555 2570 600 sextum
2643 560 2857 617 quoque
2909 548 3144 614 librum;
3196 566 3353 621 auem

129 646 293 699 bis~ct
332 639 521 694 Petrus
562 638 808 693 Pithoeus
870 639 923 693 in
970 637 1244 693 Glossario
1292 636 1672 706 capitulorum,
1781 633 2006 687 seorsim
2035 634 2186 702 ponit
2229 633 2498 699 Canisius,
2526 636 2692 706 ipsius
2737 652 2856 694 esse
2899 638 3200 711 llalitgarii,
3236 659 3354 709 seu,

128 732 271 786 verbo
294 728 443 785 Missi
488 728 761 791 dominici,
789 728 1134 785 Florentiuus
1162 727 1277 783 Van
1318 729 1416 783 der
1456 727 1596 783 llaer
1624 731 1675 782 in
1780 732 1838 778 ut
1882 722 2009 792 legit
2054 722 2358 779 Cbrouicon
2406 724 2822 791 Cameraceuse,
2876 728 2969 783 lib.
3018 747 3057 794 I,
3088 746 3209 802 cap.
3261 735 3351 797 38.

127 821 414 878 Castellanis
444 820 827 882 lnsuleusibus,
859 829 914 876 et
941 819 1134 875 Petrus
1154 818 1358 875 Louvet
1389 821 1441 874 iu
1472 818 1675 877 Hister.
1781 814 2115 870 llalitclsarii.
2150 816 2213 869 Hi
2258 816 2378 870 libri
2428 818 2620 873 merito
2660 820 2927 874 recenseri
2961 822 3158 878 debent
3212 824 3354 880 inter

127 912 489 977 Bellovacensi,
518 913 609 968 lib.
645 928 725 976 III,
749 929 798 966 e.
825 910 897 983 9.,
1779 908 1985 977 primos
2002 907 2288 961 casuistas.
2314 907 2500 962 Fuisse
2526 919 2704 963 tamen
2726 920 2781 964 et
2808 909 2942 965 alios
2965 912 3055 980 qui
3078 922 3202 967 ante
3221 923 3351 968 tem-

184 1004 243 1058 In
261 1005 337 1056 his
366 1020 569 1072 quoque
594 1004 765 1073 pagis,
798 1000 1109 1056 Dolomensc
1132 1002 1345 1066 scilicet,
1388 1001 1673 1074 Vongense,
1780 1006 1884 1051 tem
1914 998 2191 1069 llalitgarii
2217 1001 2285 1054 de
2331 1000 2519 1055 eodem
2551 1010 2867 1071 argumento
2895 1004 3262 1072 scripserunt,
3285 1020 3350 1063 ex

124 1104 217 1150 etc.
246 1092 332 1148 Sic
358 1093 543 1146 omnia
578 1094 695 1148 haec
742 1094 967 1151 nomina
992 1109 1090 1162 per
1124 1110 1151 1147 e
1190 1094 1375 1161 legunt
1402 1092 1513 1158 MS,
1546 1109 1677 1162 quo-
1778 1088 1891 1158 ipsa
1920 1088 2026 1143 hac
2052 1088 2255 1145 Ebouis
2299 1098 2513 1145 constat
2561 1090 2789 1161 epistola
2823 1105 2838 1144 :
2871 1101 3030 1146 utest
3074 1091 3354 1149 Paeniten-

126 1185 262 1240 modo
311 1184 440 1237 olim
493 1183 804 1253 frequenter
865 1183 1219 1253 loquebatur,
1259 1181 1401 1253 quod
1469 1191 1675 1239 servari
1779 1177 1904 1231 tiale
1931 1177 2258 1243 Romanum,
2290 1189 2346 1234 et
2376 1179 2642 1235 Theodori
2688 1182 3077 1252 archiepiscopi
3125 1184 3358 1240 Cantua-

126 1275 318 1349 placuit.
344 1274 443 1339 ω,
464 1274 789 1339 Dolomensi,
822 1273 1104 1345 Vongettsi,
1130 1284 1262 1339 etc.,
1291 1290 1389 1344 per
1416 1276 1456 1329 i.
1777 1270 1991 1333 ricnsis,
2018 1270 2086 1324 de
2110 1286 2218 1338 quo
2264 1270 2407 1326 Beda
2458 1273 2510 1326 in
2561 1272 2847 1329 Chronicis
2895 1276 2996 1330 sub
3026 1275 3350 1346 Dagoberto.

184 1362 240 1419 Ut
259 1365 473 1418 bonosct
491 1364 1098 1419 idoneosricedomnoset
1117 1363 1672 1420 advocatosltaberent.
1772 1357 1906 1413 118m
1940 1359 2077 1413 liber
2112 1359 2280 1428 ipSiIIS
2329 1360 2484 1415 Βθέῖεὲ
2537 1362 2603 1416 de
2667 1361 2940 1419 Remediis
2987 1374 3351 1435 pcccnturunl.

126 1455 203 1510 Sic
233 1453 295 1508 ll.
321 1452 563 1525 Caetera,
600 1453 982 1528 Vicedominos.
1032 1452 1109 1508 Dc
1154 1454 1239 1509 his
1263 1454 1593 1510 vicedoumis
1620 1464 1675 1509 et
1774 1448 2040 1504 Prrctcrca
2069 1448 2314 1507 Otliberti
2341 1460 2395 1507 et
2448 1453 2697 1509 llattonis
2726 1456 2959 1526 episcopi
3009 1457 3353 1522 BasileeusiS.

127 1530 369 1601 advocatis
394 1553 481 1600 est.
503 1534 795 1616 capitulum
827 1544 913 1608 ll,
943 1543 1034 1610 lib.
1070 1538 1143 1598 ιιι’
1176 1542 1672 1613 Capitulorum,ubi
1776 1537 1968 1593 deinde
2031 1539 2361 1611 Thcodulpbi
2410 1543 2818 1601 Aurelianensis
2846 1586 2861 1611 ,
2912 1546 3150 1611 Rabani,
3209 1558 3314 1604 etc.
3335 1587 3350 1611 ,

128 1619 342 1691 similiter
367 1634 568 1704 legitur
587 1633 916 1688 uicedomuis.
942 1631 1075 1691 Nam
1094 1633 1140 1688 si
1164 1642 1291 1688 tunc
1317 1650 1412 1704 pro
1433 1635 1672 1687 dominus
1776 1642 2004 1697 quorum
2036 1630 2277 1683 meminit
2304 1629 2595 1687 Rhenanus
2619 1633 2672 1687 in
2700 1643 3019 1704 argumento
3063 1636 3184 1689 libri
3216 1635 3351 1689 Ter—

124 1727 319 1787 domnus
338 1723 1013 1792 dicebatur,conformjter
1026 1725 1397 1781 viccdomnum
1422 1725 1673 1781 dicebam
1777 1718 1981 1774 tulliani
2009 1721 2077 1775 de
2102 1721 2447 1787 Pwuitentia,
2480 1732 2534 1778 et
2553 1723 2786 1779 Jacobus
2814 1723 3084 1779 Pamclius
3123 1724 3352 1778 adnota-

124 1827 171 1872 ει
192 1806 507 1873 scribebam.
1777 1809 1921 1864 tione
1948 1810 1971 1863 l
2003 1811 2072 1866 ad
2096 1813 2343 1868 eumdem
2373 1814 2589 1867 librum.
2617 1814 2772 1869 Patet
2798 1821 2978 1867 autem
3020 1829 3086 1867 ex
3113 1813 3215 1869 hoc
3246 1814 3352 1868 lla-

183 1908 271 1967 Hic
298 1907 567 1979 synodum
595 1907 856 1965 ἰωεηὶιω
883 1907 1125 1963 habuisse
1151 1923 1290 1962 anno
1320 1908 1384 1963 ab
1425 1910 1670 1963 ἱηεαηια-
1704 1910 1747 1968 ιι
1774 1900 1975 1982 litgarii
2003 1917 2165 1971 opere
2196 1904 2372 1959 adhuc
2422 1916 2533 1959 tum
2588 1905 2846 1976 temporis
2875 1905 3222 1975 pteniteutias
3252 1906 3352 1960 illl-

120 1996 656 2077 tiaaeDmnini-nostri
674 1992 802 2054 Iesu
823 2000 1138 2067 ChristiSH
1165 2001 1219 2057 in
1238 2000 1455 2055 ecclesia
1479 2000 1674 2056 Novio-
1776 1995 1902 2066 ροιιί
1937 1995 2113 2050 solere
2140 1998 2434 2057 secundum
2464 1999 2786 2067 exigellliam
2817 2015 3107 2054 canonum.

125 2086 278 2167 mensi.
304 2090 427 2147 llzec
447 2091 687 2164 synodus
707 2092 858 2145 deest
880 2092 930 2145 iu
965 2092 1125 2145 tomis
1155 2089 1536 2146 Couciliorum.
1570 2090 1676 2146 Sed
1848 2078 1955 2140 Ubi
1990 2103 2108 2140 cum
2133 2087 2224 2141 diu
2266 2099 2523 2143 orassent.
2558 2088 2648 2143 MS
2668 2129 2683 2154 ,
2736 2087 2908 2143 Deum
2959 2097 3213 2143 orassent.
3246 2087 3352 2144 Sed

127 2196 232 2239 tum.
264 2181 323 2239 ιιι
353 2183 588 2245 habetur
624 2181 922 2245 concilium
971 2179 1237 2255 Remense
1293 2182 1525 2251 primunt
1578 2180 1677 2236 sub
1776 2183 1879 2237 alia
1905 2182 2087 2248 lectio,
2119 2198 2239 2252 quae
2264 2196 2582 2238 cancrorum
2615 2193 2701 2239 est
2722 2183 3131 2253 exemplarium,
3158 2184 3351 2249 merito

126 2260 281 2327 eodem
308 2271 556 2327 Vulfario
602 2279 657 2326 et
705 2270 901 2327 Carolo
952 2272 1144 2343 Magno
1171 2272 1505 2327 celebratum
1536 2287 1676 2326 anno
1777 2270 2107 2341 prsel'erenda
2142 2281 2245 2337 est,
2272 2288 2390 2342 quae
2416 2274 2667 2344 congruit
2686 2288 2808 2327 cum
2831 2272 3088 2345 Thegano
3110 2274 3163 2327 in
3187 2289 3351 2344 opere

125 2364 403 2433 pneccdenti
436 2362 564 2427 8l'5,
601 2377 785 2417 mense
836 2360 995 2427 Maio,
1023 2363 1164 2431 quod
1224 2361 1387 2416 habet
1437 2360 1673 2431 capitula
1780 2361 1853 2414 De
1882 2361 2048 2429 gestis
2073 2361 2344 2417 Ludowici
2380 2362 2481 2427 Pii,
2526 2378 2646 2433 cap.
2682 2363 2774 2426 l6,
2811 2378 2879 2416 ex
2906 2378 3015 2432 quo
3064 2363 3353 2417 verisimile

124 2468 198 2506 seu
217 2468 448 2507 canones
476 2450 568 2506 44.
597 2449 764 2519 Cujus
801 2458 992 2509 auctor
1020 2460 1205 2506 noster
1234 2466 1357 2505 mox
1394 2450 1533 2504 infra
1565 2465 1677 2506 mc—
1774 2459 1860 2504 cst
1884 2448 2240 2506 Flodoardum
2272 2453 2571 2521 accepisse,
2601 2468 2722 2507 cum
2752 2452 2941 2506 iisdem
2964 2453 3128 2507 etiam
3172 2452 3352 2507 verbis

126 2542 268 2605 uiiuit,
305 2530 498 2597 dicens
529 2540 581 2595 in
612 2556 678 2596 eo
709 2540 1003 2595 constituta
1044 2540 1211 2595 fuisse
1240 2539 1470 2609 capitula
1503 2552 1673 2605 XLIII;
1776 2550 1981 2596 utatur.
2015 2541 2255 2614 Contigit
2278 2555 2459 2598 autem
2492 2553 2602 2599 tam
2626 2543 2824 2598 bellum
2879 2554 3068 2600 contra
3105 2543 3349 2607 Sclavos.

130 2633 204 2688 sed
226 2630 372 2687 facile
395 2632 520 2686 lieri
550 2632 724 2701 potuit
757 2642 814 2685 ut
839 2647 1004 2687 unum
1034 2631 1085 2685 in
1118 2631 1225 2685 duo
1250 2631 1600 2686 divideretur.
1776 2645 1937 2699 quam
1995 2630 2165 2700 ipsius
2213 2632 2468 2688 Ludovici
2523 2633 2577 2688 in
2640 2634 3023 2704 imperatorem
3069 2632 3349 2689 coronatio

176 2722 497 2794 Congregatis
532 2739 706 2777 secum
736 2722 1049 2793 coepiscopis
1084 2722 1193 2775 suis
1235 2718 1551 2786 Ilildoardo,
1575 2720 1677 2775 Er—
1776 2738 1919 2778 anno
1940 2724 2066 2789 816,
2098 2733 2155 2778 ut
2178 2735 2325 2795 patet
2341 2741 2409 2780 ex
2429 2726 2617 2781 eodem
2645 2725 2901 2796 Thegano
2940 2735 2996 2781 et
3025 2724 3276 2781 Baronio.

124 2829 322 2879 siccaue,
370 2812 552 2877 Jesse,
593 2811 960 2884 llagumberto,
1002 2811 1328 2877 Crimboldo,
1379 2812 1673 2880 Rotlrarrlo,
1846 2813 2141 2884 Apostolica
2193 2817 2521 2885 reperiuntur
2554 2816 2733 2870 munia
2771 2816 3070 2871 contulisse.
3112 2816 3207 2871 Sic
3231 2830 3350 2870 om—

125 2902 484 2971 ll‘endilmaro,
537 2903 842 2958 Ostroaldo.
892 2902 922 2959 J
966 2904 1153 2958 scribit
1198 2902 1507 2963 Hildoalda.
1551 2904 1676 2960 Erat
1781 2905 1868 2960 uia
1891 2906 2238 2976 exemplaria.
2265 2907 2577 2977 Legendum
2613 2907 2752 2963 forte
2776 2909 2899 2977 quis
2925 2908 3222 2963 arbitratur
3246 2908 3347 2963 im-

124 2993 193 3046 hic
213 2997 485 3065 episc0pus
512 2994 942 3057 Cameracensis,
968 2994 1202 3048 Ermeuo
1228 2992 1671 3061 Silvanectensis,
1774 2996 1995 3066 perialia
2018 3011 2114 3066 pro
2136 2998 2444 3069 apostolica.
2478 3006 2535 3053 ut
2563 3000 2614 3052 in
2665 2997 2953 3069 diplomate
2978 2998 3013 3053 2
3060 2999 3217 3069 hujus
3262 3014 3349 3053 ca-

124 3084 194 3151 qui
226 3085 271 3138 in
302 3085 502 3140 tabulis
530 3085 883 3140 Democharis
914 3093 1137 3139 vocatur
1164 3083 1491 3138 Herminius.
1522 3083 1674 3142 Jesse
1775 3086 1900 3155 pitis
1926 3104 1940 3141 :
1978 3107 1996 3138 ι
2032 3086 2332 3158 lmperialia
2364 3090 2689 3160 sumpsimus
2737 3089 2984 3161 insignia.
3026 3109 3044 3141 ι
3076 3089 3180 3144 Sed
3224 3104 3348 3143 vera

122 3175 496 3241 Auibiauensis;
530 3175 949 3247 Rugumbertus,
969 3176 1074 3240 vel,
1094 3185 1152 3230 ut
1172 3173 1266 3240 CJ,
1284 3174 1667 3245 Ragimbertus,
1776 3177 1936 3232 lectio
1959 3187 2041 3232 est
2066 3178 2352 3249 apostolica
2376 3182 2576 3240 munia.
2607 3178 2708 3234 hoc
2734 3188 2961 3249 estquae
2986 3193 3016 3232 a
3064 3176 3192 3233 sede
3220 3192 3347 3247 apo-

123 3266 507 3336 Bcllovacensis,
537 3269 622 3325 cui
650 3268 915 3325 successit
941 3268 999 3324 S.
1028 3267 1435 3333 Hildcmanuus,
1462 3268 1528 3322 de
1565 3283 1671 3339 quo
1701 3257 1743 3319 C
1775 3265 1965 3322 stolica
1987 3267 2225 3323 conferri
2274 3267 2470 3323 solent.
2499 3268 2628 3337 Ejus
2662 3268 2808 3323 enim
2840 3276 2926 3324 est
2965 3267 3346 3337 imperatorem

124 3360 234 3417 iulia
257 3379 370 3433 cap.
397 3364 492 3428 ‘20,
533 3362 623 3431 qui
666 3361 802 3417 obiit
829 3375 973 3416 anno
1003 3359 1132 3425 8—i8,
1161 3359 1248 3414 die
1275 3358 1307 3415 8
1337 3359 1667 3416 Decembris.
1773 3371 2056 3414 coronare.
2113 3358 2244 3425 Quae
2286 3357 2445 3414 lectio
2495 3360 2752 3428 probatur
2779 3372 2847 3413 ex
2899 3372 3018 3427 cap.
3050 3356 3117 3411 10
3146 3356 3240 3413 lib.
3265 3372 3347 3420 In,

124 3450 427 3508 Crimboldus
485 3452 839 3515 Mutinensis,
889 3450 981 3521 qui
1035 3446 1167 3505 alias
1228 3447 1567 3505 Grimbaldus
1617 3461 1672 3508 et
1774 3446 1865 3501 ubi
1897 3446 2133 3503 refertur
2160 3447 2302 3519 quod
2332 3448 2418 3503 hic
2460 3448 2658 3505 citatur
2692 3464 2758 3504 cx
2805 3447 3045 3505 Lotharii
3078 3448 3207 3519 imp.
3234 3446 3349 3518 epi-

125 3542 451 3598 Erembaldus.
489 3543 803 3598 Rothardus
826 3541 1252 3603 Suessiouensis,
1281 3541 1527 3610 quiinl’ra
1551 3556 1669 3619 cap.
1774 3543 1935 3599 stola.

122 3634 177 3687 20
196 3645 240 3691 et
264 3636 348 3692 lib.
378 3626 438 3692 III
475 3651 692 3704 semper
720 3632 995 3688 Rothadus
1023 3634 1329 3688 nominatur
1352 3635 1673 3689 inmunibus
1846 3633 1912 3689 Et
1937 3633 2219 3690 Lotlmriiis
2238 3637 2459 3691 adduxit
2478 3653 2651 3690 secum
2672 3646 2868 3705 patrem
2883 3637 2952 3690 ad
2971 3634 3341 3706 Compendinm

123 3725 213 3780 fere
237 3724 650 3796 exemplaribus,
674 3741 794 3796 quae
822 3725 910 3781 hic
936 3724 1174 3780 variant.
1197 3723 1254 3780 ln
1280 3725 1440 3781 tomis
1463 3725 1670 3789 Concil.
1771 3724 2044 3793 palatium,
2070 3729 2158 3781 ubi
2177 3744 2294 3782 eum
2316 3728 2497 3797 afﬂixit
2522 3744 2637 3781 cum
2678 3729 2949 3797 episcopis.
2983 3728 3174 3782 Exstat
3198 3726 3342 3782 Gou-

120 3825 164 3869 ct
190 3824 300 3871 tom.
329 3816 392 3871 Ill
437 3816 788 3872 Bibliotheca:
839 3815 1060 3869 Patrum
1115 3814 1367 3870 secunda:
1423 3816 1674 3871 editionis
1773 3815 2018 3871 ciliorum
2050 3828 2180 3873 tom.
2236 3820 2297 3872 Ill
2329 3818 2613 3873 concilium
2658 3810 2796 3888 apud
2845 3817 3255 3891 Compendium,
3290 3820 3343 3873 in

125 3904 377 3963 Rolbaldus
415 3908 640 3980 legitur.
666 3907 1067 3964 Wendilmarus
1111 3914 1231 3963 crat
1258 3908 1541 3980 cpiscopus
1567 3908 1674 3964 Nov
1772 3922 1878 3976 quo
1899 3906 2200 3962 Ludovicus
2229 3908 2357 3977 imp.
2385 3908 2669 3977 deponitur
2697 3923 2840 3963 anno
2863 3907 2992 3964 853.

122 3997 392 4066 viomensis,
422 3999 751 4057 O'stroaldus
772 3999 1171 4059 Lauduncnsis.
1842 3996 2171 4052 Moderamni
2201 3998 2517 4053 Redoucnsis
2552 3996 2797 4067 episcopi.
2838 3997 2929 4054 Sic
2972 4005 3118 4052 recte
3143 3996 3184 4052 S
3217 3995 3336 4059 .etJ

176 4088 483 4144 Adulbardo.
509 4088 603 4155 Cl,
637 4089 933 4144 Adalardo.
1347 4160 1361 4173 ι
1771 4095 1826 4143 et
1843 4090 2023 4145 omnia
2072 4090 2402 4162 exemplaria
2421 4105 2538 4160 cap.
2562 4090 2653 4153 ΞΟ,
2690 4089 2785 4145 lib.
2815 4105 2852 4157 ι.
2882 4089 3088 4151 Gallice
3115 4094 3344 4147 vertitur

177 4178 414 4248 Fulrado,
437 4185 654 4238 Ericlra.
684 4183 775 4239 Sic
805 4183 846 4239 C
867 4193 919 4238 et
939 4181 988 4239 J.
1008 4183 1153 4247 Alia,
1177 4181 1432 4252 Fotrado,
1454 4184 1670 4242 Ετῑωιο,
1770 4179 1836 4234 de
1858 4180 2081 4236 chnes.
2110 4182 2202 4237 list
2217 4192 2397 4237 autem
2418 4182 2518 4237 sub
2535 4182 2998 4255 archiepiscopatn
3014 4184 3341 4241 Turonensi.

122 4270 255 4329 Paule
283 4270 544 4348 post,,pro
575 4274 789 4338 Omero,
816 4274 913 4342 'CJ,
949 4275 1077 4345 legit
1100 4275 1313 4330 OtIIero.
1771 4273 1977 4328 Caetera
2003 4274 2330 4344 exemplaria
2382 4272 2811 4346 Rolliomagensis
2850 4275 3222 4345 archiepiscopi
3257 4276 3349 4331 hic

177 4372 232 4426 ld
245 4387 338 4442 est,
362 4375 595 4442 Varium,
612 4373 749 4429 Urbs
767 4392 1000 4445 campus,
1019 4374 1331 4444 ’l'rapiacus,
1346 4374 1665 4439 Jerusalem,

1813 4365 2043 4433 Igcbant.
2081 4364 2234 4431 Quod
2265 4380 2328 4419 ex
2356 4381 2421 4421 eo
2446 4366 2810 4422 vcrisimiliter
2834 4366 3031 4424 accidit
3079 4366 3221 4436 quod
3247 4382 3342 4436 pro

126 4461 595 4530 llarbaudianisra,
646 4469 757 4521 sive
811 4464 1028 4520 ecclesia
1083 4464 1140 4521 S.
1191 4464 1520 4537 Leodegarii.
1579 4468 1655 4523 Sit

1815 4454 2097 4510 Cedonensis
2126 4457 2322 4528 aliquis
2364 4459 2643 4528 scripserit
2699 4458 3064 4525 Rodomeusis,
3096 4476 3194 4529 pro
3239 4476 3344 4529 quo

122 4555 438 4624 cxctuplaria,
471 4556 576 4611 nisi
604 4556 748 4625 quod
791 4555 845 4609 in
873 4553 966 4609 MS
1004 4554 1075 4609 sit
1107 4553 1356 4622 Varinne,
1384 4568 1440 4613 et
1464 4569 1651 4628 postre‘

1813 4543 1911 4599 lius
1948 4546 2168 4615 scripsit
2198 4546 2642 4617 Rothomagensis.
2683 4547 2817 4601 Nam
2848 4548 3212 4618 Ilotbomagus
3238 4548 3342 4604 alio

121 4609 483 4701 mum'indtio
531 4609 756 4709 dividat,
807 4645 1034 4715 legens:
1078 4609 1650 4713 ιιαενςιιᾶιῖἆίξιᾷὧὶᾷ.

1814 4637 1987 4691 omine
2018 4635 2257 4690 Rodoma
2310 4646 2364 4691 et
2416 4637 2686 4692 Rodomus
2733 4637 2954 4703 dicitur,
2985 4648 3043 4691 ut
3085 4609 3246 4707 supra
3277 4640 3343 4693 ad

121 4730 222 4797 Qua:
265 4736 518 4792 Nicolaus
566 4736 844 4792 Cbesneau
899 4734 1102 4791 Gallice
1139 4738 1345 4793 vertit:
1386 4738 1650 4797 Varesucs.

1813 4743 1888 4797 ip.
1933 4729 1998 4782 16
2029 4727 2396 4795 probavimus.
2426 4728 2577 4781 Adde
2601 4728 2743 4797 quod
2769 4727 2821 4779 iu
2862 4728 3108 4799 catalogo
3135 4728 3342 4787 Ruthe-

121 4822 334 4899 Urcamp,
367 4830 552 4900 Trapi,
581 4830 934 4895 Hierusalem,
963 4828 1272 4884 llerbaudia
1303 4833 1463 4902 rispa.

1811 4819 2107 4889 Iagcnsium
2175 4817 2702 4887 archiepiscoporum
2761 4819 2901 4887 apud
2956 4818 3340 4877 Democharem

173 4915 238 4971 De
269 4938 479 4975 annona
506 4923 668 4976 modii
698 4936 1058 4977 unccccuxv.
1086 4921 1175 4978 Sic
1200 4922 1250 4986 J,
1279 4925 1372 4978 sed
1409 4924 1502 4982 MS
1529 4944 1663 4998 pmi-
1760 4909 1946 4965 “unus
1978 4910 2284 4963 invenimur
2311 4908 2712 4965 Μοδθνθωηυεο

120 5011 333 5066 termittit
355 5028 545 5068 vocem
580 5014 759 5080 modii,
789 5023 845 5068 ut
870 5014 1083 5068 dubium
1105 5014 1176 5069 sit
1203 5031 1268 5069 an
1303 5016 1431 5070 illud
1460 5034 1531 5072 Ito
1558 5036 1678 5074 noti.
2372 4998 2597 5056 CAPUT
2633 5001 2749 5061 XX.

120 5098 171 5150 sit
197 5103 365 5165 modii,
400 5089 469 5156 ut
488 5103 650 5172 paulo
676 5115 795 5172 post
843 5104 894 5158 in
929 5102 1020 5158 MS
1051 5104 1308 5158 scribitur
1332 5106 1442 5158 md.
1467 5107 1516 5176 j.
1546 5107 1649 5179 lijo.

1837 5090 2146 5162 Requirentc
2176 5093 2518 5160 postmodum
2540 5109 2679 5162 papa
2721 5088 2950 5148 Nicolao
2994 5099 3059 5151 ab
3099 5092 3347 5165 episcopis

119 5189 217 5252 sini,
243 5192 338 5247 hoc
363 5205 443 5248 εει
478 5195 642 5248 modii
674 5195 815 5248 mille
839 5194 1226 5264 quinquaginta
1255 5193 1362 5250 duo
1390 5195 1521 5251 viui.
1768 5181 1977 5243 Gallica,
2007 5184 2332 5253 maximeque
2356 5182 2579 5252 Belgica:
2603 5183 2909 5255 provinciae,
2946 5188 3060 5243 ha’c
3082 5192 3219 5242 inter
3243 5184 3347 5236 alia

672 5284 896 5326 ntpn'r
926 5284 1040 5326 ἲιῖ
1762 5274 1818 5326 in
1850 5273 2107 5326 responsis
2134 5274 2347 5326 accepit.
2376 5273 2489 5326 Non
2515 5282 2718 5326 exstat.
2758 5271 2950 5326 saltem
3010 5279 3209 5326 nimie-
3234 5273 3349 5326 eoi-
