  <div class='ocr_page' id='page_1' title='image "/cluster/home/n/w/nwhite01/storage/ocr_20150623/135/hvd.32044015471758/191.png"; bbox 0 0 3872 5326; ppageno 0'>
   <div class='ocr_carea' id='block_1_1' title="bbox 510 324 609 400">
    <p class='ocr_par' dir='ltr' id='par_1_1' title="bbox 510 324 609 400">
     <span class='ocr_line' id='line_1_1' title="bbox 510 324 609 400; baseline 0 -1"><span class='ocrx_word' id='word_1_1' title='bbox 510 324 609 400; x_wconf 68' lang='grc' dir='ltr'><strong>δτι</strong></span> 
     </span>
    </p>
   </div>
   <div class='ocr_carea' id='block_1_2' title="bbox 1254 306 2986 398">
    <p class='ocr_par' dir='ltr' id='par_1_2' title="bbox 1254 306 2986 398">
     <span class='ocr_line' id='line_1_2' title="bbox 1254 306 2986 398; baseline -0.006 0"><span class='ocrx_word' id='word_1_2' title='bbox 1254 340 1668 398; x_wconf 68' lang='lat' dir='ltr'><strong>COLVENERI:</strong></span> <span class='ocrx_word' id='word_1_3' title='bbox 1715 306 2004 396; x_wconf 73' lang='lat' dir='ltr'><strong>SCIIOLlA</strong></span> <span class='ocrx_word' id='word_1_4' title='bbox 2028 320 2110 393; x_wconf 10' lang='lat' dir='ltr'><strong>VIN</strong></span> <span class='ocrx_word' id='word_1_5' title='bbox 2146 336 2324 393; x_wconf 79' lang='lat' dir='ltr'><strong>lllST.</strong></span> <span class='ocrx_word' id='word_1_6' title='bbox 2367 333 2667 391; x_wconf 69' lang='lat' dir='ltr'><strong>REMENS.</strong></span> <span class='ocrx_word' id='word_1_7' title='bbox 2706 333 2986 391; x_wconf 80' lang='lat' dir='ltr'><strong>ECCLES.</strong></span> 
     </span>
    </p>
   </div>
   <div class='ocr_carea' id='block_1_3' title="bbox 3647 335 3731 385">
    <p class='ocr_par' dir='ltr' id='par_1_3' title="bbox 3647 335 3731 385">
     <span class='ocr_line' id='line_1_3' title="bbox 3647 335 3731 385; baseline -0.012 0"><span class='ocrx_word' id='word_1_8' title='bbox 3647 335 3731 385; x_wconf 68' lang='grc'><strong>572</strong></span> 
     </span>
    </p>
   </div>
   <div class='ocr_carea' id='block_1_4' title="bbox 513 445 3732 537">
    <p class='ocr_par' dir='ltr' id='par_1_4' title="bbox 513 445 3732 537">
     <span class='ocr_line' id='line_1_4' title="bbox 513 445 3732 537; baseline -0.007 -16"><span class='ocrx_word' id='word_1_9' title='bbox 513 465 788 537; x_wconf 52' lang='lat' dir='ltr'><strong>“nullum,</strong></span> <span class='ocrx_word' id='word_1_10' title='bbox 819 464 885 529; x_wconf 88' lang='lat' dir='ltr'><strong>C,</strong></span> <span class='ocrx_word' id='word_1_11' title='bbox 932 462 1236 532; x_wconf 78' lang='lat' dir='ltr'><strong>Arnulfum.</strong></span> <span class='ocrx_word' id='word_1_12' title='bbox 1288 460 1630 515; x_wconf 80' lang='lat' dir='ltr'><strong>Badaradnm</strong></span> <span class='ocrx_word' id='word_1_13' title='bbox 1688 457 1933 529; x_wconf 70' lang='lat' dir='ltr'><strong>leguntC</strong></span> <span class='ocrx_word' id='word_1_14' title='bbox 1962 446 2030 511; x_wconf 30' lang='lat' dir='ltr'><strong>&#39;et</strong></span> <span class='ocrx_word' id='word_1_15' title='bbox 2058 454 2088 509; x_wconf 83' lang='lat' dir='ltr'><strong>.l</strong></span> <span class='ocrx_word' id='word_1_16' title='bbox 2122 460 2167 518; x_wconf 73' lang='grc' dir='ltr'><strong>Α</strong></span> <span class='ocrx_word' id='word_1_17' title='bbox 2195 453 2551 524; x_wconf 76' lang='lat' dir='ltr'><strong>tingentesimo</strong></span> <span class='ocrx_word' id='word_1_18' title='bbox 2608 452 2871 505; x_wconf 72' lang='lat' dir='ltr'><strong>tricesimo</strong></span> <span class='ocrx_word' id='word_1_19' title='bbox 2917 453 3131 521; x_wconf 76' lang='lat' dir='ltr'><strong>quinto,</strong></span> <span class='ocrx_word' id='word_1_20' title='bbox 3183 464 3322 502; x_wconf 84' lang='lat' dir='ltr'><strong>anno</strong></span> <span class='ocrx_word' id='word_1_21' title='bbox 3367 447 3523 502; x_wconf 84' lang='lat' dir='ltr'><strong>etiam</strong></span> <span class='ocrx_word' id='word_1_22' title='bbox 3560 445 3732 537; x_wconf 70' lang='lat' dir='ltr'><strong>imperii</strong></span> 
     </span>
    </p>
   </div>
   <div class='ocr_carea' id='block_1_5' title="bbox 511 552 2091 632">
    <p class='ocr_par' dir='ltr' id='par_1_5' title="bbox 511 552 2091 632">
     <span class='ocr_line' id='line_1_5' title="bbox 511 552 2091 632; baseline -0.008 -16"><span class='ocrx_word' id='word_1_23' title='bbox 511 560 779 632; x_wconf 83' lang='lat' dir='ltr'><strong>quomodo</strong></span> <span class='ocrx_word' id='word_1_24' title='bbox 800 566 852 614; x_wconf 87' lang='lat' dir='ltr'><strong>et</strong></span> <span class='ocrx_word' id='word_1_25' title='bbox 877 554 1015 613; x_wconf 82' lang='lat' dir='ltr'><strong>infra</strong></span> <span class='ocrx_word' id='word_1_26' title='bbox 1040 556 1233 627; x_wconf 78' lang='lat' dir='ltr'><strong>legitur</strong></span> <span class='ocrx_word' id='word_1_27' title='bbox 1252 556 1356 610; x_wconf 87' lang='lat' dir='ltr'><strong>hoc</strong></span> <span class='ocrx_word' id='word_1_28' title='bbox 1381 555 1569 609; x_wconf 86' lang='lat' dir='ltr'><strong>eodem</strong></span> <span class='ocrx_word' id='word_1_29' title='bbox 1596 554 1759 623; x_wconf 78' lang='lat' dir='ltr'><strong>capit.</strong></span> <span class='ocrx_word' id='word_1_30' title='bbox 1807 552 1940 607; x_wconf 84' lang='lat' dir='ltr'><strong>satis</strong></span> <span class='ocrx_word' id='word_1_31' title='bbox 1964 564 2091 605; x_wconf 89' lang='lat' dir='ltr'><strong>con-</strong></span> 
     </span>
    </p>
   </div>
   <div class='ocr_carea' id='block_1_6' title="bbox 509 642 2087 716">
    <p class='ocr_par' dir='ltr' id='par_1_6' title="bbox 509 642 2087 716">
     <span class='ocr_line' id='line_1_6' title="bbox 509 642 2087 716; baseline -0.006 -12"><span class='ocrx_word' id='word_1_32' title='bbox 509 651 759 706; x_wconf 75' lang='lat' dir='ltr'><strong>formiter</strong></span> <span class='ocrx_word' id='word_1_33' title='bbox 779 648 848 704; x_wconf 86' lang='lat' dir='ltr'><strong>ab</strong></span> <span class='ocrx_word' id='word_1_34' title='bbox 875 647 1149 711; x_wconf 90' lang='lat' dir='ltr'><strong>omnibus,</strong></span> <span class='ocrx_word' id='word_1_35' title='bbox 1183 646 1287 701; x_wconf 88' lang='lat' dir='ltr'><strong>nisi</strong></span> <span class='ocrx_word' id='word_1_36' title='bbox 1309 647 1451 716; x_wconf 89' lang='lat' dir='ltr'><strong>quod</strong></span> <span class='ocrx_word' id='word_1_37' title='bbox 1481 644 1574 700; x_wconf 81' lang='lat' dir='ltr'><strong>MS</strong></span> <span class='ocrx_word' id='word_1_38' title='bbox 1603 644 1800 699; x_wconf 86' lang='lat' dir='ltr'><strong>habeat</strong></span> <span class='ocrx_word' id='word_1_39' title='bbox 1821 642 2087 696; x_wconf 78' lang='lat' dir='ltr'><strong>Baradus.</strong></span> 
     </span>
    </p>
   </div>
   <div class='ocr_carea' id='block_1_7' title="bbox 511 734 2089 811">
    <p class='ocr_par' dir='ltr' id='par_1_7' title="bbox 511 734 2089 811">
     <span class='ocr_line' id='line_1_7' title="bbox 511 734 2089 811; baseline -0.006 -14"><span class='ocrx_word' id='word_1_40' title='bbox 511 740 777 797; x_wconf 74' lang='lat' dir='ltr'><strong>Similiter</strong></span> <span class='ocrx_word' id='word_1_41' title='bbox 802 749 856 796; x_wconf 88' lang='lat' dir='ltr'><strong>et</strong></span> <span class='ocrx_word' id='word_1_42' title='bbox 878 739 1115 811; x_wconf 79' lang='lat' dir='ltr'><strong>synodus</strong></span> <span class='ocrx_word' id='word_1_43' title='bbox 1138 737 1566 803; x_wconf 84' lang='lat' dir='ltr'><strong>Suessionensis,</strong></span> <span class='ocrx_word' id='word_1_44' title='bbox 1594 737 1660 792; x_wconf 92' lang='lat' dir='ltr'><strong>de</strong></span> <span class='ocrx_word' id='word_1_45' title='bbox 1679 751 1784 806; x_wconf 91' lang='lat' dir='ltr'><strong>qua</strong></span> <span class='ocrx_word' id='word_1_46' title='bbox 1802 734 1902 790; x_wconf 86' lang='lat' dir='ltr'><strong>sub</strong></span> <span class='ocrx_word' id='word_1_47' title='bbox 1930 735 2089 789; x_wconf 83' lang='lat' dir='ltr'><strong>tinem</strong></span> 
     </span>
    </p>
   </div>
   <div class='ocr_carea' id='block_1_8' title="bbox 510 826 2091 904">
    <p class='ocr_par' dir='ltr' id='par_1_8' title="bbox 510 826 2091 904">
     <span class='ocr_line' id='line_1_8' title="bbox 510 826 2091 904; baseline -0.004 -18"><span class='ocrx_word' id='word_1_48' title='bbox 510 833 671 904; x_wconf 81' lang='lat' dir='ltr'><strong>hujus</strong></span> <span class='ocrx_word' id='word_1_49' title='bbox 700 832 918 902; x_wconf 87' lang='lat' dir='ltr'><strong>capitis,</strong></span> <span class='ocrx_word' id='word_1_50' title='bbox 946 831 1076 904; x_wconf 83' lang='lat' dir='ltr'><strong>legit</strong></span> <span class='ocrx_word' id='word_1_51' title='bbox 1113 830 1453 884; x_wconf 84' lang='lat' dir='ltr'><strong>Badaradum</strong></span> <span class='ocrx_word' id='word_1_52' title='bbox 1479 839 1532 884; x_wconf 91' lang='lat' dir='ltr'><strong>et</strong></span> <span class='ocrx_word' id='word_1_53' title='bbox 1580 829 1836 897; x_wconf 69' lang='lat' dir='ltr'><strong>Aiullum.</strong></span> <span class='ocrx_word' id='word_1_54' title='bbox 1897 826 1990 881; x_wconf 80' lang='lat' dir='ltr'><strong>MS</strong></span> <span class='ocrx_word' id='word_1_55' title='bbox 2037 835 2091 880; x_wconf 87' lang='lat' dir='ltr'><strong>et</strong></span> 
     </span>
    </p>
   </div>
   <div class='ocr_carea' id='block_1_9' title="bbox 512 922 1527 994">
    <p class='ocr_par' dir='ltr' id='par_1_9' title="bbox 512 922 1527 994">
     <span class='ocr_line' id='line_1_9' title="bbox 512 922 1527 994; baseline -0.002 -15"><span class='ocrx_word' id='word_1_56' title='bbox 512 926 559 979; x_wconf 69' lang='lat' dir='ltr'><strong>lt</strong></span> <span class='ocrx_word' id='word_1_57' title='bbox 590 928 694 982; x_wconf 87' lang='lat' dir='ltr'><strong>hoc</strong></span> <span class='ocrx_word' id='word_1_58' title='bbox 719 925 837 980; x_wconf 92' lang='lat' dir='ltr'><strong>loco</strong></span> <span class='ocrx_word' id='word_1_59' title='bbox 874 923 1227 978; x_wconf 86' lang='lat' dir='ltr'><strong>Hadaradum</strong></span> <span class='ocrx_word' id='word_1_60' title='bbox 1256 922 1527 994; x_wconf 82' lang='lat' dir='ltr'><strong>legebant.</strong></span> 
     </span>
    </p>
   </div>
   <div class='ocr_carea' id='block_1_10' title="bbox 584 1031 2089 1105">
    <p class='ocr_par' dir='ltr' id='par_1_10' title="bbox 584 1031 2089 1105">
     <span class='ocr_line' id='line_1_10' title="bbox 584 1031 2089 1105; baseline -0.007 -12"><span class='ocrx_word' id='word_1_61' title='bbox 584 1038 731 1104; x_wconf 78' lang='lat' dir='ltr'><strong>Quos</strong></span> <span class='ocrx_word' id='word_1_62' title='bbox 750 1036 1035 1092; x_wconf 79' lang='lat' dir='ltr'><strong>secundum</strong></span> <span class='ocrx_word' id='word_1_63' title='bbox 1061 1035 1255 1104; x_wconf 79' lang='lat' dir='ltr'><strong>Africtc</strong></span> <span class='ocrx_word' id='word_1_64' title='bbox 1287 1034 1564 1103; x_wconf 74' lang='lat' dir='ltr'><strong>provincia:</strong></span> <span class='ocrx_word' id='word_1_65' title='bbox 1605 1049 1829 1105; x_wconf 75' lang='lat' dir='ltr'><strong>canones</strong></span> <span class='ocrx_word' id='word_1_66' title='bbox 1868 1031 2089 1102; x_wconf 82' lang='lat' dir='ltr'><strong>elegerat</strong></span> 
     </span>
    </p>
   </div>
   <div class='ocr_carea' id='block_1_11' title="bbox 509 1120 2091 1192">
    <p class='ocr_par' dir='ltr' id='par_1_11' title="bbox 509 1120 2091 1192">
     <span class='ocr_line' id='line_1_11' title="bbox 509 1120 2091 1192; baseline -0.006 -9"><span class='ocrx_word' id='word_1_67' title='bbox 509 1128 613 1183; x_wconf 75' lang='lat' dir='ltr'><strong>sibi</strong></span> <span class='ocrx_word' id='word_1_68' title='bbox 640 1126 860 1191; x_wconf 78' lang='lat' dir='ltr'><strong>iudices.</strong></span> <span class='ocrx_word' id='word_1_69' title='bbox 903 1124 1202 1180; x_wconf 86' lang='lat' dir='ltr'><strong>Concilium</strong></span> <span class='ocrx_word' id='word_1_70' title='bbox 1252 1123 1583 1185; x_wconf 81' lang='lat' dir='ltr'><strong>Africanum,</strong></span> <span class='ocrx_word' id='word_1_71' title='bbox 1627 1123 1768 1192; x_wconf 89' lang='lat' dir='ltr'><strong>quod</strong></span> <span class='ocrx_word' id='word_1_72' title='bbox 1806 1120 2091 1189; x_wconf 77' lang='lat' dir='ltr'><strong>aliquoties</strong></span> 
     </span>
    </p>
   </div>
   <div class='ocr_carea' id='block_1_12' title="bbox 510 1209 2089 1286">
    <p class='ocr_par' dir='ltr' id='par_1_12' title="bbox 510 1209 2089 1286">
     <span class='ocr_line' id='line_1_12' title="bbox 510 1209 2089 1286; baseline -0.006 -14"><span class='ocrx_word' id='word_1_73' title='bbox 510 1219 617 1272; x_wconf 77' lang='lat' dir='ltr'><strong>hoc</strong></span> <span class='ocrx_word' id='word_1_74' title='bbox 640 1232 760 1286; x_wconf 85' lang='lat' dir='ltr'><strong>cap.</strong></span> <span class='ocrx_word' id='word_1_75' title='bbox 787 1216 1008 1280; x_wconf 88' lang='lat' dir='ltr'><strong>citatur,</strong></span> <span class='ocrx_word' id='word_1_76' title='bbox 1035 1213 1160 1268; x_wconf 89' lang='lat' dir='ltr'><strong>illud</strong></span> <span class='ocrx_word' id='word_1_77' title='bbox 1189 1228 1305 1269; x_wconf 85' lang='lat' dir='ltr'><strong>esse</strong></span> <span class='ocrx_word' id='word_1_78' title='bbox 1330 1215 1538 1268; x_wconf 79' lang='lat' dir='ltr'><strong>videtur</strong></span> <span class='ocrx_word' id='word_1_79' title='bbox 1562 1213 1701 1282; x_wconf 84' lang='lat' dir='ltr'><strong>quod</strong></span> <span class='ocrx_word' id='word_1_80' title='bbox 1723 1220 1900 1267; x_wconf 76' lang='lat' dir='ltr'><strong>exstat</strong></span> <span class='ocrx_word' id='word_1_81' title='bbox 1925 1221 2050 1265; x_wconf 88' lang='lat' dir='ltr'><strong>tom.</strong></span> <span class='ocrx_word' id='word_1_82' title='bbox 2072 1209 2089 1263; x_wconf 96' lang='lat' dir='ltr'><strong>l</strong></span> 
     </span>
    </p>
   </div>
   <div class='ocr_carea' id='block_1_13' title="bbox 509 1300 2089 1374">
    <p class='ocr_par' dir='ltr' id='par_1_13' title="bbox 509 1300 2089 1374">
     <span class='ocr_line' id='line_1_13' title="bbox 509 1300 2089 1374; baseline -0.004 -13"><span class='ocrx_word' id='word_1_83' title='bbox 509 1305 717 1363; x_wconf 89' lang='lat' dir='ltr'><strong>Concil.</strong></span> <span class='ocrx_word' id='word_1_84' title='bbox 734 1347 751 1371; x_wconf 96' lang='lat'><strong>,</strong></span> <span class='ocrx_word' id='word_1_85' title='bbox 783 1304 1024 1360; x_wconf 85' lang='lat' dir='ltr'><strong>habitum</strong></span> <span class='ocrx_word' id='word_1_86' title='bbox 1051 1304 1150 1359; x_wconf 87' lang='lat' dir='ltr'><strong>sub</strong></span> <span class='ocrx_word' id='word_1_87' title='bbox 1171 1302 1514 1374; x_wconf 81' lang='lat' dir='ltr'><strong>pontiﬁcibus</strong></span> <span class='ocrx_word' id='word_1_88' title='bbox 1538 1302 1814 1358; x_wconf 82' lang='lat' dir='ltr'><strong>Bonifacio</strong></span> <span class='ocrx_word' id='word_1_89' title='bbox 1840 1312 1893 1356; x_wconf 88' lang='lat' dir='ltr'><strong>ct</strong></span> <span class='ocrx_word' id='word_1_90' title='bbox 1912 1300 2089 1357; x_wconf 77' lang='lat' dir='ltr'><strong>Coele-</strong></span> 
     </span>
    </p>
   </div>
   <div class='ocr_carea' id='block_1_14' title="bbox 510 1395 2088 1466">
    <p class='ocr_par' dir='ltr' id='par_1_14' title="bbox 510 1395 2088 1466">
     <span class='ocr_line' id='line_1_14' title="bbox 510 1395 2088 1466; baseline -0.002 -15"><span class='ocrx_word' id='word_1_91' title='bbox 510 1396 678 1451; x_wconf 89' lang='lat' dir='ltr'><strong>stino.</strong></span> <span class='ocrx_word' id='word_1_92' title='bbox 706 1395 1045 1451; x_wconf 87' lang='lat' dir='ltr'><strong>Suntautem</strong></span> <span class='ocrx_word' id='word_1_93' title='bbox 1072 1410 1307 1450; x_wconf 84' lang='lat' dir='ltr'><strong>canones</strong></span> <span class='ocrx_word' id='word_1_94' title='bbox 1347 1395 1682 1450; x_wconf 83' lang='lat' dir='ltr'><strong>diversorum</strong></span> <span class='ocrx_word' id='word_1_95' title='bbox 1736 1395 2088 1466; x_wconf 83' lang='lat' dir='ltr'><strong>conciliorum</strong></span> 
     </span>
    </p>
   </div>
   <div class='ocr_carea' id='block_1_15' title="bbox 508 1486 2089 1559">
    <p class='ocr_par' dir='ltr' id='par_1_15' title="bbox 508 1486 2089 1559">
     <span class='ocr_line' id='line_1_15' title="bbox 508 1486 2089 1559; baseline -0.003 -14"><span class='ocrx_word' id='word_1_96' title='bbox 508 1489 778 1545; x_wconf 69' lang='lat' dir='ltr'><strong>Africam</strong></span> <span class='ocrx_word' id='word_1_97' title='bbox 822 1489 1110 1559; x_wconf 83' lang='lat' dir='ltr'><strong>provinciae</strong></span> <span class='ocrx_word' id='word_1_98' title='bbox 1159 1503 1388 1544; x_wconf 90' lang='lat' dir='ltr'><strong>numero</strong></span> <span class='ocrx_word' id='word_1_99' title='bbox 1418 1488 1539 1543; x_wconf 77' lang='grc'><strong>105.</strong></span> <span class='ocrx_word' id='word_1_100' title='bbox 1580 1486 1730 1555; x_wconf 86' lang='lat' dir='ltr'><strong>Quod</strong></span> <span class='ocrx_word' id='word_1_101' title='bbox 1763 1488 1850 1542; x_wconf 85' lang='lat' dir='ltr'><strong>hic</strong></span> <span class='ocrx_word' id='word_1_102' title='bbox 1888 1488 2089 1542; x_wconf 86' lang='lat' dir='ltr'><strong>citatur</strong></span> 
     </span>
    </p>
   </div>
   <div class='ocr_carea' id='block_1_16' title="bbox 511 1583 2090 1656">
    <p class='ocr_par' dir='ltr' id='par_1_16' title="bbox 511 1583 2090 1656">
     <span class='ocr_line' id='line_1_16' title="bbox 511 1583 2090 1656; baseline 0.001 -19"><span class='ocrx_word' id='word_1_103' title='bbox 511 1583 742 1639; x_wconf 85' lang='lat' dir='ltr'><strong>habetur</strong></span> <span class='ocrx_word' id='word_1_104' title='bbox 777 1600 895 1655; x_wconf 88' lang='lat' dir='ltr'><strong>cap.</strong></span> <span class='ocrx_word' id='word_1_105' title='bbox 933 1585 1024 1649; x_wconf 77' lang='lat'><strong>6&#39;5,</strong></span> <span class='ocrx_word' id='word_1_106' title='bbox 1049 1587 1193 1656; x_wconf 88' lang='lat' dir='ltr'><strong>quod</strong></span> <span class='ocrx_word' id='word_1_107' title='bbox 1240 1586 1552 1643; x_wconf 83' lang='lat' dir='ltr'><strong>nominatim</strong></span> <span class='ocrx_word' id='word_1_108' title='bbox 1593 1586 1725 1641; x_wconf 86' lang='lat' dir='ltr'><strong>citat</strong></span> <span class='ocrx_word' id='word_1_109' title='bbox 1769 1585 2090 1639; x_wconf 80' lang='lat' dir='ltr'><strong>lliucmarus</strong></span> 
     </span>
    </p>
   </div>
   <div class='ocr_carea' id='block_1_17' title="bbox 509 1674 2088 1748">
    <p class='ocr_par' dir='ltr' id='par_1_17' title="bbox 509 1674 2088 1748">
     <span class='ocr_line' id='line_1_17' title="bbox 509 1674 2088 1748; baseline 0.001 -20"><span class='ocrx_word' id='word_1_110' title='bbox 509 1675 566 1729; x_wconf 89' lang='lat' dir='ltr'><strong>in</strong></span> <span class='ocrx_word' id='word_1_111' title='bbox 592 1677 786 1733; x_wconf 88' lang='lat' dir='ltr'><strong>concil.</strong></span> <span class='ocrx_word' id='word_1_112' title='bbox 815 1676 1212 1742; x_wconf 87' lang='lat' dir='ltr'><strong>Suessionensi,</strong></span> <span class='ocrx_word' id='word_1_113' title='bbox 1243 1678 1309 1733; x_wconf 89' lang='lat' dir='ltr'><strong>de</strong></span> <span class='ocrx_word' id='word_1_114' title='bbox 1332 1693 1439 1748; x_wconf 86' lang='lat' dir='ltr'><strong>quo</strong></span> <span class='ocrx_word' id='word_1_115' title='bbox 1469 1677 1562 1731; x_wconf 88' lang='lat' dir='ltr'><strong>lib.</strong></span> <span class='ocrx_word' id='word_1_116' title='bbox 1592 1693 1674 1743; x_wconf 89' lang='grc' dir='ltr'>ιιι,</span> <span class='ocrx_word' id='word_1_117' title='bbox 1709 1692 1830 1747; x_wconf 81' lang='lat' dir='ltr'><strong>cap.</strong></span> <span class='ocrx_word' id='word_1_118' title='bbox 1862 1677 1947 1731; x_wconf 81' lang='grc'><strong>11.</strong></span> <span class='ocrx_word' id='word_1_119' title='bbox 1984 1674 2088 1730; x_wconf 90' lang='lat' dir='ltr'><strong>Sed</strong></span> 
     </span>
    </p>
   </div>
   <div class='ocr_carea' id='block_1_18' title="bbox 505 1771 2085 1842">
    <p class='ocr_par' dir='ltr' id='par_1_18' title="bbox 505 1771 2085 1842">
     <span class='ocr_line' id='line_1_18' title="bbox 505 1771 2085 1842; baseline 0.003 -18"><span class='ocrx_word' id='word_1_120' title='bbox 505 1786 630 1841; x_wconf 70' lang='lat' dir='ltr'><strong>quae</strong></span> <span class='ocrx_word' id='word_1_121' title='bbox 655 1771 795 1825; x_wconf 82' lang='lat' dir='ltr'><strong>infra</strong></span> <span class='ocrx_word' id='word_1_122' title='bbox 825 1771 1063 1826; x_wconf 83' lang='lat' dir='ltr'><strong>citantur</strong></span> <span class='ocrx_word' id='word_1_123' title='bbox 1088 1786 1151 1828; x_wconf 76' lang='lat' dir='ltr'><strong>ex</strong></span> <span class='ocrx_word' id='word_1_124' title='bbox 1182 1788 1301 1842; x_wconf 84' lang='lat' dir='ltr'><strong>cap.</strong></span> <span class='ocrx_word' id='word_1_125' title='bbox 1332 1774 1402 1828; x_wconf 75' lang='lat'><strong>5&#39;9</strong></span> <span class='ocrx_word' id='word_1_126' title='bbox 1430 1784 1484 1828; x_wconf 92' lang='lat' dir='ltr'><strong>et</strong></span> <span class='ocrx_word' id='word_1_127' title='bbox 1511 1773 1596 1839; x_wconf 63' lang='grc'><strong>74,</strong></span> <span class='ocrx_word' id='word_1_128' title='bbox 1633 1772 1684 1828; x_wconf 90' lang='lat' dir='ltr'><strong>in</strong></span> <span class='ocrx_word' id='word_1_129' title='bbox 1716 1773 1808 1827; x_wconf 73' lang='lat' dir='ltr'><strong>illo</strong></span> <span class='ocrx_word' id='word_1_130' title='bbox 1835 1773 2085 1838; x_wconf 87' lang='lat' dir='ltr'><strong>concilio,</strong></span> 
     </span>
    </p>
   </div>
   <div class='ocr_carea' id='block_1_19' title="bbox 504 1862 1494 1935">
    <p class='ocr_par' dir='ltr' id='par_1_19' title="bbox 504 1862 1494 1935">
     <span class='ocr_line' id='line_1_19' title="bbox 504 1862 1494 1935; baseline -0.001 -19"><span class='ocrx_word' id='word_1_131' title='bbox 504 1870 669 1930; x_wconf 83' lang='lat' dir='ltr'><strong>prout</strong></span> <span class='ocrx_word' id='word_1_132' title='bbox 695 1876 837 1917; x_wconf 90' lang='lat' dir='ltr'><strong>nunc</strong></span> <span class='ocrx_word' id='word_1_133' title='bbox 862 1870 1064 1935; x_wconf 82' lang='lat' dir='ltr'><strong>exstat,</strong></span> <span class='ocrx_word' id='word_1_134' title='bbox 1088 1878 1191 1929; x_wconf 90' lang='lat' dir='ltr'><strong>non</strong></span> <span class='ocrx_word' id='word_1_135' title='bbox 1221 1862 1494 1931; x_wconf 81' lang='lat' dir='ltr'><strong>leguntur.</strong></span> 
     </span>
    </p>
   </div>
   <div class='ocr_carea' id='block_1_20' title="bbox 581 1975 2087 2048">
    <p class='ocr_par' dir='ltr' id='par_1_20' title="bbox 581 1975 2087 2048">
     <span class='ocr_line' id='line_1_20' title="bbox 581 1975 2087 2048; baseline 0.005 -20"><span class='ocrx_word' id='word_1_136' title='bbox 581 1975 961 2030; x_wconf 79' lang='lat' dir='ltr'><strong>Theodericum</strong></span> <span class='ocrx_word' id='word_1_137' title='bbox 986 1977 1181 2032; x_wconf 85' lang='lat' dir='ltr'><strong>scilicet</strong></span> <span class='ocrx_word' id='word_1_138' title='bbox 1235 1978 1551 2048; x_wconf 79' lang='lat' dir='ltr'><strong>episcopum.</strong></span> <span class='ocrx_word' id='word_1_139' title='bbox 1590 1978 1688 2033; x_wconf 80' lang='lat' dir='ltr'><strong>llic</strong></span> <span class='ocrx_word' id='word_1_140' title='bbox 1717 1986 1833 2033; x_wconf 82' lang='lat' dir='ltr'><strong>erat</strong></span> <span class='ocrx_word' id='word_1_141' title='bbox 1883 1979 2087 2048; x_wconf 82' lang='lat' dir='ltr'><strong>episco-</strong></span> 
     </span>
    </p>
   </div>
   <div class='ocr_carea' id='block_1_21' title="bbox 506 2057 2085 2138">
    <p class='ocr_par' dir='ltr' id='par_1_21' title="bbox 506 2057 2085 2138">
     <span class='ocr_line' id='line_1_21' title="bbox 506 2057 2085 2138; baseline 0.002 -17"><span class='ocrx_word' id='word_1_142' title='bbox 506 2083 610 2138; x_wconf 86' lang='lat' dir='ltr'><strong>pus</strong></span> <span class='ocrx_word' id='word_1_143' title='bbox 635 2057 1067 2135; x_wconf 83' lang='lat' dir='ltr'><strong>Cameracensis,</strong></span> <span class='ocrx_word' id='word_1_144' title='bbox 1099 2077 1158 2123; x_wconf 89' lang='lat' dir='ltr'><strong>ut</strong></span> <span class='ocrx_word' id='word_1_145' title='bbox 1183 2077 1397 2125; x_wconf 73' lang='lat' dir='ltr'><strong>constat</strong></span> <span class='ocrx_word' id='word_1_146' title='bbox 1436 2084 1500 2125; x_wconf 78' lang='lat' dir='ltr'><strong>ex</strong></span> <span class='ocrx_word' id='word_1_147' title='bbox 1540 2070 1810 2125; x_wconf 83' lang='lat' dir='ltr'><strong>Chronico</strong></span> <span class='ocrx_word' id='word_1_148' title='bbox 1834 2071 2085 2126; x_wconf 79' lang='lat' dir='ltr'><strong>Camera-</strong></span> 
     </span>
    </p>
   </div>
   <div class='ocr_carea' id='block_1_22' title="bbox 509 2159 1337 2232">
    <p class='ocr_par' dir='ltr' id='par_1_22' title="bbox 509 2159 1337 2232">
     <span class='ocr_line' id='line_1_22' title="bbox 509 2159 1337 2232; baseline 0 -18"><span class='ocrx_word' id='word_1_149' title='bbox 509 2160 681 2225; x_wconf 90' lang='lat' dir='ltr'><strong>ccnsi,</strong></span> <span class='ocrx_word' id='word_1_150' title='bbox 706 2159 844 2215; x_wconf 83' lang='lat' dir='ltr'><strong>libro</strong></span> <span class='ocrx_word' id='word_1_151' title='bbox 872 2161 1067 2230; x_wconf 84' lang='lat' dir='ltr'><strong>primo,</strong></span> <span class='ocrx_word' id='word_1_152' title='bbox 1098 2176 1218 2232; x_wconf 87' lang='lat' dir='ltr'><strong>cap.</strong></span> <span class='ocrx_word' id='word_1_153' title='bbox 1248 2162 1337 2216; x_wconf 74' lang='lat' dir='ltr'><strong>4t.</strong></span> 
     </span>
    </p>
   </div>
   <div class='ocr_carea' id='block_1_23' title="bbox 578 2269 2082 2341">
    <p class='ocr_par' dir='ltr' id='par_1_23' title="bbox 578 2269 2082 2341">
     <span class='ocr_line' id='line_1_23' title="bbox 578 2269 2082 2341; baseline 0.004 -16"><span class='ocrx_word' id='word_1_154' title='bbox 578 2269 731 2341; x_wconf 72' lang='lat' dir='ltr'><strong>Anno</strong></span> <span class='ocrx_word' id='word_1_155' title='bbox 764 2272 1138 2328; x_wconf 77' lang='lat' dir='ltr'><strong>incarnationis</strong></span> <span class='ocrx_word' id='word_1_156' title='bbox 1171 2274 1380 2330; x_wconf 79' lang='lat' dir='ltr'><strong>Domini</strong></span> <span class='ocrx_word' id='word_1_157' title='bbox 1415 2277 1578 2330; x_wconf 78' lang='lat' dir='ltr'><strong>nostri</strong></span> <span class='ocrx_word' id='word_1_158' title='bbox 1606 2275 1735 2331; x_wconf 69' lang='lat' dir='ltr'><strong>Iesu</strong></span> <span class='ocrx_word' id='word_1_159' title='bbox 1766 2274 1960 2331; x_wconf 75' lang='lat' dir='ltr'><strong>Christi</strong></span> <span class='ocrx_word' id='word_1_160' title='bbox 1995 2294 2082 2331; x_wconf 82' lang='lat' dir='ltr'><strong>oc-</strong></span> 
     </span>
    </p>
   </div>
   <div class='ocr_carea' id='block_1_24' title="bbox 2189 536 3732 618">
    <p class='ocr_par' dir='ltr' id='par_1_24' title="bbox 2189 536 3732 618">
     <span class='ocr_line' id='line_1_24' title="bbox 2189 536 3732 618; baseline -0.005 -19"><span class='ocrx_word' id='word_1_161' title='bbox 2189 546 2405 618; x_wconf 85' lang='lat' dir='ltr'><strong>gloriosi</strong></span> <span class='ocrx_word' id='word_1_162' title='bbox 2456 545 2684 601; x_wconf 75' lang='lat' dir='ltr'><strong>Cwsaris</strong></span> <span class='ocrx_word' id='word_1_163' title='bbox 2729 543 2977 599; x_wconf 70' lang='lat' dir='ltr'><strong>Ludovici</strong></span> <span class='ocrx_word' id='word_1_164' title='bbox 3020 557 3135 597; x_wconf 70' lang='lat' dir='ltr'><strong>ut.</strong></span> <span class='ocrx_word' id='word_1_165' title='bbox 3167 540 3259 596; x_wconf 87' lang='lat' dir='ltr'><strong>Sic</strong></span> <span class='ocrx_word' id='word_1_166' title='bbox 3291 538 3354 596; x_wconf 87' lang='lat' dir='ltr'><strong>C.</strong></span> <span class='ocrx_word' id='word_1_167' title='bbox 3396 538 3503 595; x_wconf 81' lang='lat' dir='ltr'><strong>Sed</strong></span> <span class='ocrx_word' id='word_1_168' title='bbox 3548 536 3623 603; x_wconf 70' lang='grc' dir='ltr'><strong>Β,</strong></span> <span class='ocrx_word' id='word_1_169' title='bbox 3658 536 3732 592; x_wconf 71' lang='lat' dir='ltr'><strong>HS</strong></span> 
     </span>
    </p>
   </div>
   <div class='ocr_carea' id='block_1_25' title="bbox 2189 628 3733 704">
    <p class='ocr_par' dir='ltr' id='par_1_25' title="bbox 2189 628 3733 704">
     <span class='ocr_line' id='line_1_25' title="bbox 2189 628 3733 704; baseline -0.009 -11"><span class='ocrx_word' id='word_1_170' title='bbox 2189 645 2245 693; x_wconf 90' lang='lat' dir='ltr'><strong>et</strong></span> <span class='ocrx_word' id='word_1_171' title='bbox 2275 635 2327 704; x_wconf 83' lang='lat' dir='ltr'><strong>J,</strong></span> <span class='ocrx_word' id='word_1_172' title='bbox 2370 651 2526 699; x_wconf 80' lang='lat' dir='ltr'><strong>xxnr,</strong></span> <span class='ocrx_word' id='word_1_173' title='bbox 2556 649 2662 689; x_wconf 79' lang='lat' dir='ltr'><strong>non</strong></span> <span class='ocrx_word' id='word_1_174' title='bbox 2699 642 2869 689; x_wconf 88' lang='lat' dir='ltr'><strong>recte.</strong></span> <span class='ocrx_word' id='word_1_175' title='bbox 2913 631 3049 687; x_wconf 82' lang='lat' dir='ltr'><strong>Nam</strong></span> <span class='ocrx_word' id='word_1_176' title='bbox 3092 646 3217 688; x_wconf 84' lang='lat' dir='ltr'><strong>eum</strong></span> <span class='ocrx_word' id='word_1_177' title='bbox 3267 643 3498 700; x_wconf 78' lang='lat' dir='ltr'><strong>regnare</strong></span> <span class='ocrx_word' id='word_1_178' title='bbox 3540 628 3733 695; x_wconf 65' lang='lat' dir='ltr'><strong>eruperit</strong></span> 
     </span>
    </p>
   </div>
   <div class='ocr_carea' id='block_1_26' title="bbox 2190 715 3736 791">
    <p class='ocr_par' dir='ltr' id='par_1_26' title="bbox 2190 715 3736 791">
     <span class='ocr_line' id='line_1_26' title="bbox 2190 715 3736 791; baseline -0.006 -11"><span class='ocrx_word' id='word_1_179' title='bbox 2190 726 2344 781; x_wconf 92' lang='lat' dir='ltr'><strong>initio</strong></span> <span class='ocrx_word' id='word_1_180' title='bbox 2374 725 2502 780; x_wconf 90' lang='lat' dir='ltr'><strong>anni</strong></span> <span class='ocrx_word' id='word_1_181' title='bbox 2528 724 2653 789; x_wconf 70' lang='lat'><strong>815,</strong></span> <span class='ocrx_word' id='word_1_182' title='bbox 2688 739 2865 779; x_wconf 87' lang='lat' dir='ltr'><strong>annus</strong></span> <span class='ocrx_word' id='word_1_183' title='bbox 2897 722 3003 779; x_wconf 79' lang='lat'><strong>835</strong></span> <span class='ocrx_word' id='word_1_184' title='bbox 3037 731 3123 777; x_wconf 85' lang='lat' dir='ltr'><strong>est</strong></span> <span class='ocrx_word' id='word_1_185' title='bbox 3161 718 3375 791; x_wconf 86' lang='lat' dir='ltr'><strong>imperii</strong></span> <span class='ocrx_word' id='word_1_186' title='bbox 3416 715 3537 788; x_wconf 79' lang='lat' dir='ltr'><strong>ejus</strong></span> <span class='ocrx_word' id='word_1_187' title='bbox 3572 716 3653 781; x_wconf 73' lang='lat' dir='ltr'><strong>2t,</strong></span> <span class='ocrx_word' id='word_1_188' title='bbox 3688 725 3736 771; x_wconf 87' lang='lat' dir='ltr'><strong>ut</strong></span> 
     </span>
    </p>
   </div>
   <div class='ocr_carea' id='block_1_27' title="bbox 2189 811 3206 886">
    <p class='ocr_par' dir='ltr' id='par_1_27' title="bbox 2189 811 3206 886">
     <span class='ocr_line' id='line_1_27' title="bbox 2189 811 3206 886; baseline -0.007 -14"><span class='ocrx_word' id='word_1_189' title='bbox 2189 816 2458 872; x_wconf 85' lang='lat' dir='ltr'><strong>consentit</strong></span> <span class='ocrx_word' id='word_1_190' title='bbox 2487 814 2803 886; x_wconf 82' lang='lat' dir='ltr'><strong>Sigebertus</strong></span> <span class='ocrx_word' id='word_1_191' title='bbox 2830 814 2885 868; x_wconf 91' lang='lat' dir='ltr'><strong>in</strong></span> <span class='ocrx_word' id='word_1_192' title='bbox 2913 811 3206 869; x_wconf 82' lang='lat' dir='ltr'><strong>Chronico.</strong></span> 
     </span>
    </p>
   </div>
   <div class='ocr_carea' id='block_1_28' title="bbox 2262 897 3738 979">
    <p class='ocr_par' dir='ltr' id='par_1_28' title="bbox 2262 897 3738 979">
     <span class='ocr_line' id='line_1_28' title="bbox 2262 897 3738 979; baseline -0.005 -18"><span class='ocrx_word' id='word_1_193' title='bbox 2262 907 2580 979; x_wconf 84' lang='lat' dir='ltr'><strong>Hartgarius</strong></span> <span class='ocrx_word' id='word_1_194' title='bbox 2625 907 2914 977; x_wconf 79' lang='lat' dir='ltr'><strong>episcopus.</strong></span> <span class='ocrx_word' id='word_1_195' title='bbox 2978 903 3072 960; x_wconf 82' lang='lat' dir='ltr'><strong>Sic</strong></span> <span class='ocrx_word' id='word_1_196' title='bbox 3114 902 3207 957; x_wconf 73' lang='lat' dir='ltr'><strong>BC</strong></span> <span class='ocrx_word' id='word_1_197' title='bbox 3258 909 3316 957; x_wconf 85' lang='lat' dir='ltr'><strong>et</strong></span> <span class='ocrx_word' id='word_1_198' title='bbox 3356 898 3407 956; x_wconf 85' lang='lat' dir='ltr'><strong>.l.</strong></span> <span class='ocrx_word' id='word_1_199' title='bbox 3456 899 3525 953; x_wconf 81' lang='lat' dir='ltr'><strong>At</strong></span> <span class='ocrx_word' id='word_1_200' title='bbox 3573 897 3656 953; x_wconf 68' lang='lat' dir='ltr'><strong>MS</strong></span> <span class='ocrx_word' id='word_1_201' title='bbox 3692 906 3738 954; x_wconf 82' lang='lat' dir='ltr'><strong>et</strong></span> 
     </span>
    </p>
   </div>
   <div class='ocr_carea' id='block_1_29' title="bbox 2189 997 3034 1070">
    <p class='ocr_par' dir='ltr' id='par_1_29' title="bbox 2189 997 3034 1070">
     <span class='ocr_line' id='line_1_29' title="bbox 2189 997 3034 1070; baseline -0.007 -14"><span class='ocrx_word' id='word_1_202' title='bbox 2189 1000 2333 1056; x_wconf 81' lang='lat' dir='ltr'><strong>aliud</strong></span> <span class='ocrx_word' id='word_1_203' title='bbox 2359 999 2653 1070; x_wconf 81' lang='lat' dir='ltr'><strong>exemplar,</strong></span> <span class='ocrx_word' id='word_1_204' title='bbox 2687 997 3034 1069; x_wconf 78' lang='lat' dir='ltr'><strong>Harogarius.</strong></span> 
     </span>
    </p>
   </div>
   <div class='ocr_carea' id='block_1_30' title="bbox 2259 1079 3738 1159">
    <p class='ocr_par' dir='ltr' id='par_1_30' title="bbox 2259 1079 3738 1159">
     <span class='ocr_line' id='line_1_30' title="bbox 2259 1079 3738 1159; baseline -0.006 -15"><span class='ocrx_word' id='word_1_205' title='bbox 2259 1089 2568 1145; x_wconf 77' lang='lat' dir='ltr'><strong>Rambertus</strong></span> <span class='ocrx_word' id='word_1_206' title='bbox 2611 1088 2899 1159; x_wconf 79' lang='lat' dir='ltr'><strong>episcopus.</strong></span> <span class='ocrx_word' id='word_1_207' title='bbox 2950 1086 3021 1153; x_wconf 77' lang='grc' dir='ltr'><strong>Μ,</strong></span> <span class='ocrx_word' id='word_1_208' title='bbox 3074 1084 3427 1148; x_wconf 78' lang='lat' dir='ltr'><strong>Hraubertus,</strong></span> <span class='ocrx_word' id='word_1_209' title='bbox 3460 1081 3523 1147; x_wconf 85' lang='lat' dir='ltr'><strong>S,</strong></span> <span class='ocrx_word' id='word_1_210' title='bbox 3576 1079 3738 1137; x_wconf 75' lang='lat' dir='ltr'><strong>&quot;raui-</strong></span> 
     </span>
    </p>
   </div>
   <div class='ocr_carea' id='block_1_31' title="bbox 2191 1178 3075 1235">
    <p class='ocr_par' dir='ltr' id='par_1_31' title="bbox 2191 1178 3075 1235">
     <span class='ocr_line' id='line_1_31' title="bbox 2191 1178 3075 1235; baseline -0.001 0"><span class='ocrx_word' id='word_1_211' title='bbox 2191 1178 2381 1235; x_wconf 82' lang='lat' dir='ltr'><strong>bertus.</strong></span> <span class='ocrx_word' id='word_1_212' title='bbox 3072 1216 3075 1219; x_wconf 96' lang='lat'><strong><em>-</em></strong></span> 
     </span>
    </p>
   </div>
   <div class='ocr_carea' id='block_1_32' title="bbox 2261 1262 3740 1340">
    <p class='ocr_par' dir='ltr' id='par_1_32' title="bbox 2261 1262 3740 1340">
     <span class='ocr_line' id='line_1_32' title="bbox 2261 1262 3740 1340; baseline -0.003 -17"><span class='ocrx_word' id='word_1_213' title='bbox 2261 1269 2544 1324; x_wconf 83' lang='lat' dir='ltr'><strong>llaiminus</strong></span> <span class='ocrx_word' id='word_1_214' title='bbox 2583 1270 2871 1340; x_wconf 78' lang='lat' dir='ltr'><strong>episcopus.</strong></span> <span class='ocrx_word' id='word_1_215' title='bbox 2914 1267 3005 1324; x_wconf 85' lang='lat' dir='ltr'><strong>Sic</strong></span> <span class='ocrx_word' id='word_1_216' title='bbox 3035 1267 3111 1324; x_wconf 74' lang='grc' dir='ltr'><strong>[υ</strong></span> <span class='ocrx_word' id='word_1_217' title='bbox 3155 1267 3282 1324; x_wconf 83' lang='lat' dir='ltr'><strong>etC</strong></span> <span class='ocrx_word' id='word_1_218' title='bbox 3319 1267 3375 1321; x_wconf 90' lang='lat' dir='ltr'><strong>in</strong></span> <span class='ocrx_word' id='word_1_219' title='bbox 3400 1264 3623 1323; x_wconf 79' lang='lat' dir='ltr'><strong>Gallico.</strong></span> <span class='ocrx_word' id='word_1_220' title='bbox 3667 1262 3740 1318; x_wconf 72' lang='lat' dir='ltr'><strong>MS</strong></span> 
     </span>
    </p>
   </div>
   <div class='ocr_carea' id='block_1_33' title="bbox 2191 1358 2905 1426">
    <p class='ocr_par' dir='ltr' id='par_1_33' title="bbox 2191 1358 2905 1426">
     <span class='ocr_line' id='line_1_33' title="bbox 2191 1358 2905 1426; baseline 0.001 -12"><span class='ocrx_word' id='word_1_221' title='bbox 2191 1359 2419 1426; x_wconf 79' lang='lat' dir='ltr'><strong>Hamus,</strong></span> <span class='ocrx_word' id='word_1_222' title='bbox 2443 1360 2484 1415; x_wconf 79' lang='lat' dir='ltr'><strong><em>C</em></strong></span> <span class='ocrx_word' id='word_1_223' title='bbox 2511 1359 2630 1414; x_wconf 85' lang='lat' dir='ltr'><strong>Lat.</strong></span> <span class='ocrx_word' id='word_1_224' title='bbox 2660 1358 2712 1412; x_wconf 85' lang='grc'><strong><em>11</em></strong></span> <span class='ocrx_word' id='word_1_225' title='bbox 2716 1359 2905 1415; x_wconf 68' lang='lat' dir='ltr'><strong>amitto.</strong></span> 
     </span>
    </p>
   </div>
   <div class='ocr_carea' id='block_1_34' title="bbox 2261 1446 3741 1521">
    <p class='ocr_par' dir='ltr' id='par_1_34' title="bbox 2261 1446 3741 1521">
     <span class='ocr_line' id='line_1_34' title="bbox 2261 1446 3741 1521; baseline -0.003 -17"><span class='ocrx_word' id='word_1_226' title='bbox 2261 1448 2362 1504; x_wconf 82' lang='lat' dir='ltr'><strong>Cui</strong></span> <span class='ocrx_word' id='word_1_227' title='bbox 2390 1451 2706 1504; x_wconf 72' lang='lat' dir='ltr'><strong>restitutioni</strong></span> <span class='ocrx_word' id='word_1_228' title='bbox 2734 1449 2980 1519; x_wconf 71' lang='lat' dir='ltr'><strong>praefata,</strong></span> <span class='ocrx_word' id='word_1_229' title='bbox 3008 1465 3127 1521; x_wconf 76' lang='lat' dir='ltr'><strong>qua:</strong></span> <span class='ocrx_word' id='word_1_230' title='bbox 3154 1446 3452 1504; x_wconf 80' lang='lat' dir='ltr'><strong>Sucssionis</strong></span> <span class='ocrx_word' id='word_1_231' title='bbox 3482 1448 3652 1502; x_wconf 76' lang='lat' dir='ltr'><strong>habita</strong></span> <span class='ocrx_word' id='word_1_232' title='bbox 3679 1457 3741 1501; x_wconf 77' lang='lat' dir='ltr'><strong>est</strong></span> 
     </span>
    </p>
   </div>
   <div class='ocr_carea' id='block_1_35' title="bbox 2190 1539 3743 1612">
    <p class='ocr_par' dir='ltr' id='par_1_35' title="bbox 2190 1539 3743 1612">
     <span class='ocr_line' id='line_1_35' title="bbox 2190 1539 3743 1612; baseline -0.001 -17"><span class='ocrx_word' id='word_1_233' title='bbox 2190 1542 2507 1596; x_wconf 70' lang='lat' dir='ltr'><strong>contradixit</strong></span> <span class='ocrx_word' id='word_1_234' title='bbox 2534 1541 2784 1612; x_wconf 81' lang='lat' dir='ltr'><strong>synodus.</strong></span> <span class='ocrx_word' id='word_1_235' title='bbox 2815 1541 2881 1607; x_wconf 77' lang='grc' dir='ltr'><strong>Β,</strong></span> <span class='ocrx_word' id='word_1_236' title='bbox 2928 1540 3040 1606; x_wconf 82' lang='lat' dir='ltr'><strong>MS,</strong></span> <span class='ocrx_word' id='word_1_237' title='bbox 3076 1540 3410 1595; x_wconf 81' lang='lat' dir='ltr'><strong>contradicit.</strong></span> <span class='ocrx_word' id='word_1_238' title='bbox 3436 1539 3610 1609; x_wconf 71' lang='lat' dir='ltr'><strong>Hujus</strong></span> <span class='ocrx_word' id='word_1_239' title='bbox 3642 1554 3743 1611; x_wconf 71' lang='lat' dir='ltr'><strong>syn-</strong></span> 
     </span>
    </p>
   </div>
   <div class='ocr_carea' id='block_1_36' title="bbox 2191 1631 3626 1703">
    <p class='ocr_par' dir='ltr' id='par_1_36' title="bbox 2191 1631 3626 1703">
     <span class='ocr_line' id='line_1_36' title="bbox 2191 1631 3626 1703; baseline -0.006 -11"><span class='ocrx_word' id='word_1_240' title='bbox 2191 1637 2278 1692; x_wconf 89' lang='lat' dir='ltr'><strong>odi</strong></span> <span class='ocrx_word' id='word_1_241' title='bbox 2316 1635 2475 1691; x_wconf 87' lang='lat' dir='ltr'><strong>tacite</strong></span> <span class='ocrx_word' id='word_1_242' title='bbox 2501 1634 2640 1691; x_wconf 83' lang='lat' dir='ltr'><strong>facta</strong></span> <span class='ocrx_word' id='word_1_243' title='bbox 2674 1643 2759 1690; x_wconf 88' lang='lat' dir='ltr'><strong>est</strong></span> <span class='ocrx_word' id='word_1_244' title='bbox 2791 1634 2995 1689; x_wconf 88' lang='lat' dir='ltr'><strong>mentio</strong></span> <span class='ocrx_word' id='word_1_245' title='bbox 3027 1632 3182 1687; x_wconf 89' lang='lat' dir='ltr'><strong>initio</strong></span> <span class='ocrx_word' id='word_1_246' title='bbox 3214 1631 3374 1701; x_wconf 83' lang='lat' dir='ltr'><strong>hujus</strong></span> <span class='ocrx_word' id='word_1_247' title='bbox 3410 1633 3626 1703; x_wconf 84' lang='lat' dir='ltr'><strong>capitis.</strong></span> 
     </span>
    </p>
   </div>
   <div class='ocr_carea' id='block_1_37' title="bbox 2259 1723 3744 1800">
    <p class='ocr_par' dir='ltr' id='par_1_37' title="bbox 2259 1723 3744 1800">
     <span class='ocr_line' id='line_1_37' title="bbox 2259 1723 3744 1800; baseline -0.005 -17"><span class='ocrx_word' id='word_1_248' title='bbox 2259 1730 2303 1783; x_wconf 74' lang='grc' dir='ltr'><em>Α</em></span> <span class='ocrx_word' id='word_1_249' title='bbox 2344 1743 2447 1800; x_wconf 83' lang='lat' dir='ltr'><strong>quo</strong></span> <span class='ocrx_word' id='word_1_250' title='bbox 2491 1729 2547 1782; x_wconf 85' lang='lat' dir='ltr'><strong>in</strong></span> <span class='ocrx_word' id='word_1_251' title='bbox 2593 1727 2799 1797; x_wconf 80' lang='lat' dir='ltr'><strong>regione</strong></span> <span class='ocrx_word' id='word_1_252' title='bbox 2848 1723 3095 1780; x_wconf 67' lang='lat' dir='ltr'><strong>Saxonica</strong></span> <span class='ocrx_word' id='word_1_253' title='bbox 3135 1725 3400 1795; x_wconf 78' lang='lat' dir='ltr'><strong>quoddam</strong></span> <span class='ocrx_word' id='word_1_254' title='bbox 3450 1725 3744 1795; x_wconf 68' lang='lat' dir='ltr'><strong>episcopium</strong></span> 
     </span>
    </p>
   </div>
   <div class='ocr_carea' id='block_1_38' title="bbox 2192 1814 3743 1892">
    <p class='ocr_par' dir='ltr' id='par_1_38' title="bbox 2192 1814 3743 1892">
     <span class='ocr_line' id='line_1_38' title="bbox 2192 1814 3743 1892; baseline -0.005 -17"><span class='ocrx_word' id='word_1_255' title='bbox 2192 1820 2493 1892; x_wconf 80' lang='lat' dir='ltr'><strong>promeruit,</strong></span> <span class='ocrx_word' id='word_1_256' title='bbox 2523 1827 2629 1876; x_wconf 90' lang='lat' dir='ltr'><strong>etc.</strong></span> <span class='ocrx_word' id='word_1_257' title='bbox 2662 1818 2859 1874; x_wconf 83' lang='lat' dir='ltr'><strong>Factus</strong></span> <span class='ocrx_word' id='word_1_258' title='bbox 2893 1817 3037 1873; x_wconf 90' lang='lat' dir='ltr'><strong>enim</strong></span> <span class='ocrx_word' id='word_1_259' title='bbox 3080 1824 3166 1873; x_wconf 87' lang='lat' dir='ltr'><strong>est</strong></span> <span class='ocrx_word' id='word_1_260' title='bbox 3207 1816 3499 1886; x_wconf 78' lang='lat' dir='ltr'><strong>episcopus</strong></span> <span class='ocrx_word' id='word_1_261' title='bbox 3528 1814 3743 1871; x_wconf 82' lang='lat' dir='ltr'><strong>ﬂildcsc-</strong></span> 
     </span>
    </p>
   </div>
   <div class='ocr_carea' id='block_1_39' title="bbox 2117 1887 3749 1981">
    <p class='ocr_par' dir='ltr' id='par_1_39' title="bbox 2117 1887 3749 1981">
     <span class='ocr_line' id='line_1_39' title="bbox 2117 1887 3749 1981; baseline -0.007 -11"><span class='ocrx_word' id='word_1_262' title='bbox 2117 1887 2164 1946; x_wconf 77' lang='grc' dir='ltr'><strong>Β</strong></span> <span class='ocrx_word' id='word_1_263' title='bbox 2192 1887 2415 1979; x_wconf 83' lang='lat' dir='ltr'><strong>mensis,</strong></span> <span class='ocrx_word' id='word_1_264' title='bbox 2465 1912 2654 1968; x_wconf 87' lang='lat' dir='ltr'><strong>ordine</strong></span> <span class='ocrx_word' id='word_1_265' title='bbox 2700 1918 2947 1981; x_wconf 85' lang='lat' dir='ltr'><strong>quartus,</strong></span> <span class='ocrx_word' id='word_1_266' title='bbox 2996 1910 3216 1979; x_wconf 85' lang='lat' dir='ltr'><strong>inquo</strong></span> <span class='ocrx_word' id='word_1_267' title='bbox 3270 1907 3560 1964; x_wconf 82' lang='lat' dir='ltr'><strong>duodecim</strong></span> <span class='ocrx_word' id='word_1_268' title='bbox 3613 1906 3749 1961; x_wconf 84' lang='lat' dir='ltr'><strong>annis</strong></span> 
     </span>
    </p>
   </div>
   <div class='ocr_carea' id='block_1_40' title="bbox 2186 1997 3748 2074">
    <p class='ocr_par' dir='ltr' id='par_1_40' title="bbox 2186 1997 3748 2074">
     <span class='ocr_line' id='line_1_40' title="bbox 2186 1997 3748 2074; baseline -0.004 -15"><span class='ocrx_word' id='word_1_269' title='bbox 2186 2003 2509 2074; x_wconf 89' lang='lat' dir='ltr'><strong>permansit,</strong></span> <span class='ocrx_word' id='word_1_270' title='bbox 2535 2008 2594 2057; x_wconf 90' lang='lat' dir='ltr'><strong>ut</strong></span> <span class='ocrx_word' id='word_1_271' title='bbox 2637 2001 2827 2059; x_wconf 81' lang='lat' dir='ltr'><strong>scribit</strong></span> <span class='ocrx_word' id='word_1_272' title='bbox 2850 1998 3105 2055; x_wconf 82' lang='lat' dir='ltr'><strong>Albertus</strong></span> <span class='ocrx_word' id='word_1_273' title='bbox 3134 1998 3426 2055; x_wconf 79' lang='lat' dir='ltr'><strong>Krantaius</strong></span> <span class='ocrx_word' id='word_1_274' title='bbox 3456 1998 3554 2053; x_wconf 89' lang='lat' dir='ltr'><strong>lib.</strong></span> <span class='ocrx_word' id='word_1_275' title='bbox 3599 2015 3616 2053; x_wconf 89' lang='grc' dir='ltr'><strong>ι</strong></span> <span class='ocrx_word' id='word_1_276' title='bbox 3653 1997 3748 2053; x_wconf 81' lang='lat' dir='ltr'><strong>lle-</strong></span> 
     </span>
    </p>
   </div>
   <div class='ocr_carea' id='block_1_41' title="bbox 2188 2090 3750 2165">
    <p class='ocr_par' dir='ltr' id='par_1_41' title="bbox 2188 2090 3750 2165">
     <span class='ocr_line' id='line_1_41' title="bbox 2188 2090 3750 2165; baseline -0.004 -16"><span class='ocrx_word' id='word_1_277' title='bbox 2188 2103 2354 2165; x_wconf 85' lang='lat' dir='ltr'><strong>trop..</strong></span> <span class='ocrx_word' id='word_1_278' title='bbox 2401 2110 2452 2148; x_wconf 88' lang='lat' dir='ltr'><strong>c.</strong></span> <span class='ocrx_word' id='word_1_279' title='bbox 2498 2093 2588 2148; x_wconf 77' lang='lat'><strong>30.</strong></span> <span class='ocrx_word' id='word_1_280' title='bbox 2637 2092 2877 2161; x_wconf 85' lang='lat' dir='ltr'><strong>Quocum</strong></span> <span class='ocrx_word' id='word_1_281' title='bbox 2913 2092 3046 2148; x_wconf 86' lang='lat' dir='ltr'><strong>satis</strong></span> <span class='ocrx_word' id='word_1_282' title='bbox 3063 2092 3338 2148; x_wconf 84' lang='lat' dir='ltr'><strong>consentit</strong></span> <span class='ocrx_word' id='word_1_283' title='bbox 3386 2090 3537 2161; x_wconf 85' lang='lat' dir='ltr'><strong>quod</strong></span> <span class='ocrx_word' id='word_1_284' title='bbox 3586 2106 3616 2146; x_wconf 88' lang='lat' dir='ltr'><strong>a</strong></span> <span class='ocrx_word' id='word_1_285' title='bbox 3647 2090 3750 2145; x_wconf 78' lang='lat' dir='ltr'><strong>Flo-</strong></span> 
     </span>
    </p>
   </div>
   <div class='ocr_carea' id='block_1_42' title="bbox 2186 2178 3751 2261">
    <p class='ocr_par' dir='ltr' id='par_1_42' title="bbox 2186 2178 3751 2261">
     <span class='ocr_line' id='line_1_42' title="bbox 2186 2178 3751 2261; baseline -0.003 -20"><span class='ocrx_word' id='word_1_286' title='bbox 2186 2187 2388 2241; x_wconf 74' lang='lat' dir='ltr'><strong>doanlo</strong></span> <span class='ocrx_word' id='word_1_287' title='bbox 2425 2183 2516 2239; x_wconf 70' lang='lat' dir='ltr'><strong>tib.</strong></span> <span class='ocrx_word' id='word_1_288' title='bbox 2546 2198 2631 2249; x_wconf 88' lang='grc' dir='ltr'>ιιι,</span> <span class='ocrx_word' id='word_1_289' title='bbox 2662 2197 2710 2238; x_wconf 90' lang='lat' dir='ltr'><strong>c.</strong></span> <span class='ocrx_word' id='word_1_290' title='bbox 2736 2184 2791 2253; x_wconf 71' lang='lat'><strong>2,</strong></span> <span class='ocrx_word' id='word_1_291' title='bbox 2815 2180 3183 2261; x_wconf 70' lang='lat' dir='ltr'><strong>super-vixisse</strong></span> <span class='ocrx_word' id='word_1_292' title='bbox 3210 2183 3486 2237; x_wconf 77' lang='lat' dir='ltr'><strong>scribatur</strong></span> <span class='ocrx_word' id='word_1_293' title='bbox 3513 2194 3676 2251; x_wconf 82' lang='lat' dir='ltr'><strong>usque</strong></span> <span class='ocrx_word' id='word_1_294' title='bbox 3694 2178 3751 2246; x_wconf 77' lang='lat' dir='ltr'><strong>ad</strong></span> 
     </span>
    </p>
   </div>
   <div class='ocr_carea' id='block_1_43' title="bbox 2186 2275 2537 2332">
    <p class='ocr_par' dir='ltr' id='par_1_43' title="bbox 2186 2275 2537 2332">
     <span class='ocr_line' id='line_1_43' title="bbox 2186 2275 2537 2332; baseline -0.009 0"><span class='ocrx_word' id='word_1_295' title='bbox 2186 2292 2381 2332; x_wconf 83' lang='lat' dir='ltr'><strong>annum</strong></span> <span class='ocrx_word' id='word_1_296' title='bbox 2412 2275 2537 2331; x_wconf 71' lang='lat'><strong>85!.</strong></span> 
     </span>
    </p>
   </div>
   <div class='ocr_carea' id='block_1_44' title="bbox 1184 2610 3078 2759">
    <p class='ocr_par' dir='ltr' id='par_1_44' title="bbox 1184 2610 3078 2759">
     <span class='ocr_line' id='line_1_44' title="bbox 1184 2610 3078 2759; baseline -0.005 0"><span class='ocrx_word' id='word_1_297' title='bbox 1184 2657 1688 2759; x_wconf 83' lang='lat' dir='ltr'><strong>SCHOLIA</strong></span> <span class='ocrx_word' id='word_1_298' title='bbox 1762 2663 1885 2751; x_wconf 90' lang='lat' dir='ltr'><strong>IN</strong></span> <span class='ocrx_word' id='word_1_299' title='bbox 1959 2661 2415 2753; x_wconf 86' lang='lat' dir='ltr'><strong>LIBBUM</strong></span> <span class='ocrx_word' id='word_1_300' title='bbox 2490 2658 3078 2752; x_wconf 81' lang='lat' dir='ltr'><strong>TERTIUM.</strong></span> 
     </span>
    </p>
   </div>
   <div class='ocr_carea' id='block_1_45' title="bbox 1009 3033 1715 3111">
    <p class='ocr_par' dir='ltr' id='par_1_45' title="bbox 1009 3033 1715 3111">
     <span class='ocr_line' id='line_1_45' title="bbox 1009 3033 1715 3111; baseline -0.008 -16"><span class='ocrx_word' id='word_1_301' title='bbox 1009 3035 1239 3095; x_wconf 80' lang='lat' dir='ltr'><strong>CAPUT</strong></span> <span class='ocrx_word' id='word_1_302' title='bbox 1276 3033 1566 3092; x_wconf 78' lang='lat' dir='ltr'><strong>PRIMUM.</strong></span> <span class='ocrx_word' id='word_1_303' title='bbox 1612 3096 1615 3097; x_wconf 19' lang='grc' dir='ltr'>ί</span> <span class='ocrx_word' id='word_1_304' title='bbox 1706 3104 1715 3111; x_wconf 24' lang='grc'><strong>⁸</strong></span> 
     </span>
    </p>
   </div>
   <div class='ocr_carea' id='block_1_46' title="bbox 569 3125 2071 3201">
    <p class='ocr_par' dir='ltr' id='par_1_46' title="bbox 569 3125 2071 3201">
     <span class='ocr_line' id='line_1_46' title="bbox 569 3125 2071 3201; baseline -0.003 -15"><span class='ocrx_word' id='word_1_305' title='bbox 569 3134 722 3188; x_wconf 70' lang='lat' dir='ltr'><strong>Anno</strong></span> <span class='ocrx_word' id='word_1_306' title='bbox 747 3129 970 3201; x_wconf 83' lang='lat' dir='ltr'><strong>denique</strong></span> <span class='ocrx_word' id='word_1_307' title='bbox 1000 3128 1303 3197; x_wconf 78' lang='lat' dir='ltr'><strong>Dominica:</strong></span> <span class='ocrx_word' id='word_1_308' title='bbox 1328 3127 1732 3200; x_wconf 54' lang='lat' dir='ltr'><strong>.incarnationis</strong></span> <span class='ocrx_word' id='word_1_309' title='bbox 1760 3125 1867 3182; x_wconf 69' lang='grc'><strong>845</strong></span> <span class='ocrx_word' id='word_1_310' title='bbox 1895 3125 2071 3182; x_wconf 78' lang='lat' dir='ltr'><strong>Karo-</strong></span> 
     </span>
    </p>
   </div>
   <div class='ocr_carea' id='block_1_47' title="bbox 464 3216 2071 3291">
    <p class='ocr_par' dir='ltr' id='par_1_47' title="bbox 464 3216 2071 3291">
     <span class='ocr_line' id='line_1_47' title="bbox 464 3216 2071 3291; baseline -0.003 -15"><span class='ocrx_word' id='word_1_311' title='bbox 464 3270 467 3271; x_wconf 36' lang='grc' dir='ltr'><em>ν</em></span> <span class='ocrx_word' id='word_1_312' title='bbox 502 3221 593 3277; x_wconf 66' lang='lat' dir='ltr'><strong>ius.</strong></span> <span class='ocrx_word' id='word_1_313' title='bbox 612 3219 869 3291; x_wconf 72' lang='lat' dir='ltr'><strong>synodum</strong></span> <span class='ocrx_word' id='word_1_314' title='bbox 894 3220 1252 3291; x_wconf 80' lang='lat' dir='ltr'><strong>episcoporum</strong></span> <span class='ocrx_word' id='word_1_315' title='bbox 1281 3220 1424 3291; x_wconf 85' lang='lat' dir='ltr'><strong>regni</strong></span> <span class='ocrx_word' id='word_1_316' title='bbox 1446 3218 1529 3272; x_wconf 87' lang='lat' dir='ltr'><strong>sui</strong></span> <span class='ocrx_word' id='word_1_317' title='bbox 1554 3218 1694 3289; x_wconf 84' lang='lat' dir='ltr'><strong>apud</strong></span> <span class='ocrx_word' id='word_1_318' title='bbox 1716 3216 2071 3289; x_wconf 81' lang='lat' dir='ltr'><strong>Bellovagum.</strong></span> 
     </span>
    </p>
   </div>
   <div class='ocr_carea' id='block_1_48' title="bbox 502 3308 2077 3379">
    <p class='ocr_par' dir='ltr' id='par_1_48' title="bbox 502 3308 2077 3379">
     <span class='ocr_line' id='line_1_48' title="bbox 502 3308 2077 3379; baseline 0 -12"><span class='ocrx_word' id='word_1_319' title='bbox 502 3312 595 3367; x_wconf 89' lang='lat' dir='ltr'><strong>Sic</strong></span> <span class='ocrx_word' id='word_1_320' title='bbox 643 3311 828 3367; x_wconf 84' lang='lat' dir='ltr'><strong>omnia</strong></span> <span class='ocrx_word' id='word_1_321' title='bbox 872 3320 1055 3367; x_wconf 80' lang='lat' dir='ltr'><strong>vetera</strong></span> <span class='ocrx_word' id='word_1_322' title='bbox 1096 3309 1462 3379; x_wconf 82' lang='lat' dir='ltr'><strong>exemplaria,</strong></span> <span class='ocrx_word' id='word_1_323' title='bbox 1489 3308 1755 3378; x_wconf 87' lang='lat' dir='ltr'><strong>quomodo</strong></span> <span class='ocrx_word' id='word_1_324' title='bbox 1799 3310 1963 3369; x_wconf 88' lang='lat' dir='ltr'><strong>etiam</strong></span> <span class='ocrx_word' id='word_1_325' title='bbox 1994 3318 2077 3367; x_wconf 80' lang='lat' dir='ltr'><strong>ter</strong></span> 
     </span>
    </p>
   </div>
   <div class='ocr_carea' id='block_1_49' title="bbox 498 3400 2075 3473">
    <p class='ocr_par' dir='ltr' id='par_1_49' title="bbox 498 3400 2075 3473">
     <span class='ocr_line' id='line_1_49' title="bbox 498 3400 2075 3473; baseline 0.001 -17"><span class='ocrx_word' id='word_1_326' title='bbox 498 3413 761 3472; x_wconf 77' lang='lat' dir='ltr'><strong>quaterve</strong></span> <span class='ocrx_word' id='word_1_327' title='bbox 808 3401 1002 3473; x_wconf 74' lang='lat' dir='ltr'><strong>legitur</strong></span> <span class='ocrx_word' id='word_1_328' title='bbox 1048 3401 1102 3459; x_wconf 90' lang='lat' dir='ltr'><strong>in</strong></span> <span class='ocrx_word' id='word_1_329' title='bbox 1155 3400 1496 3465; x_wconf 78' lang='lat' dir='ltr'><strong>Atrebatensi</strong></span> <span class='ocrx_word' id='word_1_330' title='bbox 1546 3400 1826 3457; x_wconf 84' lang='lat' dir='ltr'><strong>Breviario</strong></span> <span class='ocrx_word' id='word_1_331' title='bbox 1876 3401 1964 3457; x_wconf 88' lang='lat' dir='ltr'><strong>die</strong></span> <span class='ocrx_word' id='word_1_332' title='bbox 2008 3401 2075 3457; x_wconf 74' lang='lat'><strong>{5</strong></span> 
     </span>
    </p>
   </div>
   <div class='ocr_carea' id='block_1_50' title="bbox 416 3489 2076 3548">
    <p class='ocr_par' dir='ltr' id='par_1_50' title="bbox 416 3489 2076 3548">
     <span class='ocr_line' id='line_1_50' title="bbox 416 3489 2076 3548; baseline 0.001 -1"><span class='ocrx_word' id='word_1_333' title='bbox 416 3490 421 3495; x_wconf 89' lang='grc'><strong>’</strong></span> <span class='ocrx_word' id='word_1_334' title='bbox 498 3491 646 3547; x_wconf 83' lang='lat' dir='ltr'><strong>Julii.</strong></span> <span class='ocrx_word' id='word_1_335' title='bbox 687 3491 743 3547; x_wconf 87' lang='lat' dir='ltr'><strong>Id</strong></span> <span class='ocrx_word' id='word_1_336' title='bbox 792 3490 831 3547; x_wconf 90' lang='lat' dir='ltr'><strong>S</strong></span> <span class='ocrx_word' id='word_1_337' title='bbox 867 3501 922 3546; x_wconf 89' lang='lat' dir='ltr'><strong>ct</strong></span> <span class='ocrx_word' id='word_1_338' title='bbox 958 3489 988 3546; x_wconf 85' lang='lat' dir='ltr'><strong>J</strong></span> <span class='ocrx_word' id='word_1_339' title='bbox 1019 3499 1364 3546; x_wconf 83' lang='lat' dir='ltr'><strong>mutaverunt</strong></span> <span class='ocrx_word' id='word_1_340' title='bbox 1393 3491 1447 3546; x_wconf 91' lang='lat' dir='ltr'><strong>in</strong></span> <span class='ocrx_word' id='word_1_341' title='bbox 1492 3506 1687 3547; x_wconf 86' lang='lat' dir='ltr'><strong>nomen</strong></span> <span class='ocrx_word' id='word_1_342' title='bbox 1730 3492 1834 3548; x_wconf 83' lang='lat' dir='ltr'><strong>hoc</strong></span> <span class='ocrx_word' id='word_1_343' title='bbox 1878 3492 2076 3548; x_wconf 81' lang='lat' dir='ltr'><strong>sacculo</strong></span> 
     </span>
    </p>
   </div>
   <div class='ocr_carea' id='block_1_51' title="bbox 499 3581 2072 3651">
    <p class='ocr_par' dir='ltr' id='par_1_51' title="bbox 499 3581 2072 3651">
     <span class='ocr_line' id='line_1_51' title="bbox 499 3581 2072 3651; baseline 0.001 -14"><span class='ocrx_word' id='word_1_344' title='bbox 499 3581 752 3649; x_wconf 83' lang='lat' dir='ltr'><strong>usitatius</strong></span> <span class='ocrx_word' id='word_1_345' title='bbox 793 3581 1148 3651; x_wconf 68' lang='lat' dir='ltr'><strong>Bellovacum.</strong></span> <span class='ocrx_word' id='word_1_346' title='bbox 1196 3581 1458 3637; x_wconf 85' lang='lat' dir='ltr'><strong>Baronius</strong></span> <span class='ocrx_word' id='word_1_347' title='bbox 1502 3590 1631 3638; x_wconf 85' lang='lat' dir='ltr'><strong>tom.</strong></span> <span class='ocrx_word' id='word_1_348' title='bbox 1663 3583 1732 3649; x_wconf 75' lang='grc' dir='ltr'><strong>Χ,</strong></span> <span class='ocrx_word' id='word_1_349' title='bbox 1760 3582 1827 3638; x_wconf 90' lang='lat' dir='ltr'><strong>ad</strong></span> <span class='ocrx_word' id='word_1_350' title='bbox 1872 3584 2072 3640; x_wconf 89' lang='lat' dir='ltr'><strong>dictum</strong></span> 
     </span>
    </p>
   </div>
   <div class='ocr_carea' id='block_1_52' title="bbox 496 3671 2069 3739">
    <p class='ocr_par' dir='ltr' id='par_1_52' title="bbox 496 3671 2069 3739">
     <span class='ocr_line' id='line_1_52' title="bbox 496 3671 2069 3739; baseline 0.001 -13"><span class='ocrx_word' id='word_1_351' title='bbox 496 3671 642 3732; x_wconf 78' lang='lat' dir='ltr'><strong>hunc</strong></span> <span class='ocrx_word' id='word_1_352' title='bbox 666 3687 866 3733; x_wconf 83' lang='lat' dir='ltr'><strong>annum</strong></span> <span class='ocrx_word' id='word_1_353' title='bbox 898 3688 967 3726; x_wconf 82' lang='lat' dir='ltr'><strong>ex</strong></span> <span class='ocrx_word' id='word_1_354' title='bbox 996 3672 1312 3739; x_wconf 83' lang='lat' dir='ltr'><strong>nostroboc</strong></span> <span class='ocrx_word' id='word_1_355' title='bbox 1347 3671 1648 3728; x_wconf 87' lang='lat' dir='ltr'><strong>Flodoardo</strong></span> <span class='ocrx_word' id='word_1_356' title='bbox 1677 3671 1879 3735; x_wconf 81' lang='lat' dir='ltr'><strong>Gallice</strong></span> <span class='ocrx_word' id='word_1_357' title='bbox 1903 3673 2069 3737; x_wconf 88' lang='lat' dir='ltr'><strong>edito,</strong></span> 
     </span>
    </p>
   </div>
   <div class='ocr_carea' id='block_1_53' title="bbox 495 3762 2070 3833">
    <p class='ocr_par' dir='ltr' id='par_1_53' title="bbox 495 3762 2070 3833">
     <span class='ocr_line' id='line_1_53' title="bbox 495 3762 2070 3833; baseline -0.001 -15"><span class='ocrx_word' id='word_1_358' title='bbox 495 3771 667 3827; x_wconf 79' lang='lat' dir='ltr'><strong>totum</strong></span> <span class='ocrx_word' id='word_1_359' title='bbox 694 3763 796 3818; x_wconf 87' lang='lat' dir='ltr'><strong>hoc</strong></span> <span class='ocrx_word' id='word_1_360' title='bbox 826 3771 988 3832; x_wconf 83' lang='lat' dir='ltr'><strong>caput</strong></span> <span class='ocrx_word' id='word_1_361' title='bbox 1010 3762 1244 3833; x_wconf 88' lang='lat' dir='ltr'><strong>primum</strong></span> <span class='ocrx_word' id='word_1_362' title='bbox 1276 3762 1503 3823; x_wconf 85' lang='lat' dir='ltr'><strong>inseruit</strong></span> <span class='ocrx_word' id='word_1_363' title='bbox 1546 3762 1661 3818; x_wconf 88' lang='lat' dir='ltr'><strong>suis</strong></span> <span class='ocrx_word' id='word_1_364' title='bbox 1687 3762 1986 3818; x_wconf 84' lang='lat' dir='ltr'><strong>Annalibus</strong></span> <span class='ocrx_word' id='word_1_365' title='bbox 2017 3762 2070 3817; x_wconf 92' lang='lat' dir='ltr'><strong>in</strong></span> 
     </span>
    </p>
   </div>
   <div class='ocr_carea' id='block_1_54' title="bbox 490 3853 2070 3926">
    <p class='ocr_par' dir='ltr' id='par_1_54' title="bbox 490 3853 2070 3926">
     <span class='ocr_line' id='line_1_54' title="bbox 490 3853 2070 3926; baseline 0.002 -18"><span class='ocrx_word' id='word_1_366' title='bbox 490 3853 741 3908; x_wconf 90' lang='lat' dir='ltr'><strong>Latinum</strong></span> <span class='ocrx_word' id='word_1_367' title='bbox 768 3869 1112 3923; x_wconf 78' lang='lat' dir='ltr'><strong>conversum,</strong></span> <span class='ocrx_word' id='word_1_368' title='bbox 1139 3865 1193 3911; x_wconf 87' lang='lat' dir='ltr'><strong>et</strong></span> <span class='ocrx_word' id='word_1_369' title='bbox 1218 3871 1287 3912; x_wconf 79' lang='lat' dir='ltr'><strong>ex</strong></span> <span class='ocrx_word' id='word_1_370' title='bbox 1312 3870 1379 3912; x_wconf 92' lang='lat' dir='ltr'><strong>eo</strong></span> <span class='ocrx_word' id='word_1_371' title='bbox 1409 3855 1595 3922; x_wconf 84' lang='lat' dir='ltr'><strong>Biuius</strong></span> <span class='ocrx_word' id='word_1_372' title='bbox 1624 3865 1751 3911; x_wconf 91' lang='lat' dir='ltr'><strong>tom.</strong></span> <span class='ocrx_word' id='word_1_373' title='bbox 1783 3854 1853 3923; x_wconf 87' lang='lat' dir='ltr'><strong>lll</strong></span> <span class='ocrx_word' id='word_1_374' title='bbox 1875 3856 2070 3926; x_wconf 81' lang='lat' dir='ltr'><strong>Conci-</strong></span> 
     </span>
    </p>
   </div>
   <div class='ocr_carea' id='block_1_55' title="bbox 490 3942 2027 4005">
    <p class='ocr_par' dir='ltr' id='par_1_55' title="bbox 490 3942 2027 4005">
     <span class='ocr_line' id='line_1_55' title="bbox 490 3942 2027 4005; baseline -0.005 -8"><span class='ocrx_word' id='word_1_375' title='bbox 490 3942 710 4005; x_wconf 80' lang='lat' dir='ltr'><strong>ljorum.</strong></span> <span class='ocrx_word' id='word_1_376' title='bbox 2024 3944 2027 3947; x_wconf 71' lang='lat'>‘</span> 
     </span>
    </p>
   </div>
   <div class='ocr_carea' id='block_1_56' title="bbox 567 4033 2071 4104">
    <p class='ocr_par' dir='ltr' id='par_1_56' title="bbox 567 4033 2071 4104">
     <span class='ocr_line' id='line_1_56' title="bbox 567 4033 2071 4104; baseline 0.005 -18"><span class='ocrx_word' id='word_1_377' title='bbox 567 4033 965 4104; x_wconf 79' lang='lat' dir='ltr'><strong>Archiepiscopo</strong></span> <span class='ocrx_word' id='word_1_378' title='bbox 1007 4036 1288 4092; x_wconf 82' lang='lat' dir='ltr'><strong>Sennensis</strong></span> <span class='ocrx_word' id='word_1_379' title='bbox 1331 4037 1583 4097; x_wconf 74' lang='lat' dir='ltr'><strong>Ecclesia:</strong></span> <span class='ocrx_word' id='word_1_380' title='bbox 1628 4038 1922 4097; x_wconf 82' lang='lat' dir='ltr'><strong>Weuilone.</strong></span> <span class='ocrx_word' id='word_1_381' title='bbox 1980 4036 2071 4099; x_wconf 79' lang='lat' dir='ltr'><strong>Sic</strong></span> 
     </span>
    </p>
   </div>
   <div class='ocr_carea' id='block_1_57' title="bbox 493 4123 2068 4199">
    <p class='ocr_par' dir='ltr' id='par_1_57' title="bbox 493 4123 2068 4199">
     <span class='ocr_line' id='line_1_57' title="bbox 493 4123 2068 4199; baseline 0.006 -24"><span class='ocrx_word' id='word_1_382' title='bbox 493 4123 675 4189; x_wconf 82' lang='lat' dir='ltr'><strong>omnia</strong></span> <span class='ocrx_word' id='word_1_383' title='bbox 724 4124 948 4193; x_wconf 83' lang='lat' dir='ltr'><strong>antiqua</strong></span> <span class='ocrx_word' id='word_1_384' title='bbox 996 4126 1362 4196; x_wconf 78' lang='lat' dir='ltr'><strong>exemplaria,</strong></span> <span class='ocrx_word' id='word_1_385' title='bbox 1415 4129 1557 4199; x_wconf 90' lang='lat' dir='ltr'><strong>quod</strong></span> <span class='ocrx_word' id='word_1_386' title='bbox 1610 4146 1796 4185; x_wconf 88' lang='lat' dir='ltr'><strong>rursus</strong></span> <span class='ocrx_word' id='word_1_387' title='bbox 1851 4130 1889 4185; x_wconf 90' lang='lat' dir='ltr'><strong>S</strong></span> <span class='ocrx_word' id='word_1_388' title='bbox 1931 4139 1986 4185; x_wconf 91' lang='lat' dir='ltr'><strong>et</strong></span> <span class='ocrx_word' id='word_1_389' title='bbox 2040 4129 2068 4184; x_wconf 87' lang='lat' dir='ltr'><strong>J</strong></span> 
     </span>
    </p>
   </div>
   <div class='ocr_carea' id='block_1_58' title="bbox 490 4214 2065 4290">
    <p class='ocr_par' dir='ltr' id='par_1_58' title="bbox 490 4214 2065 4290">
     <span class='ocr_line' id='line_1_58' title="bbox 490 4214 2065 4290; baseline 0.008 -25"><span class='ocrx_word' id='word_1_390' title='bbox 490 4221 836 4268; x_wconf 72' lang='lat' dir='ltr'><strong>mutaverunt</strong></span> <span class='ocrx_word' id='word_1_391' title='bbox 869 4214 1070 4284; x_wconf 86' lang='lat' dir='ltr'><strong>ubique</strong></span> <span class='ocrx_word' id='word_1_392' title='bbox 1114 4217 1168 4270; x_wconf 88' lang='lat' dir='ltr'><strong>in</strong></span> <span class='ocrx_word' id='word_1_393' title='bbox 1213 4216 1561 4289; x_wconf 77' lang='lat' dir='ltr'><strong>Senonensis,</strong></span> <span class='ocrx_word' id='word_1_394' title='bbox 1584 4223 1853 4290; x_wconf 88' lang='lat' dir='ltr'><strong>quomodo</strong></span> <span class='ocrx_word' id='word_1_395' title='bbox 1903 4223 2065 4277; x_wconf 79' lang='lat' dir='ltr'><strong>etiam</strong></span> 
     </span>
    </p>
   </div>
   <div class='ocr_carea' id='block_1_59' title="bbox 489 4300 2062 4380">
    <p class='ocr_par' dir='ltr' id='par_1_59' title="bbox 489 4300 2062 4380">
     <span class='ocr_line' id='line_1_59' title="bbox 489 4300 2062 4380; baseline 0.006 -25"><span class='ocrx_word' id='word_1_396' title='bbox 489 4300 579 4369; x_wconf 70' lang='lat' dir='ltr'><strong>llic</strong></span> <span class='ocrx_word' id='word_1_397' title='bbox 610 4302 852 4367; x_wconf 82' lang='lat' dir='ltr'><strong>correxit</strong></span> <span class='ocrx_word' id='word_1_398' title='bbox 880 4303 1075 4374; x_wconf 88' lang='lat' dir='ltr'><strong>aliquis</strong></span> <span class='ocrx_word' id='word_1_399' title='bbox 1100 4304 1153 4358; x_wconf 89' lang='lat' dir='ltr'><strong>in</strong></span> <span class='ocrx_word' id='word_1_400' title='bbox 1183 4305 1255 4371; x_wconf 82' lang='grc' dir='ltr'><strong>Μ,</strong></span> <span class='ocrx_word' id='word_1_401' title='bbox 1292 4322 1414 4362; x_wconf 92' lang='lat' dir='ltr'><strong>cum</strong></span> <span class='ocrx_word' id='word_1_402' title='bbox 1449 4308 1599 4378; x_wconf 85' lang='lat' dir='ltr'><strong>prius</strong></span> <span class='ocrx_word' id='word_1_403' title='bbox 1629 4309 1897 4380; x_wconf 78' lang='lat' dir='ltr'><strong>legeretur</strong></span> <span class='ocrx_word' id='word_1_404' title='bbox 1926 4310 2062 4367; x_wconf 83' lang='lat' dir='ltr'><strong>Sen.-</strong></span> 
     </span>
    </p>
   </div>
   <div class='ocr_carea' id='block_1_60' title="bbox 2099 3010 3749 3105">
    <p class='ocr_par' dir='ltr' id='par_1_60' title="bbox 2099 3010 3749 3105">
     <span class='ocr_line' id='line_1_60' title="bbox 2099 3010 3749 3105; baseline -0.001 -16"><span class='ocrx_word' id='word_1_405' title='bbox 2099 3010 2150 3077; x_wconf 73' lang='lat' dir='ltr'>c</span> <span class='ocrx_word' id='word_1_406' title='bbox 2182 3032 2375 3089; x_wconf 86' lang='lat' dir='ltr'><strong>dicitur</strong></span> <span class='ocrx_word' id='word_1_407' title='bbox 2399 3037 2617 3089; x_wconf 70' lang='lat' dir='ltr'><strong>bemus.</strong></span> <span class='ocrx_word' id='word_1_408' title='bbox 2648 3052 2667 3086; x_wconf 77' lang='grc' dir='ltr'><strong>ι</strong></span> <span class='ocrx_word' id='word_1_409' title='bbox 2695 3034 2814 3102; x_wconf 86' lang='lat' dir='ltr'><strong>Quo</strong></span> <span class='ocrx_word' id='word_1_410' title='bbox 2841 3034 2958 3091; x_wconf 91' lang='lat' dir='ltr'><strong>loco</strong></span> <span class='ocrx_word' id='word_1_411' title='bbox 2985 3033 3212 3105; x_wconf 81' lang='lat' dir='ltr'><strong>intelligi</strong></span> <span class='ocrx_word' id='word_1_412' title='bbox 3246 3035 3437 3092; x_wconf 85' lang='lat' dir='ltr'><strong>urbem</strong></span> <span class='ocrx_word' id='word_1_413' title='bbox 3480 3036 3749 3095; x_wconf 67' lang='lat' dir='ltr'><strong>Senonem</strong></span> 
     </span>
    </p>
   </div>
   <div class='ocr_carea' id='block_1_61' title="bbox 2177 3126 3759 3200">
    <p class='ocr_par' dir='ltr' id='par_1_61' title="bbox 2177 3126 3759 3200">
     <span class='ocr_line' id='line_1_61' title="bbox 2177 3126 3759 3200; baseline 0.002 -19"><span class='ocrx_word' id='word_1_414' title='bbox 2177 3140 2291 3189; x_wconf 85' lang='lat' dir='ltr'><strong>sem</strong></span> <span class='ocrx_word' id='word_1_415' title='bbox 2323 3136 2469 3182; x_wconf 92' lang='lat' dir='ltr'><strong>recte</strong></span> <span class='ocrx_word' id='word_1_416' title='bbox 2513 3126 2816 3198; x_wconf 84' lang='lat' dir='ltr'><strong>suspicatur</strong></span> <span class='ocrx_word' id='word_1_417' title='bbox 2844 3126 3144 3195; x_wconf 86' lang='lat' dir='ltr'><strong>Serrarius,</strong></span> <span class='ocrx_word' id='word_1_418' title='bbox 3175 3136 3231 3184; x_wconf 85' lang='lat' dir='ltr'><strong>et</strong></span> <span class='ocrx_word' id='word_1_419' title='bbox 3271 3136 3426 3200; x_wconf 88' lang='lat' dir='ltr'><strong>patet</strong></span> <span class='ocrx_word' id='word_1_420' title='bbox 3471 3145 3543 3187; x_wconf 77' lang='lat' dir='ltr'><strong>ex</strong></span> <span class='ocrx_word' id='word_1_421' title='bbox 3581 3139 3759 3187; x_wconf 82' lang='lat' dir='ltr'><strong>nostra</strong></span> 
     </span>
    </p>
   </div>
   <div class='ocr_carea' id='block_1_62' title="bbox 2174 3215 3760 3291">
    <p class='ocr_par' dir='ltr' id='par_1_62' title="bbox 2174 3215 3760 3291">
     <span class='ocr_line' id='line_1_62' title="bbox 2174 3215 3760 3291; baseline 0.001 -19"><span class='ocrx_word' id='word_1_422' title='bbox 2174 3215 2473 3272; x_wconf 87' lang='lat' dir='ltr'><strong>Flodoardo</strong></span> <span class='ocrx_word' id='word_1_423' title='bbox 2499 3232 2663 3288; x_wconf 90' lang='lat' dir='ltr'><strong>supra</strong></span> <span class='ocrx_word' id='word_1_424' title='bbox 2686 3217 2782 3274; x_wconf 85' lang='lat' dir='ltr'><strong>lib.</strong></span> <span class='ocrx_word' id='word_1_425' title='bbox 2814 3233 2875 3285; x_wconf 92' lang='grc' dir='ltr'>ιι,</span> <span class='ocrx_word' id='word_1_426' title='bbox 2907 3233 3025 3288; x_wconf 86' lang='lat' dir='ltr'><strong>cap.</strong></span> <span class='ocrx_word' id='word_1_427' title='bbox 3061 3217 3151 3283; x_wconf 57' lang='lat'><strong>16,.</strong></span> <span class='ocrx_word' id='word_1_428' title='bbox 3179 3217 3429 3291; x_wconf 81' lang='lat' dir='ltr'><strong>Denique</strong></span> <span class='ocrx_word' id='word_1_429' title='bbox 3469 3219 3760 3276; x_wconf 78' lang='lat' dir='ltr'><strong>Sennensis</strong></span> 
     </span>
    </p>
   </div>
   <div class='ocr_carea' id='block_1_63' title="bbox 2175 3304 3757 3383">
    <p class='ocr_par' dir='ltr' id='par_1_63' title="bbox 2175 3304 3757 3383">
     <span class='ocr_line' id='line_1_63' title="bbox 2175 3304 3757 3383; baseline 0.001 -23"><span class='ocrx_word' id='word_1_430' title='bbox 2175 3313 2436 3377; x_wconf 89' lang='lat' dir='ltr'><strong>perpetuo</strong></span> <span class='ocrx_word' id='word_1_431' title='bbox 2462 3304 2657 3383; x_wconf 72' lang='lat' dir='ltr'><strong>legitur</strong></span> <span class='ocrx_word' id='word_1_432' title='bbox 2688 3306 2742 3363; x_wconf 89' lang='lat' dir='ltr'><strong>in</strong></span> <span class='ocrx_word' id='word_1_433' title='bbox 2768 3308 2927 3378; x_wconf 88' lang='lat' dir='ltr'><strong>epist.</strong></span> <span class='ocrx_word' id='word_1_434' title='bbox 2960 3307 3165 3369; x_wconf 84' lang='lat' dir='ltr'><strong>Nicolai</strong></span> <span class='ocrx_word' id='word_1_435' title='bbox 3194 3308 3363 3382; x_wconf 40' lang='lat' dir='ltr'><strong>primi.</strong></span> <span class='ocrx_word' id='word_1_436' title='bbox 3407 3310 3478 3365; x_wconf 86' lang='lat' dir='ltr'><strong>ad</strong></span> <span class='ocrx_word' id='word_1_437' title='bbox 3504 3308 3757 3366; x_wconf 82' lang='lat' dir='ltr'><strong>Carolum</strong></span> 
     </span>
    </p>
   </div>
   <div class='ocr_carea' id='block_1_64' title="bbox 2174 3399 3759 3474">
    <p class='ocr_par' dir='ltr' id='par_1_64' title="bbox 2174 3399 3759 3474">
     <span class='ocr_line' id='line_1_64' title="bbox 2174 3399 3759 3474; baseline 0.003 -22"><span class='ocrx_word' id='word_1_438' title='bbox 2174 3412 2354 3469; x_wconf 83' lang='lat' dir='ltr'><strong>regem</strong></span> <span class='ocrx_word' id='word_1_439' title='bbox 2383 3439 2398 3463; x_wconf 90' lang='lat'><strong>,</strong></span> <span class='ocrx_word' id='word_1_440' title='bbox 2449 3407 2505 3454; x_wconf 89' lang='lat' dir='ltr'><strong>et</strong></span> <span class='ocrx_word' id='word_1_441' title='bbox 2557 3399 2623 3454; x_wconf 86' lang='lat' dir='ltr'><strong>ad</strong></span> <span class='ocrx_word' id='word_1_442' title='bbox 2671 3399 2947 3471; x_wconf 75' lang='lat' dir='ltr'><strong>Egilonem</strong></span> <span class='ocrx_word' id='word_1_443' title='bbox 2976 3444 2992 3469; x_wconf 92' lang='lat'><strong>,</strong></span> <span class='ocrx_word' id='word_1_444' title='bbox 3038 3418 3175 3474; x_wconf 87' lang='lat' dir='ltr'><strong>quas</strong></span> <span class='ocrx_word' id='word_1_445' title='bbox 3230 3404 3399 3460; x_wconf 85' lang='lat' dir='ltr'><strong>edidit</strong></span> <span class='ocrx_word' id='word_1_446' title='bbox 3461 3420 3581 3471; x_wconf 84' lang='lat' dir='ltr'><strong>una</strong></span> <span class='ocrx_word' id='word_1_447' title='bbox 3647 3418 3759 3459; x_wconf 87' lang='lat' dir='ltr'><strong>cum</strong></span> 
     </span>
    </p>
   </div>
   <div class='ocr_carea' id='block_1_65' title="bbox 2174 3488 3156 3562">
    <p class='ocr_par' dir='ltr' id='par_1_65' title="bbox 2174 3488 3156 3562">
     <span class='ocr_line' id='line_1_65' title="bbox 2174 3488 3156 3562; baseline 0.005 -15"><span class='ocrx_word' id='word_1_448' title='bbox 2174 3488 2449 3547; x_wconf 81' lang='lat' dir='ltr'><strong>Hincmari</strong></span> <span class='ocrx_word' id='word_1_449' title='bbox 2477 3492 2635 3562; x_wconf 86' lang='lat' dir='ltr'><strong>epist.</strong></span> <span class='ocrx_word' id='word_1_450' title='bbox 2660 3489 2815 3549; x_wconf 82' lang='lat' dir='ltr'><strong>Joan.</strong></span> <span class='ocrx_word' id='word_1_451' title='bbox 2840 3492 3156 3552; x_wconf 81' lang='lat' dir='ltr'><strong>Cordesius.</strong></span> 
     </span>
    </p>
   </div>
   <div class='ocr_carea' id='block_1_66' title="bbox 2801 3583 3133 3641">
    <p class='ocr_par' dir='ltr' id='par_1_66' title="bbox 2801 3583 3133 3641">
     <span class='ocr_line' id='line_1_66' title="bbox 2801 3583 3133 3641; baseline 0.006 -3"><span class='ocrx_word' id='word_1_452' title='bbox 2801 3583 3031 3640; x_wconf 82' lang='lat' dir='ltr'><strong>CAPUT</strong></span> <span class='ocrx_word' id='word_1_453' title='bbox 3070 3585 3133 3641; x_wconf 81' lang='lat' dir='ltr'><strong>ll.</strong></span> 
     </span>
    </p>
   </div>
   <div class='ocr_carea' id='block_1_67' title="bbox 2248 3669 3763 3748">
    <p class='ocr_par' dir='ltr' id='par_1_67' title="bbox 2248 3669 3763 3748">
     <span class='ocr_line' id='line_1_67' title="bbox 2248 3669 3763 3748; baseline 0.004 -23"><span class='ocrx_word' id='word_1_454' title='bbox 2248 3669 2378 3739; x_wconf 77' lang='lat' dir='ltr'><strong>Quae</strong></span> <span class='ocrx_word' id='word_1_455' title='bbox 2409 3679 2520 3726; x_wconf 87' lang='lat' dir='ltr'><strong>toto</strong></span> <span class='ocrx_word' id='word_1_456' title='bbox 2556 3671 2656 3727; x_wconf 85' lang='lat' dir='ltr'><strong>hoc</strong></span> <span class='ocrx_word' id='word_1_457' title='bbox 2682 3688 2802 3744; x_wconf 90' lang='lat' dir='ltr'><strong>cap.</strong></span> <span class='ocrx_word' id='word_1_458' title='bbox 2830 3673 3099 3733; x_wconf 81' lang='lat' dir='ltr'><strong>habentur</strong></span> <span class='ocrx_word' id='word_1_459' title='bbox 3125 3676 3193 3731; x_wconf 89' lang='lat' dir='ltr'><strong>de</strong></span> <span class='ocrx_word' id='word_1_460' title='bbox 3224 3677 3435 3748; x_wconf 81' lang='lat' dir='ltr'><strong>synodo</strong></span> <span class='ocrx_word' id='word_1_461' title='bbox 3466 3676 3763 3734; x_wconf 81' lang='lat' dir='ltr'><strong>Parisieasi</strong></span> 
     </span>
    </p>
   </div>
   <div class='ocr_carea' id='block_1_68' title="bbox 2173 3759 3759 3831">
    <p class='ocr_par' dir='ltr' id='par_1_68' title="bbox 2173 3759 3759 3831">
     <span class='ocr_line' id='line_1_68' title="bbox 2173 3759 3759 3831; baseline 0.004 -17"><span class='ocrx_word' id='word_1_462' title='bbox 2173 3759 2227 3814; x_wconf 91' lang='lat' dir='ltr'><strong>in</strong></span> <span class='ocrx_word' id='word_1_463' title='bbox 2256 3776 2420 3816; x_wconf 87' lang='lat' dir='ltr'><strong>causa</strong></span> <span class='ocrx_word' id='word_1_464' title='bbox 2448 3761 2649 3825; x_wconf 86' lang='lat' dir='ltr'><strong>Ebonis</strong></span> <span class='ocrx_word' id='word_1_465' title='bbox 2674 3763 2880 3831; x_wconf 85' lang='lat' dir='ltr'><strong>habita,</strong></span> <span class='ocrx_word' id='word_1_466' title='bbox 2908 3779 2971 3820; x_wconf 88' lang='lat' dir='ltr'><strong>ea</strong></span> <span class='ocrx_word' id='word_1_467' title='bbox 2997 3766 3250 3821; x_wconf 88' lang='lat' dir='ltr'><strong>similiter</strong></span> <span class='ocrx_word' id='word_1_468' title='bbox 3268 3781 3337 3824; x_wconf 79' lang='lat' dir='ltr'><strong>ex</strong></span> <span class='ocrx_word' id='word_1_469' title='bbox 3380 3766 3599 3825; x_wconf 83' lang='lat' dir='ltr'><strong>Gallico</strong></span> <span class='ocrx_word' id='word_1_470' title='bbox 3635 3781 3759 3823; x_wconf 83' lang='lat' dir='ltr'><strong>eon-</strong></span> 
     </span>
    </p>
   </div>
   <div class='ocr_carea' id='block_1_69' title="bbox 2172 3852 3764 3928">
    <p class='ocr_par' dir='ltr' id='par_1_69' title="bbox 2172 3852 3764 3928">
     <span class='ocr_line' id='line_1_69' title="bbox 2172 3852 3764 3928; baseline 0.006 -23"><span class='ocrx_word' id='word_1_471' title='bbox 2172 3866 2329 3907; x_wconf 72' lang='lat' dir='ltr'><strong>versa</strong></span> <span class='ocrx_word' id='word_1_472' title='bbox 2369 3853 2423 3907; x_wconf 91' lang='lat' dir='ltr'><strong>iu</strong></span> <span class='ocrx_word' id='word_1_473' title='bbox 2454 3852 2703 3920; x_wconf 82' lang='lat' dir='ltr'><strong>Latinum</strong></span> <span class='ocrx_word' id='word_1_474' title='bbox 2746 3857 2911 3921; x_wconf 79' lang='lat' dir='ltr'><strong>habet</strong></span> <span class='ocrx_word' id='word_1_475' title='bbox 2947 3858 3212 3917; x_wconf 85' lang='lat' dir='ltr'><strong>Baronius</strong></span> <span class='ocrx_word' id='word_1_476' title='bbox 3258 3874 3405 3916; x_wconf 89' lang='lat' dir='ltr'><strong>anno</strong></span> <span class='ocrx_word' id='word_1_477' title='bbox 3448 3859 3588 3928; x_wconf 67' lang='lat'><strong>847,</strong></span> <span class='ocrx_word' id='word_1_478' title='bbox 3619 3868 3764 3916; x_wconf 71' lang='lat' dir='ltr'><strong>etes</strong></span> 
     </span>
    </p>
   </div>
   <div class='ocr_carea' id='block_1_70' title="bbox 2173 3942 2939 4004">
    <p class='ocr_par' dir='ltr' id='par_1_70' title="bbox 2173 3942 2939 4004">
     <span class='ocr_line' id='line_1_70' title="bbox 2173 3942 2939 4004; baseline 0.009 -7"><span class='ocrx_word' id='word_1_479' title='bbox 2173 3958 2238 3998; x_wconf 87' lang='lat' dir='ltr'><strong>eo</strong></span> <span class='ocrx_word' id='word_1_480' title='bbox 2263 3942 2448 4001; x_wconf 89' lang='lat' dir='ltr'><strong>Biuius</strong></span> <span class='ocrx_word' id='word_1_481' title='bbox 2478 3954 2609 4001; x_wconf 93' lang='lat' dir='ltr'><strong>tom.</strong></span> <span class='ocrx_word' id='word_1_482' title='bbox 2641 3945 2705 4002; x_wconf 92' lang='lat' dir='ltr'><strong>lll</strong></span> <span class='ocrx_word' id='word_1_483' title='bbox 2732 3947 2939 4004; x_wconf 92' lang='lat' dir='ltr'><strong>Concil.</strong></span> 
     </span>
    </p>
   </div>
   <div class='ocr_carea' id='block_1_71' title="bbox 2781 4038 3144 4097">
    <p class='ocr_par' dir='ltr' id='par_1_71' title="bbox 2781 4038 3144 4097">
     <span class='ocr_line' id='line_1_71' title="bbox 2781 4038 3144 4097; baseline 0.006 -3"><span class='ocrx_word' id='word_1_484' title='bbox 2781 4038 3010 4097; x_wconf 78' lang='lat' dir='ltr'><strong>CAPUT</strong></span> <span class='ocrx_word' id='word_1_485' title='bbox 3057 4041 3144 4096; x_wconf 80' lang='lat' dir='ltr'><strong>lli.</strong></span> 
     </span>
    </p>
   </div>
   <div class='ocr_carea' id='block_1_72' title="bbox 2243 4126 3761 4203">
    <p class='ocr_par' dir='ltr' id='par_1_72' title="bbox 2243 4126 3761 4203">
     <span class='ocr_line' id='line_1_72' title="bbox 2243 4126 3761 4203; baseline 0.007 -22"><span class='ocrx_word' id='word_1_486' title='bbox 2243 4126 2311 4182; x_wconf 83' lang='lat' dir='ltr'><strong>Et</strong></span> <span class='ocrx_word' id='word_1_487' title='bbox 2360 4129 2632 4199; x_wconf 82' lang='lat' dir='ltr'><strong>impetrent</strong></span> <span class='ocrx_word' id='word_1_488' title='bbox 2671 4147 2766 4201; x_wconf 84' lang='lat' dir='ltr'><strong>pro</strong></span> <span class='ocrx_word' id='word_1_489' title='bbox 2809 4133 2955 4187; x_wconf 86' lang='lat' dir='ltr'><strong>nobis</strong></span> <span class='ocrx_word' id='word_1_490' title='bbox 3000 4134 3182 4203; x_wconf 74' lang='lat' dir='ltr'><strong>o/ferri</strong></span> <span class='ocrx_word' id='word_1_491' title='bbox 3223 4151 3405 4190; x_wconf 82' lang='lat' dir='ltr'><strong>sacras</strong></span> <span class='ocrx_word' id='word_1_492' title='bbox 3444 4137 3511 4191; x_wconf 78' lang='lat' dir='ltr'><strong>ob</strong></span> <span class='ocrx_word' id='word_1_493' title='bbox 3533 4146 3761 4192; x_wconf 66' lang='lat' dir='ltr'><strong>«tiones.</strong></span> 
     </span>
    </p>
   </div>
   <div class='ocr_carea' id='block_1_73' title="bbox 2174 4217 3748 4298">
    <p class='ocr_par' dir='ltr' id='par_1_73' title="bbox 2174 4217 3748 4298">
     <span class='ocr_line' id='line_1_73' title="bbox 2174 4217 3748 4298; baseline 0.006 -25"><span class='ocrx_word' id='word_1_494' title='bbox 2174 4217 2263 4274; x_wconf 87' lang='lat' dir='ltr'><strong>Sic</strong></span> <span class='ocrx_word' id='word_1_495' title='bbox 2290 4220 2331 4275; x_wconf 71' lang='grc' dir='ltr'><strong>(Ξ</strong></span> <span class='ocrx_word' id='word_1_496' title='bbox 2375 4231 2428 4277; x_wconf 89' lang='lat' dir='ltr'><strong>et</strong></span> <span class='ocrx_word' id='word_1_497' title='bbox 2454 4221 2504 4277; x_wconf 88' lang='lat' dir='ltr'><strong>J.</strong></span> <span class='ocrx_word' id='word_1_498' title='bbox 2534 4223 2704 4290; x_wconf 82' lang='lat' dir='ltr'><strong>Alias,</strong></span> <span class='ocrx_word' id='word_1_499' title='bbox 2734 4226 3007 4295; x_wconf 84' lang='lat' dir='ltr'><strong>imperent.</strong></span> <span class='ocrx_word' id='word_1_500' title='bbox 3042 4225 3113 4291; x_wconf 81' lang='grc' dir='ltr'><strong>Μ,</strong></span> <span class='ocrx_word' id='word_1_501' title='bbox 3144 4228 3333 4282; x_wconf 86' lang='lat' dir='ltr'><strong>intrent</strong></span> <span class='ocrx_word' id='word_1_502' title='bbox 3374 4244 3471 4298; x_wconf 84' lang='lat' dir='ltr'><strong>pro</strong></span> <span class='ocrx_word' id='word_1_503' title='bbox 3500 4227 3658 4282; x_wconf 78' lang='lat' dir='ltr'><strong>nobis</strong></span> <span class='ocrx_word' id='word_1_504' title='bbox 3685 4226 3748 4295; x_wconf 71' lang='lat' dir='ltr'><strong>of</strong></span> 
     </span>
    </p>
   </div>
   <div class='ocr_carea' id='block_1_74' title="bbox 2171 4310 3761 4390">
    <p class='ocr_par' dir='ltr' id='par_1_74' title="bbox 2171 4310 3761 4390">
     <span class='ocr_line' id='line_1_74' title="bbox 2171 4310 3761 4390; baseline 0.006 -27"><span class='ocrx_word' id='word_1_505' title='bbox 2171 4310 2336 4378; x_wconf 79' lang='lat' dir='ltr'><strong>ferre;</strong></span> <span class='ocrx_word' id='word_1_506' title='bbox 2361 4327 2459 4381; x_wconf 89' lang='lat' dir='ltr'><strong>pro</strong></span> <span class='ocrx_word' id='word_1_507' title='bbox 2484 4327 2591 4386; x_wconf 87' lang='lat' dir='ltr'><strong>quo</strong></span> <span class='ocrx_word' id='word_1_508' title='bbox 2625 4313 2683 4379; x_wconf 91' lang='lat' dir='ltr'><strong>S,</strong></span> <span class='ocrx_word' id='word_1_509' title='bbox 2709 4315 2897 4370; x_wconf 78' lang='lat' dir='ltr'><strong>instent</strong></span> <span class='ocrx_word' id='word_1_510' title='bbox 2921 4332 3015 4388; x_wconf 78' lang='lat' dir='ltr'><strong>pro</strong></span> <span class='ocrx_word' id='word_1_511' title='bbox 3042 4317 3190 4372; x_wconf 81' lang='lat' dir='ltr'><strong>nobis</strong></span> <span class='ocrx_word' id='word_1_512' title='bbox 3213 4318 3423 4388; x_wconf 78' lang='lat' dir='ltr'><strong>o/ferre.</strong></span> <span class='ocrx_word' id='word_1_513' title='bbox 3446 4317 3557 4374; x_wconf 85' lang='lat' dir='ltr'><strong>Sed</strong></span> <span class='ocrx_word' id='word_1_514' title='bbox 3584 4319 3761 4390; x_wconf 80' lang='lat' dir='ltr'><strong>prima</strong></span> 
     </span>
    </p>
   </div>
   <div class='ocr_carea' id='block_1_75' title="bbox 492 4380 3763 4473">
    <p class='ocr_par' dir='ltr' id='par_1_75' title="bbox 492 4380 3763 4473">
     <span class='ocr_line' id='line_1_75' title="bbox 492 4380 3763 4473; baseline 0.007 -31"><span class='ocrx_word' id='word_1_515' title='bbox 492 4391 688 4458; x_wconf 75' lang='lat' dir='ltr'><strong>nensis,</strong></span> <span class='ocrx_word' id='word_1_516' title='bbox 735 4394 1004 4467; x_wconf 85' lang='lat' dir='ltr'><strong>quomodo</strong></span> <span class='ocrx_word' id='word_1_517' title='bbox 1049 4403 1104 4448; x_wconf 89' lang='lat' dir='ltr'><strong>ct</strong></span> <span class='ocrx_word' id='word_1_518' title='bbox 1152 4405 1461 4451; x_wconf 90' lang='lat' dir='ltr'><strong>constanter</strong></span> <span class='ocrx_word' id='word_1_519' title='bbox 1509 4397 1702 4469; x_wconf 81' lang='lat' dir='ltr'><strong>legitur</strong></span> <span class='ocrx_word' id='word_1_520' title='bbox 1737 4399 1876 4454; x_wconf 78' lang='lat' dir='ltr'><strong>infra</strong></span> <span class='ocrx_word' id='word_1_521' title='bbox 1913 4417 1958 4457; x_wconf 90' lang='lat' dir='ltr'><strong>c.</strong></span> <span class='ocrx_word' id='word_1_522' title='bbox 1998 4402 2064 4473; x_wconf 71' lang='lat'><strong>20</strong></span> <span class='ocrx_word' id='word_1_523' title='bbox 2097 4380 2143 4439; x_wconf 83' lang='grc' dir='ltr'><strong>Ῑ)</strong></span> <span class='ocrx_word' id='word_1_524' title='bbox 2169 4400 2328 4460; x_wconf 86' lang='lat' dir='ltr'><strong>lectio</strong></span> <span class='ocrx_word' id='word_1_525' title='bbox 2356 4380 2569 4458; x_wconf 56' lang='lat' dir='ltr'><strong>ridetur</strong></span> <span class='ocrx_word' id='word_1_526' title='bbox 2598 4406 2807 4460; x_wconf 87' lang='lat' dir='ltr'><strong>melior.</strong></span> <span class='ocrx_word' id='word_1_527' title='bbox 2837 4380 2973 4463; x_wconf 77' lang='lat' dir='ltr'><strong>Hinc</strong></span> <span class='ocrx_word' id='word_1_528' title='bbox 3001 4417 3181 4463; x_wconf 87' lang='lat' dir='ltr'><strong>autem</strong></span> <span class='ocrx_word' id='word_1_529' title='bbox 3216 4380 3478 4464; x_wconf 79' lang='lat' dir='ltr'><strong>docemur</strong></span> <span class='ocrx_word' id='word_1_530' title='bbox 3503 4380 3763 4466; x_wconf 52' lang='lat' dir='ltr'><strong>viv-orun&#39;.</strong></span> 
     </span>
    </p>
   </div>
   <div class='ocr_carea' id='block_1_76' title="bbox 489 4483 2063 4564">
    <p class='ocr_par' dir='ltr' id='par_1_76' title="bbox 489 4483 2063 4564">
     <span class='ocr_line' id='line_1_76' title="bbox 489 4483 2063 4564; baseline 0.01 -27"><span class='ocrx_word' id='word_1_531' title='bbox 489 4493 546 4537; x_wconf 88' lang='lat' dir='ltr'><strong>ct</strong></span> <span class='ocrx_word' id='word_1_532' title='bbox 570 4483 660 4551; x_wconf 74' lang='lat'><strong>2|.</strong></span> <span class='ocrx_word' id='word_1_533' title='bbox 690 4485 946 4556; x_wconf 81' lang='lat' dir='ltr'><strong>Idemque</strong></span> <span class='ocrx_word' id='word_1_534' title='bbox 971 4486 1176 4545; x_wconf 80' lang='lat' dir='ltr'><strong>factum</strong></span> <span class='ocrx_word' id='word_1_535' title='bbox 1209 4500 1292 4545; x_wconf 89' lang='lat' dir='ltr'><strong>est</strong></span> <span class='ocrx_word' id='word_1_536' title='bbox 1321 4490 1458 4545; x_wconf 81' lang='lat' dir='ltr'><strong>infra</strong></span> <span class='ocrx_word' id='word_1_537' title='bbox 1487 4508 1605 4563; x_wconf 81' lang='lat' dir='ltr'><strong>cap.</strong></span> <span class='ocrx_word' id='word_1_538' title='bbox 1637 4510 1696 4561; x_wconf 80' lang='grc' dir='ltr'>ιι.</span> <span class='ocrx_word' id='word_1_539' title='bbox 1720 4493 1856 4550; x_wconf 83' lang='lat' dir='ltr'><strong>Nam</strong></span> <span class='ocrx_word' id='word_1_540' title='bbox 1899 4506 1956 4552; x_wconf 90' lang='lat' dir='ltr'><strong>et</strong></span> <span class='ocrx_word' id='word_1_541' title='bbox 1993 4498 2063 4564; x_wconf 79' lang='lat' dir='ltr'><strong>ibi</strong></span> 
     </span>
    </p>
   </div>
   <div class='ocr_carea' id='block_1_77' title="bbox 488 4575 2063 4650">
    <p class='ocr_par' dir='ltr' id='par_1_77' title="bbox 488 4575 2063 4650">
     <span class='ocr_line' id='line_1_77' title="bbox 488 4575 2063 4650; baseline 0.01 -24"><span class='ocrx_word' id='word_1_542' title='bbox 488 4575 540 4628; x_wconf 88' lang='lat' dir='ltr'><strong>in</strong></span> <span class='ocrx_word' id='word_1_543' title='bbox 592 4575 640 4630; x_wconf 85' lang='lat' dir='ltr'><strong>M</strong></span> <span class='ocrx_word' id='word_1_544' title='bbox 697 4575 973 4648; x_wconf 81' lang='lat' dir='ltr'><strong>legebatur</strong></span> <span class='ocrx_word' id='word_1_545' title='bbox 1031 4596 1150 4634; x_wconf 80' lang='lat' dir='ltr'><strong>cum</strong></span> <span class='ocrx_word' id='word_1_546' title='bbox 1199 4579 1473 4650; x_wconf 80' lang='lat' dir='ltr'><strong>Wenilone</strong></span> <span class='ocrx_word' id='word_1_547' title='bbox 1531 4581 1810 4641; x_wconf 83' lang='lat' dir='ltr'><strong>Sennensi.</strong></span> <span class='ocrx_word' id='word_1_548' title='bbox 1863 4587 2063 4642; x_wconf 84' lang='lat' dir='ltr'><strong>Eodem</strong></span> 
     </span>
    </p>
   </div>
   <div class='ocr_carea' id='block_1_78' title="bbox 490 4669 2061 4747">
    <p class='ocr_par' dir='ltr' id='par_1_78' title="bbox 490 4669 2061 4747">
     <span class='ocr_line' id='line_1_78' title="bbox 490 4669 2061 4747; baseline 0.008 -27"><span class='ocrx_word' id='word_1_549' title='bbox 490 4669 651 4723; x_wconf 87' lang='lat' dir='ltr'><strong>modo</strong></span> <span class='ocrx_word' id='word_1_550' title='bbox 690 4670 824 4741; x_wconf 79' lang='lat' dir='ltr'><strong>legit</strong></span> <span class='ocrx_word' id='word_1_551' title='bbox 865 4669 1168 4726; x_wconf 80' lang='lat' dir='ltr'><strong>Cltronicon</strong></span> <span class='ocrx_word' id='word_1_552' title='bbox 1199 4671 1590 4730; x_wconf 85' lang='lat' dir='ltr'><strong>Cameraceuse</strong></span> <span class='ocrx_word' id='word_1_553' title='bbox 1629 4677 1722 4731; x_wconf 93' lang='lat' dir='ltr'><strong>lib.</strong></span> <span class='ocrx_word' id='word_1_554' title='bbox 1752 4692 1791 4743; x_wconf 90' lang='grc' dir='ltr'>ι,</span> <span class='ocrx_word' id='word_1_555' title='bbox 1821 4692 1937 4747; x_wconf 86' lang='lat' dir='ltr'><strong>cap.</strong></span> <span class='ocrx_word' id='word_1_556' title='bbox 1971 4678 2061 4745; x_wconf 37' lang='lat'><strong>43.,</strong></span> 
     </span>
    </p>
   </div>
   <div class='ocr_carea' id='block_1_79' title="bbox 485 4757 2062 4837">
    <p class='ocr_par' dir='ltr' id='par_1_79' title="bbox 485 4757 2062 4837">
     <span class='ocr_line' id='line_1_79' title="bbox 485 4757 2062 4837; baseline 0.004 -22"><span class='ocrx_word' id='word_1_557' title='bbox 485 4775 608 4824; x_wconf 15' lang='lat' dir='ltr'><strong>cum,</strong></span> <span class='ocrx_word' id='word_1_558' title='bbox 638 4757 897 4816; x_wconf 84' lang='lat' dir='ltr'><strong>Venelone</strong></span> <span class='ocrx_word' id='word_1_559' title='bbox 922 4761 1197 4818; x_wconf 87' lang='lat' dir='ltr'><strong>Sennensi.</strong></span> <span class='ocrx_word' id='word_1_560' title='bbox 1222 4763 1368 4819; x_wconf 81' lang='lat' dir='ltr'><strong>lufra</strong></span> <span class='ocrx_word' id='word_1_561' title='bbox 1403 4781 1531 4837; x_wconf 76' lang='lat' dir='ltr'><strong>cap.</strong></span> <span class='ocrx_word' id='word_1_562' title='bbox 1552 4766 1624 4821; x_wconf 74' lang='lat'><strong>20</strong></span> <span class='ocrx_word' id='word_1_563' title='bbox 1663 4768 1842 4822; x_wconf 87' lang='lat' dir='ltr'><strong>omnia</strong></span> <span class='ocrx_word' id='word_1_564' title='bbox 1874 4783 2062 4824; x_wconf 82' lang='lat' dir='ltr'><strong>exem-</strong></span> 
     </span>
    </p>
   </div>
   <div class='ocr_carea' id='block_1_80' title="bbox 483 4844 2065 4929">
    <p class='ocr_par' dir='ltr' id='par_1_80' title="bbox 483 4844 2065 4929">
     <span class='ocr_line' id='line_1_80' title="bbox 483 4844 2065 4929; baseline 0.008 -27"><span class='ocrx_word' id='word_1_565' title='bbox 483 4848 656 4925; x_wconf 88' lang='lat' dir='ltr'><strong>plaria</strong></span> <span class='ocrx_word' id='word_1_566' title='bbox 689 4851 962 4923; x_wconf 83' lang='lat' dir='ltr'><strong>Egilonem</strong></span> <span class='ocrx_word' id='word_1_567' title='bbox 998 4844 1192 4909; x_wconf 54' lang='lat' dir='ltr'><strong>Vocant</strong></span> <span class='ocrx_word' id='word_1_568' title='bbox 1214 4871 1237 4922; x_wconf 15' lang='lat' dir='ltr'><strong>;r</strong></span> <span class='ocrx_word' id='word_1_569' title='bbox 1255 4870 1304 4910; x_wconf 92' lang='lat' dir='ltr'><strong>c.</strong></span> <span class='ocrx_word' id='word_1_570' title='bbox 1333 4856 1426 4918; x_wconf 73' lang='grc'><strong>22,</strong></span> <span class='ocrx_word' id='word_1_571' title='bbox 1454 4857 1806 4927; x_wconf 80' lang='lat' dir='ltr'><strong>Wanilonem.</strong></span> <span class='ocrx_word' id='word_1_572' title='bbox 1837 4858 1891 4913; x_wconf 84' lang='grc' dir='ltr'><strong>ιιι</strong></span> <span class='ocrx_word' id='word_1_573' title='bbox 1920 4860 2065 4929; x_wconf 73' lang='lat' dir='ltr'><strong>Hist.</strong></span> 
     </span>
    </p>
   </div>
   <div class='ocr_carea' id='block_1_81' title="bbox 487 4938 2056 5020">
    <p class='ocr_par' dir='ltr' id='par_1_81' title="bbox 487 4938 2056 5020">
     <span class='ocr_line' id='line_1_81' title="bbox 487 4938 2056 5020; baseline 0.005 -22"><span class='ocrx_word' id='word_1_574' title='bbox 487 4938 697 5010; x_wconf 77' lang='lat' dir='ltr'><strong>Tilpino</strong></span> <span class='ocrx_word' id='word_1_575' title='bbox 725 4944 982 5013; x_wconf 87' lang='lat' dir='ltr'><strong>inscripta</strong></span> <span class='ocrx_word' id='word_1_576' title='bbox 1006 4943 1205 5000; x_wconf 81' lang='lat' dir='ltr'><strong>Ganelo</strong></span> <span class='ocrx_word' id='word_1_577' title='bbox 1230 4958 1475 5002; x_wconf 83' lang='lat' dir='ltr'><strong>vocatur.</strong></span> <span class='ocrx_word' id='word_1_578' title='bbox 1506 4949 1598 5004; x_wconf 88' lang='lat' dir='ltr'><strong>Sic</strong></span> <span class='ocrx_word' id='word_1_579' title='bbox 1625 4958 1680 5004; x_wconf 87' lang='lat' dir='ltr'><strong>et</strong></span> <span class='ocrx_word' id='word_1_580' title='bbox 1705 4951 2056 5020; x_wconf 88' lang='lat' dir='ltr'><strong>manuscript.</strong></span> 
     </span>
    </p>
   </div>
   <div class='ocr_carea' id='block_1_82' title="bbox 479 5032 2060 5090">
    <p class='ocr_par' dir='ltr' id='par_1_82' title="bbox 479 5032 2060 5090">
     <span class='ocr_line' id='line_1_82' title="bbox 479 5032 2060 5090; baseline 0 0"><span class='ocrx_word' id='word_1_581' title='bbox 479 5032 754 5090; x_wconf 79' lang='lat' dir='ltr'><strong>exemolar</strong></span> <span class='ocrx_word' id='word_1_582' title='bbox 782 5033 1032 5090; x_wconf 64' lang='lat' dir='ltr'><strong>Historiae</strong></span> <span class='ocrx_word' id='word_1_583' title='bbox 1060 5037 1398 5090; x_wconf 70' lang='lat' dir='ltr'><strong>scholastica:</strong></span> <span class='ocrx_word' id='word_1_584' title='bbox 1422 5038 1567 5090; x_wconf 86' lang='lat' dir='ltr'><strong>Petri</strong></span> <span class='ocrx_word' id='word_1_585' title='bbox 1591 5039 1894 5090; x_wconf 83' lang='lat' dir='ltr'><strong>Trecensis-</strong></span> <span class='ocrx_word' id='word_1_586' title='bbox 1917 5043 2060 5090; x_wconf 75' lang='lat' dir='ltr'><strong>mind</strong></span> 
     </span>
    </p>
   </div>
   <div class='ocr_carea' id='block_1_83' title="bbox 2169 4492 3019 4566">
    <p class='ocr_par' dir='ltr' id='par_1_83' title="bbox 2169 4492 3019 4566">
     <span class='ocr_line' id='line_1_83' title="bbox 2169 4492 3019 4566; baseline 0.005 -19"><span class='ocrx_word' id='word_1_587' title='bbox 2169 4492 2418 4566; x_wconf 82' lang='lat' dir='ltr'><strong>suil‘ragia</strong></span> <span class='ocrx_word' id='word_1_588' title='bbox 2448 4496 2704 4564; x_wconf 86' lang='lat' dir='ltr'><strong>prodesse</strong></span> <span class='ocrx_word' id='word_1_589' title='bbox 2729 4496 3019 4557; x_wconf 80' lang='lat' dir='ltr'><strong>defunctis.</strong></span> 
     </span>
    </p>
   </div>
   <div class='ocr_carea' id='block_1_84' title="bbox 2777 4589 3131 4647">
    <p class='ocr_par' dir='ltr' id='par_1_84' title="bbox 2777 4589 3131 4647">
     <span class='ocr_line' id='line_1_84' title="bbox 2777 4589 3131 4647; baseline 0 -2"><span class='ocrx_word' id='word_1_590' title='bbox 2777 4589 3006 4647; x_wconf 82' lang='lat' dir='ltr'><strong>CAPUT</strong></span> <span class='ocrx_word' id='word_1_591' title='bbox 3042 4590 3131 4646; x_wconf 77' lang='lat' dir='ltr'><strong>IV.</strong></span> 
     </span>
    </p>
   </div>
   <div class='ocr_carea' id='block_1_85' title="bbox 2235 4676 3765 4755">
    <p class='ocr_par' dir='ltr' id='par_1_85' title="bbox 2235 4676 3765 4755">
     <span class='ocr_line' id='line_1_85' title="bbox 2235 4676 3765 4755; baseline 0.007 -25"><span class='ocrx_word' id='word_1_592' title='bbox 2235 4676 2403 4746; x_wconf 83' lang='lat' dir='ltr'><strong>Atque</strong></span> <span class='ocrx_word' id='word_1_593' title='bbox 2436 4677 2642 4747; x_wconf 79' lang='lat' dir='ltr'><strong>pusillis</strong></span> <span class='ocrx_word' id='word_1_594' title='bbox 2687 4680 2927 4748; x_wconf 85' lang='lat' dir='ltr'><strong>pumilio.</strong></span> <span class='ocrx_word' id='word_1_595' title='bbox 2977 4680 3247 4745; x_wconf 80' lang='lat' dir='ltr'><strong>Incertum</strong></span> <span class='ocrx_word' id='word_1_596' title='bbox 3288 4692 3375 4739; x_wconf 85' lang='lat' dir='ltr'><strong>est</strong></span> <span class='ocrx_word' id='word_1_597' title='bbox 3422 4698 3493 4738; x_wconf 87' lang='lat' dir='ltr'><strong>an</strong></span> <span class='ocrx_word' id='word_1_598' title='bbox 3533 4685 3765 4755; x_wconf 82' lang='lat' dir='ltr'><strong>propria</strong></span> 
     </span>
    </p>
   </div>
   <div class='ocr_carea' id='block_1_86' title="bbox 2164 4766 3767 4845">
    <p class='ocr_par' dir='ltr' id='par_1_86' title="bbox 2164 4766 3767 4845">
     <span class='ocr_line' id='line_1_86' title="bbox 2164 4766 3767 4845; baseline 0.006 -23"><span class='ocrx_word' id='word_1_599' title='bbox 2164 4766 2274 4822; x_wconf 86' lang='lat' dir='ltr'><strong>sint</strong></span> <span class='ocrx_word' id='word_1_600' title='bbox 2320 4768 2555 4833; x_wconf 85' lang='lat' dir='ltr'><strong>nomina.</strong></span> <span class='ocrx_word' id='word_1_601' title='bbox 2601 4786 2670 4824; x_wconf 90' lang='lat' dir='ltr'><strong>an</strong></span> <span class='ocrx_word' id='word_1_602' title='bbox 2722 4772 3076 4841; x_wconf 75' lang='lat' dir='ltr'><strong>appellativa,</strong></span> <span class='ocrx_word' id='word_1_603' title='bbox 3121 4776 3265 4845; x_wconf 87' lang='lat' dir='ltr'><strong>quod</strong></span> <span class='ocrx_word' id='word_1_604' title='bbox 3309 4777 3491 4833; x_wconf 76' lang='lat' dir='ltr'><strong>verius</strong></span> <span class='ocrx_word' id='word_1_605' title='bbox 3517 4778 3767 4839; x_wconf 78' lang='lat' dir='ltr'><strong>videtur.</strong></span> 
     </span>
    </p>
   </div>
   <div class='ocr_carea' id='block_1_87' title="bbox 2166 4857 3770 4941">
    <p class='ocr_par' dir='ltr' id='par_1_87' title="bbox 2166 4857 3770 4941">
     <span class='ocr_line' id='line_1_87' title="bbox 2166 4857 3770 4941; baseline 0.009 -30"><span class='ocrx_word' id='word_1_606' title='bbox 2166 4857 2321 4929; x_wconf 85' lang='lat' dir='ltr'><strong>Unde</strong></span> <span class='ocrx_word' id='word_1_607' title='bbox 2355 4859 2557 4916; x_wconf 84' lang='lat' dir='ltr'><strong>Gallice</strong></span> <span class='ocrx_word' id='word_1_608' title='bbox 2602 4863 2861 4931; x_wconf 77' lang='lat' dir='ltr'><strong>vertitur,</strong></span> <span class='ocrx_word' id='word_1_609' title='bbox 2902 4863 2951 4919; x_wconf 79' lang='lat' dir='ltr'><strong>te</strong></span> <span class='ocrx_word' id='word_1_610' title='bbox 2990 4867 3117 4936; x_wconf 83' lang='lat' dir='ltr'><strong>petit</strong></span> <span class='ocrx_word' id='word_1_611' title='bbox 3160 4868 3320 4932; x_wconf 79' lang='lat' dir='ltr'><strong>naiu,</strong></span> <span class='ocrx_word' id='word_1_612' title='bbox 3361 4868 3414 4924; x_wconf 88' lang='lat' dir='ltr'><strong>id</strong></span> <span class='ocrx_word' id='word_1_613' title='bbox 3441 4877 3522 4925; x_wconf 86' lang='lat' dir='ltr'><strong>est</strong></span> <span class='ocrx_word' id='word_1_614' title='bbox 3553 4885 3770 4941; x_wconf 75' lang='lat' dir='ltr'><strong>parvus</strong></span> 
     </span>
    </p>
   </div>
   <div class='ocr_carea' id='block_1_88' title="bbox 2163 4963 2356 5004">
    <p class='ocr_par' dir='ltr' id='par_1_88' title="bbox 2163 4963 2356 5004">
     <span class='ocr_line' id='line_1_88' title="bbox 2163 4963 2356 5004; baseline -0.005 -1"><span class='ocrx_word' id='word_1_615' title='bbox 2163 4963 2356 5004; x_wconf 89' lang='lat' dir='ltr'><strong>nanus.</strong></span> 
     </span>
    </p>
   </div>
   <div class='ocr_carea' id='block_1_89' title="bbox 2234 5040 3769 5090">
    <p class='ocr_par' dir='ltr' id='par_1_89' title="bbox 2234 5040 3769 5090">
     <span class='ocr_line' id='line_1_89' title="bbox 2234 5040 3769 5090; baseline 0 0"><span class='ocrx_word' id='word_1_616' title='bbox 2234 5040 2381 5090; x_wconf 82' lang='lat' dir='ltr'><strong>Sciat</strong></span> <span class='ocrx_word' id='word_1_617' title='bbox 2404 5044 2691 5090; x_wconf 60' lang='lat' dir='ltr'><strong>secundum</strong></span> <span class='ocrx_word' id='word_1_618' title='bbox 2712 5046 2886 5090; x_wconf 73' lang='lat' dir='ltr'><strong>tlinum</strong></span> <span class='ocrx_word' id='word_1_619' title='bbox 2909 5050 3177 5090; x_wconf 64' lang='lat' dir='ltr'><strong>cunmm-im</strong></span> <span class='ocrx_word' id='word_1_620' title='bbox 3195 5051 3277 5090; x_wconf 58' lang='lat' dir='ltr'><strong>ne;</strong></span> <span class='ocrx_word' id='word_1_621' title='bbox 3316 5061 3364 5090; x_wconf 74' lang='grc' dir='ltr'>οι</span> <span class='ocrx_word' id='word_1_622' title='bbox 3386 5054 3489 5090; x_wconf 57' lang='lat' dir='ltr'><strong>nino</strong></span> <span class='ocrx_word' id='word_1_623' title='bbox 3508 5053 3769 5090; x_wconf 67' lang='lat' dir='ltr'><strong>romula.</strong></span> 
     </span>
    </p>
   </div>
  </div>
