3872 5326
144 268 247 326 373

1502 259 1571 317 IN
1610 258 1868 318 LIBRUM
1902 258 1987 315 Ill.

3288 260 3394 316 δτι

143 379 324 438 Utitur
347 376 535 434 eadem
561 386 693 429 voce
723 369 971 428 Nicolaus
999 384 1134 441 papa
1160 368 1204 435 l,
1230 368 1390 441 epist.
1417 369 1527 425 52:
1557 388 1575 421 ι
1602 374 1715 424 Au-
1745 376 1792 435 Α
1821 383 1941 439 cap.
1961 409 1978 434 ,
2011 368 2291 438 reprobata
2321 384 2350 423 a
2380 367 2601 425 Nicolao
2630 384 2765 441 papa
2810 368 2846 424 I.
2895 371 2969 427 Ex
3017 370 3171 431 istius
3209 375 3397 444 synodi

140 470 391 533 divimas,
418 466 613 537 inquit,
635 464 950 521 Lotharium
973 478 1003 517 a
1024 461 1154 516 sede
1175 460 1468 532 apostolica
1493 459 1718 531 petitum

142 576 244 617 non
270 566 618 629 exspectasse
643 555 969 613 consultum.
1002 572 1020 604 ι
1056 553 1147 609 Sic
1183 561 1235 607 et
1264 552 1317 607 in
1343 551 1592 609 Bothaldi
1623 566 1718 622 ap-

138 651 421 729 pellatione
464 655 531 703 ad
576 648 761 707 sedem
813 644 1203 723 apostolicam:
1260 661 1279 695 ι
1330 642 1549 716 Absque
1597 658 1717 697 meo

140 759 399 809 consensu
431 757 526 798 seu
553 739 824 796 consultu.
854 757 873 791 ι
901 737 969 796 Ει
995 735 1302 793 Chronicou
1328 734 1717 793 Cameraceuse

140 839 228 895 lib.
255 850 337 901 ut,
378 848 498 904 cap.
529 830 637 889 26:
691 849 707 882 ι
759 829 825 885 Ut
863 843 989 883 eum
1035 843 1069 882 a
1114 824 1397 882 consulatu
1443 823 1717 901 pontiﬁcis

139 929 286 999 longe
306 926 531 981 Iaceret.
567 943 585 974 ι
612 919 818 989 Quibus
841 918 976 975 locis
996 915 1274 974 consultus
1297 915 1570 986 signiﬁcat
1588 930 1717 968 con-

138 1018 475 1076 sultationem
509 1013 593 1069 vel
634 1011 939 1067 consilium.
985 1008 1166 1065 Utitur
1199 1007 1387 1063 eadem
1419 1019 1551 1062 voce
1587 1004 1716 1061 Ful-

140 1110 314 1166 bertus
342 1106 512 1176 episc.
543 1100 896 1160 Carnotensis
920 1098 1078 1168 epist.
1109 1097 1198 1153 39.

751 1188 978 1247 CAPUT
1018 1187 1084 1243 γ.

208 1287 529 1362 Hujusmodi
583 1286 737 1357 regia:
783 1282 1116 1353 benignitatis
1163 1277 1376 1349 functus
1421 1277 1713 1332 auctorita-

140 1388 282 1440 tibus.
327 1383 422 1439 Sic
460 1381 642 1436 omnia
678 1376 1037 1448 exemiilaria,
1084 1389 1183 1443 pro
1221 1388 1327 1441 quo
1368 1370 1406 1425 S
1435 1368 1716 1426 substituit

141 1479 309 1547 fretus.
340 1473 553 1529 Sensus
580 1480 662 1526 est
693 1466 866 1524 :Cum
890 1466 1115 1521 haberet
1148 1460 1450 1534 hujusmodi
1477 1458 1713 1515 auctori-

140 1578 284 1632 tates,
318 1566 429 1621 hoc
455 1571 539 1620 est
566 1562 741 1618 edicta
769 1575 863 1615 seu
898 1555 1213 1628 diplomata.

200 1659 409 1715 Librum
437 1670 644 1728 quoque
684 1652 1173 1712 Sacramentoruut,
1218 1645 1307 1725 sed
1347 1653 1393 1699 et
1431 1640 1709 1698 Lectionu-

1821 461 1956 515 actis
1984 475 2050 516 ea
2077 476 2195 531 qua:
2222 461 2309 517 hic
2351 462 2540 518 scribit
2575 471 2766 519 auctor
2792 464 3119 536 desumpsit,
3158 466 3394 537 plerum-

1820 566 1925 622 que
1953 552 2119 606 etiam
2144 552 2309 608 verba
2330 553 2444 623 ipsa
2470 562 2762 609 mutuatus.
2790 554 2941 622 Quod
2966 572 2994 609 a
3022 554 3241 612 Nicolao
3262 573 3398 627 papa

1819 651 2108 698 retractata
2156 643 2227 699 sit
2268 653 2321 699 et
2367 644 2731 715 reprehensa,
2782 646 2955 714 quoad
3003 646 3395 715 depositionem

1818 731 2033 787 illorum
2080 732 2399 788 clericorum
2444 735 2536 804 qui
2580 733 2649 789 ab
2695 732 2879 789 Ebonc
2907 736 3139 791 ordinati
3189 735 3401 792 fuerant

1819 824 2088 897 (quamvis
2114 824 2435 894 subreptitie
2462 822 2702 895 ejusdem
2738 827 2926 898 synodi
2953 827 3396 898 approbationem

1817 930 1848 968 a
1880 915 2169 970 Benedicto
2193 932 2351 987 papa,
2386 926 2441 973 et
2469 917 2537 972 ab
2567 917 2685 989 ipso
2709 917 2931 974 Nicolao
2953 920 3065 990 jam
3091 930 3216 977 ante
3237 922 3400 977 Ilinc-

1816 1019 2003 1061 marus
2021 1005 2335 1074 obtinuerit,
2358 1015 2416 1062 ut
2440 1009 2675 1064 ostendit
2699 1009 2922 1080 epistola
2950 1009 3148 1069 Νίροίλί
3174 1012 3241 1067 52
3267 1022 3320 1069 et
3345 1015 3398 1079 5,

1818 1092 1960 1147 inter
1999 1108 2095 1149 eas
2123 1110 2242 1165 quae
2267 1105 2392 1150 sunt
2422 1097 2475 1151 in
2521 1100 2816 1174 appendice
2856 1101 3208 1172 epistolarum
3250 1103 3398 1173 ejus,

1816 1184 1958 1252 quod
1987 1183 2189 1240 fatetur
2216 1186 2381 1241 etiam
2414 1188 2529 1259 ipse
2556 1188 2821 1246 Baronius
2850 1202 2978 1248 tom.
3009 1192 3232 1249 X‘anno
3260 1194 3363 1251 865
3385 1238 3399 1261 ,

1815 1274 1904 1330 ubi
1947 1277 2191 1331 eamdem
2235 1278 2428 1333 intexit
2464 1280 2811 1349 epiStol'am):
2860 1286 3030 1354 quod,
3083 1286 3328 1357 inquam,
3369 1268 3401 1343 εἰ

1815 1365 2035 1423 Nicolao
2081 1384 2218 1439 papa
2267 1372 2553 1441 reprobata
2603 1375 2702 1440 sit,
2754 1385 2902 1444 patet
2943 1394 3008 1432 ex
3061 1380 3288 1449 epistola
3331 1380 3402 1436 46

1814 1467 1869 1513 et
1892 1459 1961 1512 47
1988 1458 2258 1529 ejusdem,
2299 1470 2355 1516 et
2397 1461 2450 1516 in
2498 1465 2793 1533 appendice
2824 1466 3051 1537 epistola
3090 1469 3156 1524 I3
3202 1479 3256 1526 et
3302 1472 3398 1535 15,

1814 1548 1905 1618 qui
1932 1548 2092 1603 aliam
2116 1549 2279 1620 jussit
2317 1554 2635 1622 congregari
2671 1556 2932 1627 synodum
2963 1558 3016 1612 iu
3044 1560 3233 1615 eadem
3263 1563 3398 1617 civi-

1817 1647 1926 1694 tate
1947 1638 2323 1696 Suessionensi
2348 1657 2509 1713 super
2529 1647 2717 1700 eadem
2740 1645 3068 1713 dillicultate,
3087 1665 3206 1720 quae
3226 1654 3401 1710 dictos

140 1755 282 1816 risui,
316 1764 453 1820 quos
486 1745 644 1801 scribi
671 1743 827 1815 fecit,
867 1741 1020 1796 ebore
1064 1748 1379 1811 argentoque
1423 1734 1707 1791 decorauit.
1740 1737 1788 1798 Β
1816 1730 2043 1789 clericos
2077 1733 2441 1791 restituendos
2474 1751 2596 1794 esse
2629 1738 2887 1795 decrevit.
2931 1740 3056 1799 IItec
3098 1743 3283 1801 habita
3317 1755 3401 1803 est

140 1846 285 1901 Liber
317 1842 805 1899 Sacramentorutu
831 1834 1137 1900 veteribus,
1181 1847 1247 1887 ac
1290 1828 1607 1886 nominatim
1646 1827 1710 1883 Β.

140 1935 414 2007 Gregorio,
450 1941 537 1987 est
583 1944 747 1999 quem
774 1940 896 2007 nos
942 1925 1139 1980 librum
1187 1921 1491 1985 Missalem,
1525 1918 1610 1975 vel
1655 1917 1710 1974 in

139 2038 315 2085 neutro
358 2039 596 2099 genere,
627 2021 845 2079 Missale
887 2019 1137 2074 dicimus.
1177 2013 1580 2078 Lectionarius,
1617 2011 1710 2082 qui

141 2121 377 2177 lectiones
404 2117 675 2188 cujusque
710 2113 817 2169 diei
845 2110 1176 2170 continebat.
1222 2106 1431 2163 Similia
1459 2104 1711 2179 leguntur

142 2211 262 2267 inira
298 2224 422 2283 cap.
471 2206 506 2263 9
551 2207 675 2267 data
706 2204 776 2263 ab
812 2202 1001 2263 eodem
1048 2199 1341 2257 llincmaro
1373 2196 1616 2253 ecclesiae
1646 2195 1704 2251 S.

144 2301 368 2371 lm'i‘ii'
754 2360 979 2422 CAPUT
1038 2360 1125 2417 τι.

199 2462 612 2532 Prwparatuque
654 2455 995 2512 candelarum
1034 2450 1368 2516 munuscula.
1424 2449 1547 2507 llaec
1577 2463 1704 2505 vera

141 2567 211 2619 est
234 2556 405 2612 lectio.
447 2550 557 2608 Sed
590 2547 673 2614 Μ,
709 2544 1080 2610 candelabrum
1118 2541 1463 2609 munuscula,
1505 2556 1572 2596 ex
1600 2555 1708 2611 quo

143 2650 249 2714 fecit
290 2646 335 2707 S,
391 2653 456 2701 et
494 2643 522 2708 ,Ι
580 2638 969 2698 Candelabrum
1005 2647 1053 2694 et
1103 2633 1438 2693 munuscula.
1487 2633 1565 2689 Ex
1605 2633 1708 2689 hoc

142 2748 296 2794 autem
340 2736 607 2791 discimus
639 2732 812 2788 luisse
839 2730 1004 2786 etiam
1046 2727 1136 2783 illo
1174 2736 1415 2800 tempore
1450 2725 1706 2781 usitatam

145 2831 354 2886 ﬁdelium
384 2828 761 2892 devotionem,
792 2839 954 2897 quam
985 2823 1282 2878 etiamnum
1311 2819 1582 2876 cernimus
1646 2827 1706 2873 ut

144 2920 326 2987 sanctis
350 2916 638 2977 luminaria
666 2914 1045 2971 accenderent.

725 3017 953 3085 CAPUT
990 3025 1098 3083 VII.

1812 1839 1956 1881 anno
1981 1824 2109 1882 866.

1879 1917 2148 1973 Amalrico
2192 1918 2502 1978 Turonensi.
2549 1924 2629 1982 lta
2676 1925 2779 1995 ω,
2816 1937 2947 1984 tom.
2995 1929 3285 1987 Concilior.
3342 1942 3398 1988 et

1811 2006 2015 2063 Chron.
2055 2008 2472 2071 Cameracense.
2503 2014 2630 2083 MS,
2675 2017 2941 2074 Almarico
2969 2032 3024 2077 et
3052 2023 3188 2077 infra
3217 2023 3393 2078 Alam.

1810 2099 2075 2166 ricum,et
2094 2103 2349 2160 similiter
2376 2106 2458 2164 bis
2486 2124 2600 2183 cap.
2636 2109 2726 2164 2i.
2755 2110 2919 2167 Plena
2946 2114 3110 2170 dictio
3134 2125 3216 2170 est
3239 2115 3399 2170 Ama-

1807 2189 2028 2260 laricus,
2060 2195 2202 2267 regis
2232 2196 2669 2270 Wisegotborum
2712 2218 2927 2258 nomen.
2965 2204 3096 2259 Item
3126 2205 3198 2272 Ill,
3230 2206 3398 2261 Turo-

1810 2297 1985 2348 nense,
2015 2283 2422 2356 Catalaunense,
2449 2288 2881 2364 Noviomagense,
2913 2304 2967 2350 et
2997 2296 3068 2348 ita
3095 2297 3161 2351 de
3183 2298 3397 2356 caeteris

1808 2375 2062 2431 omnibus
2106 2392 2202 2446 per
2236 2396 2297 2443 e,
2330 2380 2430 2434 nisi
2461 2382 2605 2449 quod
2635 2382 2778 2455 legat
2808 2383 3097 2454 Setmensi,
3145 2404 3242 2459 pro
3287 2404 3395 2459 quo

1808 2473 2076 2518 mutatum
2112 2476 2213 2532 est,
2244 2465 2529 2525 Senonensi
2559 2480 2614 2527 et
2641 2471 3026 2530 Cameracensi.
3062 2476 3261 2533 Verum
3294 2479 3394 2534 hoc

1809 2552 1928 2610 loco
1977 2557 2296 2615 retinuimus
2338 2562 2676 2621 usitatiorem
2723 2566 3132 2624 declinationem
3159 2609 3176 2635 ,
3221 2573 3393 2626 secuti

1808 2646 1910 2702 alia
1943 2650 2303 2722 exemplaria,
2335 2664 2390 2710 et
2415 2666 2573 2726 prout
2606 2657 2804 2730 legitur
2844 2659 2896 2714 in
2938 2660 3099 2717 tomis
3122 2660 3391 2719 Concilio-

1807 2752 1950 2805 rum,
1982 2749 2040 2794 ut
2064 2744 2446 2811 pronuntietur
2475 2746 2745 2805 ablativus
2767 2749 2924 2819 peri.

1877 2827 2116 2885 Huberto
2147 2831 2424 2889 Meldemi.
2469 2834 2549 2891 Ita
2579 2836 2650 2893 CI
2666 2880 2682 2906 ,
2730 2839 2871 2895 sicut
2898 2850 2952 2896 et
2985 2842 3175 2899 tabulae
3201 2843 3393 2899 Demo-

1808 2920 2007 2976 charis.
2036 2922 2106 2977 At
2134 2924 2363 2995 reliqua,
2392 2926 2657 2984 Hucberto
2686 2941 2744 2984 ut
2765 2932 2818 2986 in
2848 2941 2978 2988 tom.
3006 2933 3232 2999 Concil.,
3258 2950 3396 3005 quo-

1805 3011 1966 3068 modo
1995 3013 2160 3070 etiam
2210 3030 2405 3073 nomen
2454 3018 2805 3078 Leodicensis
2848 3022 3085 3094 episcopi
3117 3025 3169 3080 in
3203 3039 3392 3079 manu-

207 3124 380 3181 Velum
424 3138 546 3179 vero
583 3119 851 3195 quoddam
880 3134 1167 3191 oppansum
1196 3114 1386 3171 ibidem
1413 3114 1699 3171 videbatur.
1730 3098 1775 3162 C
1805 3100 2024 3175 scriptis
2051 3105 2327 3193 codicibus
2359 3105 2627 3181 Sigeberti
2654 3123 2913 3184 perpetuo
2936 3116 3151 3188 legitur.

106 3198 111 3200 ⁷
145 3214 222 3271 Sic
240 3213 289 3273 Μ
311 3224 363 3270 et
390 3212 460 3268 Β.
495 3210 604 3267 Sed
624 3208 716 3279 ω,
743 3225 1046 3280 appensum.
1079 3208 1140 3274 S,
1168 3223 1471 3278 oppensum.

710 3321 937 3382 CAPUT
977 3322 1110 3379 VIII.

201 3420 432 3477 Saturnis
462 3418 661 3489 tapetia
690 3416 880 3471 reddit.
910 3414 1043 3471 Hoc
1072 3423 1159 3471 est
1194 3415 1426 3487 reponit.
1464 3413 1561 3473 Sic
1585 3429 1706 3473 om-

145 3512 218 3565 nia
247 3508 593 3579 exctnplaria,
621 3517 818 3577 praeter
846 3504 938 3561 MS
959 3545 975 3571 ,
1013 3505 1157 3575 quod
1183 3506 1378 3572 habet,
1416 3518 1597 3561 sancta
1624 3516 1708 3561 ta-

144 3604 262 3672 petis
284 3601 531 3655 reddidit.
564 3599 642 3653 Ex
671 3598 739 3652 tis
763 3606 943 3653 autem
962 3611 1081 3667 quae
1102 3596 1189 3653 hic
1219 3598 1524 3653 referuntur
1541 3595 1705 3653 disci-

144 3706 250 3746 tnus
268 3697 584 3746 omina-enm
603 3685 849 3744 ecclesia:
873 3704 980 3744 non
1003 3702 1124 3743 esse
1149 3686 1465 3759 applicanda
1486 3687 1556 3744 ad
1576 3703 1705 3744 usus

144 3784 393 3852 pmlauos.

732 3849 960 3909 CAPUT
1002 3849 1093 3905 IX.

210 3947 445 4009 Versibus
470 3950 630 4007 etiam
666 3963 799 4002 auro
827 3945 1032 4017 inclytis
1058 3941 1415 4015 prtetitulavit.
1460 3940 1550 3997 Sic
1586 3939 1701 3997 MS.

145 4040 204 4099 At
223 4041 268 4109 ι,
294 4043 479 4104 inlitis.
507 4042 595 4108 C.,
620 4039 823 4096 inditis.

751 4128 978 4186 CAPUT
1016 4128 1082 4183 Χ.
1693 4195 1697 4199 ν

205 4224 361 4289 Quem
387 4223 756 4294 quotidianum
795 4218 944 4291 pallii
987 4234 1137 4273 usum
1179 4216 1309 4272 nulli
1347 4232 1575 4288 unquam
1618 4233 1706 4269 ar-

146 4317 448 4386 cbiepiscopo
472 4333 524 4372 se
547 4315 885 4370 concessisse.
911 4311 989 4367 De
1011 4311 1335 4370 auctoritate
1362 4320 1417 4365 et
1438 4325 1535 4366 usu
1559 4309 1704 4380 pallii

147 4414 217 4459 est
253 4407 436 4460 titulus
470 4405 500 4459 8
545 4405 642 4471 lib.
677 4421 695 4459 ι
738 4402 1115 4458 Decretalium.
1159 4400 1425 4456 Baronius
1472 4410 1604 4455 toni.
1658 4397 1705 4453 Χ

147 4497 333 4553 duobus
358 4497 510 4564 locis,
549 4496 805 4551 videlicet
829 4494 932 4549 849
956 4504 1013 4549 et
1036 4492 1159 4559 832,
1193 4491 1384 4546 scribit
1424 4490 1701 4546 Nicolaum

146 4601 315 4656 papam
362 4602 558 4659 negare
602 4586 774 4642 luisse
799 4599 1116 4641 concessum
1148 4582 1438 4639 lIincmaro
1481 4582 1702 4653 pallium

147 4676 204 4731 ad
228 4692 376 4731 usum
421 4677 794 4748 quotidianum
829 4693 860 4731 a
892 4675 1073 4730 Leone
1115 4689 1276 4744 papa,
1311 4690 1329 4723 ι
1379 4683 1456 4737 ut,
1489 4672 1699 4743 inquit,

149 4781 231 4822 suo
252 4767 366 4824 loco
390 4768 620 4824 dicetur.
669 4787 688 4821 ι
722 4765 921 4822 Verum
951 4767 1004 4821 in
1032 4765 1198 4835 gestis
1231 4763 1433 4819 Nicolai
1468 4780 1617 4847 papa:
1648 4764 1699 4819 id

149 4872 390 4928 nusquam
415 4860 651 4915 ostendit
694 4857 888 4914 lalsum
918 4855 1116 4920 fuisse,
1143 4857 1245 4912 etsi
1282 4856 1348 4911 de
1378 4855 1499 4909 aliis
1544 4854 1700 4921 lliue—

151 4962 337 5005 ntarunt
367 4949 671 5021 redarguat.
850 5018 853 5021 Α

210 5039 591 5096 Conmendasse
620 5041 878 5111 reperitur
900 5037 1151 5110 episcopis
1193 5046 1347 5102 atque
1375 5034 1704 5106 legatis._Sic

154 5127 253 5187 IS.
283 5132 352 5201 At
403 5132 526 5199 CL,
568 5134 818 5204 epistolis.
863 5130 1022 5187 Prior
1064 5127 1227 5182 lectio
1277 5126 1449 5198 magis
1493 5125 1700 5209 placet,

155 5220 263 5288 qni:
287 5222 351 5277 de
376 5222 610 5294 epistolis
638 5240 758 5280 mox
786 5219 936 5280 infra
965 5218 1231 5287 sequitur.

762 5317 807 5326 ι.
834 5310 971 5326 ηντοη
1009 5308 1050 5326 ‘r

1874 3196 2013 3252 Jona
2050 3190 2533 3271 Augustudunensi.
2560 3203 2634 3272 M,
2661 3207 3133 3278 Augustidunense,
3162 3227 3262 3289 pro
3282 3228 3389 3284 quo

1805 3284 1874 3343 SI
1900 3288 2379 3360 Augustodunensi,
2411 3295 2552 3366 quod
2578 3313 2723 3352 nunc
2748 3298 3018 3357 usitatius.
3056 3295 3060 3299 ⁴
3184 3284 3203 3299 ἡ

1876 3379 2170 3438 Godelsado
2200 3382 2548 3442 Cavilonensi.
2583 3389 2675 3445 Sic
2717 3391 2896 3446 omnia
2942 3394 3159 3463 antiqua
3206 3412 3388 3452 exem-

1804 3471 2014 3558 plaria;
2056 3473 2095 3528 S
2120 3483 2172 3529 et
2201 3473 2229 3529 ,Ι
2259 3476 2655 3547 substituerunt
2686 3495 2878 3549 nomen
2912 3486 3184 3542 recentius
3212 3484 3388 3541 Cabil-

1802 3563 2026 3620 lonensi.

1877 3656 2238 3716 Ilildebranno
2282 3661 2542 3734 Sagiensi.
2591 3664 2665 3732 Μ,
2710 3664 2979 3737 Sageuse,
3015 3665 3077 3734 J,
3128 3667 3389 3741 Sagcnsi,

1806 3749 2073 3819 quomodo
2101 3761 2156 3806 et
2181 3751 2235 3806 in
2264 3753 2422 3810 tomis
2453 3754 2662 3818 Concil.
2693 3758 2780 3811 hic
2814 3758 3030 3828 legitur.
3074 3760 3145 3815 At
3178 3761 3231 3815 in
3261 3760 3388 3816 sub-

1803 3841 2103 3913 scriptione
2150 3846 2363 3911 concilii
2416 3846 2682 3911 Tullcusis
2738 3860 2792 3904 et
2848 3868 2887 3907 ιι
2941 3851 3387 3921 Suessionensis,

1807 3930 2198 3988 Ilildebrandus
2242 3934 2531 4007 Sagicnsis.
2569 3937 2829 3995 Similiter
2876 3941 2930 3997 in
2970 3943 3162 3999 tabulis
3190 3943 3387 4000 Demo-

1806 4024 1988 4081 charis
2025 4024 2169 4079 inter
2209 4028 2492 4101 episcopos
2535 4029 2824 4103 Sagicnses
2853 4049 2995 4090 nono
3024 4034 3142 4090 loco
3172 4036 3390 4107 ponitur

1806 4113 1864 4169 S.
1921 4113 2340 4183 llildebrandus.
2402 4117 2666 4189 Oppidum
2718 4121 2940 4194 Sagium
2995 4126 3292 4197 appellatur
3339 4140 3396 4185 et

1806 4206 2014 4271 Saium,
2040 4206 2161 4263 Gal.
2198 4210 2327 4263 Seez
2361 4210 2412 4264 in
2444 4210 2833 4268 Nordmandia.
3288 4236 3295 4243 ί

1876 4299 2128 4373 Rigboldo
2180 4301 2460 4358 Remorum
2509 4307 2896 4378 cltorepiscopo.
2945 4310 3035 4366 Sic
3073 4311 3114 4367 C
3157 4322 3212 4367 et
3263 4316 3383 4370 IODlI

1805 4393 2053 4461 Cum:in
2094 4395 2181 4450 ubi
2227 4406 2450 4451 vocatur
2492 4398 2801 4469 Rigbaldus,
2842 4417 2943 4470 pro
2972 4418 3210 4473 quonon
3244 4415 3392 4461 recte

1807 4487 2107 4556 coepiscopo
2140 4486 2325 4557 legunt
2352 4486 2441 4543 MS
2468 4499 2522 4542 et
2546 4490 2595 4543 J.

1877 4578 2025 4650 Lupo
2060 4580 2245 4633 abbate
2292 4584 2594 4636 monasterii
2640 4586 2779 4651 quod
2823 4585 3018 4639 dicitur
3057 4586 3365 4644 Ferrarium

1809 4672 1901 4728 Sic
1924 4671 2481 4745 omnialexemplaria.
2513 4672 2570 4725 in
2600 4682 2730 4729 l0m.
2756 4677 2959 4731 Concil.
2989 4695 3006 4729 ι
3031 4677 3179 4750 Lupo
3204 4680 3388 4747 abbat,

1806 4762 2121 4829 monasterii
2173 4762 2525 4828 Bethlehem,
2575 4767 2719 4834 quod
2764 4766 3046 4827 lt'errarias
3093 4771 3312 4834 dicitur.
3367 4792 3385 4824 ι

1810 4852 2052 4924 Utroque
2098 4852 2243 4907 enim
2286 4855 2582 4909 vocabatur
2617 4859 2853 4913 nomine.
2892 4859 3063 4929 Hujus
3117 4862 3247 4934 Lupi
3292 4866 3387 4919 ab-

1807 4943 1949 4998 batis
1973 4950 2149 4998 exstat
2175 4942 2315 4998 liber
2342 4944 2717 5015 epistolaruiu.
3173 4990 3177 4995 .
3356 5010 3359 5011 ν

1810 5026 1815 5031 ’
1879 5032 2127 5087 Heriaco.
2153 5032 2203 5087 M
2230 5043 2285 5089 et
2312 5036 2461 5092 aliud
2481 5041 2778 5110 exemplar,
2803 5038 3038 5098 IIeirico.
3063 5046 3152 5112 SJ,
3178 5045 3388 5099 Ilerico.

1807 5125 1937 5180 tomi
1975 5124 2179 5179 Concil.
2211 5124 2391 5181 Erico.

1879 5212 2259 5269 Hairolzaldus.
2304 5217 2397 5273 Sic
2434 5215 2563 5277 MS.
2597 5219 2718 5288 Αι.,
2767 5218 3092 5288 Ilairoldus,
3128 5232 3186 5278 ut
3212 5221 3302 5276 ω.
3334 5186 3411 5275 Ιηζ
