3872 5326
472 313 531 361 δί
542 315 575 385 ti

1235 310 1649 365 CULVENEBII
1685 310 1975 367 SCHOLtA
2012 310 2079 365 ta
2120 278 2295 368 titsr.
2332 250 2630 371 nanctis.
2664 314 2939 372 seems.

3608 313 3707 364 57b

544 416 814 477 Ριγτηιὶδεὶ
838 417 1056 501 denique
1087 419 1295 497 concilii
1335 436 1604 501 prmities,
1637 425 1932 492 apostolicae
1965 438 2049 477 se—
2081 419 2126 477 Α
2158 420 2304 492 regni
2329 435 2357 475 a
2382 419 2630 477 Caromm
2650 420 2836 487 Catvo,
2861 430 3015 493 patre
3042 420 3208 492 ipsius
3228 417 3432 475 Judith.
3462 417 3703 493 Videattn

584 498 872 560 obedieu‘és
900 500 1169 578 pratceptis
1191 549 1204 574 ,
1249 496 1380 576 etc.,
1426 513 1730 586 httjusmodi
1771 514 2050 582 pra'feren-

472 605 546 649 tes
574 592 864 666 epistolam.
907 599 1033 654 litae
1058 601 1302 670 epistola,
1342 602 1493 673 cujus
1536 606 1827 660 summaria
1873 608 2046 677 capita

472 691 850 745 tantummodo
897 692 984 748 hic
1029 693 1368 759 inseruntur,
1396 708 1477 753 est
1523 682 1777 771 synodica
1823 701 2045 770 epistola

471 779 683 832 concilii
718 779 1026 845 Trecensis,
1080 783 1146 838 de
1190 798 1298 855 quo
1342 786 1477 840 infra
1517 803 1634 858 cap.
1671 790 1763 854 l7,
1793 790 1932 859 quod
1962 806 2048 846 ce—

470 868 734 924 lebratum
782 880 866 926 est
915 872 984 926 ab
1030 873 1219 929 iisdem
1265 877 1535 949 episcopis
1580 894 1723 934 anno
1765 881 2046 949 sequenti,

470 960 723 1031 videlicet
755 962 909 1032 _867,
956 978 986 1017 a
1035 965 1231 1033 quibus
1263 967 1588 1022 celebratum
1639 979 1759 1024 erat
1806 970 2049 1026 Suessio—

472 1067 636 1108 nense
665 1070 808 1110 anno
842 1054 964 1119 866,
1014 1066 1070 1112 ut
1119 1059 1232 1130 ipse
1280 1061 1464 1118 titulus
1509 1050 1732 1129 indicat,
1780 1065 2047 1121 destinata

470 1140 686 1212 quidem
734 1140 799 1201 ad
830 1147 1142 1215 Nicolaum,
1193 1152 1288 1207 sed
1337 1154 1540 1210 reddita
1588 1155 1703 1224 ejus
1750 1158 2045 1212 successori

468 1239 708 1297 Adriano
724 1242 787 1297 11.
807 1242 995 1299 Exstat
1016 1255 1145 1301 tom.
1166 1246 1229 1302 Ill
1247 1247 1451 1304 Concil.
1471 1250 1521 1303 in
1541 1250 1645 1305 line
1672 1251 1859 1325 primae
1876 1254 2048 1323 partis

465 1332 559 1387 ubi
592 1336 845 1404 praecedit
870 1348 925 1392 et
948 1338 1053 1392 alia
1071 1339 1295 1409 epistola
1321 1341 1636 1397 eorumdem
1669 1344 2046 1413 episcoporum

468 1440 534 1479 ex
566 1426 795 1482 concilio
825 1427 1200 1484 Suessionensi
1232 1432 1433 1501 scripta
1464 1447 1608 1487 anno
1641 1433 1932 1504 superiori,
1954 1450 2047 1490 cu-

460 1514 550 1584 jus
576 1506 735 1587 paulo
773 1521 1022 1590 superius
1070 1532 1261 1579 auctor
1293 1534 1478 1580 noster
1510 1526 1775 1580 meminit.
1810 1524 1924 1581 llae
1954 1542 2048 1580 au-

467 1617 573 1689 tem
601 1610 825 1679 epistola
864 1609 918 1675 2,
951 1611 1105 1681 plene
1155 1610 1499 1671 satisfaciunt
1543 1615 1610 1669 iis
1638 1630 1758 1685 qua:
1795 1614 2046 1671 Nicolaus

465 1715 605 1770 papa
653 1701 877 1771 epistola
923 1703 993 1758 46
1034 1703 1164 1772 ipsis
1203 1702 1530 1773 iniunxerat.
1572 1704 1858 1775 Inscriptio
1887 1705 2047 1777 paulo

461 1789 672 1859 plenior
716 1800 800 1845 est
847 1792 902 1847 in
949 1793 1106 1847 tomis
1157 1792 1539 1861 Conciliorum,
1571 1803 1625 1849 et
1674 1794 1726 1849 in
1770 1795 2046 1865 opusculis

466 1871 740 1936 llincmari
786 1868 958 1955 nuper
999 1885 1158 1941 editis
1202 1900 1297 1955 per
1337 1884 1600 1940 Joannem
1649 1884 2044 1964 Lemovicensis

463 1974 717 2057 Ecclesiae
746 1979 1069 2034 canonicum
1113 1995 1128 2033 ε
1178 1998 1196 2029 ι
1230 1978 1704 2042 Revereudissimo
1735 1987 1787 2033 et
1816 1978 2046 2034 sanctis-

464 2064 607 2118 simo
634 2066 850 2120 domino
878 2067 1025 2122 Patri
1058 2084 1123 2122 ac
1151 2069 1443 2124 universali
1468 2085 1621 2141 papae
1666 2069 1903 2139 Nicolao,
1932 2072 2045 2141 epi-
2084 2083 2089 2088 ‘

465 2155 639 2224 scapi,
664 2157 753 2225 qui
782 2158 1053 2226 praeterito
1082 2174 1224 2213 anno
1252 2174 1350 2231 per
1376 2161 1603 2231 gratiam
1634 2159 1725 2215 Dei
1771 2170 1825 2216 et
1857 2161 2044 2215 decre-

436 2254 580 2298 ‘tnm
629 2255 868 2300 vestrum
918 2248 1059 2317 apud
1108 2247 1487 2306 Suessonicam
1534 2252 1722 2307 urbem
1759 2267 1881 2307 cum
1924 2253 2045 2308 aliis

408 2384 422 2396 ,
467 2334 558 2403 qui
585 2346 713 2391 tunc
750 2337 1072 2406 acquierunt
1100 2340 1313 2407 adesse,
1338 2358 1430 2397 vnt
1458 2341 1679 2395 Kalend.
1705 2341 2041 2407 Novembris,

462 2424 634 2493 prima
663 2425 957 2481 indictione
983 2429 1123 2499 apud
1171 2429 1371 2486 Trecas
1401 2432 1771 2486 convenimus.
1791 2452 1809 2486 ι
1842 2432 2047 2488 Prtcter

460 2514 670 2573 litteras
712 2518 1000 2589 synodalcs
1050 2536 1116 2577 ex
1159 2523 1353 2577 concil.
1387 2540 1425 2578 tt
1469 2522 1849 2581 Suessionensi
1900 2526 2046 2583 dedit

465 2614 519 2661 et
557 2607 819 2674 privatam
849 2611 1008 2680 epist.
1036 2609 1364 2669 llincmarus
1400 2615 1467 2669 ad
1506 2614 1783 2670 Nicolaum
1812 2632 2039 2686 papam;

460 2714 567 2766 qua
606 2713 667 2752 se
702 2710 924 2754 excusat
957 2703 1099 2771 quod
1124 2717 1229 2758 non
1258 2705 1439 2759 statim
1478 2705 1707 2761 clericos
1734 2706 1855 2761 illos
1886 2709 2043 2762 resti-

463 2788 645 2846 tuerit.
676 2789 865 2845 Exstat
889 2793 1028 2862 apud
1074 2793 1364 2848 Baronium
1395 2795 1539 2850 dicto
1583 2812 1727 2851 anno
1770 2797 1894 2861 866,
1924 2807 2046 2867 post

468 2879 749 2949 epistolam
777 2882 1111 2952 synodalem.
1146 2881 1385 2955 Utraque
1416 2886 1578 2940 missa
1621 2896 1697 2942 est
1731 2902 1827 2958 per
1869 2888 2045 2959 Egilo-

462 2987 584 3042 nem
615 2972 1074 3044 archiepiscopum
1100 2973 1486 3031 Senonensem.
1522 2978 1585 3032 Ut
1614 2988 1794 3035 autem
1817 2978 2042 3049 epistola

463 3063 716 3135 synodica
750 3064 1035 3121 Trecensis
1065 3077 1174 3122 tota
1208 3069 1331 3124 huic
1360 3084 1480 3139 cap.
1511 3085 1615 3124 non
1664 3071 1933 3135 inseritur,
1964 3072 2042 3125 sic

465 3168 529 3207 ex
564 3154 627 3207 iis
656 3169 776 3223 quae
808 3155 973 3210 habet
997 3156 1329 3212 Flodnardus
1357 3168 1647 3228 potuerunt
1679 3159 1881 3228 aliquot
1911 3160 2041 3214 locis

467 3243 702 3312 Stlppleri
735 3261 795 3298 ea
821 3260 941 3315 qua:
970 3247 1163 3302 desunt
1191 3248 1243 3301 in
1276 3256 1404 3302 tozn.
1432 3246 1797 3303 Conciliorum
1823 3258 1877 3303 et
1901 3250 2041 3320 apud

463 3330 798 3387 Cordesium.

424 3482 437 3487 _
534 3416 602 3474 In
624 3422 732 3475 suis
757 3423 1027 3478 ordinibus
1057 3426 1321 3480 restituere
1344 3439 1771 3483 maturassemus.
1806 3429 1895 3484 Sic
1923 3431 2045 3501 qni-

467 3512 587 3565 detn
621 3509 658 3565 S
688 3520 741 3566 et
769 3509 798 3566 J
814 3553 827 3575 ,
860 3513 951 3568 sed
977 3528 1159 3569 errore
1186 3515 1274 3570 hic
1306 3517 1557 3587 positum,
1580 3534 1700 3574 cum
1726 3534 1851 3572 vera
1880 3519 2041 3575 lectio

472 3605 567 3672 sit,
606 3619 767 3674 quam
797 3605 996 3661 habent
1036 3606 1086 3662 Μ
1112 3617 1167 3663 et
1213 3606 1275 3675 C',
1322 3620 1729 3666 maturaremus.
1777 3613 1852 3667 ita
1893 3614 2038 3668 enim

464 3702 547 3750 est
577 3695 629 3748 in
658 3704 786 3750 tom.
818 3696 1048 3765 Coucil.,
1092 3697 1162 3753 ita
1200 3698 1253 3755 in
1298 3700 1485 3755 eadem
1517 3701 1739 3770 epistola
1769 3701 1911 3756 edita
1945 3718 2040 3773 per

459 3787 801 3855 Cordesium,
847 3797 902 3844 et
942 3790 997 3844 in
1037 3791 1263 3861 epistola
1310 3789 1583 3848 Ilincmari
1637 3793 1704 3847 ad
1756 3792 2037 3848 Nicolaum

460 3895 675 3953 papam,
708 3897 828 3953 quae
873 3892 956 3963 est
1000 3885 1235 3939 secunda
1284 3883 1424 3940 inter
1449 3901 1544 3942 eas
1585 3901 1721 3957 quas
1749 3886 2039 3942 Cordes‘tus

456 3974 644 4039 edidit,
672 3984 726 4030 et
757 3976 810 4031 in
837 3977 1060 4047 cpistola
1089 3978 1315 4033 secundi
1343 3977 1535 4034 concil.
1566 3977 1752 4034 Sucss.
1790 3981 1855 4034 ad
1886 3995 2032 4037 eum-

458 4068 576 4124 dem
607 4066 906 4123 Nicolaum.
1122 4072 1125 4075 ’

534 4154 745 4226 Scripta
783 4173 1005 4227 quoque,
1049 4175 1165 4228 qua:
1194 4158 1314 4212 hinc
1343 4176 1374 4211 a
1406 4170 1572 4214 restra
1606 4161 1921 4215 auctoritate
1949 4162 2034 4213 di-

458 4255 618 4301 recta.
645 4246 736 4301 Sic
763 4245 855 4300 ω.
881 4244 1160 4302 Consentit
1187 4248 1351 4302 lectio
1379 4265 1497 4318 quae
1528 4261 1615 4306 est
1644 4251 1696 4304 in
1731 4262 1860 4306 tem.
1891 4251 2037 4307 Con-

458 4337 546 4392 cil.
576 4337 675 4391 nisi
700 4338 839 4406 quod
865 4352 960 4407 pro
980 4339 1099 4391 hinc
1121 4338 1262 4408 legat
1280 4339 1401 4391 huc.
1418 4339 1487 4393 At
1506 4341 1625 4394 hinc
1647 4343 1815 4411 accipi
1838 4330 2034 4412 potest,

457 4432 577 4481 non
598 4434 658 4481 ut
686 4428 999 4484 adverbium
1028 4430 1153 4495 loci,
1198 4431 1293 4486 sed
1324 4448 1441 4503 qua:
1465 4433 1602 4497 hinc,
1635 4434 1684 4488 id
1729 4444 1811 4489 est
1847 4437 1911 4488 de
1936 4437 2033 4489 Imc

458 4538 531 4576 re.
573 4522 694 4587 MS,
724 4539 841 4594 quin
869 4525 989 4578 hinc
1019 4541 1052 4578 a
1098 4536 1277 4580 nostra
1305 4528 1636 4581 auctoritate.
1666 4526 1771 4582 Sed
1799 4529 2032 4598 priorem

456 4612 741 4668 lectionem
806 4615 1087 4686 requirunt
1145 4630 1208 4671 ea
1280 4632 1399 4687 qua:
1470 4620 1783 4689 praecedunt
1845 4630 1898 4675 et
1951 4636 2034 4677 se-

456 4696 710 4783 qutttttur.

1053 4798 1280 4855 CAPUT
1320 4799 1430 4855 ΧΠ.

528 4884 849 4942 Ganonicam
893 4889 949 4942 in
985 4888 1099 4958 jam
1143 4889 1337 4942 dictum
1364 4889 1711 4951 Balduinttm,
1741 4900 1789 4943 et
1823 4890 2029 4955 Juditlt,

455 4982 739 5037 secundum
764 4983 934 5036 edicta
964 4982 1097 5036 beati
1125 4981 1380 5052 Gregorii,
1410 4984 1473 5036 ab
1503 4969 1755 5053 episcopis
1803 4984 2034 5052 depromi

457 5071 760 5128 sententiam
792 5069 936 5139 fecit.
962 5070 1016 5123 ld
1060 5077 1141 5124 est
1178 5071 1386 5125 curavit
1425 5086 1519 5124 eos
1550 5071 2040 5134 excommunieari.

459 5162 991 5218 Rcsnicitur‘autem.
1017 5170 1073 5214 ut
1104 5171 1345 5218 apparet.
1377 5162 1443 5216 ad
1474 5162 1746 5216 decretum
1792 5162 1855 5216 10
1886 5173 1941 5217 et
1973 5164 2026 5217 li

2146 509 2380 565 Jacobns
2428 510 2674 583 Meyerus
2722 511 2774 567 in
2825 512 3120 567 Annalibus
3166 509 3353 567 Fland.
3400 522 3545 563 anno
3593 506 3709 563 883.

2147 597 2289 664 Inter
2309 601 2468 670 epist.
2495 601 2696 656 Nicolai
2726 601 2809 657 hin
2831 611 2955 656 sunt
2976 602 3041 656 de
3063 615 3223 656 causa
3247 597 3492 653 Balduini
3512 596 3603 660 20.
3624 597 3715 661 2t;

2147 689 2235 755 '50,
2266 691 2336 746 59.
2375 701 2429 746 et
2468 692 2556 758 52,
2589 709 2710 760 qum
2741 684 2929 748 omnes
2958 691 3067 747 fere
3097 700 3221 746 sunt
3248 691 3314 745 ad
3357 689 3533 760 ipsum
3558 687 3713 743 Cato-

2148 778 2254 834 lum
2286 797 2491 853 regem,
2518 792 2574 836 ut
2601 781 2861 837 Balduino
2885 791 3086 852 parcat.
3110 781 3379 836 V'icesima
3416 795 3521 834 una
3547 787 3628 833 est
3651 779 3712 833 ad

2148 868 2594 945 liermentrudem
2642 873 2899 944 reginam.
2930 872 3019 928 Ea:
3045 890 3163 946 quae
3206 883 3331 927 sunt
3357 872 3425 928 ad
3469 871 3716 927 ilincma-

2148 975 2286 1027 rum,
2328 976 2553 1032 quarum
2584 963 2829 1018 meminit
2856 965 2956 1018 hoc
2994 963 3193 1032 capite,
3222 978 3330 1017 non
3354 970 3596 1016 exstant.

2731 1050 2958 1107 CAPUT
2993 1048 3132 1107 XIII.
3280 1056 3285 1061 ’

2216 1141 2295 1196 De
2316 1160 2476 1196 causa
2512 1139 2737 1196 Rothadi
2767 1141 3068 1198 Sttessonici
3093 1141 3321 1213 episcopi
3349 1139 3593 1211 depositi.
3619 1139 3717 1195 De-

2147 1241 2352 1306 positus
2384 1235 2483 1289 fuit
2512 1235 2600 1289 hic
2628 1234 2927 1300 Rotltadus,
2955 1235 3090 1299 sive,
3116 1241 3175 1289 ut
3214 1243 3299 1288 est
3333 1232 3651 1303 plerumque
3670 1231 3720 1285 in

2150 1338 2281 1383 tom.
2310 1326 2672 1383 Conciliorum
2699 1334 2753 1380 et
2775 1322 3103 1381 Bibliotheca
3127 1325 3371 1388 Patrum,
3397 1321 3716 1384 Rothaldus,

2149 1430 2368 1499 auctore
2401 1417 2695 1473 Hincmaro
2726 1417 3069 1489 congregatis
3113 1415 3317 1495 aliquot
3363 1414 3636 1484 episcopis
3673 1413 3722 1466 in

2148 1509 2355 1580 synodo
2388 1508 2777 1565 Silvanectensi
2808 1522 2951 1563 anno
2981 1507 3106 1575 863,
3155 1520 3341 1561 mense
3385 1503 3568 1559 iunio.
3598 1498 3721 1570 Qui;

2149 1599 2239 1654 illo
2270 1600 2323 1654 in
2373 1598 2757 1654 monasterium
2806 1599 3046 1663 detruso,
3094 1596 3258 1651 alium
3307 1595 3722 1656 substituerunt,

2149 1707 2254 1746 non
2284 1693 2535 1746 obstante
2570 1691 2932 1763 appellatione
2979 1691 3045 1744 ad
3075 1690 3257 1747 sedem
3289 1687 3660 1759 apostolicam,
3693 1702 3722 1740 a

2081 1765 2120 1823 Β
2150 1799 2251 1853 qua
2287 1790 2472 1854 postea
2497 1782 2610 1838 sedi
2649 1798 2758 1837 suae
2787 1789 2871 1837 est
2898 1781 3196 1845 restitutus,
3228 1797 3350 1837 eum
3382 1780 3513 1834 nulli
3539 1788 3722 1835 contra

2146 1890 2269 1928 eum
2297 1882 2645 1930 accusatores
2674 1873 2859 1930 Romae
2885 1882 3277 1944 comparerent,
3322 1888 3424 1929 nec
3473 1872 3588 1942 ipse
3614 1870 3724 1927 Odo

2146 1964 2539 2020 Bellovacensis
2568 1964 2877 2035 episcopus,
2903 1964 2996 2037 qui
3035 1964 3104 2020 ab
3135 1966 3235 2019 hac
3263 1963 3471 2035 synodo
3499 1962 3725 2017 Romam

2147 2054 2346 2123 missus
2386 2054 2583 2118 fuerat,
2628 2068 2753 2108 eum
2781 2058 3087 2115 accusaret.
3134 2052 3210 2107 De
3239 2051 3447 2122 quibus.
3477 2050 3729 2105 omnibus

2146 2142 2255 2198 late
2282 2143 2470 2198 videre
2496 2153 2578 2197 εει
2606 2142 2883 2212 epistolam
2917 2141 2987 2198 9.8
3034 2141 3238 2196 Nicolai
3281 2155 3433 2211 papae
3465 2140 3646 2210 primi,
3673 2148 3726 2193 et

2146 2240 2434 2302 sequentes
2463 2248 2634 2302 usque
2656 2232 2723 2286 ad
2749 2232 2841 2288 44.
2889 2231 3020 2299 Quae
3047 2232 3320 2287 sexdecim
3364 2231 3612 2301 epistola:
3636 2242 3730 2284 es-

2146 2335 2291 2381 stant
2317 2340 2529 2397 quoquc
2554 2335 2682 2380 tom.
2712 2326 2778 2380 ιιι
2818 2325 3171 2381 Bibliotheca:
3209 2323 3429 2379 Patrum
3472 2324 3725 2380 secundae
3772 2348 3778 2353 -

2145 2415 2417 2470 editionis.
2445 2416 2678 2470 Etcerte
2700 2414 3027 2484 Hincmarus
3062 2415 3116 2473 in
3156 2428 3254 2470 sua
3281 2414 3509 2484 epistola
3546 2414 3728 2483 apolo~

2145 2507 2340 2578 getica,
2385 2521 2506 2577 qua:
2550 2514 2663 2561 toto
2704 2506 2807 2561 hoc
2847 2506 3021 2577 capite
3061 2506 3400 2566 continetur,
3440 2506 3633 2560 scribit
3672 2520 3730 2559 se

2072 2614 2077 2623 ἠ
2146 2597 2359 2653 mittere
2400 2596 2630 2654 vicarios
2683 2611 2843 2662 suos,
2894 2613 2913 2648 t
2943 2612 3047 2650 non
3092 2605 3437 2651 accusatores
3486 2595 3556 2650 ad
3601 2610 3735 2650 cons

2146 2684 2479 2754 ﬂigendum,
2535 2684 2627 2741 sed
2697 2694 2756 2740 ut
2809 2701 2841 2740 a
2896 2684 3147 2740 Rothado
3207 2695 3367 2754 atque
3429 2698 3464 2738 a
3535 2682 3737 2739 vicinis.

2146 2788 2468 2842 accusatus,
2525 2778 2591 2832 ad
2648 2776 3047 2842 intimandum,
3094 2776 3236 2855 quod
3303 2790 3409 2829 non
3480 2774 3536 2829 in
3600 2789 3737 2829 cons.

2148 2879 2407 2940 temptum
2456 2870 2599 2925 sedis
2642 2869 2970 2941 apostolicae,
3008 2869 3367 2941 appellantem
3415 2867 3733 2927 Rothadunt

2146 2959 2443 3014 secundum
2471 2957 2827 3015 Sardieenses
2860 2975 3099 3016 canones
3128 2960 3310 3015 sedem
3350 2959 3723 3029 apostolicam.

2146 3051 2243 3105 sed
2272 3065 2397 3107 eum
2433 3051 2523 3120 qui
2565 3050 2633 3105 ad
2670 3050 2963 3106 electorum
2988 3050 3249 3119 judicium
3277 3051 3345 3110 de
3376 3052 3549 3106 certis
3583 3050 3725 3123 capi-

2151 3140 2274 3196 tulis
2310 3142 2623 3212 provocavit
2659 3142 2814 3212 juxta
2851 3140 3305 3214 Carthaginenses
3342 3152 3398 3198 et
3438 3142 3737 3198 Africanos

2145 3250 2401 3299 canones,
2429 3250 2491 3289 ac
2517 3236 2740 3289 decreta
2768 3234 2909 3289 beati
2931 3232 3204 3304 Gregorii,
3236 3235 3561 3305 regulariter
3580 3235 3725 3307 judi-

2144 3326 2407 3381 carimus.
2441 3344 2459 3376 ι
2498 3323 2588 3380 Sic
2615 3324 2724 3381 ille.
2753 3325 2951 3379 Verum
2974 3325 3026 3379 id
3053 3335 3213 3396 negat
3239 3324 3521 3387 Rotliadus
3549 3328 3602 3380 in
3628 3344 3723 3381 sua

2142 3417 2521 3487 appellatione,
2545 3432 2667 3487 qua:
2690 3425 2862 3473 exstat
2891 3425 3011 3487 post
3036 3418 3198 3487 epist.
3224 3417 3291 3471 57
3322 3416 3527 3473 Nicolai
3553 3433 3737 3488 papa-,7

2143 3518 2307 3579 atque
2356 3508 2411 3562 in
2457 3524 2524 3563 eo
2572 3509 2786 3563 videtur
2830 3509 3101 3579 praecipua
3146 3509 3541 3569 controversia.
3569 3507 3727 3577 huius

2142 3615 2320 3654 causae
2367 3600 2683 3655 consistere.
2734 3600 2928 3655 Exstat
2979 3608 3153 3656 totum
3206 3601 3312 3662 hoc
3366 3609 3535 3671 caput
3586 3600 3737 3671 apud

2141 3690 2338 3746 Baron.
2373 3702 2503 3746 tom.
2535 3689 2600 3755 Χ,
2634 3707 2776 3747 anno
2807 3692 2931 3757 861,
2962 3694 3059 3748 sed
3098 3708 3166 3748 ex
3206 3692 3367 3748 unico
3403 3691 3737 3761 exemplari,

2140 3799 2336 3853 eoque,
2365 3794 2423 3837 ut
2452 3784 2650 3839 fatetur
2678 3784 2967 3849 Baronius,
2993 3799 3097 3839 non
3124 3785 3243 3840 sine
3265 3785 3503 3840 mendis.

2212 3874 2439 3940 Quidam
2478 3877 2841 3946 episcoporum
2886 3876 3030 3947 regni
3073 3874 3313 3929 Lotharii
3333 3914 3350 3942 ,
3385 3875 3501 3929 zelo
3538 3891 3738 3929 auaro.

2141 3978 2324 4034 contra
2351 3983 2445 4020 nos
2467 3967 2635 4031 ducti,
2673 3967 2797 4037 quia
2836 3966 3048 4019 illorum
3076 3964 3308 4027 comitiis
3334 3964 3400 4019 de
3426 3963 3726 4019 Παιάν-σόει

2140 4070 2242 4112 itan
2267 4060 2639 4129 (requievimus.
2669 4057 2960 4113 Lotharius
2987 4072 3104 4122 rex,
3130 4056 3271 4111 Illius
3295 4055 3541 4117 Lotharii
3568 4056 3722 4126 imp.,

2139 4151 2419 4219 repudiata
2449 4149 2691 4219 legitima
2718 4164 2887 4204 uxore
2912 4147 3277 4219 Tlteutberga,
3308 4148 3451 4203 hanc
3477 4146 3723 4202 Waldra-

2139 4244 2262 4299 dam
2309 4242 2668 4297 concubinam
2708 4242 2812 4298 sibi
2863 4242 2916 4296 in
2964 4240 3370 4296 matrimonium
3420 4239 3719 4303 asciverat;

2139 4348 2246 4402 qua
2275 4333 2339 4389 de
2369 4348 2428 4389 re
2457 4332 2640 4388 multa:
2675 4346 2891 4402 quoque
2918 4339 3134 4387 exstant
3167 4330 3373 4385 Nicolai
3417 4345 3570 4400 papae
3609 4328 3720 4399 epi-

2140 4425 2312 4489 stolae,
2340 4434 2393 4480 et
2427 4423 2702 4479 llinctnari
2742 4424 3009 4493 prolixum
3041 4421 3356 4493 opusculum
3391 4422 3459 4477 de
3489 4422 3725 4476 (ἤτοι-Λα

2138 4518 2379 4572 Lotbarii
2413 4518 2555 4588 regis
2584 4527 2639 4572 et
2667 4516 3024 4588 Theutbergte
3050 4516 3269 4587 reginae.

2209 4608 2275 4661 Et
2312 4608 2428 4662 ideo
2458 4619 2512 4662 ut
2544 4625 2601 4663 se
2636 4609 2991 4673 concrederet,
3020 4605 3277 4660 locarium
3308 4607 3355 4659 ei
3391 4607 3711 4675 promittere.

2137 4701 2229 4755 Sic
2256 4700 2295 4755 C
2323 4710 2376 4754 et
2402 4698 2450 4757 ι.
2479 4701 2688 4756 Dicitur
2716 4708 2896 4754 autem
2943 4699 3203 4753 locarium
3242 4713 3272 4752 a
3316 4697 3468 4763 loco,
3511 4698 3601 4752 ubi
3633 4698 3719 4751 lo~.

2136 4808 2279 4858 care,
2316 4794 2365 4848 id
2406 4802 2491 4849 est
2538 4793 2824 4859 collocare,
2876 4801 2928 4847 te
2980 4790 3176 4862 possis.
3223 4788 3538 4859 Signiﬁcat,
3585 4800 3718 4844 teste

2135 4885 2401 4948 Varrone.
2436 4885 2664 4956 pretium
2695 4886 2838 4955 quod
2874 4885 3032 4939 datur
3060 4882 3114 4937 in
3148 4880 3363 4937 stabulo
3387 4890 3443 4935 et
3472 4881 3710 4935 taberna.

2147 4976 2294 5031 Unde
2331 4976 2533 5042 Gallice
2567 4975 2798 5030 vertitur
2828 4989 3041 5044 moyeus
3072 4973 3138 5027 de
3174 4972 3328 5026 ciere.
3379 4969 3474 5025 MS
3497 4979 3552 5024 et
3574 4970 3714 5022 aliud

2141 5065 2418 5137 exemplar
2461 5065 2643 5135 legunt
2689 5064 2993 5135 jocarium,
3034 5065 3177 5132 quod
3224 5060 3366 5116 idem
3409 5059 3715 5130 signiﬁcare

2139 5164 2315 5218 potest
2348 5159 2488 5218 quod
2513 5157 2707 5218 jocale,
2740 5155 2879 5211 Gali.
2900 5155 3134 5218 joyaux;
3166 5153 3258 5207 sed
3286 5151 3417 5207 huic
3458 5150 3574 5205 loco
3609 5166 3712 5202 non
