3872 5326
121 244 207 301 δῖ’]

1435 235 1501 289 ΙΝ
1543 233 1798 292 LIBRUM
1845 233 1929 288 Ill.

3219 230 3343 286 378.

187 349 302 406 Nisi
328 347 554 420 quandin
601 347 762 416 ejecta
812 346 920 400 sine
967 345 1072 400 ullo
1118 347 1331 400 crimine
1363 348 1427 398 ab
1467 363 1528 400 ea
1569 362 1662 399 sno
1691 347 1734 407 Α
1765 357 1820 400 et
1864 347 2191 400 recentiores
2235 344 2532 399 scribentes
2578 345 2646 400 de
2691 343 2982 400 litercsibus
3004 343 3332 404 solumjllud

120 440 355 513 pontiﬁce.
397 437 612 491 Scilicet
656 435 969 506 lligoberto,
1005 435 1070 488 de
1107 449 1216 504 quo
1255 451 1416 504 supra
1464 435 1554 489 lib.
1598 452 1658 496 ιι,

121 548 221 600 cap.
253 530 333 583 12.
377 527 505 596 Qua:
539 527 702 582 dictio
747 526 851 579 alia
900 541 1058 579 manu
1111 541 1269 596 super
1315 525 1482 579 lineas
1520 526 1572 578 in
1611 524 1660 578 Μ

121 625 267 694 υυδξιιι
293 630 392 686 est,
423 634 650 689 eamque
672 617 710 672 S
735 626 788 672 et
816 615 842 670 J
873 618 924 670 in
957 627 1157 670 textum
1189 615 1505 671 retulerunt.

180 713 316 779 Quod
343 713 549 781 furatus
576 710 640 762 sit
674 727 750 763 res
779 719 825 762 et
857 709 1158 762 thesaurum
1196 709 1442 762 ecclesitc.
1486 708 1575 761 Sic
1598 708 1656 770 C,

121 821 219 875 qua:
245 819 360 858 veta
389 803 598 886 videtur
625 801 798 854 lectio.
830 799 1073 868 Ilcliqua,
1104 797 1400 852 fraudatus.

672 891 897 947 CAPUT
937 891 1075 945 XIV.

175 985 245 1038 At!
274 983 670 1037 conciliabulum
711 1000 874 1052 nuper
915 983 1066 1036 Metis
1108 982 1359 1043 habitum,
1388 983 1526 1052 quod
1575 999 1661 1035 ro-

121 1076 211 1130 cari
253 1075 500 1144 synodum
546 1077 794 1130 vetuistis.
837 1075 1023 1128 Ettstnt
1071 1083 1200 1128 tom.
1247 1074 1308 1127 lll
1349 1073 1552 1128 Concil.
1607 1075 1657 1128 itt

122 1171 206 1223 ﬁne
241 1169 416 1238 prima:
449 1168 642 1238 partis,
673 1169 911 1222 habiturn
939 1183 1082 1221 anno
1109 1168 1232 1227 8(35,
1266 1180 1448 1220 mense
1479 1165 1655 1228 lunio,

122 1261 162 1312 in
203 1274 347 1313 eam
409 1260 613 1328 repudii
672 1259 1025 1328 Theulbcrgze
1080 1257 1275 1327 regina:
1324 1272 1353 1310 a
1404 1247 1658 1310 Lothario

122 1365 222 1419 rege
256 1349 393 1402 lacli.
427 1350 714 1403 Damnavit
749 1349 872 1403 illud
910 1349 1160 1404 t‘iicolaus
1190 1350 1205 1402 I
1244 1351 1298 1403 in
1334 1350 1563 1404 concilio
1595 1350 1655 1404 Ill

120 1437 327 1491 llomzmo
361 1439 458 1491 sub
492 1439 607 1508 ipso
636 1441 820 1494 habito
851 1440 1036 1494 eodem
1071 1455 1233 1492 anno.

177 1528 382 1581 Tandem
441 1529 495 1582 in
557 1528 865 1598 Moguntina
924 1531 1130 1584 civitate
1189 1532 1366 1584 habita
1422 1533 1654 1601 synodo,

125 1617 302 1670 R..bano
343 1620 730 1689 archiepiscopo
773 1620 1002 1674 libellum
1031 1622 1112 1675 sui
1141 1624 1334 1676 erroris
1366 1625 1654 1692 porrigens,

1764 437 2014 501 alterum,
2039 436 2179 506 quod
2203 435 2515 506 Sigehertns
2540 437 2592 490 in
2622 435 2889 494 Chronico
2925 452 3067 492 anno
3094 436 3219 501 Ub,
3247 439 3338 502 bis.

1765 525 1990 580 verbis:
2035 546 2056 578 ι
2093 526 2602 581 Ριωιιθειίιιιιιοι-ιιιιι
2659 527 2880 582 htcresis
2936 527 3038 584 boc
3094 537 3336 598 tempore

1763 621 1926 688 cmpit
1961 633 2212 688 serpere:
2245 619 2334 687 qui
2360 619 2480 673 ideo
2508 617 2876 674 Prtedestinati
2897 629 3179 685 vocantur,
3205 621 3336 689 quia

1761 711 1827 764 de
1855 711 2324 779 prmdestinatione
2342 719 2395 765 et
2416 710 2593 764 divina
2626 711 2795 780 gratia
2815 712 3164 780 disputantes,
3185 692 3332 772 asses

1764 801 1954 854 rehant
1975 802 2116 870 quod
2142 817 2239 855 nec
2276 802 2361 870 pie
2401 802 2706 855 viventibus
2729 802 2895 871 prosit
2916 803 3174 857 honorum
3205 818 3333 872 ορθ-

1762 907 1880 946 rum
1903 892 2069 953 labor,
2099 893 2144 946 si
2168 910 2195 945 ει
2227 893 2338 946 Deo
2356 891 2422 946 ad
2455 902 2682 947 mortem
2712 894 3075 962 praedestinati
3112 894 3330 961 fuerint;

1761 997 1860 1038 nec
1889 983 2067 1052 impiis
2095 983 2237 1038 obsit
2261 984 2402 1053 quod
2430 984 2670 1054 improbe
2692 985 2896 1049 vivant,
2923 986 2966 1039 si
2998 1001 3026 1038 a
3051 987 3169 1040 Deo
3195 1003 3334 1056 prte-

1760 1073 2015 1128 destinati
2057 1073 2258 1130 fuerint
2283 1077 2350 1130 ad
2382 1076 2565 1130 vitam.
2602 1076 2731 1142 Qua:
2759 1078 2986 1132 assertio
3014 1087 3066 1132 et
3099 1079 3268 1133 bonos
3305 1094 3334 1132 a

1761 1163 1917 1218 bonis
1949 1166 2228 1230 avocabat,
2257 1176 2312 1220 et
2338 1165 2510 1221 malos
2538 1167 2605 1222 ad
2627 1167 2766 1221 mala
2791 1167 3138 1236 provocabat.
3169 1188 3187 1220 ι
3214 1169 3335 1224 lltec

1761 1252 1867 1306 ille.

1831 1345 1987 1410 Quod
2013 1345 2478 1402 Prwdcstinatiani
2501 1358 2691 1403 veteres
2716 1366 2819 1404 non
2852 1350 3118 1414 dixerunt,
3157 1352 3253 1405 iste
3279 1361 3336 1405 ut

1757 1437 2049 1503 audacius,
2089 1437 2162 1492 ita
2208 1448 2254 1491 et
2295 1440 2636 1507 perniciosius
2678 1441 2836 1502 dicit,
2870 1440 3115 1494 deitatem
3140 1452 3338 1496 sancta:

1761 1526 2034 1582 Trinitatis
2071 1530 2264 1582 trinam
2287 1547 2419 1584 esse.
2447 1529 2502 1583 ld
2531 1531 2747 1599 quidem
2788 1531 2966 1585 minus
2995 1541 3141 1586 recte
3161 1541 3217 1584 et
3237 1532 3340 1585 im-

1759 1618 1976 1687 proprie
2028 1617 2247 1683 dicitur,
2287 1635 2411 1674 cum
2447 1620 2606 1674 trium
2649 1635 3001 1690 personarum
3051 1621 3103 1676 in
3151 1631 3336 1676 sant-ta

123 1711 357 1762 damnatus
385 1710 446 1762 ab
476 1704 714 1763 om'nilms
745 1709 1041 1765 Germanite
1081 1714 1357 1782 episcopis,
1389 1725 1494 1768 etc.
1534 1713 1655 1768 "ac
1685 1703 1730 1761 Β
1760 1711 2026 1766 Trinitate
2071 1728 2175 1766 non
2202 1715 2271 1767 sit
2309 1714 2410 1767 nisi
2460 1731 2560 1767 una
2599 1729 2824 1768 numero
2880 1714 3073 1769 deitas.
3135 1713 3241 1766 Sed
3272 1726 3340 1778 eo

123 1811 183 1853 cst
205 1803 417 1869 synodus
447 1817 484 1854 ιι
522 1799 826 1871 Moguntina
860 1803 960 1855 sub
988 1802 1234 1868 Rabano,
1271 1821 1412 1859 anno
1444 1807 1652 1861 Domini

121 1892 218 1957 διε,
244 1903 469 1961 tempore
503 1894 697 1948 Leonis
729 1911 876 1963 papa:
910 1895 998 1960 ιν,
1032 1898 1096 1949 de
1137 1914 1243 1967 quo
1287 1901 1475 1952 eodem
1513 1916 1654 1955 anno

122 1985 357 2046 Batonius,
387 1989 480 2041 sed
532 2006 596 2043 ex
642 1991 724 2044 his
754 1989 1038 2047 Flodoardi
1088 1994 1306 2064 scriptis
1343 2011 1406 2050 ex
1449 1994 1650 2051 Gallica

123 2073 260 2144 lingua
291 2077 453 2129 solum
497 2079 791 2133 translatis.
1638 2078 1640 2080 ⁷

177 2167 336 2222 Postea
379 2181 550 2224 autem
599 2190 630 2226 α
676 2171 898 2240 Belgictc
940 2174 1217 2229 Remorum
1265 2195 1326 2230 ac
1357 2173 1648 2232 Galliarum

123 2259 455 2325 provinciarum
486 2263 737 2330 episcopis
769 2266 1001 2318 auditas.
1045 2266 1306 2321 Videlicet
1359 2269 1410 2322 in
1444 2271 1649 2340 synodo

121 2346 356 2403 Yalentina
403 2365 544 2406 anno
586 2351 708 2417 85ῗ,
738 2355 806 2408 ah
851 2357 1119 2424 episcopis
1153 2359 1308 2410 trium
1341 2360 1648 2426 provincia-

127 2453 233 2502 rum,
256 2457 362 2509 qua:
401 2451 584 2497 exstat
631 2453 760 2498 tom.
804 2446 865 2499 ΙΙΙ
897 2446 1100 2501 Concil.
1145 2459 1295 2518 parte
1325 2466 1362 2512 ι,
1395 2459 1448 2503 et
1479 2451 1528 2504 in
1563 2466 1647 2518 sy-

123 2530 230 2583 nodo
253 2529 472 2586 Tullensi
507 2534 562 2588 in
593 2535 850 2590 suburbio
880 2536 1020 2592 illius
1048 2539 1215 2602 urbis,
1247 2541 1368 2593 villa
1403 2540 1662 2610 Sapona-‘
1692 2539 1698 2545 ’

123 2616 205 2671 rias
253 2619 413 2687 dicta,
461 2622 532 2676 ab
577 2624 845 2694 episcopis
905 2630 1185 2684 duodecim
1246 2633 1642 2702 provinciarum

122 2722 230 2762 oliuo
252 2709 445 2767 Domini
489 2713 619 2779 859,
647 2731 767 2786 qua:
811 2717 1006 2773 ibidem
1055 2737 1158 2774 nun
1212 2723 1415 2793 integre
1444 2734 1637 2780 exstat.

123 2798 329 2856 Videntur
349 2804 611 2862 Baronius
638 2808 738 2863 hoc
764 2826 904 2864 anno
931 2813 978 2864 in
1002 2814 1320 2869 Annalibus.
1352 2815 1644 2886 Utriusque

122 2889 227 2946 inira
255 2898 481 2952 meminit
510 2910 704 2956 auctor
729 2919 847 2972 cap.
881 2904 965 2958 16.

173 2982 280 3048 Qum
329 3000 504 3043 contra
560 2994 870 3049 catholicam
916 2996 1073 3064 ﬁdem
1128 3015 1193 3052 ex
1244 3001 1398 3054 veleri
1453 3003 1640 3057 liwrest

1757 1824 1918 1864 sensu
1947 1809 2050 1862 dici
2079 1819 2259 1879 potest
2288 1809 2424 1863 trina
2452 1811 2648 1874 deitas,
2674 1810 2802 1878 quia
2822 1809 2986 1864 estin
3013 1807 3186 1863 tribus
3217 1822 3339 1876 perv

1752 1900 1921 1954 souis.
1960 1900 2180 1955 Undein
2202 1900 2440 1956 Ecclesia
2473 1901 2717 1957 Romana
2743 1917 2774 1954 n
2806 1901 3060 1955 trecentis
3089 1909 3143 1953 et
3173 1901 3334 1968 quim

1753 1990 2007 2058 quaginta
2036 1991 2256 2044 circiter
2281 1992 2438 2045 annis
2467 1993 2788 2046 decantatus
2809 2001 2894 2047 est
2914 1991 3001 2046 ille
3027 1992 3087 2046 ὃ.
3115 1990 3338 2046 Τιιοιιιω

1753 2083 1984 2153 hymnus
2007 2086 2072 2136 de
2109 2082 2170 2138 V.
2203 2093 2544 2138 sacramento
2574 2085 2623 2137 iu
2648 2099 2755 2153 quo
2777 2085 2974 2142 dicitur
3007 2101 3020 2136 :

1871 2173 1945 2224 Te
1971 2176 2096 2222 trina
2125 2174 2294 2225 Deitas
2317 2188 2510 2236 unaque
2535 2178 2797 2236 poscimus.

1819 2255 2061 2326 Cumque
2089 2257 2154 2311 de
2189 2273 2254 2311 eo
2278 2258 2536 2310 mutando
2557 2266 2807 2326 ageretur
2829 2257 2883 2310 in
2915 2265 3187 2326 postrema
3214 2271 3340 2310 cor-

1745 2349 1990 2402 rectione
2039 2347 2266 2402 Romani
2317 2347 2576 2402 Breviarii
2610 2347 2710 2401 sub
2741 2347 3016 2402 Clemente
3046 2347 3178 2412 \‘lll,
3219 2357 3280 2402 ut
3305 2361 3338 2404 ι

1745 2439 1879 2493 viris
1898 2438 2058 2494 dictis
2090 2439 2296 2508 accepi,
2328 2449 2546 2508 propter
2573 2438 2949 2496 auctoritatem
2983 2449 3161 2492 tanton
3192 2438 3328 2496 tanti

1745 2531 1982 2586 doctoris
2039 2531 2171 2585 nihil
2235 2539 2320 2585 est
2372 2541 2658 2586 nmtatum.
2719 2529 2809 2584 Sic
2850 2529 2988 2599 apud
3044 2531 3326 2602 Chrysost.

1745 2633 1874 2677 tom.
1908 2621 1994 2686 ΙΙΙ,
2035 2621 2222 2677 bomil.
2247 2621 2314 2676 de
2345 2619 2404 2676 S.
2443 2620 2650 2677 Joanne
2677 2619 2917 2688 Baptista
2947 2620 3089 2688 (quae
3113 2620 3334 2689 quidem

1743 2713 1913 2782 ipsius
1955 2729 2060 2768 non
2090 2722 2191 2778 est,
2243 2712 2338 2768 sed
2377 2713 2566 2766 incerti
2601 2711 2860 2781 auctoris)
2894 2709 3110 2781 legitur,
3139 2729 3159 2762 ι
3189 2710 3335 2780 quod

1744 2805 1797 2859 in
1829 2805 2010 2869 Patre,
2059 2805 2215 2869 Filio,
2263 2813 2318 2860 et
2348 2803 2552 2874 Spiritu
2580 2813 2768 2858 sancto
2813 2812 2898 2857 est
2921 2802 3116 2872 triplex
3141 2811 3198 2856 et
3223 2816 3330 2858 una

1742 2897 2019 2951 divinitas.
2058 2917 2077 2950 ι
2127 2897 2223 2951 llbi
2285 2897 2474 2966 triplex
2511 2913 2608 2967 pro
2653 2899 2795 2950 trina
2825 2896 3060 2966 ponitur,
3091 2895 3253 2959 sicut,
3276 2903 3333 2949 et

1744 2985 1796 3039 in
1839 2986 2039 3056 hymno
2083 2986 2362 3042 Prudentii
2409 2989 2475 3042 de
2520 3003 2680 3042 cereo
2718 2986 2989 3058 paschali,
3017 3000 3144 3042 cum
3162 2985 3242 3041 ait
3265 2986 3334 3042 de

122 3071 576 3148 Prwdestinatiana,
608 3091 741 3148 clc.,
791 3087 961 3140 dicere
1006 3088 1259 3144 rideatur.
1304 3091 1470 3146 Recte
1516 3095 1642 3147 dicit
1669 3055 1713 3116 ο
1748 3077 1903 3132 υθοτ

117 3164 325 3234 rideatur,
363 3172 483 3240 quia
523 3174 767 3242 quaedam
801 3193 863 3231 ex
899 3178 984 3233 his
1023 3180 1159 3234 bene
1204 3182 1473 3238 intellecta
1520 3185 1642 3240 ﬁdei

121 3271 198 3316 μοι]
239 3260 582 3327 adversantur
610 3283 623 3320 :
655 3276 712 3326 υι
762 3269 905 3344 quod
953 3271 1191 3330 secundo
1237 3273 1356 3330 loco
1399 3274 1639 3345 allertur,

120 3358 436 3430 distinguendo
463 3363 535 3418 de
565 3365 838 3421 voluntate
871 3366 963 3420 Dei
1011 3367 1332 3438 beneplaciti
1380 3379 1434 3424 et
1477 3354 1637 3441 signi.

117 3447 214 3505 Item
258 3459 400 3512 tertio
445 3458 600 3523 loco,
647 3461 790 3529 quod
841 3461 1090 3516 Christus
1133 3479 1232 3533 pro
1277 3466 1529 3520 omnibus
1571 3469 1640 3522 sit

118 3555 310 3601 mortuus
332 3559 381 3602 et
409 3550 700 3606 cruciﬁxus
730 3550 1078 3618 sullicienter,
1112 3554 1237 3623 quia
1277 3556 1508 3624 pretium
1541 3556 1640 3612 l‘uit

118 3632 331 3692 suﬁieiens
357 3643 494 3708 quod
527 3640 709 3706 dedit;
738 3641 829 3696 sed
860 3658 964 3697 non
997 3630 1095 3712 pro
1121 3645 1372 3699 omnibus
1401 3644 1639 3701 elﬁcieu-

120 3735 196 3789 ter,
221 3732 326 3799 quia
366 3749 469 3786 non
501 3735 753 3788 omnibus
783 3735 1101 3804 applicatur.
1136 3735 1190 3788 ln
1224 3752 1381 3805 quem
1420 3751 1636 3791 sensum

120 3824 336 3889 respondit
364 3826 486 3880 olim
523 3827 583 3881 S.
615 3827 850 3898 Prosper
891 3830 958 3883 ad
1001 3829 1240 3899 Capitula
1270 3829 1542 3885 Gallorum
1585 3844 1640 3886 et

119 3909 389 3978 Oltjt'ctioncs
446 3918 853 3974 Vincenlianas.
904 3919 1057 3986 Quod
1115 3921 1290 3990 primo
1318 3920 1434 3976 loco
1483 3921 1640 3978 aﬁ‘ert

118 3996 379 4062 ilincmarus
405 4010 489 4066 liis
519 4009 701 4065 verbis
733 4029 745 4063 :
787 4031 804 4061 ι
835 4010 975 4064 Dicit
1004 4011 1282 4082 (nimirum
1325 4012 1638 4069 Cothescal-

119 4101 204 4163 cus)
225 4101 346 4167 quod
380 4111 432 4155 et
464 4111 676 4157 veteres
703 4103 1169 4157 Przedestinatiani
1199 4105 1472 4169 dixerunt,
1501 4121 1637 4175 quo-

120 4184 225 4238 niam
266 4191 390 4246 sicut
436 4193 578 4249 Dens
624 4194 885 4263 quosdam
935 4194 1002 4248 ad
1047 4188 1208 4248 vitam
1250 4204 1529 4261 internum,
1563 4197 1635 4250 ita

119 4279 322 4341 quasdam
347 4286 746 4353 prmdestinavit
776 4287 840 4340 ad
873 4297 1106 4342 mortem
1155 4297 1435 4343 aeternam.
1467 4309 1484 4341 ι
1523 4289 1633 4345 lloc

1865 3168 2089 3229 Regnum
2113 3171 2361 3220 continuat
2385 3171 2584 3222 nomine
2604 3171 2794 3234 triplici.

1813 3270 1960 3331 Nam.
1978 3272 2118 3329 Deus
2145 3288 2250 3328 non
2276 3282 2424 3328 recte
2453 3273 2645 3343 triplex
2676 3272 2897 3332 dicitur.
2927 3271 3020 3327 sed
3047 3271 3242 3336 trinus,
3267 3280 3331 3327 ut

1740 3367 1937 3423 docent
1973 3366 2284 3422 scholastici
2333 3368 2588 3423 doctores
2633 3365 2686 3420 in
2730 3364 2926 3420 librum
2971 3381 2988 3420 ι
3027 3363 3336 3421 Sententiae

1741 3475 1884 3523 rum,
1905 3459 2036 3514 dist.
2069 3459 2155 3514 19.
2389 3519 2392 3524 _

1812 3550 1879 3604 Et
1905 3569 2007 3605 non
2030 3552 2198 3606 solum
2236 3551 2509 3606 doctorum
2539 3567 2756 3606 suorum
2793 3551 2975 3603 doctor
2995 3549 3156 3603 videri
3183 3565 3334 3618 appe-

1739 3643 1820 3706 tit,
1842 3650 1948 3696 etc.
1968 3641 2060 3696 Sic
2073 3643 2251 3696 omnia
2279 3641 2629 3710 exemplaria,
2653 3651 2843 3710 eslque
2863 3641 2974 3694 haec
2995 3655 3119 3693 vera
3147 3638 3326 3704 lectio,

1740 3734 1966 3803 ideoque
2008 3734 2061 3788 in
2092 3733 2142 3788 Μ
2168 3733 2306 3788 male
2335 3743 2666 3797 correctum,
2692 3733 2983 3794 dictorum,
3003 3731 3146 3804 quod
3169 3746 3328 3786 secu-

1741 3835 1827 3879 tus
1857 3833 1941 3879 est
1972 3823 2030 3879 S.
2061 3825 2156 3879 Est
2180 3837 2358 3879 autem
2387 3841 2580 3879 sensus
2603 3826 2874 3878 doctorum
2903 3837 3142 3886 suorum,
3172 3821 3222 3897 id
3245 3829 3331 3874 est

1739 3933 1927 3974 eorum
1971 3917 2060 3986 qui
2090 3932 2213 3972 eum
2261 3917 2458 3990 docent
2508 3927 2560 3972 et
2603 3917 2914 3980 instruunt,
2943 3915 3132 3970 doctor
3156 3914 3327 3968 videri

1737 4010 1971 4080 appetit,
2016 4025 2153 4079 quos
2193 4010 2516 4065 convincere
2548 4009 2739 4064 nititur
2777 4008 2842 4062 de
2873 4023 2938 4062 eo
2965 4008 3108 4076 quod
3136 4015 3326 4062 contra

1738 4103 1944 4172 seipsos
1964 4111 2018 4156 et
2047 4103 2318 4171 propriam
2343 4101 2645 4155 doctrinam
2671 4102 2925 4154 doceant.

2335 4191 2562 4248 CAPUT
2602 4192 2720 4246 XV.

1808 4287 2066 4341 Cteternm
2096 4285 2324 4358 capitula
2348 4287 2624 4357 synodalia
2661 4287 3026 4342 uenerabilium
3049 4300 3304 4340 consacer

119 4366 236 4470 inpie
261 4372 319 4422 ab
363 4368 454 4427 iis’
481 4384 535 4428 et
574 4391 605 4428 a
635 4374 991 4430 Colhescalco
1034 4377 1259 4442 dictum,
1305 4379 1426 4448 quia
1472 4381 1622 4435 dicc-
1663 4412 1711 4470 Β
1737 4379 1916 4432 dotum
1952 4390 2245 4432 nostrorum
2273 4421 2288 4446 ,
2319 4381 2478 4432 trium
2509 4379 2703 4434 scilicet
2742 4380 3128 4448 provinciarum
3149 4419 3161 4436 .
3185 4379 3327 4432 sicut

120 4453 212 4518 bant
233 4459 360 4516 fatali
394 4466 714 4520 necessitate
747 4481 811 4520 ex
842 4466 1313 4536 praedestinatione
1342 4468 1430 4522 Dei
1454 4485 1547 4524 eos
1566 4471 1632 4524 ad

119 4557 304 4612 peccata,
344 4552 531 4608 deinde
565 4554 620 4608 in
668 4565 895 4608 mortem
937 4557 1206 4624 compelli,
1234 4566 1292 4611 ut
1326 4569 1536 4613 cntistat
1566 4577 1630 4614 ex

119 4635 358 4700 obiectione
399 4644 566 4710 prima
595 4646 646 4699 in
674 4646 933 4715 Capitulis
967 4645 1266 4713 Gallorum,
1313 4658 1366 4701 et
1389 4664 1508 4702 can.
1532 4649 1626 4704 ult.

119 4727 584 4788 cuttcil.Ar:tttsieatti
618 4752 677 4796 ιι,
712 4745 765 4790 et
788 4751 906 4805 cap.
948 4734 1000 4799 5,
1028 4736 1219 4790 concil.
1253 4737 1540 4799 Valentini.
1576 4739 1626 4792 in

120 4831 209 4890 ιμιςι,
246 4822 393 4877 citato
428 4828 613 4881 eodem
660 4828 850 4882 concil.
903 4827 1258 4894 Arausicano,
1283 4829 1360 4883 sic
1396 4829 1624 4884 dicitur:

125 4923 136 4952 ι
162 4907 315 4966 Verum
336 4916 534 4985 aliquos
555 4921 619 4974 ad
642 4920 836 4973 malum
869 4918 1280 4988 prtedestinatos
1302 4937 1422 4974 esse
1449 4923 1626 4978 divina

123 5010 345 5068 potestate,
381 5009 620 5064 videlicet
649 5021 703 5064 ut
730 5011 878 5081 quasi
910 5009 1052 5064 aliud
1095 5027 1216 5067 esse
1244 5028 1345 5066 non
1387 5024 1625 5081 possent,

124 5103 195 5141 non
214 5095 357 5151 solum
375 5117 475 5155 non
500 5105 894 5172 creditnns,sed
925 5104 1086 5157 etiam
1103 5106 1146 5160 si
1165 5106 1272 5159 sint
1298 5105 1386 5174 qui
1426 5109 1629 5162 tantum

125 5180 211 5232 Mli
242 5189 439 5244 credere
488 5194 667 5256 velint,
704 5211 822 5249 eum
873 5193 1021 5248 omni
1068 5195 1445 5258 detestatione,
1492 5199 1630 5252 sicut

124 5270 318 5326 Amnsim
355 5289 575 5326 SVnnilnc

641 5291 738 5326 illic
767 5290 1056 5326 quantan
1082 5290 1308 5326 dini-nnc
1373 5309 1388 5326 ι
1425 5288 1444 5326 1
1467 5304 1623 5326 uno"!

1730 5288 1795 5326 ιΙμ
1822 5286 2128 5326 nnvonnﬂtmi
2139 5303 2188 5326 In

1740 4468 1930 4521 ibidem
1961 4469 2281 4531 continetur,
2315 4480 2419 4522 etc.
2461 4468 2724 4536 Loquitur
2757 4468 2822 4520 de
2858 4466 3084 4519 concilio
3125 4465 3322 4519 Valen-

1741 4558 1878 4620 tino,
1905 4570 1964 4612 ut
1984 4567 2129 4627 patet
2151 4573 2213 4612 ex
2243 4557 2714 4626 sequentibus,cui
2745 4555 3102 4616 interfuerunt
3125 4556 3177 4608 in
3200 4555 3318 4608 uni-

1737 4663 1954 4703 versum
1985 4648 2238 4703 tredecim
2256 4657 2348 4702 aut
2375 4649 2780 4717 quattuordecim
2804 4645 3062 4714 episcopi,
3093 4655 3148 4698 et
3176 4644 3326 4698 inter

1737 4754 1830 4793 cos
1854 4749 1965 4793 tres
1993 4739 2412 4807 metropolitani,
2444 4737 2723 4806 Remigius
2756 4736 3154 4805 Lugdunensis,
3175 4737 3318 4806 Egil-

1735 4840 1912 4885 matus
1933 4830 2274 4894 Viennensis,
2303 4839 2358 4884 et
2384 4829 2691 4884 ltodlandus
2715 4828 3061 4892 Arelatensis,
3087 4843 3322 4899 quorum

1737 4933 1939 4980 tantum
1985 4923 2202 4978 nomina
2254 4924 2408 4978 initio
2466 4923 2873 4988 exprimuntur,
2925 4938 3049 4978 cum
3102 4921 3324 4976 nomine

1735 5015 1956 5069 Elbonis
2003 5011 2486 5083 Gratianopolitani
2531 5013 2794 5084 episcopi.
2825 5013 2882 5067 In
2929 5027 3040 5080 quo
3065 5011 3324 5071 concilio,

1736 5107 1912 5175 capite
1946 5105 1996 5164 ι,
2027 5103 2112 5156 illa
2133 5103 2406 5160 habentur
2433 5117 2552 5171 qute
2582 5115 2773 5160 contra
2803 5119 2860 5158 se
2895 5101 3038 5156 dicta
3065 5116 3184 5155 esse
3213 5100 3320 5152 hac

1733 5199 1957 5266 epistola
1986 5195 2308 5251 Hincmarus
2342 5193 2611 5266 agnoscit,
2656 5207 2761 5250 tam
2803 5195 2867 5246 de
2895 5203 3130 5260 quatuor
3149 5206 3316 5259 quam

2216 5285 2462 5326 nanilnlie
2485 5299 2510 5326 tl
2538 5296 2596 5326 ςυ
2624 5282 2884 5326 οηΙΙρυιῖς.
3181 5297 3190 5305 ⁵
