3872 5326
509 354 616 415 579

1287 347 1696 408 COLVENERII
1734 343 2015 414 SCIIOLIA
2055 343 2121 398 IN
2159 343 2332 398 llIST.
2359 340 2654 397 REMENS.
2699 319 2977 396 ECCCLES.

3655 333 3752 388 589

511 475 582 531 i7
609 473 667 528 S.
712 469 1021 543 Augustini,
1051 470 1161 526 ubi
1180 473 1345 524 unum
1381 473 1539 524 vocat
1575 444 1872 535 plenarium
1912 461 2077 517 totius
2106 469 2152 526 Α
2183 458 2248 512 ad
2294 457 2434 512 hanc
2461 455 2721 527 synodum
2743 496 2759 521 ,
2785 470 2903 525 quae
2945 455 3092 509 inter.
3112 452 3278 524 ipsius
3313 449 3579 543 epistolas
3600 460 3680 506 est
3703 451 3752 507 9.

513 568 710 624 Africa:
749 564 1034 620 concilium
1052 602 1066 627 ,
1108 563 1248 633 quod
1277 561 1562 616 dolendum
1587 567 1670 615 est
1697 575 1799 614 non
1828 565 2042 614 exstare
2063 596 2080 622 ,

512 659 608 714 sed
629 657 744 722 ejus
771 655 1016 726 quaedam
1043 654 1340 726 fragmenta
1355 653 1486 708 citat
1500 652 1731 722 Prosper
1759 653 1818 708 in.
1840 666 2080 721 respons.

513 751 580 804 al
609 747 866 819 Capitula:
900 745 1204 810 Gallorum,
1228 759 1348 814 cap.
1379 745 1436 810 8,
1470 751 1525 800 et
1554 742 1646 798 lib.
1685 752 1874 798 contra
1908 743 2086 798 Colla-

517 851 709 906 ωσι-ειη,
732 855 852 912 cap.
881 840 968 895 IO.
1085 899 1090 901 _

597 928 766 984 Veluti
786 928 1004 1000 epistola
1035 927 1395 998 Capitulorum
1426 927 1619 982 exstitit
1645 942 1799 997 quam
1823 926 2087 984 venerabi—

515 1021 581 1077 lis
609 1020 734 1074 Ibas
755 1021 1022 1090 episcopus
1061 1036 1212 1074 suam
1248 1035 1358 1074 esse
1377 1019 1434 1072 in
1457 1018 1656 1088 synodo
1678 1017 1964 1086 denegavit.
1991 1015 2088 1071 Hic

514 1119 599 1166 est
632 1110 752 1166 lbas
803 1109 1087 1166 Edessena:
1139 1109 1390 1164 Ecclesiae
1438 1108 1740 1178 episcopus,
1794 1107 1862 1161 de
1890 1122 1996 1174 quo
2035 1105 2086 1160 in

517 1201 764 1255 conciliis
810 1217 902 1256 seu
951 1201 1128 1270 potius
1166 1199 1384 1269 iudiciis
1429 1197 1814 1254 ecclesiasticis
1839 1195 2001 1266 Tyrio
2035 1203 2092 1250 et

520 1293 820 1348 Berithensi
839 1333 854 1359 ,
885 1301 941 1347 ct
983 1291 1255 1357 inconcil.
1286 1288 1731 1367 Chalcedonensi,
1761 1288 1973 1343 actione
1999 1288 2086 1342 10.

516 1383 646 1437 Item
670 1383 928 1438 Baronius
955 1399 1094 1436 anno
1098 1382 1232 1461 Oti-i8,
1261 1381 1351 1451 qui
1374 1379 1653 1451 epistolam
1682 1380 1896 1448 quidem
1926 1379 2092 1448 ipsius

509 1457 639 1529 esse
667 1474 764 1540 ait,
791 1475 884 1529 sed
909 1457 1121 1542 negavit
1166 1474 1281 1528 lbas
1317 1486 1376 1527 se
1410 1472 1610 1528 dixisse
1639 1471 1751 1526 haec
1779 1479 1870 1526 aut
1899 1471 2090 1527 similia

518 1571 680 1625 verba
715 1587 728 1623 :
774 1588 792 1621 ‹
823 1567 937 1622 Νοιι
970 1568 1180 1623 invideo
1215 1565 1432 1622 Christo
1468 1566 1611 1622 facto
1643 1567 1772 1630 Deo,
1803 1565 1846 1620 si
1873 1565 2092 1621 voluero

515 1669 570 1714 et
600 1658 715 1729 ipse
766 1659 880 1713 ﬁeri
935 1673 1173 1728 possum.
1211 1676 1229 1710 ι
1270 1658 1336 1712 Et
1386 1657 1453 1712 de
1498 1673 1563 1714 eo
1612 1655 1873 1720 crimine,
1913 1655 2092 1710 audita

516 1751 896 1807 testiﬁcatione
935 1751 1254 1807 clericorum
1317 1749 1603 1806 Edessena:
1654 1749 1940 1814 Ecclesiae,
1995 1747 2090 1804 fuit

514 1844 816 1900 absolutus.

513 1957 516 1960 ’
589 1936 840 2006 Tempore
871 1934 1004 1990 diva:
1025 1935 1289 1989 memoria:
1313 1933 1498 1988 Καινοιί
1518 1934 1863 2004 imperatoris,
1886 1934 2094 2004 quando

515 2026 746 2094 synodus
779 2043 873 2096 pro
901 2026 1108 2095 cognita
1150 2025 1460 2094 inﬁdelitate
1481 2024 1676 2080 Felicis
1696 2035 1771 2080 est
1798 2025 1995 2080 habita.
2035 2025 2094 2090 S,

517 2116 840 2185 infelicitate.
858 2115 1122 2185 Loquitur
1147 2116 1214 2171 de
1232 2115 1426 2172 Carolo
1441 2115 1634 2188 Magno
1655 2126 1708 2171 et
1730 2115 1906 2171 Felice
1932 2114 2092 2187 Utge-

518 2206 685 2260 litano
753 2205 1025 2276 episcopo.
1084 2206 1262 2278 Agunt
1300 2207 1365 2262 de
1408 2207 1598 2262 eodem
1657 2205 1834 2262 Felice
1877 2204 2099 2275 ejusque

517 2310 704 2352 errore
732 2295 970 2350 Annales
984 2295 1316 2351 Francorum
1344 2312 1372 2351 a
1413 2295 1625 2353 Pithceo
1652 2297 1779 2352 editi
1809 2312 1949 2351 anno
1971 2296 2095 2364 7972;

518 2386 834 2456 Sigcbertus
871 2386 925 2441 in
953 2386 1152 2442 Chron.
1184 2386 1320 2452 793;
1344 2386 1625 2443 Aimoinus
1657 2387 1747 2443 lib.
1775 2402 1846 2452 Iv,
1877 2403 1926 2444 c.
1958 2389 2026 2444 83
2048 2397 2104 2444 ct

515 2476 621 2542 85;
661 2475 824 2532 Jonas
863 2476 1268 2532 Aurelianensis
1306 2477 1398 2532 lib.
1429 2493 1444 2532 ι
1480 2478 1553 2533 De
1595 2477 1743 2532 cultu
1782 2478 2100 2550 imaginum,

516 2579 571 2624 et
619 2569 817 2624 Paulus
865 2569 1254 2640 Aquileiensis,
1317 2571 1409 2641 qui
1451 2581 1636 2628 contra
1695 2585 1937 2627 errorem
1988 2573 2104 2642 ejus

516 2659 713 2714 librum
766 2660 1003 2730 scripsit,
1047 2660 1139 2729 qui
1172 2669 1350 2716 exstat
1376 2673 1504 2718 tom.
1529 2662 1595 2718 IV
1624 2662 1972 2719 Bibliotheca:
1999 2662 2102 2717 Pa-

517 2760 663 2806 trum
691 2752 943 2807 secundae
967 2749 1236 2808 editionis.
1266 2751 1526 2808 Damnata
1548 2762 1633 2809 est
1659 2753 1778 2823 ejus
1803 2754 2026 2809 haeresis
2048 2752 2101 2809 in

517 2842 725 2912 synodo
764 2841 1254 2911 Francol‘ordiensi,
1287 2858 1409 2916 qua:
1452 2853 1632 2900 exstat
1654 2853 1782 2900 tom.
1809 2845 1876 2900 IlI
1897 2843 2100 2903 Concil.

517 2933 586 2988 ad
619 2935 818 2989 annum
849 2935 974 2990 794.

597 3023 667 3078 Et
696 3026 771 3078 sic
794 3026 1003 3080 tandem
1032 3026 1368 3098 subjiciemus
1395 3025 1488 3082 illa
1513 3027 1688 3082 decem
1725 3037 1775 3082 ct
1808 3044 1986 3082 novem
2009 3043 2102 3082 ca-

514 3114 704 3184 pitula.
753 3115 843 3170 Sic
882 3117 1062 3170 omnia
1107 3116 1437 3187 exemplaria
1461 3128 1668 3183 nostra,
1699 3125 1756 3173 et
1773 3117 1967 3174 concil.
1998 3116 2103 3172 Va-

513 3205 800 3262 lentinum.
834 3208 1009 3276 Quare
1030 3208 1057 3264 J
1087 3209 1279 3264 vitiose
1299 3209 1426 3280 legit
1446 3209 1620 3265 decem
1641 3220 1690 3266 et
1718 3227 1830 3266 sex.

1049 3332 1053 3338 '
1102 3318 1330 3376 CAPUT
1369 3319 1508 3375 XVI.

517 3413 525 3440 ⁵
589 3409 673 3463 An
719 3410 842 3480 quia
887 3411 1027 3464 vobis
1075 3427 1106 3463 a
1152 3427 1285 3464 cana
1311 3421 1521 3481 patrum
1555 3411 1678 3480 ﬁde.
1710 3409 1802 3466 Sic
1843 3410 1907 3478 C,
1941 3409 1994 3465 id
2023 3419 2104 3466 est

506 3499 764 3570 antiqua,
809 3508 867 3554 ut
911 3497 1116 3556 Gallice
1168 3501 1329 3581 vertit
1379 3501 1682 3566 Chesneau,
1722 3510 1866 3558 eteo
1896 3501 2101 3558 accedit

524 3593 639 3660 MS,
689 3594 831 3664 quod
878 3610 976 3664 pro
1013 3613 1044 3649 a
1087 3612 1253 3661 cana,
1291 3596 1452 3668 legit,
1509 3613 1724 3651 arcana.
1765 3596 1792 3652 .I
1827 3598 2104 3654 substituit

521 3703 674 3741 sana.
706 3686 783 3740 Ita
809 3687 1059 3741 Sidonius
1086 3686 1410 3756 Apollinaris
1432 3687 1671 3743 carmine
1691 3689 1757 3742 Εἰς
1784 3689 1944 3743 Αῐεαδ
1968 3705 2101 3744 cana

521 3786 752 3846 patrimi,
783 3776 832 3830 id
858 3786 940 3831 est
969 3777 1143 3846 prisca
1159 3786 1310 3843 aetas,
1336 3787 1391 3832 et
1418 3777 1654 3834 Isidorus
1684 3780 1734 3833 in
1764 3778 1955 3850 glossis
1985 3795 2100 3834 ma~

507 3868 814 3937 ‘nuscriptis
840 3887 854 3922 :
889 3867 1036 3922 Cana
1062 3869 1211 3938 ﬁdes,
1235 3869 1449 3941 antiqua
1468 3879 1721 3924 senectus.
1754 3871 1820 3925 Et
1853 3879 1977 3926 ante
2006 3872 2102 3927 hos

528 3957 674 4029 Virg.
705 3975 743 4014 ι.
772 3958 1002 4014 ίΕηεαά.
1031 3979 1044 4013 :

643 4068 769 4134 Cana
804 4069 942 4134 lides,
968 4077 1018 4121 et
1039 4071 1204 4129 Vesta,
1225 4069 1379 4120 Remo
1403 4084 1510 4120 cum
1553 4071 1719 4134 fratre,
1742 4073 1977 4132 Quirinus

644 4131 763 4181 Jurs
786 4132 980 4198 dabunt.

596 4217 663 4270 In
701 4225 950 4270 conventu
987 4232 1343 4286 episcOporum
1376 4216 1552 4270 habito
1587 4218 1640 4270 iu
1670 4219 1932 4271 territorio
1975 4215 2100 4270 Tul-

525 4304 672 4367 lensi,
702 4306 755 4358 in
789 4304 913 4358 villa
943 4322 1059 4376 qua:
1087 4306 1281 4358 dicitur
1306 4305 1646 4375 Saponarias.
1680 4306 1752 4362 De
1788 4308 1887 4362 hoc
1917 4309 2100 4362 conci-

525 4395 600 4452 lio
629 4395 880 4451 adactavi
908 4410 1070 4465 supra
1100 4395 1168 4449 ad
1193 4409 1314 4464 cap.
1345 4395 1433 4448 M.

518 4515 522 4518 -
596 4487 667 4541 Et
696 4486 1014 4542 insuburbio
1051 4486 1352 4558 Lingonica:
1394 4485 1556 4540 urbis.
1584 4485 1707 4540 Haec
1732 4487 1964 4557 synodus
1991 4503 2095 4542 non

521 4587 720 4634 exstat.
753 4613 756 4618 -

594 4672 734 4739 Quia
749 4689 852 4728 non
874 4688 939 4727 cz
965 4671 1107 4742 ipsis,
1133 4681 1188 4726 ut
1214 4688 1316 4727 non
1344 4672 1583 4726 dicamus
1597 4687 1687 4741 per
1712 4671 1870 4739 ipsos,
1897 4671 2097 4740 synodo

522 4763 753 4833 capitula
800 4765 914 4834 ipsa
961 4764 1104 4826 [uere
1153 4762 1380 4833 prolata.
1433 4762 1634 4818 Sensus
1662 4770 1745 4816 cst
1791 4779 1895 4816 non
1930 4761 2096 4817 fuisse

518 4853 750 4924 prolata,
780 4853 935 4922 quasi
963 4853 1030 4908 ab
1055 4854 1186 4923 ipsis
1215 4853 1473 4923 profecta.

521 4976 526 4980 ι
597 4942 772 4996 Timeo
818 4960 880 4996 ne
920 4946 1190 4998 connivere
1210 4947 1296 5008 sit,
1336 4945 1428 4998 hoc
1459 4954 1646 4998 tacere.
1678 4943 1770 4999 Sic
1789 4942 1995 4998 restitui
2022 4959 2090 4999 ex

2126 4530 2175 4590 D

2188 547 2363 617 Supra
2413 562 2538 602 vero
2565 562 2684 616 cap.
2732 547 2795 602 ll.
2823 545 2980 616 huius
3009 543 3129 600 libri
3161 544 3333 614 posita
3361 552 3439 598 est
3464 542 3610 598 bona
3639 558 3764 617 pars

2185 637 2458 710 synodalis
2488 636 2726 706 epistola:
2748 635 2985 710 ejusdem
3016 634 3225 694 concilii
3257 633 3567 690 Trecensis.

2257 729 2363 783 Per
2375 729 2663 783 Actardum
2687 708 3028 782 venerabilem
3046 724 3429 785 Nanuetensem
3441 725 3755 794 episcopum.

2188 820 2279 874 Sic
2301 828 2356 875 et
2383 820 2433 873 in
2459 819 2618 874 tomis
2632 818 2834 872 Concil.
2861 817 2953 871 MS
2988 819 3086 872 hoc
3106 816 3221 870 loco
3243 821 3296 869 et
3319 815 3456 869 infra
3479 812 3761 883 aliquoties

2188 909 2474 973 Acardum,
2504 909 2770 964 interdum
2802 908 3115 971 Accardum,
3145 906 3460 959 Arctardum
3491 912 3548 959 et
3584 902 3760 956 Artor-

2187 1000 2332 1053 dum.
2367 998 2472 1054 Sed
2502 999 2670 1070 prima
2705 997 2861 1054 lectio
2891 997 3226 1053 communior
3253 992 3355 1051 est

2262 1090 2515 1146 Nicotaus
2553 1108 2669 1147 vero
2688 1109 2821 1161 papa
2853 1099 3120 1160 gratanter
3140 1089 3423 1158 suscipiens
3449 1103 3572 1156 qua:
3604 1084 3759 1140 Hinc-

2189 1195 2368 1235 marus
2394 1181 2441 1235 ei
2474 1182 2782 1251 scripserat,
2806 1181 2869 1234 de
2903 1180 3137 1234 omnibus
3168 1180 3264 1233 sibi
3301 1180 3634 1250 satisfactum
3662 1193 3761 1231 esse

2191 1272 2469 1342 rescripsit.
2525 1271 2649 1326 llaec
2689 1269 2912 1342 epistola
2962 1269 3292 1341 apologelica
3335 1267 3618 1323 liincmari
3640 1269 3763 1321 bene

2192 1363 2398 1435 prolixa
2427 1373 2601 1419 exstat
2623 1363 2763 1434 apud
2791 1363 3079 1419 Baronium
3112 1378 3252 1418 anno
3273 1361 3395 1425 867,
3427 1361 3524 1417 sed
3550 1375 3762 1431 reSpon-

2193 1457 2278 1512 sio
2301 1455 2503 1512 Nicolai
2533 1471 2636 1510 non
2664 1464 2862 1511 exstat.
3482 1506 3492 1514 .

2265 1549 2505 1604 Dicentes
2518 1551 2614 1620 ipsi
2631 1548 2672 1604 ϐ
2681 1549 2801 1603 ra’ci
2813 1550 2950 1620 quod
2964 1549 3189 1603 chrisma
3204 1565 3266 1602 ex
3279 1565 3414 1619 aqua
3430 1548 3505 1617 ﬂu
3513 1547 3586 1600 mi
3592 1547 3669 1599 nis
3681 1543 3764 1598 La-

2193 1643 2291 1696 tini
2310 1641 2667 1711 con/ieiunius.
2688 1639 2798 1696 Hoc
2811 1641 2888 1696 sic
2912 1640 3152 1711 intelligo
3166 1639 3305 1709 quod
3322 1653 3421 1693 nos
3440 1638 3618 1692 Latini
3637 1635 3762 1690 chri-

2196 1745 2310 1785 sma
2357 1745 2424 1786 ex
2462 1745 2598 1801 aqua
2620 1729 2855 1785 ﬂuminis
2880 1728 3248 1785 conﬁeiamus.
3283 1727 3438 1784 Unde
3468 1728 3520 1782 in
3547 1728 3765 1782 editione

2124 1817 2172 1879 B
2200 1821 2440 1876 Romana
2456 1821 2614 1891 epist.
2633 1822 2977 1878 decretalium
2995 1821 3219 1892 legitur:
3243 1839 3259 1871 ι
3272 1821 3424 1888 Quod
3441 1830 3624 1875 tamen
3640 1821 3762 1875 chri-

2196 1927 2310 1968 sma
2337 1927 2435 1967 nos
2457 1928 2522 1967 ex
2540 1929 2675 1983 aqua
2697 1913 2934 1968 ﬂuminis
2954 1911 3219 1968 conﬁcere
3234 1911 3500 1967 fallaciter
3514 1911 3763 1965 arbitran-

2198 2010 2305 2057 tur.
2341 2023 2360 2056 ι
2393 2003 2559 2060 Miror
2585 2003 2858 2059 Nicolaum
2873 2004 3155 2060 Chesneau
3172 2004 3250 2059 sic
3266 2004 3615 2059 transtulisse
3631 2003 3762 2072 quasi

2196 2093 2376 2151 Latini
2402 2104 2545 2151 esset
2562 2095 2829 2167 genitivus
2845 2094 3121 2150 cohaerens
3136 2109 3257 2148 cum
3287 2094 3529 2148 dictione
3553 2092 3765 2147 ﬂuminis

2198 2183 2380 2239 addita
2395 2185 2447 2239 in
2472 2184 2711 2255 margine
2727 2184 2828 2239 hac
2843 2184 3218 2240 adnotatione:
3241 2202 3259 2236 ι
3282 2183 3510 2239 Flumen
3535 2183 3763 2240 Latinum

2202 2277 2401 2336 Tibris.
2437 2296 2456 2329 ι
2499 2276 2630 2332 Nam
2661 2284 2715 2333 et
2743 2277 2796 2332 in
2828 2275 3151 2334 refutatione
3176 2277 3358 2332 decem
3384 2275 3762 2331 calumniarum

2202 2386 2234 2426 a
2265 2370 2468 2426 Grzecis
2490 2369 2845 2442 objectarum,
2875 2386 3036 2441 quam
3066 2380 3186 2442 post
3212 2386 3354 2437 eam,
3379 2386 3502 2442 qua:
3531 2371 3622 2425 hic
3643 2370 3762 2425 cita-

2203 2472 2310 2529 tur,
2339 2461 2541 2519 Nicolai
2571 2461 2854 2532 epistolam
2883 2464 3103 2532 apponit
3130 2463 3412 2528 Baronius,
3445 2462 3581 2516 illud
3612 2461 3760 2520 solum

2202 2553 2402 2610 dicitur
2436 2572 2449 2608 :
2488 2570 2507 2606 ι
2539 2552 2692 2620 Quod
2734 2563 2919 2608 utatur
2961 2554 3202 2610 Ecclesia
3239 2553 3611 2610 Occidentalis
3647 2570 3761 2624 aqua

2202 2659 2300 2714 pro
2329 2643 2644 2709 chrismate,
2676 2645 2918 2699 omnium
2957 2645 3334 2700 testiﬁcatione
3373 2653 3458 2700 est
3498 2643 3762 2700 manifesta

2203 2735 2492 2791 calumnia.
2529 2755 2548 2788 ›
2592 2734 2751 2790 Certe
2791 2752 2896 2791 non
2930 2737 3178 2792 videntur
3216 2736 3451 2792 voluisse
3489 2736 3663 2792 Graeci
3703 2737 3762 2790 di-

2203 2841 2331 2906 cere
2371 2836 2538 2882 totam
2574 2826 2868 2882 Ecclesium
2902 2827 3300 2884 Occidentalem
3330 2830 3404 2884 uti
3432 2844 3579 2905 aqua
3606 2827 3762 2891 Tibris

2205 2933 2302 2991 pro
2328 2919 2644 2982 chrismate,
2670 2919 2762 2975 sed
2791 2919 3026 2974 lluliiinis
3053 2919 3440 2991 cujuscunque.

2767 3009 2993 3067 CAPUT
3032 3010 3215 3066 XVIII.

2279 3101 2347 3158 In
2375 3102 2571 3158 visione
2596 3101 2848 3157 Bernoldi
2880 3101 3109 3157 rediviri.
3144 3101 3279 3158 lluic
3308 3102 3502 3158 visioni
3537 3100 3769 3157 Bernoldi‘

2125 3175 2173 3240 (ἶ
2204 3191 2268 3250 de
2299 3191 2418 3248 loco
2451 3192 2734 3248 tenebroso
2765 3202 2819 3248 et
2847 3192 3019 3247 altero
3047 3192 3226 3250 lucido
3265 3193 3462 3270 similia
3504 3202 3633 3248 sunt
3662 3206 3759 3262 qute

2201 3286 2390 3345 scribit
2427 3284 2492 3341 V.
2531 3285 2672 3342 Beda
2718 3286 2811 3342 lib.
2858 3302 2890 3343 ν
2941 3286 3190 3342 Historia:
3247 3287 3424 3359 gentis
3464 3285 3757 3355 Anglorum,

2201 3392 2322 3447 cap.
2355 3377 2446 3443 I5,
2475 3385 2528 3434 et
2557 3376 2832 3448 Lupoldus
2863 3375 3272 3452 Babenburgius
3300 3376 3366 3430 de
3394 3375 3512 3429 zelo
3542 3384 3756 3429 veterum

2202 3467 2506 3540 principum
2559 3467 2898 3534 Germanize,
2952 3482 3072 3537 cap.
3118 3467 3215 3534 l4,
3265 3467 3354 3521 ubi
3402 3481 3465 3520 ex
3517 3462 3756 3524 Viuccntii

2205 3561 2436 3632 Speculo
2467 3570 2520 3614 ct
2547 3574 2611 3614 ex
2643 3557 2880 3616 Historia
2911 3557 3245 3614 Francorum
3276 3557 3387 3628 agit
3416 3556 3483 3610 de
3511 3549 3756 3617 Ludovico

2203 3651 2297 3707 Pio
2326 3652 2454 3722 imp.
2491 3651 2549 3704 in
2585 3651 2764 3722 poenis
2791 3650 3030 3714 detento,
3074 3656 3289 3720 petente
3331 3647 3584 3701 auxilium
3609 3660 3635 3698 a
3658 3641 3752 3696 Lu-

2203 3741 2393 3798 dovico
2415 3740 2737 3796 Germanico
2761 3739 2870 3796 (ilio
2897 3755 3014 3795 suo.
3042 3738 3120 3793 De
3144 3753 3251 3810 quo
3279 3746 3334 3793 ct
3365 3735 3668 3807 Sigebertus
3699 3731 3751 3786 in

2202 3833 2403 3892 Chron.
2430 3850 2519 3890 an.
2548 3833 2671 3893 875.

2277 3927 2412 3993 Quia
2441 3927 2487 3981 si
2513 3925 2632 3981 inde
2664 3933 2921 3980 certamen
2950 3925 3247 3990 habuerint,
3281 3923 3381 3976 cito
3405 3920 3469 3974 de
3497 3920 3591 3974 ista
3620 3933 3752 3987 pana

2201 4035 2288 4076 ero
2313 4017 2583 4072 liberatus.
2625 4015 2679 4070 Id
2711 4025 2793 4070 est
2819 4017 2863 4071 si
2892 4016 3140 4072 certatim
3171 4015 3272 4070 hoc
3302 4012 3532 4084 egerint,
3555 4011 3678 4065 sicut
3700 4006 3749 4058 in

2202 4111 2628 4182 praecedentibus
2655 4109 2872 4175 dicitur,
2903 4117 2962 4163 ut
2987 4107 3058 4163 ibi
3089 4109 3230 4179 quod
3259 4122 3353 4160 rex
3383 4104 3669 4163 mandaret,
3691 4099 3749 4153 de

2203 4217 2336 4274 pace
2365 4201 2608 4256 stabilire
2633 4209 2854 4272 possent
2881 4215 3150 4272 agereque
3177 4207 3474 4255 certarent.

2273 4292 2408 4346 Item
2431 4293 2494 4346 de
2519 4293 2760 4362 passione
2786 4290 2845 4348 S.
2878 4292 3115 4363 Dionysii
3143 4310 3174 4345 a
3201 4283 3491 4354 Met/(odio,
3519 4298 3615 4343 ctc.
3642 4284 3745 4339 llmc

2200 4383 2429 4453 cpistola
2457 4392 2634 4440 exstat
2660 4385 2798 4454 apud
2826 4383 3041 4439 Suriqu
3069 4383 3134 4439 de
3155 4384 3291 4439 Vitis
3317 4381 3647 4444 Sanctorum,
3670 4374 3743 4430 die

2201 4477 2234 4532 9
2262 4475 2484 4532 Octobr.

2785 4567 3011 4625 CAPUT
3053 4567 3188 4623 XIX.

2271 4658 2352 4713 De
2385 4660 2616 4730 conjecto
2654 4659 2980 4714 Normannis
3019 4659 3214 4714 dando.
3253 4657 3564 4730 Conjcctum
3602 4664 3739 4725 genus

2197 4761 2318 4804 erat
2349 4750 2533 4804 tributi
2565 4766 2595 4804 a
2629 4748 2957 4820 conjacendo
2987 4751 3216 4813 dictum,
3244 4758 3301 4802 ut
3328 4757 3478 4818 patet
3505 4762 3567 4800 ex
3595 4744 3674 4798 lib.
3697 4754 3738 4796 ιν
3796 4751 3799 4754 ’

2197 4841 2600 4910 Capitulorum,
2645 4857 2764 4911 cap.
2807 4842 2897 4906 69,
2929 4851 2983 4896 et
3021 4857 3086 4896 ex
3127 4842 3303 4896 edicto
3330 4840 3509 4894 Karoli
3542 4840 3589 4892 in
3616 4833 3736 4890 Cari-

2197 4932 2343 4986 siaco
2363 4947 2508 4987 anno
2535 4931 2658 4986 861.
2689 4931 2819 4988 Vide
2842 4931 3172 4988 Glossarium
3198 4930 3416 4995 Pithaai,
3447 4929 3602 4982 verbo
3621 4923 3732 4979 Cou-

523 5031 662 5102 orig.
705 5033 874 5104 ipsius
917 5033 1191 5088 (ῖωιοειίιιί
1215 5035 1370 5104 epist,
1405 5035 1465 5100 ις
1507 5051 1606 5105 pro
1628 5035 1882 5100 cohibere,
1909 5033 1938 5091 ,1
1965 5035 2092 5090 sub.
2189 5023 2406 5094 jectum.
2435 5022 2686 5093 Papirius
2716 5023 2996 5078 Massonus
3037 5022 3134 5076 lib.
3175 5037 3212 5075 ιι
3239 5020 3433 5074 Annal.
3467 5018 3670 5078 Franc.,
3692 5013 3731 5066 in

521 5125 700 5183 stituit
728 5127 1066 5181 committere.
1104 5161 1107 5164 -

2200 5113 2470 5168 Ludovico
2500 5112 2666 5167 Balbo
2692 5113 2806 5168 haec
2836 5113 2994 5167 verba
3027 5109 3308 5165 Flodoardi
3338 5125 3413 5164 re.
3433 5109 3589 5170 itms,
3612 5109 3732 5158 naut

2557 5222 2562 5223 ν
2654 5204 2935 5224 Πκνᾼὲ--ι--
2965 5202 3222 5224 -ε-..εη....
3255 5219 3352 5224 --.κ

3367 5217 3514 5224 *μμ-..Α
