3872 5326
199 337 285 394 581
1523 329 1586 385 ΙΝ
1628 329 1731 385 LIII

1847 329 1882 384 .ll
1929 330 2009 385 III.

3329 328 3437 384 583

197 450 364 504 bertus
389 446 443 500 in
463 443 660 500 Chron.
678 457 766 496 an.
785 441 888 498 880
910 441 1046 498 lilios
1077 457 1138 497 ex
1162 428 1473 496 concubina.
1490 441 1750 495 nominat.
1783 423 1832 482 Α
1858 439 2152 496 Adriannm
2180 441 2244 508 II,
2273 439 2519 513 Ejusdem
2551 428 2769 497 Adriani
2800 441 2867 496 ad
2913 439 3262 498 Ilincmarum
3315 455 3437 511 qua:

200 539 378 592 Verum
415 550 508 590 eos
541 543 693 588 natos
723 549 843 590 esse
874 547 936 587 ex
968 532 1205 604 legitimo
1232 533 1577 587 matrimonio
1601 533 1758 587 docet

195 629 357 698 Papir.
390 625 510 681 loco
529 623 639 694 jam
668 625 855 680 citata.

256 716 376 770 Post
403 717 600 770 abitum
633 715 945 786 Ragenelini
973 717 1219 787 episcopi.
1260 716 1350 772 Sic
1378 726 1432 772 et
1458 716 1595 771 infra
1624 734 1756 772 con-

190 819 382 866 stanter
419 823 541 878 cap.
575 807 648 862 23
691 817 746 863 et
781 807 852 862 24
883 807 1063 879 legunt
1089 808 1179 863 MS
1211 810 1311 863 hoc
1342 809 1459 863 loco
1493 809 1751 876 Rngelini,

187 901 418 969 Jubique
449 897 914 971 fereﬁagenelmi,
944 901 1215 969 quomodo
1239 909 1292 956 et
1318 900 1564 971 Papirius
1590 901 1748 957 Mass.

186 993 268 1048 lib.
299 1009 335 1048 lt
358 991 554 1048 Annal.
578 991 836 1047 Francor.
865 993 949 1048 bis
975 992 1138 1061 legit;
1171 993 1263 1048 sed
1292 1009 1412 1063 cap.
1439 993 1511 1048 25
1542 995 1595 1048 in
1623 995 1749 1049 Ber-

186 1101 309 1140 none
336 1085 518 1138 omnia
551 1093 732 1140 nostra
769 1083 1053 1150 Rainelini,
1077 1084 1106 1140 .I
1137 1085 1419 1141 Rninelmi.
1462 1086 1509 1141 Is
1547 1095 1629 1142 est
1658 1087 1748 1157 qui

185 1176 230 1229 in
254 1173 496 1243 catalogo
532 1173 958 1229 Tornacensinm
989 1183 1042 1228 et
1071 1173 1508 1231 Noviomensium
1540 1178 1748 1246 episco-

187 1284 357 1335 porum
397 1266 707 1321 tricesimus
743 1267 1002 1335 septimus
1032 1277 1255 1322 vocatur
1298 1267 1623 1323 Rancclinus
1657 1279 1749 1324 aut

181 1358 533 1428 Baytneliuus,
557 1367 611 1412 et
641 1358 691 1411 in
722 1357 1120 1425 subscriptione
1147 1357 1360 1412 concilii
1391 1357 1746 1414 Suessiouen-

180 1450 274 1508 sis.
319 1449 488 1503 habiti
554 1465 696 1504 anno
744 1446 882 1514 866,
936 1449 1279 1513 Remelinus,
1337 1448 1422 1504 cui
1482 1450 1746 1506 successit

179 1538 348 1594 Iledilu

767 1629 994 1685 CAPUT
1035 1628 1153 1684 XX.

234 1721 459 1776 Arduica
495 1719 909 1778 Vesantianensi.
951 1724 1025 1779 Ila
1053 1726 1092 1780 C
1120 1734 1169 1779 et
1193 1724 1245 1790 Ι,
1267 1733 1320 1779 et
1347 1724 1484 1780 infra
1513 1740 1742 1795 sequen-

175 1815 299 1868 tibus
327 1815 600 1884 capitibus
628 1815 804 1870 omnia
850 1815 1202 1887 exemplaria.
1236 1816 1319 1872 vel
1359 1833 1480 1871 cum
1526 1805 1737 1887 aspirao

174 1907 320 1970 tione,
352 1906 664 1973 Harduica;
694 1906 785 1962 MS
816 1909 917 1963 hoc
947 1908 1064 1962 loco
1093 1907 1294 1963 habent
1324 1907 1576 1972 Radaica,
1607 1922 1741 1980 quos

172 1999 314 2052 modo
341 1998 380 2053 (Ζ
409 1998 544 2068 legit
573 2014 737 2068 super
766 1999 960 2064 lineas,
993 2007 1047 2053 et
1078 1999 1130 2053 in
1159 1998 1384 2054 Gallico.

231 2089 331 2144 Pro
357 2091 488 2145 vifla
527 2091 844 2144 Deduciaca.
887 2090 978 2146 Sic
1020 2090 1110 2145 MS
1136 2091 1297 2145 etiam
1331 2089 1497 2155 infra,
1524 2091 1616 2145 sed
1664 2091 1736 2146 ibi

166 2181 276 2236 facit
324 2183 464 2237 duas
509 2181 798 2248 dictiones,
835 2180 860 2236 J
901 2183 1002 2238 hoc
1043 2182 1163 2237 loco
1207 2181 1527 2246 Dudiciaca,
1572 2183 1734 2247 inl'ra,

167 2271 474 2326 Dudeciaco.
505 2270 562 2326 In
603 2280 927 2329 testamento
967 2272 1025 2328 S.
1059 2273 1285 2345 Remigii
1326 2284 1640 2331 constanter
1667 2277 1736 2332 ab

164 2362 398 2418 omnibus
419 2363 828 2434 exemplaribus
853 2365 1048 2434 legitur
1073 2365 1340 2436 integrum
1365 2383 1558 2422 nomen
1585 2367 1731 2422 Dua-

166 2452 411 2518 deciacus,
458 2455 728 2524 quomodo
757 2465 811 2510 et
851 2455 989 2510 infra
1029 2457 1129 2511 hoc
1160 2456 1298 2511 libro
1329 2473 1412 2521 ut,
1441 2473 1557 2529 cap.
1591 2474 1730 2529 seq.,

165 2543 322 2596 rillam
363 2543 780 2610 Duodeciacam,
819 2549 920 2604 etsi
961 2549 1161 2604 omissa
1200 2564 1307 2604 una
1347 2550 1527 2605 littera
1559 2551 1609 2605 in
1639 2551 1732 2608 MS

162 2633 364 2702 legatur.
385 2635 732 2692 solummodo
761 2639 1081 2695 Dudeciaca.
1113 2640 1204 2696 Sic
1229 2650 1284 2697 ct
1308 2657 1428 2711 cap.
1457 2643 1526 2697 9.6
1553 2643 1603 2698 in
1638 2642 1730 2700 MS

159 2725 232 2780 bis
268 2725 469 2796 legitur
509 2726 830 2794 Dudeciaco,
865 2730 957 2785 ubi
993 2729 1020 2786 J
1067 2731 1247 2801 priore
1281 2731 1397 2787 loco
1433 2732 1596 2788 habet
1643 2733 1727 2788 in-

161 2818 294 2880 tegre
317 2810 652 2881 Dudeeiaca,
677 2815 950 2885 quomodo
981 2832 1169 2876 rursus
1205 2817 1384 2877 omnia
1427 2817 1609 2889 legunt
1632 2817 1726 2875 lib.

157 2913 222 2963 tv,
251 2915 365 2971 cap.
400 2901 460 2956 2.

219 2992 318 3047 Sed
342 3002 391 3047 et
421 2994 486 3048 de
509 2993 633 3049 villa
661 2993 957 3060 Nat-iliaca,
984 3005 1092 3052 etc.
1129 2999 1204 3054 De
1228 3000 1332 3055 hac
1361 3015 1519 3070 supra
1545 2999 1638 3055 lib.
1664 3017 1726 3068 ιι,

155 3097 260 3154 cap.
294 3083 378 3148 I7,
409 3091 467 3140 et
508 3082 673 3140 latius
700 3084 751 3140 in
781 3071 1086 3157 fragmento
1125 3087 1402 3143 Ilincmari
1432 3090 1574 3160 quod
1605 3100 1728 3160 post

155 3174 302 3229 linem
364 3174 528 3244 hujus
591 3177 771 3247 operis
830 3177 1026 3248 adjecit
1083 3178 1314 3236 Iacobus
1378 3181 1722 3248 Sirmondus,

153 3267 279 3334 quod
318 3268 539 3324 videtur
585 3278 794 3340 partem
844 3270 1077 3341 aliquam
1129 3271 1289 3344 hujus
1331 3273 1572 3346 epistolae
1601 3288 1728 3328 con-

157 3357 333 3414 linere.

216 3451 418 3506 Karolo
446 3470 651 3525 quoque
689 3454 938 3511 Ludaici
983 3456 1419 3512 Transrhenanis
1459 3458 1592 3528 ﬁlio.
1626 3459 1726 3514 Hic

152 3554 225 3596 est
252 3543 482 3599 Carolus
520 3545 775 3615 Crassus,
807 3549 947 3604 tilius
990 3551 1130 3620 regis
1171 3550 1495 3616 Germanize,
1538 3551 1725 3608 fratris

152 3633 319 3690 Caroli
353 3636 528 3693 Calvi.

729 3729 957 3786 CAPUT
998 3731 1135 3788 XXI.

213 3818 293 3871 Ad
317 3819 630 3874 Lat/torium
668 3818 840 3876 Italiae
867 3839 1058 3893 regem,
1099 3823 1189 3895 qui
1226 3841 1301 3887 se,
1352 3823 1529 3877 relicta
1562 3842 1723 3880 uxore

144 3911 372 3977 prapria,
395 3911 610 3964 cuidam
652 3911 861 3980 femina:
896 3914 1250 3982 copulaverat.
1284 3913 1380 3969 Ilic
1410 3924 1490 3968 est
1525 3914 1725 3970 Lotha-

147 3998 251 4053 rius
280 4000 349 4056 de
393 4017 501 4070 quo
531 4017 694 4072 supra
742 4003 806 4056 ad
847 4019 967 4074 eap.
1017 4005 1102 4068 l3,
1133 4013 1186 4058 et
1232 4021 1446 4060 rursum
1479 4022 1597 4075 cap.
1629 4006 1719 4070 20,

145 4091 390 4149 videlicet
422 4095 663 4150 Lotharii
712 4096 1052 4165 imperatoris
1095 4098 1254 4153 Illius.
1306 4099 1502 4172 Verum
1552 4099 1721 4152 Baro-

143 4184 259 4239 nius
290 4185 361 4240 ad
393 4203 596 4241 annum
622 4187 746 4253 855,
773 4205 881 4259 quo
917 4191 1052 4244 obiit
1078 4190 1363 4245 Lotharius
1395 4191 1549 4261 imp.,
1592 4192 1722 4246 dicit

139 4291 278 4344 cum,
301 4279 478 4334 diviso
501 4295 687 4350 regno,
721 4281 989 4336 Ludovico
1033 4281 1237 4338 Italiam
1267 4283 1497 4346 dedisse,
1539 4284 1630 4352 qui
1667 4292 1722 4338 et

139 4372 400 4425 successit
421 4373 468 4425 ei
493 4372 544 4426 in
575 4373 1101 4442 imperio,Lothario
1125 4385 1302 4445 autem
1335 4392 1554 4445 regnum
1577 4376 1716 4446 quod

1856 540 2072 586 exstant
2098 542 2228 586 tom.
2263 531 2326 586 Ill
2355 532 2561 588 Concil.
2594 533 2660 588 I5
2685 543 2740 588 ct
2774 533 2864 588 εδ.

1928 621 2186 677 Formosa
2213 625 2351 678 sedis
2376 625 2610 695 ejusdem
2627 626 2854 697 (scilicet
2886 625 3160 697 Romana')
3191 625 3430 695 religioso

1853 714 2110 784 episcopo.
2142 713 2383 786 Intellige
2413 715 2774 787 sull'raganco,
2804 726 2862 771 ut
2895 716 3115 786 exponit
3143 715 3428 778 Baronius,

1853 804 2041 858 eadem
2074 803 2233 859 verba
2264 807 2479 860 eitando
2509 823 2651 862 anno
2673 808 2795 868 891,
2828 822 2934 876 quo
2957 807 3093 862 idem
3112 805 3426 869 Formosus,

1853 892 2008 965 longe
2045 905 2166 964 post
2200 895 2403 950 obitum
2452 896 2752 960 Hincmari,
2799 906 3012 952 creatus
3053 905 3136 951 est
3185 912 3430 951 summus

1850 989 2112 1058 pontifex,
2154 1005 2276 1044 eum
2302 1002 2431 1046 ante
2455 1002 2600 1048 esset
2639 993 2922 1064 episcopus
2956 991 3288 1047 Parmensis.
3337 990 3430 1046 Sic

1850 1077 1988 1133 infra
2025 1079 2116 1135 lib.
2146 1096 2218 1145 tv,
2250 1097 2371 1151 cap.
2421 1084 2473 1147 6,
2505 1092 2746 1153 tempore
2787 1083 3046 1153 Stephani
3098 1082 3188 1138 VII
3239 1081 3430 1137 scribit

1848 1170 2012 1225 Fulco
2038 1169 2229 1227 Joanni
2260 1174 2471 1230 cuidam
2518 1175 2764 1229 Romano
2790 1175 3026 1245 przesuli,
3073 1189 3235 1245 quem
3263 1173 3427 1229 Baro-

1847 1265 1969 1321 nius
1996 1281 2137 1321 anno
2159 1267 2263 1322 897
2285 1268 2414 1322 dicit
2434 1285 2598 1323 unum
2628 1268 2797 1324 fuisse
2821 1283 2887 1324 ex
2918 1267 3276 1339 sull‘raganeis
3302 1281 3429 1320 san-

1846 1365 1945 1411 cta:
1989 1357 2246 1412 Romanae
2277 1357 2548 1414 Ecclesiaz.
2579 1359 2722 1415 Idem
2756 1359 2996 1429 intellige
3025 1359 3092 1414 de
3124 1356 3432 1413 Gaudcrico

1844 1457 1900 1504 et
1925 1449 2152 1514 Joanne,
2181 1450 2248 1506 de
2271 1452 2469 1520 quibus
2499 1467 2618 1505 mox
2646 1452 2908 1521 sequitur.

1914 1536 2255 1608 Evangelium
2289 1557 2489 1611 quoque
2516 1541 2913 1595 Nazarenorum
2937 1541 3036 1595 sibi
3071 1541 3140 1595 ad
3169 1539 3424 1594 transcrio

1845 1630 2068 1684 bendum
2101 1631 2237 1684 mitti
2278 1641 2475 1701 petens.
2517 1630 2686 1700 Ilujus
2736 1631 3026 1702 aliquoties
3071 1631 3318 1686 meminit
3363 1629 3422 1683 S.

1843 1719 2222 1792 Hieronymus,
2246 1722 2338 1792 qui
2377 1737 2437 1778 se
2462 1723 2588 1776 illud
2611 1739 2675 1777 ex
2708 1721 2932 1776 lleltrteo
2959 1723 3010 1776 in
3039 1721 3285 1776 Graecum
3318 1718 3424 1773 La-

1847 1816 2124 1886 tinumque
2153 1831 2460 1872 sermonem
2487 1816 2830 1872 transtuliss‘e
2855 1815 3045 1872 scribit
3089 1816 3142 1869 in
3176 1815 3314 1868 libro
3349 1812 3425 1865 De

1841 1906 1971 1960 viris
1998 1906 2296 1961 illustribus
2328 1907 2380 1961 in
2412 1906 2633 1962 Iacobo.
2684 1910 2760 1964 De
2795 1923 2903 1976 quo
2931 1906 3052 1960 vide
3079 1904 3290 1960 Sixtum
3321 1901 3421 1958 Se-

1840 2011 2061 2053 neusem
2088 1997 2177 2053 lib.
2212 2014 2249 2053 ιι
2278 1998 2630 2054 Bibliotheca:
2651 2009 2873 2064 sanctze,
2890 1998 3056 2053 verba
3081 1996 3422 2051 Ilebrtaarum

1839 2088 2202 2160 Erangelium.
2229 2089 2320 2146 Sic
2342 2091 2486 2145 enim
2516 2091 2620 2146 alio
2647 2091 2864 2145 nomine
2889 2089 3206 2160 appellatur.

1918 2180 2149 2251 Vul/‘ada
2174 2180 2497 2252 Biturigensi
2535 2182 2946 2251 archiepiscopo.
2999 2179 3050 2234 Is
3097 2187 3180 2233 est
3219 2175 3310 2246 qui
3354 2175 3424 2230 ab

1838 2271 2022 2326 Ebone
2049 2271 2227 2328 fuerat
2267 2271 2550 2344 presbyter
2573 2273 2877 2336 ordinatus,
2920 2271 2987 2326 de
3028 2285 3134 2340 quo
3165 2269 3322 2324 toties
3366 2268 3421 2320 in

1835 2362 2223 2432 superioribus,
2256 2372 2316 2417 ut
2359 2371 2507 2434 patet
2555 2378 2621 2418 ex
2669 2362 2894 2431 epistola
2949 2360 3129 2414 Κειτοιί
3179 2358 3322 2428 regis
3352 2357 3420 2410 ad

1834 2451 2114 2508 Nicolaum
2142 2470 2358 2524 papam,
2387 2469 2506 2524 qua:
2527 2461 2706 2509 exstat
2741 2455 2881 2509 inter
2921 2451 3195 2508 llincmari
3221 2449 3420 2520 episto-

1835 2543 1914 2598 las
1942 2559 1970 2597 a
1995 2544 2256 2599 Cordesio
2270 2546 2465 2600 editas.

1905 2633 2134 2690 Immani
2164 2634 2569 2706 Naviomagensi
2593 2636 2852 2706 episcopo.
2904 2635 3002 2690 Hic
3031 2636 3168 2691 alias
3197 2641 3420 2690 vocatur

1833 2728 2067 2794 llimmo,
2095 2738 2149 2785 et
2178 2730 2519 2800 subscriptus
2568 2730 2768 2801 legitur
2824 2730 2877 2784 in
2927 2720 3123 2786 concil.
3177 2727 3419 2783 Tullensi

1831 2836 1975 2876 anno
2003 2819 2127 2876 859.
2159 2822 2398 2876 Vocatur
2429 2829 2485 2876 et
2514 2820 2702 2875 Emma
2730 2828 2786 2876 et
2816 2819 3031 2884 Emiuo,
3073 2835 3234 2890 quem
3275 2817 3421 2873 occi-

1829 2926 1948 2967 sum
1979 2926 2010 2965 a
2041 2909 2403 2966 Nordmannis
2442 2912 2494 2966 in
2519 2909 2670 2966 urbis
2701 2925 2813 2964 sua:
2833 2909 3134 2979 direptione
3152 2906 3417 2986 annojam

1831 2999 1976 3056 dicto
2003 3001 2194 3057 scribit
2220 3000 2485 3073 Meyerus.

1902 3089 2192 3146 Prudentia
2220 3091 2546 3148 Trecassino.
2580 3091 2756 3148 Hicin
2786 3092 3032 3163 catalogo
3064 3090 3416 3147 Trecensium

1827 3183 2202 3254 episcOporum
2235 3192 2320 3238 est
2363 3183 2674 3239 tricesimus
2723 3183 3006 3255 septimus.
3060 3181 3210 3237 Obiit
3269 3182 3414 3237 circa

1829 3291 2033 3330 annum
2061 3275 2189 3340 864,
2230 3285 2288 3330 ut
2314 3285 2396 3331 est
2429 3274 2482 3331 in
2520 3276 2894 3347 Promptuario
2947 3290 3225 3330 sacrarum
3275 3273 3416 3327 anti-

1826 3368 2094 3438 quitatum
2137 3367 2463 3424 Tricassina:
2509 3369 2783 3435 dimcesis,
2833 3377 3055 3424 auctore
3105 3383 3200 3428 seu
3251 3365 3413 3421 colle-

1825 3470 1974 3517 ctore
2003 3460 2224 3515 Nicolao
2267 3461 2546 3516 Camuzat.
2589 3460 2806 3516 Festum
2837 3461 3112 3531 peragitur
3146 3459 3180 3514 9
3222 3457 3412 3512 lectio-

1827 3555 1988 3611 nibus
2011 3553 2045 3608 6
2067 3554 2286 3624 Aprilis.
2319 3554 2506 3608 Exstat
2535 3555 2586 3607 in
2615 3554 2804 3609 eodem
2826 3552 3205 3622 Promptuario
3230 3565 3412 3605 sermo

1823 3643 2064 3714 ejusdem
2122 3645 2225 3698 hoc
2279 3644 2436 3698 titulo
2475 3662 2488 3696 :
2537 3643 2725 3697 Sermo
2756 3643 2822 3697 Β.
2861 3643 3135 3696 Prudentii
3185 3641 3265 3709 epi
3295 3641 3410 3710 capi

1831 3735 2105 3789 Trecensis
2141 3735 2204 3789 de
2228 3735 2331 3788 vita
2369 3744 2417 3788 et
2456 3744 2622 3787 marte
2647 3733 2887 3803 gloriosa:
2934 3733 3147 3802 virginis
3183 3731 3406 3784 Maura'.

1827 3825 2055 3895 Scripsit
2096 3841 2312 3894 quoque
2350 3825 2544 3880 librum
2581 3840 2689 3894 quo
2721 3824 2932 3879 erudite
2963 3823 3207 3878 confutat
3252 3823 3410 3878 libel-

1824 3914 1933 3970 lum
1973 3915 2316 3985 Origcnianis
2355 3923 2411 3968 et
2454 3915 2754 3985 Pelagianis
2793 3913 3070 3969 erroribus
3121 3914 3406 3976 refertum,

1825 4020 1983 4074 quem
2047 4005 2286 4060 Joannes
2313 4004 2509 4059 Scottis
2573 4004 2991 4058 concinnaverat
3044 4017 3110 4057 ex
3171 4003 3406 4058 Gothos-

1821 4097 1954 4152 calci
1984 4096 2309 4152 Orhaeeusis
2342 4098 2585 4150 monachi
2637 4097 2872 4167 scriptis.
2906 4095 2964 4150 Ei
2989 4097 3256 4150 successit
3280 4094 3407 4150 Ful-

1824 4187 2061 4253 chricus,
2115 4189 2311 4244 deinde
2357 4188 2592 4254 Atulfus,
2643 4189 2757 4244 sive
2805 4187 3070 4255 Octull'us,
3113 4189 3179 4242 de
3213 4186 3409 4259 quibus

1825 4275 1966 4332 infra
1992 4292 2042 4332 c.
2078 4277 2169 4332 23.

1895 4366 2071 4421 Αἰιιειι
2100 4367 2451 4433 Parisiorum,
2487 4387 2581 4440 pro
2613 4368 2851 4424 Rat/inda
2878 4369 3214 4426 Suessonica.
3249 4369 3406 4426 Dedit

139 4459 435 4518 inFrancia
462 4463 1716 4535 possidebat,praeterquamProvinciam,quam
1750 4501 1796 4558 Β
1821 4467 1876 4514 et
1899 4460 2031 4513 alias
2061 4459 2272 4516 litteras
2315 4463 2382 4515 ad
2429 4465 2570 4518 lmuc
2599 4462 2830 4517 [Eueam
2884 4478 2982 4534 pro
3019 4462 3265 4517 Bernone
3290 4462 3402 4517 cle-

137 4548 328 4604 Carolo
354 4553 595 4616 tradidit,
625 4561 678 4606 et
706 4553 901 4622 passim
928 4569 1069 4607 anno
1097 4553 1200 4609 868
1232 4554 1374 4607 hunc
1402 4554 1716 4608 Lotharium

136 4641 436 4697 adulterum
462 4653 618 4698 vocat
647 4659 821 4715 regem
849 4643 1033 4699 Gallia:
1058 4654 1111 4699 et
1137 4644 1487 4708 Francorum,
1534 4654 1590 4698 et
1633 4643 1719 4698 Si-

135 4731 392 4796 gehertus
415 4733 466 4785 in
491 4732 693 4787 Chron.
714 4734 858 4788 (lieto
897 4750 1038 4789 anno
1068 4734 1172 4789 855
1200 4734 1332 4789 dicit
1369 4749 1490 4788 eum
1523 4733 1719 4789 Lotha-

136 4817 368 4890 ringiam
400 4821 655 4882 tenuisse.
691 4831 744 4877 et
767 4839 909 4880 anno
929 4823 1055 4882 862.
1084 4839 1190 4892 quo
1216 4823 1564 4878 Waldradam
1607 4823 1718 4893 pel-

133 4907 290 4963 licem
325 4911 661 4980 superiuxit,
703 4921 858 4968 vocat
899 4929 1077 4984 regem
1127 4913 1510 4985 Lotltariugim.
1556 4915 1717 4969 Simi-

135 4999 258 5055 liter
297 5001 869 5073 Papirius'blassonus
933 5006 1024 5061 lib.
1075 5022 1109 5061 ιι
1163 5007 1360 5061 Annal.
1418 5007 1610 5061 Franc.
1664 5007 1716 5061 in

133 5089 328 5114 n---l-
361 5093 523 5120 lv-l-...
555 5111 569 5120 .
619 5112 635 5122 .
672 5095 906 5130 Πηηιιοοῗι
986 5097 1155 5136 inani!
1239 5097 1528 5146 Inlhnrillﬁ
1587 5100 1716 5150 ἰιῐὶῐ).

1828 4553 1958 4615 rieo,
1989 4566 2108 4620 qua:
2132 4561 2350 4606 exstant
2375 4555 2514 4621 apud
2545 4554 2832 4608 Bai-ouium
2882 4570 3024 4608 anno
3066 4554 3194 4617 912.
3239 4562 3294 4607 ct
3317 4567 3404 4608 rc-

1825 4644 2043 4714 sponsio
2071 4643 2258 4698 ιΕιιοιιδ
2287 4645 2352 4697 ad
2387 4643 2752 4697 llincmarum.

2387 4731 2614 4787 CAPUT
2672 4731 2835 4788 XXII.

1897 4825 1963 4880 In
1998 4824 2198 4894 synodo
2227 4824 2582 4892 episcoporum
2612 4823 2787 4877 decem
2822 4824 3229 4893 prouinciarum.
3278 4823 3402 4879 Haec

1823 4926 1908 4970 est
1970 4915 2206 4983 synodus
2257 4914 2606 4969 Dttziaeensis
2665 4915 2718 4968 in
2785 4915 3059 4983 provincia
3125 4915 3399 4971 Hennensi.

1819 5005 2204 5077 Fragmentum
2249 5005 2490 5074 epistolae
2543 5006 2704 5076 hujus
2756 5004 2943 5078 synodi
2997 5010 3064 5064 ad
3109 5009 3403 5063 Adrianum

1821 5112 2010 5154 bacam
2042 5097 2080 5150 ll
2131 5097 2300 5152 edidit
2343 5096 2578 5154 Joannes
2617 5099 2903 5155 Cordesius
2931 5099 3077 5156 inter
3128 5097 3401 5154 Ilincmari
