3872 5326
464 285 570 342 585

1236 289 1645 346 (ῚΟΙΛἙΝΕΒΙΙ
1685 288 1972 344 SCIlOLlA
2004 285 2070 340 IN
2110 285 2287 342 IIIST.
2329 281 2626 342 RESlENS.
2663 286 2941 343 ECCLES.

3611 283 3728 338 384

468 381 604 453 tutu.
637 399 755 453 Fuit
779 401 919 455 forte
959 379 1288 476 nlliuemarus
1333 383 1626 458 Iternensts'
1667 407 1866 474 (quem
1897 409 2043 473 patet
2072 380 2116 438 Α
2145 398 2321 452 Caroli
2353 367 2474 454 novi
2513 415 2701 468 llllpCt'.
2745 405 2840 468 per
2888 413 3077 454 manus
3105 399 3378 452 Anastasii
3419 397 3718 452 Bibliothe-

467 490 634 544 fuisse
671 492 1041 546 vehementem
1082 494 1132 547 iu
1184 495 1434 550 omnibus
1483 495 1594 550 suis
1629 495 1955 561 actionibus,
1987 505 2050 549 et-

467 581 762 635 maximum
809 584 1008 638 veteris
1057 585 1352 654 disciplinae
1393 589 1738 648 assertorem)
1769 585 2044 655 aliquanto

469 673 710 726 severior
749 673 804 727 in
849 689 1005 729 suum
1041 687 1286 746 nepotem
1327 678 1673 733 Hincmarum
1725 678 2046 733 Laudunen-

467 777 600 826 sem,
625 763 986 830 defensorem,
1020 777 1080 821 ut
1111 767 1185 822 ait
1221 769 1506 834 Baronius,
1540 767 1745 837 jurium
1787 769 2044 824 Romana:

468 852 760 919 Ecclesiar;
813 857 906 910 sed
947 865 1002 910 et
1049 841 1290 928 iniquum
1329 857 1494 914 fuisse
1531 860 1582 913 in
1635 873 1756 913 eum
1805 860 1962 914 docet
1992 859 2044 913 iu

467 945 766 1000 Annalibus
793 948 858 1001 ad
883 963 1084 1002 anmnn
1109 949 1212 1005 870
1239 957 1293 1003 et
1314 949 1436 1004 871.
1471 949 1622 1005 Unde
1639 965 1736 1018 pro
1758 951 2048 1004 llincmaro

469 1035 809 1093 Londiniensi
839 1051 918 1095 est
949 1041 1174 1110 epistola
1201 1041 1270 1095 ‘27
1296 1041 1517 1096 Adriani
1543 1042 1580 1095 ll
1609 1050 1662 1096 et
1685 1053 1794 1096 tres
1821 1057 2048 1111 sequen-

471 1139 573 1182 tes.
630 1127 878 1193 Ejusdem
932 1129 1242 1185 rellamatio
1291 1131 1404 1185 sive
1431 1129 1716 1200 appellatio
1757 1132 1822 1184 ad
1865 1131 2046 1184 sedem

471 1220 823 1288 apostolicam
857 1231 1034 1275 exs'at
1077 1237 1143 1276 co
1165 1224 1264 1277 'em
1297 1231 1427 1276 tein.
1459 1223 1663 1278 Concil.
1701 1232 1822 1293 post
1851 1224 2052 1291 episto—

471 1309 576 1364 lam
599 1311 632 1364 5
659 1311 880 1366 Joannis
923 1313 1054 1378 VIII,
1102 1321 1156 1368 et
1187 1315 1402 1368 tandem
1427 1314 1480 1368 in
1517 1314 1772 1369 Trecensi
1800 1315 2046 1381 cont-ilio,

472 1408 572 1461 sub
593 1409 780 1461 eodem
825 1407 1032 1462 Joanne
1055 1409 1186 1473 \‘lll,
1217 1425 1356 1464 anno
1383 1408 1507 1474 878,
1535 1425 1630 1464 suo
1679 1409 1904 1477 pristino
1929 1424 2052 1480 gra-

475 1499 562 1552 tlui
594 1499 720 1552 dicit
759 1499 1022 1555 Barouius
1073 1501 1237 1554 fuisse
1289 1501 1620 1566 restitutum,
1669 1509 1723 1554 et
1755 1501 1948 1570 probat
1983 1517 2047 1554 ex

464 1587 658 1642 .Atlone
689 1589 740 1641 in
781 1588 888 1643 line
937 1593 1015 1642 sui
1049 1589 1322 1644 Cbronici.
1367 1591 1566 1646 Verum
1597 1589 1879 1644 Aitnoinus
1909 1591 2051 1644 dicto

475 1679 631 1742 libro,
656 1695 703 1734 c.
743 1683 829 1741 57,
867 1683 1045 1752 potius
1086 1684 1416 1736 contrarium
1461 1681 1748 1752 signiﬁcat,
1779 1681 1902 1736 dum
1936 1682 2046 1735 ait:

472 1769 731 1824 Joannem
765 1787 955 1840 papam
984 1773 1186 1827 dixisse
1226 1783 1282 1826 ut
1315 1772 1642 1827 Iledenulfus
1671 1787 1768 1828 sua
1819 1775 2052 1826 auctori-

475 1867 583 1913 tate
623 1847 904 1916 ordinatus
945 1863 1250 1932 episcopus,
1295 1863 1476 1917 sedem
1529 1877 1680 1916 suam
1733 1869 1958 1927 teneret,
1995 1871 2050 1916 et

473 1949 775 2019 episcopale
833 1953 1191 2008 ministerium
1235 1963 1461 2024 ageret,
1507 1961 1564 2008 ct
1610 1951 1955 2019 Hincmarus,
1983 1953 2051 2007 si

477 2037 656 2102 vellet,
693 2040 906 2094 missam
941 2049 1207 2107 cantaret,
1232 2052 1287 2096 et
1311 2053 1518 2112 partem
1555 2043 1622 2096 de
1659 2041 1820 2096 rebus
1845 2043 2058 2109 episco-

477 2127 550 2194 pii
573 2125 912 2184 Laudunensi
945 2131 1192 2186 haberet.
1215 2131 1376 2186 Certe
1404 2131 1654 2186 Nicolaus
1671 2147 1804 2202 papa
1829 2133 2053 2202 primus,

477 2219 576 2273 etsi
607 2219 660 2272 in
690 2219 885 2276 litteris
911 2221 976 2276 ad
1007 2222 1352 2278 Hincmarum
1387 2223 1709 2280 Remensem
1741 2225 1900 2289 datis,
1936 2241 2058 2296 quae

479 2319 693 2365 exstant
731 2323 874 2369 tomo
902 2314 962 2368 llI
993 2316 1224 2383 Concil.,
1275 2333 1398 2372 eum
1430 2317 1483 2372 in
1517 2318 1838 2388 quibusdam
1875 2333 2058 2388 repre-

481 2401 702 2467 hendat,
731 2403 784 2457 in
809 2420 872 2458 ea
903 2415 1080 2460 tamen
1104 2407 1332 2477 epistola
1366 2407 1519 2477 cujus
1549 2411 1906 2481 fragmentum
1925 2410 2060 2465 citat

480 2489 572 2545 lto
599 2493 652 2546 in
684 2507 782 2548 suo
833 2495 1078 2561 Decreto,
1123 2509 1262 2567 part.
1311 2515 1422 2566 xw,
1453 2513 1571 2569 cap.
1599 2500 1691 2565 46,
1723 2511 1774 2555 et
1801 2501 1954 2556 Grat.
1993 2517 2057 2567 ll,

481 2597 536 2651 q.
561 2585 615 2648 5,
643 2601 760 2656 cap.
791 2589 916 2668 192,
957 2589 1460 2658 Excellentissimus,
1497 2595 1814 2664 praeclarum
1846 2596 1894 2650 ei
1919 2613 2059 2668 prae-

485 2675 575 2730 bet
603 2657 991 2746 testimoiiium,
1031 2683 1256 2740 dicens:
1292 2705 1310 2736 ε
1347 2657 1686 2757 Quapropter
1715 2703 1860 2743 nunc
1889 2657 2062 2743 beati-

489 2769 660 2824 luzlini
687 2781 790 2826 tute
831 2774 1159 2846 injungimus
1199 2787 1256 2831 ut
1283 2792 1446 2847 super
1467 2780 1569 2834 hoc
1605 2789 1788 2834 nostra
1831 2781 2066 2836 auctori-

489 2867 598 2915 tate
623 2863 808 2930 fretus,
843 2881 1026 2920 curam
1053 2869 1120 2922 de
1147 2868 1230 2925 bis
1260 2885 1474 2926 sumere
1527 2871 1745 2926 studeas
1774 2889 1786 2926 :
1816 2873 1940 2942 quia
1970 2889 2066 2926 no-

489 2969 592 3009 on
619 2971 888 3014 nivi-suus
919 2961 1180 3018 sanctitas
1208 2973 1294 3017 tua
1322 2963 1477 3018 valde
1501 2966 1648 3019 novit
1689 2963 1832 3018 aliud
1859 2979 1977 3020 esse
1998 2981 2066 3019 ex

487 3047 831 3114 necessitate,
863 3049 1006 3104 aliud
1030 3067 1096 3106 ex
1123 3051 1445 3121 ignorantia,
1477 3063 1640 3123 atque
1663 3053 1805 3109 aliud
1835 3055 1975 3124 quod
1999 3071 2066 3110 ex
2095 3081 2140 3144 ρ

488 3137 665 3191 studio
694 3140 1038 3210 delinquitur,
1067 3165 1084 3194 ι
1117 3155 1221 3199 etc.
1251 3145 1509 3199 Eumdem
1531 3145 1699 3200 fuisse
1719 3147 1893 3200 virum
1917 3147 2061 3218 piunt

489 3235 546 3278 et
572 3228 860 3283 admodum
885 3231 1182 3287 litteratum
1235 3243 1462 3288 testatur
1510 3233 1756 3306 Meyerus
1791 3237 1842 3289 in
1880 3237 2066 3290 Anna-

488 3314 630 3370 libus
679 3317 969 3386 Flandrite,
1019 3323 1140 3378 885.
1201 3323 1352 3378 Facit
1383 3341 1598 3394 quoque
1641 3341 1738 3394 pro
1780 3325 2070 3381 Hincmaro

491 3405 746 3464 Remensi
787 3411 1016 3482 epistola
1041 3413 1280 3482 ejusdem
1309 3413 1532 3470 Joannis
1571 3416 1700 3480 VIII,
1727 3432 1909 3486 quam,
1945 3418 2068 3486 quia

492 3498 646 3553 deest
674 3501 724 3554 in
757 3505 916 3558 tomis
951 3504 1338 3571 Conciliorum,
1390 3507 1476 3562 hic
1512 3509 1783 3563 ascribere
1813 3507 2012 3578 placuit
2042 3523 2074 3561 a

489 3591 563 3650 Β.
613 3595 670 3648 P.
714 3593 916 3650 Jacobo
963 3595 1252 3652 Sirmondo
1281 3615 1344 3652 ex
1376 3597 1704 3654 Bibliotheca
1738 3599 1794 3654 S.
1843 3597 2070 3670 Remigii

491 3689 642 3759 prius
681 3690 1031 3758 exscriptam.
1055 3708 1074 3740 ι
1127 3688 1365 3746 Joannes
1405 3689 1693 3762 episcopus
1739 3705 1925 3745 servus
1953 3705 2069 3744 ser-

493 3795 678 3835 vorum
715 3780 806 3834 Dei
840 3779 1126 3834 Hiucntaro
1145 3781 1551 3852 archiepiscopo
1581 3781 1850 3836 Reruensi.
1875 3783 2076 3848 Quam-

492 3869 576 3922 vis
603 3869 670 3922 tle
707 3869 1014 3923 sanctitatis
1073 3878 1176 3924 tua:
1220 3867 1425 3938 judicio
1476 3871 1610 3924 nihil
1652 3871 2069 3935 dubitassemus,

494 3959 619 4026 quia
647 3967 832 4014 tamen
889 3961 1242 4015 charissimus
1289 3961 1428 4016 (ilius
1457 3971 1640 4016 noster
1671 3961 1894 4018 Caro-lus
1941 3963 2074 4018 invi-

492 4052 773 4106 ctissimus
805 4051 1122 4119 imperator,
1163 4067 1192 4105 a
1219 4051 1374 4105 nobis
1405 4052 1814 4120 diligentissime
1841 4067 2074 4122 percun-

493 4151 672 4196 ctatus
703 4181 717 4205 ,
783 4142 1245 4196 circumstantiam
1288 4143 1474 4210 judicii
1527 4157 1558 4195 a
1605 4141 1937 4195 beatitudine
1985 4150 2071 4196 tua

495 4233 1046 4302 coepiscoporumque
1095 4250 1314 4288 suorum
1377 4235 1427 4287 in
1482 4235 1827 4288 lliacmarum
1875 4235 2074 4290 dudum

495 4321 907 4380 Laudunensem
937 4325 1249 4393 episcopum
1293 4323 1487 4394 prolati
1539 4323 1858 4393 apostolatui
1891 4333 2075 4379 nostro

495 4415 695 4483 retulit,
729 4417 1045 4488 agnovimus
1076 4418 1280 4488 justum
1309 4415 1476 4470 fuisse
1524 4416 1747 4469 omnino
1788 4414 2070 4483 jndicimn.
2107 4437 2154 4496 ο

495 4508 680 4578 Neque
726 4509 869 4562 enim
927 4515 1107 4562 tantus
1159 4508 1408 4576 princeps
1459 4507 1562 4560 nisi
1613 4507 1838 4560 veritate
1881 4503 2073 4559 fultura

495 4597 788 4664 quidquam
828 4603 1040 4664 poterat
1094 4592 1382 4647 afﬁrmare.
1419 4593 1572 4648 Unde
1603 4592 1755 4646 nefas
1784 4605 1902 4646 esse
1925 4591 2076 4646 duxi-

498 4703 618 4742 mus
653 4686 770 4754 t-jus
823 4687 1066 4740 relationi
1099 4701 1204 4740 non
1231 4686 1470 4756 przebere
1523 4686 1646 4741 ﬁdei
1701 4685 2079 4740 incunctanter

498 4779 758 4833 auditum.
794 4777 910 4831 Noli
956 4791 1086 4849 ergo
1110 4777 1220 4846 jam
1253 4793 1394 4832 nunc
1423 4778 1717 4833 Ecclesiat‘n
1763 4777 2078 4831 Laudunelt-

497 4882 612 4922 sem
641 4869 912 4921 viduatam
937 4877 993 4922 et
1027 4869 1144 4922 sine
1175 4868 1433 4937 regimine
1473 4866 1730 4936 pastorali
1779 4867 2076 4928 dimittere,

497 4955 594 5010 sed
626 4957 990 5012 indiﬂ'ereutet‘
1020 4957 1272 5022 electum,
1321 4965 1378 5011 et
1400 4958 1465 5012 de
1495 4956 1865 5010 Lauduneusis
1895 4955 2076 5010 Eccle-

499 5047 594 5100 siae
619 5046 766 5100 clero
805 5046 978 5100 virum
1027 5045 1296 5108 idoneum,
1345 5053 1399 5099 et
1428 5047 1477 5098 iu
1515 5060 1622 5112 quo
1665 5045 1902 5099 omnium
1951 5053 2074 5098 vota

499 5136 859 5197 consentiant,
883 5136 1056 5189 eidem
1093 5135 1350 5189 Ecclesia:
1381 5136 1592 5203 prtulice
1619 5147 1840 5202 prorsus
1867 5133 2080 5202 episco-

501 5241 649 5304 pum.
697 5227 792 5282 Cui
823 5227 1072 5281 electioui
1119 5225 1366 5280 volumus
1413 5225 1576 5278 etiam
1613 5223 1835 5277 missum
1867 5223 2076 5292 prarfati

2143 489 2272 544 carii
2299 489 2350 542 in
2379 490 2675 544 secretario
2703 490 2946 546 ecclesiae
2973 489 3031 545 S.
3075 489 3240 544 Petri.
3285 491 3441 544 Anno
3471 491 3722 544 incarna-

2147 577 2305 631 tionis
2347 577 2640 634 Βοιιιὶιιίρω
2690 577 2816 642 877,
2859 577 2992 633 Non.
3025 577 3284 642 Januarii,
3320 579 3626 632 indictione
3649 593 3720 642 lx,

2143 677 2198 723 et
2224 669 2400 724 delata
2430 679 2515 724 est
2544 670 2610 723 ab
2637 670 2824 725 eodem
2856 669 3191 726 Theoderico
3221 671 3272 724 in
3296 669 3518 724 civitate
3541 668 3724 724 Remis

2153 757 2446 814 llincmaro
2477 760 2765 815 llemorum
2815 761 3224 831 archiepiscopo
3269 761 3460 816 eodem
3501 776 3650 816 anno
3675 771 3726 818 et

2145 851 2333 906 eadem
2367 852 2658 908 indictiona
2684 869 2715 905 ν
2747 852 2869 906 ldus
2892 852 3086 914 Martii.
3117 871 3136 905 ι
3303 880 3340 914 ι
3755 845 3760 856 ’

2219 941 2284 995 Et
2310 959 2340 996 a
2385 939 2774 996 Normannoin
2817 945 3016 1012 synodo
3039 955 3336 998 accusatus.
3379 941 3456 998 De
3499 944 3608 998 hoc
3654 943 3728 996 vi-

2147 1030 2337 1088 deatur
2357 1033 2580 1104 epistola
2607 1033 2830 1088 Adriani
2851 1034 2920 1090 ‘28
2948 1043 3002 1088 et
3029 1035 3119 1089 $9.

2220 1123 2566 1193 Municipium
2605 1123 2872 1190 Laudum',
2924 1135 3052 1188 etc...
3083 1126 3146 1178 ab
3195 1125 3550 1186 exordioani,
3593 1136 3728 1194 post-

2147 1229 2304 1279 quam
2325 1231 2355 1266 a
2383 1211 2680 1268 Μαι-θοὸν·ἱο
2707 1225 2949 1284 pra'lore,
2979 1225 3032 1268 ut
3059 1215 3285 1284 produnt
3317 1215 3578 1278 [tiatur-iw,
3607 1231 3730 1267 cort-

2149 1307 2316 1360 ditum
2343 1307 2465 1375 fuit.
2523 1305 2598 1360 De
2626 1308 2812 1362 eadem
2845 1322 2902 1361 re
2937 1308 3078 1362 idem
3122 1307 3444 1366 l-Iincmarus
3499 1307 3556 1360 in
3599 1319 3736 1376 opus

2149 1397 2238 1452 LV
2291 1395 2684 1467 Capitulorum,
2717 1412 2854 1467 cap.
2889 1397 2974 1462 16,
3017 1398 3094 1453 sic
3124 1398 3241 1451 ait:
3280 1415 3298 1448 ι
3331 1396 3486 1476 Quod
3520 1396 3742 1468 (nempe-

2151 1491 2432 1547 castellum
2484 1489 2864 1561 Landunense)
2928 1492 3067 1544 sicut
3131 1489 3422 1558 EutrOpius
3479 1490 3734 1557 antiquus

2153 1583 2622 1653 historiographus
2678 1582 2827 1642 dicit.
2880 1589 3099 1636 auctore
3153 1581 3455 1636 Mat-cohrio
3505 1592 3730 1649 praetore

2155 1675 2450 1738 conditum,
2505 1674 2574 1728 ab
2599 1673 2823 1728 exordio
2873 1673 2955 1727 sui
2987 1673 3044 1727 in
3087 1673 3398 1744 paganismo
3429 1673 3576 1726 inter
3603 1671 3730 1726 civi-

2157 1773 2294 1818 tates
2336 1764 2420 1818 vel
2457 1763 2814 1834 provinciales
2870 1762 3025 1818 sedes
3071 1777 3264 1816 nomen
3308 1770 3363 1816 et
3403 1760 3582 1816 locum
3631 1777 3746 1818 non,

2151 1854 2354 1908 habuit.
2383 1872 2402 1904 ι

2228 1935 2374 1998 Olim
2395 1943 2458 1996 ob
2489 1943 2654 1997 homo
2675 1943 2872 1998 habita.
2905 1942 2996 1997 Sic
3019 1941 3108 1996 MS
3128 1951 3184 1995 ct
3200 1941 3486 2014 originale.
3512 1939 3563 2004 J;
3589 1957 3730 2002 omo,
3757 2015 3760 2020 _

2159 2037 2430 2106 quomodo
2459 2033 2588 2105 legit
2620 2033 2667 2090 Μ
2699 2033 2789 2088 lib.
2825 2049 2862 2100 t,
2901 2049 3018 2104 cap.
3049 2033 3139 2088 20.
3171 2033 3352 2090 llorno
3387 2041 3568 2085 autem
3601 2030 3732 2088 idem

2157 2136 2238 2184 est
2267 2129 2405 2197 quod
2436 2129 2538 2184 hoc
2563 2143 2724 2182 anno.
2760 2125 2966 2182 Dicitur
2987 2135 3040 2179 et
3063 2125 3280 2190 hornus,
3313 2141 3366 2184 α,
3401 2140 3511 2186 unt,
3543 2131 3604 2176 ut
3629 2121 3742 2174 frua

2158 2211 2286 2275 ctus.
2315 2221 2494 2284 borni,
2525 2235 2684 2288 poma
2703 2219 2908 2285 horna,
2929 2217 2980 2271 id
3003 2227 3086 2271 est
3110 2215 3268 2284 hujus
3289 2215 3436 2268 anni.

2230 2311 2374 2366 Licet
2405 2313 2473 2366 ad
2509 2324 2705 2366 tornum
2736 2321 2888 2380 caput
2919 2309 3150 2374 inclinet,
3179 2309 3268 2380 qui
3297 2309 3372 2362 eis
3411 2323 3516 2360 non
3549 2307 3734 2369 obedit,

2161 2404 2251 2458 sed
2281 2405 2452 2473 potius
2501 2417 2658 2472 porro
2703 2403 2878 2456 obvias
2919 2417 3105 2456 manus
3133 2400 3380 2468 inferens.
3415 2397 3506 2452 Sic
3529 2399 3664 2467 orig.
3687 2403 3738 2448 ct

2159 2496 2209 2552 J.
2251 2495 2476 2551 Phrasis
2501 2504 2584 2552 cst
2614 2496 2748 2549 satis
2775 2495 3024 2549 obscura.
3078 2493 3190 2557 MS,
3235 2493 3496 2546 thomum.
3549 2489 3742 2543 Exem-.

2161 2589 2280 2661 plar
2317 2603 2422 2658 quo
2455 2603 2586 2643 usus
2621 2595 2706 2641 est
2747 2585 3014 2639 Baronius
3046 2585 3184 2654 legit,
3213 2581 3486 2644 Thomam,
3517 2589 3572 2635 et
3597 2587 3742 2648 putat.

2163 2683 2553 2739 restituendum
2579 2682 2825 2737 Romam.
2857 2681 2960 2736 Pro
2997 2699 3154 2753 porro
3185 2679 3310 2749 legit
3353 2677 3531 2732 Petro.
3565 2675 3621 2730 In
3647 2673 3732 2728 MS

2163 2777 2371 2832 obviam
2415 2776 2628 2847 legitur.
2664 2775 2758 2830 Est
2785 2783 2962 2829 autem
2996 2783 3171 2828 tomus
3211 2769 3429 2842 proprie
3471 2768 3752 2837 fragorem.

2165 2881 2276 2924 tum
2316 2868 2440 2922 libri
2474 2869 2797 2934 abscissum,
2825 2876 2879 2921 et
2911 2882 3007 2937 pro
3035 2867 3148 2936 ipso
3181 2865 3318 2919 libro
3347 2877 3441 2917 seu
3469 2859 3732 2916 volumine

2167 2958 2485 3029 imperfecto
2511 2955 2791 3026 accipitur.
3313 2967 3320 2972 '

2737 3045 2964 3103 CAPUT
3004 3045 3190 3101 XXIII.

2227 3143 2508 3214 ‘Synodum
2539 3141 2679 3211 apud
2707 3137 2884 3194 Pista:
2928 3139 3204 3208 agendum.
3261 3134 3583 3205 lutclligitnr
3625 3143 3738 3186 cou-

2168 3235 2348 3291 cilium
2371 3235 2618 3290 Pistense
2641 3235 2694 3288 in
2741 3233 2858 3288 loco
2901 3233 2990 3302 qui
3025 3230 3188 3284 Pistis
3223 3229 3422 3284 dicitur
3446 3229 3513 3280 ad
3541 3227 3732 3294 Sequa-

2171 3344 2295 3382 nam
2345 3327 2561 3382 ﬂuvium
2592 3367 2606 3392 ,
2661 3326 2986 3382 celebratum
3028 3337 3168 3376 anno
3216 3321 3339 3386 865,
3389 3320 3490 3374 sub
3535 3316 3740 3372 Nicolao

2171 3419 2367 3489 primo,
2425 3419 2568 3488 quod
2616 3425 2795 3472 exstat
2833 3425 2960 3470 tum.
3015 3415 3078 3468 Ill
3134 3411 3498 3468 Conciliorum
3549 3409 3598 3462 in
3644 3405 3736 3470 tiae

2171 3511 2370 3582 prioris
2415 3511 2604 3580 partis.
2659 3509 2811 3566 Unde
2841 3522 3001 3576 supra
3025 3521 3145 3575 cap.
3173 3504 3236 3558 2|
3270 3502 3466 3572 legitur
3505 3501 3556 3554 in
3579 3498 3739 3553 omni—

2159 3600 2272 3654 .bus
2293 3600 2710 3670 exemplaribus,
2740 3599 2807 3652 ad
2841 3597 3014 3650 Pista:
3043 3597 3096 3650 in
3142 3595 3384 3664 Sequana
3419 3609 3438 3654 ,°
3491 3593 3592 3644 hoc
3631 3589 3738 3642 loco

2172 3693 2285 3748 MS.
2329 3689 2514 3745 Pesms
2545 3691 2695 3762 legit,
2725 3690 2817 3744 sed
2843 3687 2998 3742 male.
3046 3685 3166 3742 Alio
3202 3683 3418 3740 nomine
3455 3679 3746 3734 Pisciacum

2173 3794 2226 3840 et
2249 3783 2412 3838 Pistae
2449 3783 2646 3837 dicitur
2695 3781 2846 3851 quasi
2879 3778 3147 3840 Pisciatas,
3179 3775 3304 3844 quia
3351 3773 3492 3828 solet
3533 3785 3646 3824 esse
3671 3768 3738 3836 pi-

2176 3879 2324 3932 scina
2358 3876 2521 3929 totius
2552 3873 2817 3936 Francize,
2870 3881 2930 3924 ut
2973 3869 3162 3924 scribit
3213 3864 3563 3920 Sebastianus
3591 3859 3740 3914 Bonl-

2175 3966 2309 4021 liard
2337 3967 2387 4018 in
2419 3981 2514 4020 sua
2539 3963 2828 4018 Partltenia
2865 3962 2978 4015 sive
3021 3957 3259 4013 Historia
3285 3954 3536 4010 Ecclesia:
3557 3952 3738 4006 Carno-

2177 4058 2344 4112 tensis
2371 4073 2492 4126 cap.
2529 4055 2612 4118 19.,
2651 4071 2796 4108 ntnn.
2823 4053 2875 4108 9.
2899 4051 3100 4107 Gallice
3126 4047 3331 4116 I’oissy.

2243 4145 2460 4202 Walom'
2489 4145 2798 4200 Melensium
2843 4143 3075 4214 prtcsuli.
3119 4141 3208 4195 Sic
3236 4139 3348 4201 MS,
3375 4139 3467 4192 sed
3489 4136 3536 4202 J,
3561 4133 3716 4190 Walw

2175 4241 2442 4308 quomodo
2469 4245 2626 4293 vocat
2645 4252 2766 4290 eum
2794 4235 3074 4290 Ailnoinus
3097 4234 3188 4287 lib.
3225 4247 3275 4296 v,
3299 4245 3421 4300 cap.
3455 4230 3544 4283 41.

2746 4344 2970 4402 CAPUT
3011 4343 3200 4400 XXIV.

2284 4457 2316 4494 η
2375 4437 2790 4493 Ρηνῑεὶηεεηδευι
2839 4433 3160 4506 parochiam.
3223 4431 3316 4486 Sic
3359 4429 3402 4485 C
3455 4429 3510 4482 in
3555 4424 3734 4481 Gallica

2177 4529 2548 4591 translatione,
2581 4543 2679 4598 pro
2709 4540 2816 4602 quo
2843 4523 2970 4578 facit
2997 4524 3138 4594 quod
3169 4521 3373 4576 scribat
3417 4519 3483 4572 ad
3511 4517 3734 4571 abbatem

2177 4621 2234 4674 S.
2266 4617 2682 4690 Dionysiijuxta
2716 4615 2973 4668 Parisios.
3005 4613 3064 4668 C.
3093 4613 3150 4666 in
3181 4609 3369 4664 Latino
3407 4618 3460 4663 et
3487 4605 3539 4672 J,
3571 4603 3735 4657 Parido-

2175 4731 2416 4778 censent;
2450 4711 2561 4776 MS,
2597 4709 3001 4764 Parnaccnsem.

2762 4815 2990 4875 CAPUT
3027 4815 3194 4872 XXV.

2254 4913 2578 4986 Mugenm'do
2599 4913 2900 4982 pru'posilo.
2931 4909 3042 4972 MS,
3069 4908 3368 4978 Agemtrdo.

2743 5021 2968 5078 CAPUT
3011 5020 3195 5076 XXVI.

2267 5133 2385 5186 Viro
2426 5131 2780 5186 illustrissimo
2807 5129 3062 5183 Eberado.
3120 5127 3170 5181 Μ
3191 5169 3206 5192 ,
3259 5125 3537 5180 Eburardo
3561 5122 3628 5188 ;J
3655 5121 3740 5176 Elt-

2185 5222 2342 5274 rurtlo
2373 5237 2468 5291 per
2505 5235 2795 5290 syncopen.

2263 5309 2300 5326 ιι
2369 5313 2378 5322 -
2505 5307 2546 5326 in
2909 5310 2920 5326 ι
2967 5308 2994 5326 ο
3021 5309 3058 5326 ι.
3141 5307 3201 5326 l‘l
3237 5307 3264 5326 ,ε
3297 5308 3331 5326 .3
3369 5321 3599 5326 _--______--
3661 5301 3740 5326 11⁸-
