3872 5326
147 303 261 359 39.5

489 367 569 379 ’σια-

719 413 948 470 CAPUT
987 411 1196 466 XXVII.

225 511 548 567 lrmintrudi
597 509 809 578 regitur.
862 507 983 562 llzec
1034 515 1117 561 cst
1162 502 1340 559 Caroli
1388 501 1535 557 Calvi
1574 502 1750 570 prima

151 618 312 668 tutor,
342 619 468 674 qum
514 602 583 657 ab
635 600 756 655 aliis
791 598 1152 668 scriptoribus
1196 593 1606 656 llermentrudis
1651 608 1749 661 ap-

157 696 412 768 ;Acllatur,
442 709 549 763 qua
582 690 833 745 defuncta
863 687 1154 742 Richildim
1183 686 1357 740 duxit.

1508 290 1571 346 ΙΝ
1624 287 1824 343 LlBRL’
1837 287 1882 341 Μ
1917 287 2004 341 ιγ.

1781 421 1826 473 Α
1856 420 1985 462 sane
2017 405 2177 460 lectio
2209 403 2400 459 vitiosa
2446 413 2545 470 est,
2589 414 2644 460 et
2687 421 2785 477 pro
2813 420 2876 461 ea
2908 405 3192 466 dicendum
3222 409 3435 479 fuisset,

1850 499 1918 551 ad
1944 498 2230 551 interitum.

3326 291 3431 346 536

2416 559 2648 647 CAPUT
2678 591 2867 646 XXIX.

1929 681 2001 735 De
2023 681 2156 736 libro
2177 682 2313 736 edito
2336 700 2367 736 a
2391 699 2464 738 se.
2500 683 2744 751 Qualiter
2767 684 2977 738 Domini
3002 683 3086 738 vel
3127 695 3442 740 sanctorum

226 784 570 841 UHimentes
601 781 1032 843 convenientiam,
1078 795 1183 850 qua
1234 779 1495 831 dicimus:
1544 775 1755 829 Dimitte
1853 773 1963 826 sint
1989 774 2250 845 imagines
2283 775 2621 830 venerandae.
2649 774 2802 842 Quod
2823 775 2868 830 si
2897 775 3030 830 liber
3058 777 3159 832 istc
3181 787 3442 842 exstaret,

145 877 305 932 nobis
359 876 535 930 debita
559 883 746 929 nostra
776 875 930 936 sicut,
958 880 1066 925 etc.
1117 869 1560 927 Convenientiam
1607 865 1756 920 intel-

151 966 274 1034 ligit
303 971 525 1036 pactum
562 979 666 1020 seu
711 963 1124 1024 concordatum,
1179 969 1276 1014 aut
1309 958 1598 1028 juridieam
1627 972 1756 1010 cou-

157 1056 492 1110 sectionem.
529 1053 932 1125 Respicitenim
958 1052 1023 1106 ad
1054 1061 1268 1121 pactum
1291 1049 1552 1103 orationis
1579 1046 1759 1101 Domi-

160 1149 299 1202 nicte
327 1159 384 1203 et
438 1148 505 1202 ad
531 1163 651 1219 cap.
687 1147 753 1201 15
787 1145 1008 1216 Regulae
1037 1144 1096 1199 S.
1115 1142 1427 1206 'Bencdicti,
1455 1142 1508 1196 in
1539 1155 1645 1209 quo
1674 1140 1760 1194 di-

161 1240 306 1292 citur
332 1258 344 1292 ε
372 1265 388 1290 ι
421 1238 494 1294 Ut
519 1240 771 1294 conventi
796 1238 1080 1308 peripsius
1108 1235 1374 1291 orationis
1392 1233 1756 1303 sponsionem,

161 1349 264 1401 qua
295 1332 522 1386 dicunt:
557 1331 773 1386 Dimitte
804 1333 974 1396 nobis,
1012 1348 1032 1383 ι
1074 1339 1183 1385 etc.

233 1421 509 1487 Quantum
559 1421 912 1492 periculosum
963 1412 1185 1484 malum,
1233 1430 1339 1472 tam
1389 1420 1503 1488 ipsa
1559 1418 1761 1486 regina,

161 1532 320 1586 quam
348 1516 577 1584 emptrix
605 1515 700 1568 illa
727 1514 1002 1569 subierint.
1029 1512 1096 1575 Μ,
1125 1512 1427 1567 Periculum
1453 1527 1472 1577 ,°
1511 1508 1560 1570 J,
1593 1525 1764 1580 quan-

163 1620 272 1662 tum
309 1611 532 1680 periculi
577 1610 801 1674 malum,
842 1620 952 1664 tam
982 1611 1096 1680 ipsa
1131 1625 1296 1663 citam
1331 1608 1642 1677 imperati-ia:
1669 1605 1762 1660 illa

165 1700 441 1754 subierint.

723 1768 952 1827 CAPUT
991 1768 1229 1826 XXVlL.

233 1880 539 1952 Cujusdam
568 1882 752 1951 [ratrle
798 1881 1162 1951 Rogamfredi.
1204 1879 1298 1935 Sic
1339 1877 1388 1933 Μ
1419 1879 1522 1932 hoc
1548 1875 1666 1932 loco
1711 1883 1766 1930 ct

165 1972 329 2042 paulo
358 1971 522 2026 infra.
555 1972 613 2036 S,
644 1971 978 2041 Rngemfredi
1009 1988 1023 2036 ;
1059 1971 1112 2033 J,
1135 1969 1478 2040 Raganfredi.

239 2064 299 2120 Si
330 2081 448 2119 vero
486 2066 594 2131 ipse
634 2079 803 2117 comes
838 2066 935 2118 Iioc
976 2063 1092 2132 ﬁeri
1137 2063 1361 2132 negavit.
1412 2060 1505 2116 Sic
1532 2059 1646 2114 MS.
1696 2057 1767 2113 At

170 2156 195 2213 ι
223 2176 235 2210 :
269 2157 362 2214 Sic
394 2175 514 2211 vero
545 2175 715 2213 comes
750 2160 858 2228 ipse
906 2159 1002 2211 hac
1028 2157 1146 2226 ﬁeri
1182 2172 1286 2210 non
1312 2155 1530 2225 rogavit.
1561 2154 1766 2209 Sensus

171 2265 294 2304 esse
316 2250 568 2304 videtur:
603 2248 658 2304 Si
691 2264 872 2304 comes
900 2257 1059 2319 neget
1081 2266 1137 2303 se
1163 2248 1374 2304 fecisse.

241 2347 346 2395 Aut
378 2342 565 2395 timore
585 2340 837 2412 alicujus,
863 2341 939 2396 rel
969 2341 1298 2394 hortamento
1327 2340 1391 2393 tle
1418 2340 1530 2409 ipso
1552 2337 1769 2408 presby-

174 2445 304 2488 tero.
340 2432 434 2488 Sic
463 2432 514 2486 ι.
548 2433 744 2487 Verum
775 2433 898 2497 MS,
930 2444 1020 2486 aut
1051 2433 1235 2486 timore
1274 2431 1504 2502 alicujus
1535 2431 1766 2501 impulsu

177 2535 494 2592 prtcsnmmu
517 2524 640 2578 inde
663 2525 930 2589 damnari,
955 2524 1346 2594 t'eljumrnento
1373 2525 1437 2577 de
1459 2525 1594 2593 ipso,
1622 2531 1730 2577 etc.

183 2669 192 2675 _
248 2615 423 2670 Malos
453 2626 632 2673 autem
664 2617 923 2686 prtescivit
971 2626 1196 2681 tantum,
1227 2632 1329 2670 non
1357 2614 1769 2685 prwdestinavil,

185 2724 274 2761 nec
318 2719 371 2760 ut
397 2710 626 2777 perirent
659 2727 760 2763 sua
798 2709 1126 2773 pra'scientia
1170 2708 1442 2780 compulit.
1495 2707 1586 2761 Sic
1611 2707 1662 2761 ⁴1.
1703 2708 1771 2762 At

184 2796 273 2852 IS
315 2799 468 2853 addit
492 2800 629 2854 duas
655 2799 876 2855 voculas
903 2800 995 2871 (ad
1019 2801 1256 2873 regnum)
1281 2801 1383 2855 hoc
1411 2799 1572 2854 modo
1598 2816 1610 2852 :
1645 2798 1769 2852 Non

183 2891 566 2957 prwdestinavit
598 2893 666 2945 ad
694 2908 930 2964 regnum,
974 2909 1065 2947 nec
1109 2903 1164 2946 ut
1209 2893 1460 2963 perirent,
1488 2903 1596 2948 etc.
1637 2891 1770 2959 Quae

1857 878 1970 922 tum
1998 869 2146 924 clare
2174 878 2456 933 constaret
2497 869 2630 940 quid
2677 869 2744 924 de
2779 870 2881 925 hac
2912 885 2971 925 re
3012 872 3245 928 senserit
3275 872 3442 926 ll‘iuc-

1860 976 2060 1015 marus.
2117 960 2276 1020 Certe
2325 960 2590 1016 catholice
2639 961 2878 1017 sensisse
2937 971 3086 1032 patet
3146 978 3216 1018 es
3280 962 3450 1033 ipsius

1858 1068 2046 1124 opusc.
2092 1069 2157 1106 LV
2202 1053 2572 1113 Capitulorum
2608 1063 2799 1109 contra
2855 1055 3202 1110 llincmarum
3232 1054 3450 1110 Laudu-o

1863 1159 2108 1211 ncusem,
2141 1162 2262 1216 cap.
2292 1147 2382 1201 25.
2422 1147 2574 1214 Quod
2615 1159 2744 1202 vero
2790 1146 3334 1218 Matthiaslllyricus
3380 1162 3448 1201 ex

1861 1239 2101 1308 ejusdem
2128 1239 2308 1309 operis
2339 1255 2458 1307 cap.
2487 1238 2557 1292 ΞΟ
2592 1238 2767 1292 locum
2803 1238 3019 1307 allegat,
3054 1254 3164 1309 quo
3197 1237 3453 1293 llincmap

1865 1348 1959 1388 rus
1986 1333 2271 1402 septimam
2301 1331 2561 1402 synodum
2589 1332 2654 1386 de
2679 1331 3046 1400 imaginibus,
3095 1347 3218 1401 quae
3245 1340 3332 1386 est
3360 1330 3454 1386 Νί-

1863 1441 2012 1480 carna
2053 1440 2112 1488 Ii,
2142 1423 2405 1477 damnare
2441 1423 2672 1487 videtur,
2720 1422 3000 1477 sciendum
3047 1431 3255 1478 textum
3296 1421 3458 1478 Hinc—

1868 1517 2004 1572 mari
2047 1525 2300 1585 corrupte
2331 1515 2588 1585 allegare,
2637 1530 2737 1584 pro
2767 1513 3221 1582 Constantinopoli
3257 1513 3461 1568 substi-

1869 1608 2068 1663 tuendo
2095 1606 2312 1662 Nicaea.
2343 1605 2518 1661 Verba
2544 1621 2664 1676 quze
2689 1604 3190 1676 allegathabentur
3240 1605 3293 1660 in
3337 1605 3457 1658 dia-

1869 1702 1992 1770 logo
2019 1710 2214 1770 quarto
2242 1698 2398 1753 Alani
2428 1715 2478 1753 c.
2515 1698 2601 1754 18.
2634 1698 2786 1753 Item.
2809 1699 2953 1768 apud
2992 1696 3283 1752 Baronium
3326 1706 3457 1752 tom.

1798 1802 1839 1863 Β
1872 1792 1966 1850 IX.
1996 1807 2139 1846 anno
2167 1789 2294 1845 794.
2317 1789 2649 1844 Atvideatur
2680 1791 2946 1860 integrum
2975 1805 3109 1860 opus
3135 1789 3307 1859 ipsius
3333 1788 3462 1842 lliu-

1866 1884 2039 1941 cmari
2080 1883 2223 1953 quod
2263 1882 2480 1936 demum
2509 1897 2650 1937 anno
2697 1882 3022 1951 pra-cedenti
3057 1881 3196 1936 1615
3237 1880 3464 1936 Parisiis

1867 1977 2074 2033 editum
2106 1985 2213 2041 est,
2251 1974 2340 2030 ubi
2391 1973 2508 2028 sine
2557 1973 2666 2027 ulla
2718 1973 2968 2029 lectionis
3014 1975 3278 2026 varietate
3327 1969 3464 2026 Con-

1868 2065 2207 2135 stantinopoli
2249 2064 2459 2134 legitur.
2497 2061 2756 2118 Videntur
2792 2063 2930 2117 item
2966 2061 3170 2117 Alanus
3203 2059 3461 2127 locojam

1869 2161 2041 2223 dicto,
2069 2168 2125 2213 et
2150 2173 2272 2228 cap.
2301 2172 2418 2226 seq.
2444 2165 2500 2211 et
2521 2155 2782 2211 latissime
2801 2156 2868 2209 de
2889 2158 2974 2210 bis
2997 2155 3274 2210 disserens
3295 2154 3464 2210 Seve-

1873 2250 2025 2304 rinus
2051 2248 2240 2304 Binius
2269 2248 2322 2303 in
2347 2247 2492 2302 notis
2521 2247 2589 2302 ad
2629 2247 2921 2304 concilium
2949 2246 3463 2312 Francol'ordicnse,

1876 2353 2007 2400 tom.
2040 2342 2126 2398 Ill.

2437 2432 2666 2489 CAPUT
2721 2431 2890 2488 XXX.

1942 2529 2096 2581 Anno
2157 2526 2447 2581 Dominij
2485 2528 2876 2582 incarnationis
2932 2525 3060 2581 SS9..-
3128 2524 3222 2580 Sic
3281 2523 3466 2579 omnia

1871 2618 2222 2687 exemplaria,
2254 2626 2308 2670 et
2354 2617 2404 2670 in
2450 2616 2551 2670 hac
2591 2631 2650 2671 re
2683 2616 2855 2687 magis
2880 2615 3208 2670 credendqu
3255 2613 3467 2668 auctori

1875 2725 2036 2781 quam
2065 2709 2350 2780 Sigeberto
2373 2718 2430 2764 et
2466 2707 2702 2780 Meyero,
2734 2703 2826 2778 qui
2850 2707 3052 2768 abiisse
3073 2690 3470 2762 scribentibu-

1876 2815 2120 2857 cmarum
2151 2815 2295 2856 anno
2321 2800 2452 2858 885.

1597 3438 1988 3456 6w

840 3209 1547 3341 SCHOLIAtN
1623 3187 2085 3333 LIBRUM
2163 3207 2872 3346 QUARTUM."
2960 3313 2967 3320 .

707 3593 936 3655 CAPUT
969 3567 1260 3652 Ρῐιιιιυιι.

261 3716 428 3772 Fulco
461 3713 547 3769 uir
569 3711 720 3767 valde
743 3707 948 3771 nobilis.
975 3707 1121 3761 Alias
1150 3703 1335 3770 Falco,
1366 3699 1636 3773 quomodo
1667 3697 1783 3753 ubi-

196 3823 290 3879 que
312 3808 429 3863 fere
455 3804 658 3862 scribit.
681 3801 753 3856 M.

258 3899 473 3953 Marino
515 3911 667 3966 papa:
689 3891 954 3963 delegans.
987 3889 1111 3946 liae
1145 3897 1225 3943 est
1253 3903 1382 3942 vera
1415 3885 1598 3948 lectio,
1650 3898 1784 3954 quo—

192 3993 349 4057 modo
372 4000 431 4046 et
459 3988 601 4044 infra
640 3985 984 4042 concorditer
1032 3983 1245 4054 legitur,
1278 3979 1378 4035 etsi
1412 3979 1464 4032 in
1495 3977 1544 4031 Μ
1581 3976 1782 4031 recenti

203 4097 352 4134 manu
377 4078 730 4150 superaddita
755 4077 823 4130 sit
855 4075 1030 4128 littera
1068 4084 1085 4126 ι
1111 4083 1169 4126 ιιι
1202 4072 1406 4142 legatur
1431 4066 1663 4138 Μαιτὶηο
1681 4108 1694 4130 ,
1731 4074 1787 4119 ct

203 4174 336 4228 hunc
358 4173 573 4227 faciunt
601 4161 901 4224 Martinum‘
938 4167 1000 4223 ll.
1057 4167 1162 4221 Sed
1213 4164 1498 4236 legendum
1543 4161 1785 4215 Marinus

203 4261 466 4319 Barouius
489 4271 541 4318 et
567 4261 754 4316 Binius
779 4267 1133 4320 atteslantur,
1163 4263 1468 4308 asserentes
1497 4266 1785 4324 perperam

204 4354 417 4407 nomina
429 4352 471 4404 ri
515 4351 802 4404 Martiuum
830 4345 1146 4402 secundum.

273 4441 383 4496 Pro
439 4441 743 4511 defensione
789 4437 1058 4492 Frotharii
1127 4433 1471 4488 Bituricensis
1525 4431 1788 4502 archiepi-

206 4536 362 4602 scopi.
404 4533 506 4588 Hic
544 4531 724 4586 fuerat
774 4528 1186 4598 Bnt‘degaleusis
1233 4526 1698 4595 archiepisc0pus,
1731 4530 1790 4576 ut

209 4635 351 4696 patet
378 4641 545 4695 supra
585 4624 680 4678 lib.
714 4638 796 4689 ιιι,
826 4638 876 4677 c.
911 4623 1004 4687 2|,
1050 4628 1106 4675 et
1145 4618 1282 4673 infra
1321 4619 1423 4672 hoc
1448 4619 1634 4672 eodem
1667 4629 1784 4683 cap.

275 4719 356 4774 Ad
401 4735 522 4788 qua:
571 4716 679 4771 illic
710 4714 1040 4784 respondens.
1079 4711 1454 4766 Recensentur
1483 4709 1584 4762 hoc
1615 4709 1792 4776 capite

209 4811 393 4868 decem
416 4821 470 4864 et
503 4809 732 4878 amplius
758 4806 994 4877 epistohe
1041 4802 1301 4882 Stephani
1348 4799 1410 4854 Vl
1453 4814 1626 4869 papae,
1656 4814 1791 4866 qua-

213 4916 327 4954 rum
383 4899 526 4954 nulla
571 4907 750 4954 exstat
800 4898 853 4951 in
885 4896 1130 4967 epistolis
1171 4892 1554 4968 decretalibus,
1604 4889 1690 4945 vel
1739 4889 1790 4943 in

1808 3567 1853 3628 ϐ
1959 3603 2065 3658 Sed
2095 3572 2294 3657 Odonis
2323 3602 2456 3672 regis
2487 3575 2568 3656 sui
2592 3567 2855 3672 consultu.
2899 3597 2998 3655 [lic
3029 3598 3168 3664 OLlO,
3195 3567 3342 3670 Vtilius.
3368 3599 3473 3654 lio-

1886 3695 2023 3750 berti
2054 3695 2230 3759 ducis,
2277 3693 2378 3748 fuit
2409 3701 2555 3747 tutor
2582 3693 2724 3764 regis
2756 3692 2931 3747 Caroli
2975 3693 3270 3763 Simplicis,
3319 3705 3472 3766 post-

1888 3787 2034 3841 hmui
2066 3786 2321 3842 Ludovici
2353 3785 2522 3840 Balbi.
2559 3786 2691 3840 Vide
2717 3783 2932 3854 Scholia
2970 3787 3108 3840 iul'ra
3140 3785 3337 3854 cap._5.

1961 3879 2235 3951 Synodum
2283 3895 2568 3931 convocare
2602 3878 2744 3947 apud
2800 3875 3158 3946 l'l"angionent
3190 3877 3474 3932 civitatem.

1888 3969 2002 4034 MS,
2052 3969 2396 4039 Vangionem.
2433 3968 2557 4023 llaec
2590 3969 2695 4023 alio
2724 3969 2941 4023 nomine
2957 3965 3260 4023 Wormatia
3278 3970 3477 4023 dicitur

1887 4074 1916 4111 a
1950 4058 2232 4128 Sigeberto
2258 4067 2313 4112 et
2337 4057 2478 4112 aliis.
2527 4055 2675 4113 Unde
2703 4057 3070 4126 Luitprandus
3110 4059 3162 4112 in
3211 4058 3389 4114 libello
3415 4061 3478 4113 de

1889 4149 2026 4205 Vitis
2056 4150 2368 4220 pontificum
2403 4150 2455 4204 in
2483 4149 2601 4204 Vita
2636 4149 2894 4220 Stephani
2944 4152 3115 4216 sexti,
3170 4153 3304 4206 dicit
3355 4169 3478 4206 eum

1883 4241 2115 4312 iussisse
2165 4242 2431 4314 synodum
2481 4243 2769 4296 convocari
2803 4241 3178 4307 Wormatiam,
3233 4254 3286 4298 et
3329 4243 3480 4298 titulo

1890 4333 2308 4389 Wormatieusis
2334 4335 2548 4389 concilii
2591 4339 2810 4404 ponitur
2834 4346 2966 4391 tom.
2995 4335 3059 4400 lll
3094 4335 3481 4404 Conciliotcm,

1890 4437 2045 4498 parte
2078 4443 2138 4490 tt,
2176 4443 2319 4482 anno
2349 4428 2476 4482 890.
2523 4427 2696 4483 Verba
2736 4427 2852 4497 ejus
2883 4429 2962 4484 sic
3013 4430 3216 4485 habent
3258 4447 3270 4484 :
3325 4450 3341 4481 ε
3388 4431 3479 4484 llic

1893 4524 2285 4578 llerimannum
2310 4522 2687 4578 Coloniensem
2718 4524 3206 4593 archiepiscopum,
3240 4535 3296 4578 et
3319 4525 3471 4577 Adal-

1890 4617 2103 4687 garinm
2155 4615 2618 4684 llamburgeusem
2673 4615 3178 4684 archiepiscopum,
3226 4615 3294 4670 de
3328 4615 3453 4681 ,Bre

1893 4707 2065 4761 mensi
2089 4707 2327 4761 Ecclesia
2364 4705 2788 4769 contendentes,
2829 4703 3189 4760 Wormat’iam
3241 4707 3308 4759 ad
3356 4721 3480 4775 syn-

1898 4799 2061 4854 oduui
2114 4799 2299 4852 venire
2357 4796 2565 4866 jussit,
2630 4798 2718 4851 ubi
2748 4795 2970 4850 Fulcoui
3042 4794 3298 4852 Remeusi
3329 4796 3472 4866 .Epi-

1895 4909 2056 4965 scopo
2079 4893 2194 4948 vice
2225 4909 2321 4948 sua
2349 4891 2660 4959 commissa,
2690 4905 2909 4947 causam
2950 4906 3140 4946 eorum
3183 4890 3484 4948 examinati

221 4991 368 5054 vomis
393 4989 781 5046 Conciliorum.
812 4987 983 5043 Sicuti
1027 5001 1128 5042 uec
1164 4985 1267 5040 ulla
1295 4991 1476 5038 exstat
1513 4979 1786 5048 Fulconis,
1821 4985 1866 5043 ι)
1895 4986 2188 5066 mandavit.
2214 5007 2232 5040 ι

248 5099 328 5138 uae
384 5086 489 5140 huc
534 5083 715 5154 capite
749 5083 1138 5140 enumerantur
1165 5091 1289 5138 octo
1335 5079 1418 5136 vel
1475 5094 1689 5145 novem,
1738 5071 1793 5132 et

214 5173 388 5202 ἰιι-,ηις
413 5189 511 5202 Ann
561 5174 907 5202 θῆκε-Λλοτιιοιη

1973 5076 2076 5142 Qui
2120 5093 2300 5154 eorum
2346 5077 2719 5154 vicaricutione
2765 5075 3028 5154 perfuncti
3075 5079 3398 5147 disceptanai
3438 5085 3486 5128 ct

1902 5164 2226 5202 anzimunm:
2262 5171 2548 5202 ι;ι....ι,.ι.....
2584 5171 2887 5202 ..η-πλη...
2955 5172 3046 5202 αξη
3083 5170 3122 5202 r‘
3187 5170 3242 5202 Α.
3290 5167 3335 5202 ιι
3367 5170 3476 5202 ..;..;-
