3872 5326
453 286 560 345 587

1209 282 1623 343 COLVENERII
1661 256 1955 339 SCllOLIA
2002 276 2066 332 IN
2111 276 2286 336 lllST.
2330 281 2608 338 REMENS
2640 281 2923 339 ECCLES.

450 403 645 456 eorum
679 400 1062 470 procuratores
1084 412 1209 454 cum
1236 398 1392 470 plena
1419 406 1689 469 potestate
1723 411 1838 451 rem
1872 395 2034 452 abso-
2059 409 2106 468 Α
2134 394 2320 460 sicno,
2381 404 2556 453 tutore
2607 397 2846 466 ejusdem
2892 394 3067 451 Caroli
3093 435 3109 462 ,
3150 395 3239 467 qui
3296 394 3514 452 titulum
3570 397 3716 468 regni

452 492 565 548 inte
596 491 972 563 componendi.
998 489 1257 562 Sequitur
1282 491 1426 547 enim
1451 510 1465 545 :

521 586 593 642 Ut
615 586 760 641 nullo
786 586 1006 642 ulterius
1036 597 1287 657 tempore,
1306 595 1563 656 prrecepta
1585 582 1787 654 ﬁnitiva
1822 594 2031 638 senten-

449 682 546 746 tia,
578 680 645 734 de
674 679 786 734 'ltac
831 690 887 734 re
930 679 1281 733 necessarium
1329 678 1639 731 sit-reuere
1666 677 2024 746 qumstionem.

446 766 543 826 Sic
569 769 750 841 legunt
772 768 827 825 λε
855 776 911 825 et
940 767 993 834 ir;
1025 767 1117 824 sed
1140 767 1202 834 Ι,
1242 767 1543 837 inﬁnitima.
1582 767 1639 822 In
1671 766 1764 821 MS
1798 767 2029 836 perfecta

445 874 547 932 pro
581 870 858 932 percepta,
899 868 957 916 et
1009 859 1060 914 Μ
1098 870 1299 914 nectere
1342 873 1441 928 pro
1482 867 1707 924 uertere,
1757 857 2029 928 quomodo

428 953 612 1010 etiam
638 962 931 1025 utrumque
961 954 1102 1025 apud
1128 952 1416 1011 Baroninm
1441 951 1655 1019 legitur.

1084 1036 1313 1099 CAPUT
1347 1041 1408 1096 11.

516 1138 822 1195 Rodemiam
842 1135 1101 1192 uidelicet.
1133 1135 1227 1190 Sic
1262 1132 1292 1190 J
1308 1150 1324 1201 ;
1367 1132 1428 1201 S,
1457 1131 1764 1188 Rodennam
1780 1150 1800 1199 ;
1822 1132 1891 1201 M,
1919 1132 2024 1189 To-

442 1231 693 1287 dcimam.

428 1344 433 1347 ί
514 1324 898 1396 Imperatorem
940 1337 1148 1393 quoque
1190 1319 1467 1376 Widonem
1499 1330 1806 1375 coronatum
1846 1319 2025 1374 eodem

443 1433 582 1473 anno
627 1415 934 1487 signiﬁca-ns
980 1414 1264 1469 indictione
1323 1414 1547 1467 decima.
1574 1412 1833 1468 Videlicet
1884 1426 2026 1466 anno

441 1510 567 1577 899.,
606 1509 859 1579 quamvis
887 1508 1071 1563 statim
1123 1523 1153 1562 a
1190 1514 1366 1562 morte
1391 1506 1570 1562 Caroli
1604 1505 1810 1569 Crassi,
1845 1505 1898 1561 id
1943 1514 2029 1560 est

438 1598 510 1653 ab
530 1589 674 1653 anno
697 1597 869 1669 (juxta
899 1597 1235 1666 Reginonem
1261 1605 1316 1652 et
1359 1596 1670 1664 Baronium)
1705 1596 1827 1660 888,
1861 1596 2028 1666 impe.

441 1690 582 1745 rium
621 1687 992 1759 occupaverit,
1028 1700 1153 1743 cum
1180 1696 1326 1743 esset
1354 1688 1461 1741 dux
1498 1686 1939 1757 Spoletanorum,
1970 1694 2028 1741 ct

2136 485 2471 542 Francorum
2514 488 2583 541 ab
2622 487 2773 543 obitu
2815 486 2993 543 Caroli
3020 486 3203 543 Crassi
3235 487 3586 558 imperatoris
3606 488 3715 558 (qui

2132 588 2271 635 teste
2306 580 2614 650 Reginone,
2665 596 2824 651 quem
2870 581 3116 651 sequitur
3168 579 3367 635 Barca.
3418 594 3570 634 anno
3610 579 3715 634 Do-

2131 668 2260 723 mini
2285 668 2388 725 888
2418 686 2483 725 ex
2519 669 2624 726 hac
2648 671 2758 726 vita
2794 669 3066 743 migravit)
3098 670 3383 742 tyrannice
3411 651 3712 740 usurpavit:

2130 761 2443 834 Sigebertus
2466 765 2518 819 in
2550 764 2753 821 Chron.
2780 749 2923 820 anno
2938 765 3044 823 890
3066 766 3256 821 scribit
3280 765 3537 822 Carolum
3562 765 3714 820 Cras-

2127 871 2248 911 sum
2274 857 2342 911 ab
2390 856 2744 927 optimatibus
2798 858 3163 928 repudiatum,
3193 859 3332 914 etin
3376 858 3563 914 locum
3601 857 3713 926 ejus

2126 948 2470 1005 sublimatum
2501 951 2814 1021 praedictum
2832 950 3136 1019 Arnulfum,
3169 960 3223 1007 et
3244 951 3503 1007 Carolum
3518 951 3712 1007 abiisse

2127 1055 2270 1096 anno
2324 1043 2609 1111 sequenti;
2655 1041 2881 1109 addens,
2912 1044 3102 1100 eodem
3141 1059 3284 1099 anno
3319 1044 3427 1099 £90
3449 1043 3707 1112 Francos,

2128 1134 2371 1204 neglecto
2409 1135 2603 1191 Carolo
2641 1134 2895 1191 Ludovici
2945 1134 3092 1191 Balbi
3129 1150 3300 1206 puero
3338 1136 3429 1191 vix
3465 1135 3707 1199 decenni,

2126 1240 2308 1297 regem
2329 1226 2431 1281 sibi
2461 1228 2767 1296 praefecisse
2788 1225 3029 1282 Odonem
3055 1226 3220 1281 lilium
3258 1226 3490 1282 Robcrti
3539 1224 3708 1281 ducis.
3822 1244 3823 1257 ι

2126 1320 2255 1374 [tetu
2293 1320 2345 1374 in
2380 1319 2567 1375 eadem
2603 1320 2808 1391 synodo
2830 1319 2896 1376 de
2917 1318 3176 1375 Balduino
3202 1321 3403 1374 cernite
3440 1318 3707 1374 Flandria:
3822 1344 3823 1355 ι

2129 1419 2415 1465 tractatum
2441 1422 2544 1477 εει,
2570 1420 2629 1465 ut
2649 1419 2797 1480 patet
2818 1425 2884 1465 ex
2904 1425 3026 1480 cap.
3053 1408 3088 1464 6
3113 1416 3167 1465 et
3199 1409 3229 1462 7
3252 1410 3532 1479 sequenti.
3563 1407 3705 1479 Sige-

2126 1504 2311 1559 bertus
2336 1503 2588 1575 praedicta
2629 1502 2792 1558 refert
2820 1502 2885 1557 ad
2915 1516 3117 1556 armum
3143 1501 3271 1567 891,
3297 1518 3408 1571 quo
3446 1516 3595 1555 anno
3631 1500 3705 1555 sic
3822 1560 3823 1565 η

2127 1597 2245 1651 ait:
2300 1596 2525 1652 «Odonc
2576 1610 2701 1667 rege
2757 1611 2855 1665 per
2911 1595 3195 1651 consilium
3256 1592 3600 1649 Francorum
3652 1592 3703 1646 in

2128 1688 2415 1758 Aquitania
2454 1688 2788 1750 demorante,
2813 1686 3008 1741 Franci
3034 1700 3261 1756 puerum
3289 1682 3551 1739 Carolum
3578 1681 3702 1737 duco

437 1782 505 1836 de
533 1795 601 1835 eo
632 1788 742 1834 tota
762 1756 878 1833 vita
919 1793 1017 1834 sua
1041 1792 1165 1832 cum
1195 1777 1423 1831 Amulio
1451 1784 1507 1832 et
1534 1756 1860 1846 Berengario
1887 1776 2022 1831 duce
2054 1756 2097 1817 Β
2127 1756 2378 1843 dennem,
2408 1776 2662 1835 Ludovici
2687 1776 2840 1832 Balbi
2863 1776 3051 1842 ﬁlium,
3080 1776 3133 1830 in
3162 1790 3394 1847 regnum
3418 1781 3699 1844 paternum

376 1940 385 1947 _
435 1872 794 1943 Foroiuliensi
821 1872 1131 1926 certaverit.
1159 1870 1479 1940 Utrumque,
1504 1869 1713 1925 scilicet
1737 1868 2020 1925 Widonem

437 1973 497 2019 et
521 1963 828 2027 Arnuil'um,
851 1962 1061 2017 obiisse
1091 1962 1282 2016 scribit
1308 1959 1506 2014 Bamu.
1533 1976 1679 2015 anno
1698 1960 1833 2026 899.;
1866 1960 2019 2032 Sige-

436 2057 625 2113 bertus
650 2054 938 2111 Widoncm
969 2068 1114 2108 anno
1135 2053 1273 2119 901;
1314 2051 1753 2127 Aruull'um‘902,
1781 2062 1837 2108 et
1861 2051 2019 2106 Lam~

435 2150 651 2206 bertam
673 2146 924 2205 Widonis
951 2147 1120 2202 lilium
1141 2145 1267 2203 905.
1300 2144 1498 2201 Verum
1520 2145 1724 2201 certius
1754 2146 1870 2201 haec
1895 2160 2017 2200 om.

433 2238 527 2293 nia
557 2236 841 2304 Baronius,
890 2236 983 2308 qui
1026 2234 1305 2292 Lamberti
1346 2235 1478 2306 imp.
1508 2232 1735 2291 obitum
1777 2233 2019 2305 assignat

432 2338 577 2384 armo
602 2328 727 2385 9l0.

1045 2420 1277 2479 CAPUT
1303 2420 1384 2477 111.

501 2514 661 2582 Quod
699 2513 752 2571 si
776 2513 1011 2580 auderet,
1052 2514 1354 2585 apostolica:
1404 2515 1544 2568 sedis
1577 2514 1889 2569 sententiam
1929 2529 2015 2570 re-

431 2604 795 2688 formidant”
813 2604 907 2661 Sic
932 2606 976 2661 C
1003 2614 1060 2660 et
1092 2604 1144 2661 J.
1170 2604 1368 2661 ‘At‘MS
1397 2624 1411 2660 :
1452 2604 1605 2672 Quod
1641 2607 1693 2659 si
1731 2618 1835 2661 non
1861 2606 2021 2660 audi-

429 2707 533 2764 ret,
559 2696 883 2769 apostolica,
923 2706 1032 2753 etc.
1057 2695 1257 2752 1Verum
1295 2695 1349 2753 in
1385 2696 1437 2750 Μ
1475 2698 1680 2753 recenti
1710 2710 1873 2753 manu
1915 2698 2015 2753 ad-
2070 2760 2074 2763 γ

427 2788 571 2861 jecta
597 2797 683 2844 est
718 2788 934 2861 negatio
976 2804 1102 2844 non.
1148 2788 1328 2856 Quare
1352 2803 1459 2844 non
1482 2795 1573 2843 est
1615 2787 1838 2844 dubium
1871 2789 2017 2861 prio-

434 2895 548 2936 rem
574 2879 864 2936 lectionem
889 2895 1074 2937 veram
1098 2894 1238 2937 esse.

502 2975 640 3031 Item
665 2977 848 3033 scribit
878 2978 1047 3035 eidem
1085 2978 1474 3049 archiepiscopo
1509 2976 1586 3050 (id
1608 2984 1694 3033 est
1722 2976 2016 3033 Formosus

2126 1878 2401 1933 revocant,
2426 1876 2481 1923 ct
2492 1867 2679 1923 Remis
2695 1883 2724 1921 a
2748 1867 2982 1922 Fulcone
3007 1866 3423 1935 archiepiscopo
3447 1865 3506 1919 in
3529 1877 3701 1934 regem

2123 1957 2366 2016 benedici
2400 1958 2622 2015 faciunt.
2658 1976 2677 2011 ι
2714 1958 2779 2015 Et
2802 1973 2948 2014 anno
2965 1957 3069 2013 899
3102 1975 3116 2011 :
3154 1975 3172 2008 ι
3201 1955 3319 2012 Odo
3342 1969 3440 2010 rex
3470 1953 3701 2010 Franco-

2122 2067 2243 2107 rum
2271 2052 2519 2117 moritur,
2554 2051 2835 2107 obtestans
2861 2049 3122 2120 primates
3149 2055 3209 2102 ut
3234 2046 3493 2103 Carolum
3525 2047 3579 2101 iu
3617 2060 3697 2101 re-

2120 2158 2226 2213 gno
2248 2142 2569 2212 reciperent.
2599 2162 2617 2194 ι
2634 2142 2788 2210 Quod
2809 2142 3054 2214 pluribus
3080 2139 3320 2195 declarat
3352 2138 3422 2194 ad
3450 2137 3697 2193 eumdem

2121 2252 2320 2292 annum
2344 2236 2450 2292 899
2485 2235 2753 2308 Heyerus.
2777 2256 2780 2263 ν

2192 2326 2346 2394 Quod
2378 2328 2685 2384 Asc/tericus
2709 2329 2840 2400 ipse.
2869 2326 2963 2384 Sic
2992 2326 3085 2383 CR
3110 2336 3167 2383 et
3194 2325 3225 2381 Ι
3240 2343 3256 2393 ;
3282 2325 3381 2383 sed
3423 2324 3497 2389 Μ,
3527 2323 3694 2378 Adde-

2119 2425 2280 2488 rims,
2312 2437 2411 2493 pro
2438 2438 2546 2493 quo
2574 2422 2613 2478 S
2641 2421 2882 2489 clericus,
2909 2425 3181 2495 quomodo
3208 2421 3263 2477 in
3300 2420 3539 2477 Baronio
3578 2418 3695 2490 legi-

2122 2522 2209 2569 tur
2230 2523 2362 2568 tom.
2386 2512 2454 2575 Χ,
2482 2527 2626 2569 anno
2650 2512 2777 2579 892,
2808 2522 2864 2569 et
2887 2514 2940 2567 in
2970 2511 3150 2584 Papir.
3186 2510 3461 2568 lassono.

2193 2605 2457 2662 Filiorum
2504 2605 2771 2677 Gudfridi.
2818 2605 2911 2661 MS
2961 2604 3144 2677 Papir.
3193 2604 3446 2675 Coﬁ'ridi.
3494 2599 3694 2671 1,609

2119 2698 2148 2769 f
2146 2699 2266 2753 ridi.
2798 2724 2801 2729 ⁴

2191 2789 2463 2858 Quatenus
2498 2801 2603 2844 tam
2632 2790 2697 2845 de
2724 2804 2805 2846 me
2832 2807 2992 2862 quam
3020 2790 3180 2846 etiam
3204 2791 3270 2845 de
3287 2787 3691 2852 sede'Remensi,

2120 2885 2406 2941 mercedem
2426 2885 2675 2957 dignetur
2702 2885 2912 2940 habere.
2946 2885 3022 2939 lta
3046 2883 3114 2951 Β,
3144 2883 3279 2952 MS.,
3305 2883 3695 2955 exemplaan

2120 2976 2261 3031 ronii
2315 2984 2370 3031 et
2396 2975 2448 3040 J,
2497 2978 2653 3047 quod—
2676 2977 2803 3048 legit
2844 2977 2908 3031 de
2949 2975 3092 3042 sede,
3124 2992 3247 3031 cum
3300 2975 3407 3030 alia
3454 2976 3693 3030 omittant

430 3064 570 3140 papa
589 3067 859 3140 Fulconi,)
886 3087 984 3141 pro
1022 3068 1303 3125 Bert'hario
1328 3068 1558 3141 quodam
1588 3069 1908 3141 presbytero.
1936 3070 2014 3125 Ita
2042 3118 2087 3141 η
2120 3068 2204 3135 de,
2226 3078 2284 3126 ut
2309 3071 2379 3125 sit
2402 3070 2602 3125 dictum
2630 3069 2812 3141 phrasi
2834 3068 3039 3125 Gallica
3066 3068 3257 3135 merci,
3289 3066 3343 3122 id
3367 3077 3455 3124 est
3495 3068 3693 3123 veniam

432 3157 559 3226 MS,
590 3158 633 3213 C
675 3167 733 3213 et
767 3157 831 3226 τις
869 3158 1006 3215 alios
1054 3157 1333 3226 Verturio;
1373 3160 1437 3217 C.
1469 3159 1524 3215 in
1566 3158 1796 3226 Gallico,
1831 3159 1922 3217 hic
1957 3168 2015 3216 et
2041 3157 2087 3182 υ
2116 3172 2169 3218 et
2192 3160 2577 3233 indulgentiam
2609 3161 2760 3225 dare,
2794 3161 2931 3218 alias
2971 3160 3168 3233 legitur
3197 3159 3530 3225 memoriam,
3571 3172 3692 3229 quo-

430 3250 596 3317 intra,
624 3249 932 3306 Berchario.
1112 3294 1115 3295 ν

1032 3376 1035 3377 ν
1054 3341 1283 3400 CAPUT
1315 3342 1406 3399 IV.

502 3434 642 3500 Qua:
659 3444 785 3489 tunc
812 3451 846 3490 a
873 3432 1206 3490 Zendeboldo
1239 3435 1449 3506 Arnulﬁ
1474 3430 1610 3508 regis
1633 3436 1768 3506 lilio.
1796 3434 1848 3503 J,
1876 3435 2015 3492 Zeu-

428 3526 678 3593 deboldo.
714 3528 984 3598 quomodo
1026 3536 1085 3584 et
1118 3526 1182 3585 C.
1233 3526 1547 3600 Sigebertus
1584 3525 2018 3583 Zuendebaldunt

432 3618 701 3674 nominat.
731 3618 863 3675 Erat
885 3626 1069 3675 autem
1097 3618 1240 3675 ﬁlius
1265 3618 1478 3675 Arnulil
1506 3635 1573 3678 ex
1609 3618 1934 3684 concubina,
1961 3626 2020 3672 ut

432 3710 596 3767 habet
646 3711 786 3767 idem
828 3711 1145 3783 Sigebertus
1178 3714 1235 3768 in
1278 3711 1486 3769 Chron.
1516 3712 1642 3777 896,
1688 3713 1778 3768 ubi
1827 3711 2019 3768 scribit

437 3820 557 3860 eum
586 3820 617 3858 a
642 3813 801 3875 patre
834 3804 1039 3861 factum
1074 3821 1258 3879 regem
1278 3805 1743 3874 Lothariensium,
1772 3815 1829 3863 et
1854 3808 1923 3862 ab
1951 3806 2018 3862 iis

432 3905 769 3967 peremptum
798 3912 943 3954 anno
968 3897 1093 3966 903,
1120 3900 1226 3966 vel,
1265 3907 1328 3954 ut
1358 3898 1586 3973 Regino,
1615 3900 1740 3956 900.

1054 3989 1287 4047 CAPUT
1323 3991 1387 4048 ν.

498 4077 728 4148 Amulio
768 4080 875 4151 regi
915 4080 1328 4138 Transrhenensi
1387 4083 1591 4142 litteras
1639 4087 1871 4151 mittens,
1919 4101 2016 4157 pro

436 4188 598 4224 .nusa
626 4172 758 4242 regis
785 4171 976 4227 Karoli
999 4191 1152 4246 quem
1187 4176 1463 4245 paruulum
1508 4179 1683 4234 adhuc
1710 4188 1932 4234 tinxerat
1962 4180 2017 4234 in

434 4277 624 4333 regem.
659 4261 757 4317 llic
777 4262 1037 4320 Amulius
1059 4274 1179 4320 erat
1205 4266 1345 4323 ﬁlius
1368 4268 1736 4335 Carlomauni,
1766 4272 1856 4341 qui
1880 4269 2015 4325 Car-

434 4366 721 4409 tomannus
767 4354 867 4410 fuit
893 4355 1035 4412 lilius
1060 4356 1319 4416 Ludovici
1366 4361 1695 4418 Germanici.
1732 4362 1829 4419 llic
1869 4363 2015 4419 enim

434 4444 740 4548 Eudovieus
782 4446 944 4548 ﬁlius
966 4446 1225 4548 Ludovici
1282 4452 1365 4510 Pii
1414 4454 1756 4526 imperatoris
1837 4458 2095 4548 dictusD

432 4536 794 4594 Germanicus
818 4548 875 4595 et
903 4540 1385 4615 Transrhenensis,
1433 4548 1605 4605 frater
1630 4549 1809 4607 Caroli
1838 4550 2011 4620 Calvi,

434 4634 622 4691 nabuit
671 4644 780 4693 tres
826 4636 1003 4707 ﬁlios,
1043 4643 1533 4713 Carolomannum,
1583 4648 1911 4704 Ludovicum
1961 4658 2018 4705 et

432 4724 685 4782 Carolum
712 4727 988 4801 Crassum,
1018 4732 1111 4806 qui
1132 4735 1238 4792 fuit
1258 4738 1572 4809 imperator,
1594 4741 1679 4794 cui
1702 4751 1897 4810 patruo
1916 4755 2017 4797 suo

434 4817 490 4873 in
522 4820 701 4893 ‘regno
744 4826 924 4896 potius
948 4843 1109 4899 quam
1159 4830 1388 4900 imperio
1437 4832 1699 4888 successit
1735 4834 2012 4890 Arnull‘us.

438 4909 592 5019 Unde
627 4922 737 4970 tam
784 4930 816 4970 a
859 4915 1163 4976 Flodoardo
1204 4937 1367 4992 quam
1396 4921 1467 4977 ab
1494 4922 1615 4979 aliis
1659 4926 2016 4996 scriptoribus

2167 3255 2274 3313 odo
2303 3255 2531 3311 vertitur
2552 3254 2607 3310 in
2630 3253 2854 3311 Gallico.
3036 3294 3039 3301 .

2737 3345 2965 3405 CAPUT
3005 3347 3092 3404 Vl.

2187 3438 2445 3496 Frotltero
2476 3439 2884 3510 archiepiscopo.
2911 3436 3004 3494 Sic
3025 3437 3073 3492 Β
3095 3445 3151 3493 et
3168 3437 3219 3493 J.
3250 3438 3323 3493 At
3347 3435 3460 3501 MS,
3492 3435 3688 3491 Flotlte-

2117 3548 2200 3588 ro.
2221 3530 2419 3588 Verum
2449 3532 2593 3586 illam
2625 3531 2911 3587 lectionem
2951 3531 3310 3602 praeferimus,
3335 3533 3463 3603 quia
3484 3530 3683 3602 intelligi

2117 3625 2331 3680 videtur
2368 3624 2689 3680 Frotharius
2740 3625 3093 3682 Bituricensis
3125 3625 3585 3695 archiepiscopus,
3626 3624 3682 3678 de

2118 3735 2226 3791 quo
2247 3733 2409 3789 supra
2430 3732 2551 3788 cap.
2588 3722 2636 3784 l,
2660 3727 2715 3773 et
2744 3717 2840 3773 lib.
2877 3732 2961 3783 ιη,
2992 3732 3043 3772 c.
3070 3714 3162 3782 21,
3194 3714 3398 3785 quique
3426 3715 3480 3769 in
3511 3712 3682 3768 tabulis

2118 3811 2472 3868 Democharis
2496 3810 2658 3865 etiam
2687 3809 2965 3867 Frotcrius
3008 3818 3254 3874 vocatur,
3291 3818 3349 3864 ct
3386 3804 3680 3875 subscripsit

2117 3906 2328 3978 synodo
2357 3903 2730 3960 Sucssiouensi
2764 3903 2958 3959 habitae
2983 3918 3124 3957 anno
3146 3900 3252 3957 866
3279 3910 3333 3956 et
3369 3899 3681 3955 Trecassiua:

2119 4013 2262 4053 anno
2294 3997 2421 4062 867,
2448 3996 2537 4053 ubi
2563 3996 2723 4050 modo
2755 3994 3057 4057 Frotarius,
3082 3993 3266 4055 modo,
3294 3991 3477 4047 addita
3500 3988 3681 4060 aspira-

2121 4090 2288 4157 tione,
2322 4088 2641 4144 Frotltarius
2665 4088 2995 4143 nominatur.

2188 4179 2458 4250 Rostagno
2513 4177 2898 4234 Arelatensium
2963 4176 3200 4248 prasidi.
3273 4175 3376 4231 llic
3430 4174 3542 4229 sine
3594 4171 3677 4225 du-

2116 4275 2208 4333 bio
2234 4275 2281 4330 is
2311 4281 2397 4329 est
2421 4272 2513 4343 qui
2535 4286 2698 4342 supra
2728 4270 2821 4325 lib.
2858 4286 2940 4338 tu,
2970 4286 3093 4340 cap.
3122 4269 3214 4336 2|,
3248 4267 3577 4324 Rothstanus
3595 4278 3674 4333 ap-

2116 4365 2372 4438 pellatur.

2194 4457 2442 4513 Plconico
2487 4457 2875 4529 archiepiswpo
2910 4455 3309 4512 Transmarino.
3355 4452 3455 4509 llic
3487 4461 3565 4507 est
3598 4446 3670 4517 qui

2123 4568 2349 4610 numero
2371 4568 2546 4610 nonus
2574 4552 2819 4609 decimus
2852 4553 2905 4607 in
2929 4550 3176 4621 catalogo
3213 4548 3531 4620 archiepisc.
3554 4545 3650 4600 Can

2123 4644 2475 4702 tuariensium
2497 4654 2721 4701 vocatur
2746 4642 3114 4699 Pleimundus.

2192 4736 2276 4790 Ad
2320 4736 2657 4791 tractandum
2686 4736 2750 4790 de
2786 4735 3090 4807 perrasione
3122 4732 3397 4789 Balduini.
3430 4730 3652 4786 Invasere

2120 4828 2212 4886 hic
2256 4826 2546 4884 Balduiuus
2592 4827 2860 4884 Flandria:
2886 4842 3072 4884 comes
3112 4827 3497 4883 monasterium
3523 4822 3669 4879 Βοτιί-

2123 4934 2293 4977 nense
2326 4936 2394 4976 ex
2424 4921 2719 4977 donatione
2759 4920 2937 4977 Caroli
2967 4919 3264 4990 Simplicis,
3296 4921 3364 4978 de
3399 4936 3498 4990 qna
3523 4933 3595 4981 re,
3617 4929 3670 4967 cx

3615 280 3719 337 388
3822 292 3823 295 γ
