3872 5326
148 390 274 450 389

1563 397 1630 452 IN
1669 397 1926 455 ιιιιιιυλι
1969 398 2052 455 ιν.

3208 464 3224 476 ,
3315 407 3421 470 590

151 522 364 568 ramus
413 508 679 580 marchio,
718 522 776 570 ut
813 520 895 571 est
941 530 1103 586 supra
1143 529 1262 586 cap.
1309 516 1330 569 l
1394 517 1551 588 hujus
1594 519 1735 580 Iltm,
1767 528 1813 579 Α
1843 521 1962 572 ιιιιτι
1993 519 2158 583 tertii,
2190 517 2510 572 llincmarus
2533 519 2663 574 obiit
2687 533 2828 576 anno
2847 522 2972 586 882,
3000 533 3054 578 et
3083 522 3248 579 Fulco
3278 523 3420 579 sedit

150 618 365 676 corpus
406 605 464 661 S.
490 605 685 662 Calisti
715 621 865 677 papae
899 615 954 661 et
997 608 1248 678 martyris
1274 623 1303 661 a
1340 607 1580 661 Romana
1616 608 1744 662 sede

149 695 505 765 impetravit,
537 697 629 750 sed
661 697 775 751 tieri
810 695 996 766 potuit
1043 704 1102 748 ut
1130 697 1344 749 demum
1391 695 1531 750 illius
1576 696 1744 765 ipsius

151 785 450 851 Rodulfus,
476 787 542 841 de
569 801 676 862 quo
698 786 785 840 hic
805 794 887 840 est
907 799 1106 848 sermo,
1134 784 1256 838 inde
1282 783 1552 839 detulerit.
1596 783 1743 839 Scri-

147 876 298 930 bunt
323 886 507 930 tamen
533 875 764 931 Jacobus
794 875 1037 945 Meyerns
1068 874 1121 928 in
1150 874 1343 928 Annal.
1383 874 1666 940 Flandritc,
1687 883 1745 930 et

147 964 409 1020 Joannes
439 965 683 1020 Nolanus
715 965 766 1018 in
795 963 969 1017 Natal.
1015 963 1115 1017 SS.
1153 962 1320 1031 Belgii
1363 964 1450 1018 die
1486 964 1554 1016 M
1583 963 1743 1019 Octo-

143 1057 296 1122 bris,
331 1057 480 1112 beati
534 1055 728 1112 Calixti
772 1055 1027 1124 reliquias
1081 1055 1362 1110 Gisonium
1414 1055 1604 1110 allatas
1647 1071 1744 1125 per

151 1147 502 1206 Evcl-artium
535 1145 638 1200 loci
677 1144 1018 1199 fundatorem
1052 1159 1195 1198 anno
1215 1143 1341 1200 854.
1381 1143 1544 1199 Addit
1573 1145 1740 1199 Mola-

152 1253 262 1290 nus
312 1251 410 1290 eas
461 1235 649 1290 Remis
692 1249 834 1298 esse,
891 1249 998 1303 quo
1044 1233 1251 1288 delatas
1277 1233 1442 1289 fuisse
1487 1235 1742 1290 scribitur

155 1328 300 1382 infra
331 1343 457 1397 cap.
501 1327 565 1390 8;
616 1325 669 1380 in
710 1324 983 1394 epitaphio
1015 1334 1193 1379 autem
1243 1323 1428 1380 feretri
1465 1326 1740 1381 Cisonium

154 1417 370 1470 delatas
413 1416 610 1487 legitur
651 1430 793 1468 anno
821 1413 947 1468 855.
993 1412 1170 1479 Quare
1201 1413 1310 1469 falli
1343 1417 1554 1471 videtur
1591 1417 1741 1486 Sige-

151 1507 368 1571 bertus,
402 1506 487 1560 vel
511 1505 755 1575 quisquis
781 1505 881 1558 hoc
903 1503 1184 1574 Sigeberto
1207 1506 1403 1575 adjecit
1441 1523 1583 1561 anno
1601 1507 1736 1562 884:

155 1617 177 1647 ι
212 1596 333 1652 Hoc
383 1607 626 1667 tempore
656 1593 917 1650 Rodulfus
946 1594 1163 1664 Quidam
1193 1611 1389 1665 corpus
1420 1597 1593 1651 sancti
1638 1596 1741 1651 Ca-

147 1691 274 1746 lixti
307 1706 462 1760 papae
493 1698 548 1744 et
587 1689 842 1761 martyris
868 1705 898 1743 a
929 1688 1170 1744 Romana
1199 1690 1331 1746 urbe
1359 1691 1415 1744 in
1453 1691 1737 1748 Franciam

154 1781 436 1837 transfert.
463 1799 482 1832 ι

227 1873 507 1928 Prcmissi
545 1871 761 1940 Otfridi.
809 1869 900 1927 Sic
941 1872 1254 1926 nominatur
1297 1871 1433 1927 infra
1479 1889 1529 1929 c.
1577 1875 1634 1929 ll
1679 1875 1732 1929 in
1764 1861 1808 1920 Β

151 1964 411 2018 omnibus
443 1961 860 2030 exemplaribus,
918 1970 975 2016 et
1013 1962 1067 2016 in
1117 1962 1314 2018 tabulis
1359 1963 1734 2028 Democharis,

154 2062 320 2124 atque
371 2053 426 2107 in
458 2051 729 2108 Chronico
768 2051 1145 2107 Cameracensi
1191 2053 1286 2109 lib.
1332 2055 1382 2118 1,
1411 2070 1461 2109 c.
1503 2054 1593 2108 64.
1635 2054 1737 2109 Su-

151 2162 251 2216 pra
303 2155 482 2201 tamen
510 2145 614 2200 hoc
656 2158 776 2214 cap.
821 2142 911 2198 IIIS
969 2142 1098 2213 legit
1149 2141 1218 2197 Et
1265 2144 1482 2214 fredus;
1537 2143 1600 2213 ι,
1641 2144 1736 2201 0t-

153 2238 359 2306 fredus.
895 2257 900 2266 ·
1038 2261 1042 2266 ι

221 2327 498 2381 Auxilium
524 2325 625 2381 sibi
673 2326 834 2381 venite
866 2325 1162 2397 ﬂagitantes
1193 2326 1258 2382 ab
1286 2329 1420 2398 ipsa.
1468 2325 1498 2384 ι
1534 2329 1737 2388 omittit

151 2419 354 2485 venite;
383 2417 523 2474 forte
552 2418 834 2488 legendum
865 2419 1054 2473 venire.

749 2506 976 2564 CAPUT
1017 2506 1124 2564 VII.

221 2602 312 2656 Ea:
355 2602 554 2672 synodo
600 2600 772 2656 Remis
809 2599 988 2654 habita
1024 2598 1311 2654 Dominicte
1353 2595 1733 2655 incarnationis

155 2708 295 2746 anno
325 2691 435 2746 892
455 2689 629 2760 arguit
666 2705 805 2743 eum.
839 2687 964 2743 lltec
987 2697 1068 2742 est
1094 2689 1330 2759 synodus
1357 2689 1640 2746 Remensis
1677 2690 1732 2745 in

155 2800 262 2856 qua
305 2782 532 2838 Carolus
569 2781 804 2852 Simplex
856 2781 998 2836 filius
1043 2780 1296 2836 Ludovici
1355 2781 1503 2835 Balbi
1553 2781 1605 2835 in
1648 2797 1736 2838 re-

153 2889 274 2944 gem
303 2872 638 2928 Francon
673 2879 867 2927 unctus
892 2878 996 2936 est,
1025 2871 1091 2925 de
1129 2885 1238 2941 quo
1265 2884 1425 2941 supra
1456 2870 1634 2926 notavi
1663 2870 1731 2926 ad

153 2981 275 3036 cap.
299 2965 353 3019 4.

741 3055 974 3114 CAPUT
1009 3053 1137 3110 VIII.

218 3149 298 3202 Ab
338 3146 556 3204 ecclesia
586 3145 725 3200 tituli
775 3145 837 3202 S.
879 3145 1157 3218 Agricolae.
1194 3144 1317 3202 Hzec
1347 3145 1504 3202 hodie
1545 3154 1629 3203 est
1666 3145 1726 3204 S.

151 3238 370 3295 Nicasii.

763 3305 988 3362 CAPUT
1028 3305 1116 3361 I.\.

224 3399 297 3454 Hi
343 3397 561 3462 scilicet,
592 3395 896 3461 Cibrianus,
934 3397 1200 3464 lleluntts,
1225 3407 1332 3454 etc.
1357 3396 1448 3455 Sic
1488 3396 1600 3453 MS.
1631 3395 1734 3452 Vc-

156 3507 268 3544 rum
322 3488 556 3544 llelanus
578 3488 633 3542 in
657 3485 706 3540 lll
745 3486 847 3540 alia
873 3503 1036 3542 manu
1073 3488 1284 3542 additus
1313 3497 1416 3552 est,
1446 3503 1566 3542 cum
1590 3496 1734 3542 esset

153 3583 405 3637 omissus.
432 3579 504 3633 At
540 3576 582 3633 C
611 3577 665 3632 in
715 3576 909 3631 Latino
946 3585 1001 3631 et
1034 3576 1262 3643 Gallico,
1287 3585 1343 3631 et
1369 3575 1396 3630 J
1427 3592 1525 3646 pro
1553 3591 1618 3633 eo
1651 3577 1729 3632 le-

154 3683 282 3742 gunt
315 3672 572 3726 Tesanus.
611 3668 904 3738 Utriusque
932 3669 1178 3723 meminit
1213 3668 1448 3723 Joannes
1483 3667 1728 3725 Molanus

155 3766 205 3818 in
234 3763 509 3818 additione
534 3760 602 3816 ad
651 3757 974 3813 Usuardum.
1007 3757 1154 3812 Illius
1186 3757 1219 3812 8
1254 3755 1375 3811 Maii
1407 3757 1491 3812 his
1517 3757 1727 3813 verbis;

161 3855 386 3910 sRchS
439 3853 706 3922 depositio
735 3850 909 3907 sancti
974 3843 1218 3904 Gibt‘iani
1272 3847 1621 3914 confessoris,
1671 3848 1726 3902 in

152 3945 375 4002 ecclesia
412 3929 584 3998 salicti
607 3941 832 4012 Remigii
855 3938 1202 4010 quiescentis.
1235 3957 1253 3989 ι
1288 3937 1474 4006 Hujus,
1503 3937 1535 3990 7
1564 3938 1728 3994 Octo-

152 4040 259 4095 bris
287 4057 302 4092 :
342 4057 360 4089 ι
393 4037 450 4091 ιιι
473 4047 610 4106 pago
645 4033 919 4099 Rcmensi,
947 4033 1066 4086 vico
1087 4032 1178 4100 qui
1207 4031 1428 4084 vocatur
1449 4029 1723 4096 Buxiolus‘,

151 4128 413 4200 depositio
447 4125 618 4181 sancti
652 4122 838 4177 llelani
880 4121 1177 4192 presbyteri
1230 4129 1285 4174 et
1323 4116 1666 4174 confessoris.
1699 4137 1718 4172 ι

151 4224 409 4281 Eumdem
448 4221 508 4275 S.
538 4219 799 4275 llclanum
827 4217 989 4271 habet
1023 4217 1123 4271 hoc
1171 4215 1258 4269 die
1287 4214 1480 4269 Petrus
1521 4212 1724 4270 Galesi-

151 4315 268 4369 nius
318 4314 377 4368 in
425 4294 527 4384 suo
572 4306 969 4378 Martyrologio,
1039 4321 1103 4360 ex
1163 4303 1360 4358 tabulis
1412 4316 1726 4361 sanctorum

152 4405 403 4460 Ecclesia:
432 4400 740 4464 Bernensis,
763 4406 818 4452 et
848 4395 1132 4476 utrobique
1172 4395 1288 4452 siue
1316 4397 1424 4451 ulla
1462 4397 1726 4454 varietate

152 4497 386 4552 llelanus
411 4491 730 4563 appellatus,
747 4488 883 4544 sicut
911 4498 966 4542 et
995 4487 1047 4541 in
1087 4485 1260 4542 Natal.
1290 4487 1392 4544 SS.
1421 4489 1587 4560 Belgii
1612 4489 1724 4544 Mo-

152 4587 425 4644 lanidie5
469 4580 801 4644 Decembris,
842 4578 931 4635 ubi
979 4578 1233 4634 distincte
1278 4590 1522 4635 recenset
1567 4580 1724 4636 Hela-

152 4696 294 4746 num,
330 4679 633 4734 'I'resanum
673 4672 1025 4735 Germanum,
1066 4679 1121 4724 et
1152 4670 1436 4725 Veranum.
1463 4671 1537 4726 De
1563 4678 1722 4726 aetate

151 4777 338 4832 horum
365 4780 678 4829 sanctorum
713 4767 826 4822 haec
847 4765 1036 4820 scribit
1070 4763 1384 4834 Sigebertus
1415 4763 1468 4817 in
1513 4764 1718 4820 Chron.

152 4885 287 4924 anno
311 4867 417 4923 509
442 4883 455 4920 :
494 4862 788 4920 Gibrianus
809 4858 1006 4915 Scotus
1034 4873 1156 4913 cum
1185 4855 1447 4910 fratribus
1492 4863 1546 4910 et
1575 4869 1722 4911 soro-

152 4962 294 5017 ribus
319 4961 373 5015 in
412 4977 432 5011 ι
468 4955 700 5012 Galliam
731 4949 1144 5022 peregrinatus;
1171 4947 1362 5003 urbem
1397 4946 1716 5002 Remensem

151 5054 252 5109 vita
273 5061 328 5108 et
353 5059 533 5106 morte
552 5062 651 5102 sua
685 5043 941 5100 illustrat.
981 5061 999 5094 ι

216 5141 470 5198 Franela.
503 5138 597 5194 Sic
630 5134 755 5200 Cll;
786 5132 880 5188 sed
913 5129 1026 5196 MS,
1054 5128 1292 5196 Franda,
1322 5127 1374 5195 J,
1404 5125 1647 5184 Frauda.

783 5249 819 5264 η
835 5247 851 5264 Δ
867 5245 1004 5264 “IT'I‘
1046 5243 1086 5264 ν

1843 609 2000 664 annis
2021 610 2108 675 17,
2141 610 2312 664 tribus
2342 611 2638 679 mensibus,
2657 620 2711 667 et
2740 612 2922 668 decem
2946 615 3156 681 diebus,
3178 625 3238 670 ut
3256 614 3420 671 habet

1842 700 1944 756 hoc
1973 701 2090 757 loco
2120 703 2471 773 epitaphium.
2512 703 2690 771 Quare
2733 704 2938 761 fallitur
2966 707 3219 763 Nicolaus
3251 707 3420 763 Ches-

1841 807 1974 846 neau
2014 794 2138 847 dum
2177 795 2229 848 in
2259 793 2462 849 Gallica
2497 811 2592 850 sua
2641 797 2876 851 editione
2906 806 3056 853 notat
3091 799 3142 852 in
3175 799 3420 868 margine

1839 896 1961 936 eum
1993 884 2194 938 obiisse
2223 899 2364 938 anno
2391 884 2514 939 903.
2545 885 2688 939 Idem
2712 887 2968 956 probatur
2993 903 3059 942 ex
3089 905 3140 942 c.
3161 890 3225 942 l7
3253 888 3412 943 intra.

1839 971 1972 1026 Nam
2003 988 2124 1028 cum
2174 990 2455 1030 successor
2485 976 2602 1046 ejus
2636 977 2932 1044 IIcrivteus,
2968 989 3024 1033 ut
3049 989 3132 1033 est
3162 980 3214 1035 ἰ.ι
3241 980 3416 1036 Chro-

1840 1064 1961 1119 nico
1983 1067 2240 1131 auctoris,
2271 1067 2464 1122 obierit
2497 1084 2640 1123 anno
2667 1069 2789 1133 922,
2826 1070 2914 1125 die
2937 1072 2972 1124 2
2998 1069 3144 1136 Julii,
3175 1081 3230 1125 et
3265 1071 3417 1127 ieiec

1839 1155 1930 1222 rit,
1981 1165 2040 1210 ιιι
2087 1156 2286 1212 ibidem
2329 1159 2583 1223 dicitur,
2628 1159 2785 1215 annis
2829 1160 2899 1214 22
2947 1161 3088 1230 demi
3111 1163 3179 1216 tis
3229 1161 3417 1217 dielzus

1838 1245 1892 1312 4,
1947 1257 2120 1317 portet
2167 1264 2292 1303 eum
2342 1250 2649 1305 ordinatum
2708 1250 2875 1308 fuisse
2929 1252 3017 1306 die
3061 1255 3094 1305 6
3143 1251 3264 1307 Julii
3317 1270 3415 1305 nn-

1839 1357 1910 1394 ιιι»
1934 1340 2056 1396 900.

1910 1432 2355 1504 [implorantesque
2396 1435 2654 1504 quomodo
2684 1452 2718 1488 a
2780 1445 2970 1490 metata
3023 1451 3118 1488 eno
3168 1435 3238 1489 ad
3281 1435 3414 1505 regis

1837 1524 2173 1594 colloquium,
2201 1534 2307 1579 etc.
2339 1524 2429 1580 Sic
2471 1526 2651 1580 omnia
2689 1527 3043 1596 exemplaria.
3073 1528 3277 1582 Sensus
3311 1537 3412 1591 est,

1838 1613 2104 1683 quomodo
2126 1630 2153 1666 a
2178 1613 2293 1668 loco
2316 1614 2368 1668 in
2397 1630 2504 1684 quo
2533 1616 2726 1670 metari
2761 1616 2918 1680 solet,
2951 1618 3030 1671 vel
3067 1632 3130 1672 ex
3179 1616 3417 1686 hospitio

1836 1717 1954 1766 suo,
2004 1702 2274 1772 proficisci
2317 1703 2532 1762 soleret.
2564 1704 2715 1760 Unde
2752 1706 2948 1762 dicitur
2999 1705 3173 1761 infra:
3227 1705 3413 1776 theri

1833 1794 1920 1862 qui
1970 1792 2272 1862 superfuere
2332 1793 2412 1847 his
2454 1796 2544 1863 qui
2571 1795 2654 1848 ad
2698 1795 2977 1865 hospitalia
3035 1805 3410 1860 remanserant,

1835 1893 1940 1938 etc.
1997 1881 2179 1938 Utitur
2231 1885 2421 1942 eadem
2467 1901 2596 1942 voce
2641 1898 2862 1942 metatus
2913 1887 3052 1942 infra
3105 1903 3155 1943 c.
3190 1888 3276 1951 15,
3321 1887 3411 1944 ubi

1835 1975 2126 2045 signiﬁcari
2154 1975 2442 2046 h05pitium
2464 1992 2529 2032 ex
2557 1992 2623 2032 eo
2645 1987 2810 2047 patet,
2837 1978 2960 2048 quia
2992 1978 3134 2046 quod
3157 1977 3227 2032 ibi
3249 1977 3410 2032 dicit:

1833 2067 1917 2122 Ad
1965 2075 2214 2122 metatum
2243 2084 2397 2123 suum
2430 2069 2668 2133 deduxit,
2701 2070 2753 2124 in
2795 2070 3064 2126 Chronico
3114 2085 3213 2125 suo
3241 2069 3370 2124 dicit
3395 2086 3408 2099 ·

1835 2157 2003 2213 Duxit
2047 2175 2166 2214 eum
2210 2159 2280 2213 ad
2309 2159 2532 2230 hospitia
2562 2177 2680 2216 sua.
2717 2161 2848 2216 Item
2882 2161 3072 2217 eadem
3118 2176 3248 2217 voce
3281 2175 3413 2216 usus

1834 2259 1920 2306 est
1970 2266 2132 2320 supra
2179 2251 2368 2317 lib.vl,
2395 2251 2584 2317 c._20,
2629 2261 2684 2307 et
2732 2253 2825 2309 lib.
2869 2269 2926 2317 ιι,
2959 2267 3008 2307 c.
3052 2253 3110 2318 3,
3156 2252 3245 2306 ubi
3294 2252 3413 2306 vide

1833 2341 2096 2398 scholion.
2121 2339 2298 2408 Quare
2324 2356 2433 2398 non
2485 2351 2650 2406 recte,
2701 2341 3117 2398 reclamantibus
3158 2341 3412 2396 onmihus

1833 2429 2251 2502 exemplaribus,
2277 2429 2316 2484 S
2353 2429 2468 2485 vult
2490 2429 2688 2501 corrigi
2717 2448 2730 2483 :
2765 2429 2900 2496 Quot
2938 2431 2992 2484 in
3015 2431 3262 2484 comitatu
3291 2446 3410 2483 suo.

1840 2523 1977 2582 Voce
2003 2535 2227 2580 metatus
2288 2521 2459 2580 utitur
2491 2521 2807 2593 frequenter
2843 2520 3067 2592 Gregor.
3115 2519 3314 2575 Turon.
3357 2522 3408 2574 in

1834 2613 1973 2672 Hist.
2009 2615 2362 2678 Francorum.
2404 2622 2464 2670 ut
2517 2613 2611 2668 lib.
2651 2628 2735 2678 ιιι,
2777 2626 2896 2681 cap.
2945 2607 3010 2675 tl,
3047 2613 3117 2664 ad
3161 2620 3410 2666 metatum

1835 2708 2111 2778 regressis;
2139 2722 2188 2762 c.
2219 2707 2306 2772 15,
2337 2708 2391 2761 in
2413 2713 2608 2760 metata
2639 2705 2790 2774 ejus;
2831 2701 3003 2768 lib.‘v,
3032 2718 3081 2757 c.
3123 2701 3207 2757 I5.
3249 2700 3412 2754 Rece-

1830 2797 1985 2853 dente
2007 2813 2124 2854 vero
2153 2813 2270 2869 rege
2313 2797 2382 2850 ad
2405 2804 2657 2850 metatum
2682 2809 2866 2858 suum;
2897 2792 3024 2848 item
3053 2791 3248 2847 ibidem
3287 2805 3408 2861 cap.
3432 2857 3444 2869 .

1832 2888 1932 2956 59;
1970 2888 2210 2954 lib..vtt,
2264 2902 2382 2956 cap.
2431 2885 2526 2949 29.
2569 2884 2681 2951 bis;
2737 2882 2830 2938 lib.
2876 2898 2994 2948 vni,
3051 2897 3171 2952 cap.
3223 2881 3279 2946 2,
3337 2880 3409 2936 ad

1831 2993 2080 3040 metatum
2133 2992 2368 3037 nostrum
2428 2980 2657 3035 advenit.
2699 2977 2851 3045 Quod
2908 2985 3094 3046 postea
3155 2976 3308 3042 dicit,
3352 2976 3406 3029 in

1832 3075 2100 3130 mansione
2120 3089 2255 3139 mea,
2286 3072 2338 3128 id
2371 3080 2454 3126 cst
2480 3069 2772 3136 domicilio,
2797 3079 2900 3124 etc.

2422 3181 2650 3238 CAPUT
2690 3180 2804 3236 XII.

1903 3283 1973 3339 Et
2002 3282 2172 3338 sancti
2213 3280 2436 3351 Remigii
2485 3279 2838 3334 benedictione
2869 3279 3075 3346 recepit.
3115 3276 3227 3331 IIoc
3261 3277 3404 3331 enim

1832 3377 2095 3434 tributum
2120 3383 2200 3431 est
2235 3373 2444 3429 meritis
2473 3371 2530 3426 S.
2559 3368 2810 3441 Remigii,
2843 3369 2985 3440 quod
3015 3369 3057 3422 is
3093 3368 3185 3438 qui
3214 3382 3408 3438 corpo-

1831 3471 1906 3525 ris
1947 3467 2064 3536 ejus
2110 3464 2516 3522 translationcm
2563 3462 2944 3527 honoraverat,
2985 3474 3092 3514 non
3135 3460 3406 3515 amitteret

1831 3562 1973 3633 quod
2003 3561 2051 3616 ei
2088 3558 2233 3614 furto
2264 3557 2441 3612 fuerat
2472 3554 2732 3609 ablatum.

2392 3665 2620 3723 CAPUT
2665 3664 2802 3722 XIV.

1898 3762 2188 3819 Contentus
2223 3760 2442 3830 denique
2470 3757 2747 3830 synodales
2772 3773 2908 3829 stupe
2938 3773 3053 3812 cum
3089 3757 3401 3828 coepiscopis

1825 3872 1934 3909 sua:
1959 3855 2236 3909 diaeceseos
2265 3851 2465 3907 habuit.
2507 3849 2834 3904 Nominatim
2868 3850 3023 3912 duos,
3071 3865 3232 3902 unum
3261 3862 3404 3902 anno

1824 3947 1944 4009 909,
1975 3947 2073 4001 sub
2103 3944 2293 4016 Sergio
2322 3943 2386 3997 lll
2433 3955 2568 4012 papa
2599 3941 2652 3994 in
2700 3954 2838 4010 pago
2875 3937 3218 3994 Sucssionico
3260 3939 3402 4007 apud

1825 4036 2149 4103 Trosleium,
2176 4039 2242 4092 de
2274 4049 2380 4106 quo
2413 4031 2550 4087 infra
2579 4045 2629 4086 c.
2669 4031 2750 4094 16,
2786 4031 2875 4086 ubi
2919 4029 3012 4084 IIIS
3051 4028 3236 4099 legunt
3271 4027 3401 4080 Tro-

1822 4130 2029 4197 sleium,
2077 4139 2131 4184 et
2171 4129 2352 4184 omnia
2396 4125 2690 4197 exemplar.
2742 4140 2792 4179 c.
2837 4123 2902 4178 l9
2946 4132 3002 4177 et
3039 4122 3130 4176 2|.
3158 4119 3399 4189 Utroque

1821 4225 1965 4280 enim
2006 4221 2224 4278 nomine
2253 4220 2403 4275 locus
2442 4215 2742 4288 appellatus
2771 4214 3060 4277 invenitur,
3098 4222 3156 4267 ut
3185 4212 3273 4266 illa
3301 4224 3398 4280 ap-

1822 4313 2038 4386 pellatio
2081 4312 2151 4367 sit
2191 4312 2421 4381 integra,
2466 4308 2584 4362 haec
2615 4320 2712 4374 per
2750 4301 3230 4366 abbreviationem,
3258 4302 3399 4356 sicut

1823 4408 2119 4464 Ilcrivmus.
2151 4404 2318 4474 Hujus
2346 4411 2467 4458 acta
2516 4398 2826 4456 summatim
2851 4412 2914 4451 ex
2943 4395 3175 4450 Ilaronio
3199 4395 3401 4448 haben-

1827 4512 1912 4557 tur
1953 4509 2082 4554 tom.
2137 4498 2198 4553 IlI
2240 4496 2620 4555 Cnnciliornm,
2667 4499 2821 4560 parte
2859 4504 2920 4544 ιι.
2971 4487 3208 4543 Aiterum
3256 4501 3397 4541 anno

1827 4595 1952 4659 92L
1979 4593 2046 4647 de
2071 4607 2176 4661 quo
2205 4597 2395 4644 auctor
2414 4594 2598 4642 noster
2624 4585 2678 4638 in
2702 4597 2799 4638 suo
2826 4580 3114 4642 Chronico,
3149 4587 3204 4633 et
3232 4579 3395 4632 Seve-

1828 4687 1978 4742 rinus
2003 4682 2188 4738 Binius
2229 4687 2348 4749 post
2384 4675 2647 4748 synodum
2690 4673 2890 4728 ibidem
2932 4668 3260 4724 celebratam
3294 4665 3396 4722 sub

1827 4774 2030 4838 Seulfo,
2058 4774 2124 4828 de
2147 4785 2250 4842 qua
2288 4766 2428 4822 infra
2457 4780 2506 4819 c.
2539 4763 2626 4818 l9.
3205 4818 3208 4820 γ

1894 4866 2021 4921 Post
2047 4841 2233 4918 bellum
2260 4857 2399 4930 quod
2440 4854 2699 4910 Robertus
2733 4866 2902 4906 comes
2929 4858 3112 4903 contra
3142 4862 3228 4901 eos
3256 4841 3393 4898 Car-

1824 4969 2041 5016 notenus
2079 4952 2255 5023 gessit.
2286 4949 2378 5005 Sic
2403 4945 2588 5005 omnia
2628 4940 2981 5013 exemplaria,
3009 4939 3152 5010 quod
3192 4935 3396 4993 Gallice

1824 5059 1973 5107 recte
2004 5044 2166 5100 vertit
2203 5059 2317 5098 vers
2342 5041 2618 5103 Cltartres,
2644 5035 2698 5093 id
2723 5042 2828 5100 est,
2862 5047 3053 5088 versus
3077 5030 3394 5088 Carnotum.

1823 5141 1977 5198 Unde
2017 5135 2075 5192 S.
2113 5133 2440 5190 Carnotenus
2486 5129 2720 5183 mutavit
2746 5126 2800 5180 in
2825 5123 3226 5178 Carnototenus.
3257 5116 3400 5182 Quo—

1823 5231 1983 5264 ann
2029 5233 2211 5264 mulam
2257 5221 2412 5264 RnIIn
2457 5218 2563 5264 (In!
2625 5219 3055 5264 Normannomm
3103 5211 3397 5264 Carnotum
