3872 5326
499 275 596 334 591
691 323 706 338 .

1269 267 1678 325 (ΣΟῙΝΕΝΕΠΙΙ
1717 267 2002 326 SCIIOLIA
2044 269 2110 323 IN
2149 269 2324 326 IIIST.
2369 270 2662 329 IlEME-NS.
2705 271 2986 331 ECCLES.

3657 275 3756 330 59'!

503 394 610 450 Sed
652 389 764 454 IIS,
813 387 1033 450 Baroru,
1086 383 1265 454 Papir.
1299 397 1354 439 et
1403 396 1594 438 auctor
1624 387 1813 454 ipsein
1846 385 2072 446 Curam.
2105 393 2152 448 Λ
2182 398 2238 440 ut
2259 397 2342 440 est
2369 387 2570 442 int’rac.
2593 389 2683 444 ‘26.
2711 393 3048 446 Ubntautem
3073 406 3206 448 svnt
3231 391 3348 456 Kal.
3373 389 3550 458 Junii.
3597 401 3756 464 atque

495 489 764 537 cauerunt.

567 570 794 639 Insuper
825 569 984 622 etiam
1018 566 1310 621 Romanum
1352 564 1648 635 pontiﬁcem
1689 579 1844 634 super
1877 561 2076 632 ejusceo

495 662 639 714 modi
699 660 902 730 negotio
973 656 1244 712 consulere
1302 657 1523 709 studuit.
1595 653 1678 706 Ad
1746 653 1896 721 cujus
1954 669 2075 706 con-

495 749 655 814 sulta,
692 759 798 804 etc.
849 749 1188 817 Rescriptum
1225 745 1448 800 Joannis
1495 744 1564 798 IX
1610 759 1760 813 papae
1807 743 1872 797 ad
1923 741 2078 794 Heri-

499 854 656 894 veum
687 838 1154 907 arcltiepiscOpum
1194 835 1260 890 de
1301 835 1366 888 iis
1387 848 1508 902 quin
1531 833 1674 888 circa
1703 830 2075 886 Nordmannoa

495 945 614 984 rum
660 930 1070 984 conversionem
1103 925 1346 982 facienda
1380 924 1558 980 forent
1585 932 1766 978 exstat
1793 921 1934 990 apud
1975 919 2076 972 Ba-

493 1038 616 1078 ron.
652 1031 784 1077 tom.
812 1019 878 1088 Χ,
911 1035 1052 1076 atnto
1079 1017 1205 1082 905,
1229 1025 1284 1070 et
1319 1025 1449 1070 tom.
1490 1014 1556 1069 III
1583 1012 1813 1078 Coucil.,
1843 1019 2068 1081 parten.

1093 1129 1318 1186 CAPUT
1354 1127 1470 1182 XV.

568 1224 816 1296 Sequenti
839 1241 953 1278 vero
982 1239 1142 1288 anno,
1169 1233 1276 1278 etc.
1311 1221 1574 1290 Deinceps
1602 1233 1866 1273 annorum
1893 1231 2074 1271 nume-

491 1315 607 1376 rus,
639 1331 798 1383 quem
845 1313 1041 1384 adjeci,
1089 1321 1338 1382 sumptus
1365 1320 1450 1366 est
1481 1325 1547 1364 ex
1595 1309 1866 1364 Chronico
1899 1309 2070 1363 nostri

498 1403 806 1466 Flodoardi.
836 1404 976 1472 quod
1007 1403 1254 1458 Pithoeus
1279 1401 1448 1457 edidit
1493 1401 1638 1456 inter
1666 1400 1948 1454 duodecim
1979 1415 2072 1452 au-

493 1501 672 1548 ctores
692 1503 994 1548 coetancos.
1443 1511 1450 1516 ·

565 1583 792 1656 Pmpt'er
815 1583 1159 1654 llaganonem
1205 1583 1568 1638 consiliarium
1596 1597 1770 1637 suum.
1805 1601 1826 1636 ς
1859 1581 1990 1636 Ita-1
2021 1590 2074 1636 et

491 1675 533 1730 C
563 1675 616 1728 in
651 1675 841 1730 Latino
870 1683 924 1730 et
962 1673 1193 1731 Gallico.
1238 1675 1289 1729 Μ
1315 1691 1479 1740 vero,
1526 1673 1830 1746 Ilogonem,
1869 1688 1938 1727 ex
1969 1687 2074 1744 quo

493 1766 533 1820 S
573 1767 699 1821 fecit
729 1765 1027 1839 Ilugonem.
1065 1767 1170 1822 Sed
1197 1781 1317 1822 eam
1345 1782 1508 1837 illlam
1529 1767 1860 1820 ‘rctinuitnus
1885 1764 2072 1819 lectio-

491 1873 614 1913 nem
643 1873 826 1913 veram
851 1875 969 1914 esse
1013 1869 1224 1914 constat
1262 1875 1328 1914 ex
1376 1869 1601 1914 auctore
1639 1859 1692 1912 in
1729 1859 1874 1912 dicto
1901 1857 2073 1912 Chroa-

497 1949 642 2014 nico,
695 1951 784 2006 ubi
830 1962 1142 2006 constanter
1189 1953 1262 2006 itu
1313 1953 1441 2022 legit
1487 1951 1669 2006 multis
1705 1950 1856 2004 locis.
1899 1949 2072 2003 Aliam

495 2055 715 2096 cauSam
747 2043 984 2096 derelicti
1025 2043 1204 2098 Caroli
1253 2045 1396 2113 regis
1425 2043 1628 2098 indicat
1673 2041 1988 2112 Sigehertus
2021 2039 2074 2093 in

494 2119 699 2186 Chron.
746 2149 890 2188 attno
929 2133 1057 2201 929,
1097 2135 1181 2189 his
1206 2135 1426 2190 verbis:
1458 2135 1728 2190 Robertus
1759 2135 1868 2189 dux
1909 2132 2076 2186 frater

498 2225 703 2280 Odonis
747 2227 908 2298 regis,
949 2237 1206 2297 appetens
1243 2243 1466 2299 regnum
1509 2227 1844 2282 Francorum
1881 2235 2072 2280 contra

495 2317 768 2382 Carolum,
823 2319 1170 2390 inquietabat
1195 2319 1501 2386 Franciam,
1547 2317 1772 2388 ejusque
1817 2318 2074 2372 instinctu

493 2425 684 2465 omnes
725 2426 862 2481 pene
908 2413 1175 2482 primores
1218 2413 1461 2468 Francius
1512 2413 1938 2467 adversabantur
1966 2409 2071 2465 Ca-

493 2503 628 2557 rolo.
661 2521 680 2554 ο

1083 2575 1312 2631 CAPUT
1351 2577 1488 2632 XVI.

566 2667 642 2720 De
673 2665 938 2721 Erlebatdi
966 2669 1172 2724 comitis
1196 2671 1750 2726 excommunicatione.
1778 2672 1852 2727 Ita
1880 2687 2070 2745 perpe-

491 2765 586 2812 tuo
615 2757 741 2826 legit
765 2757 816 2813 J.
857 2757 1068 2828 Alioqui
1101 2761 1253 2814 varia
1301 2771 1380 2814 est
1409 2759 1570 2814 lectio
1591 2766 1756 2816 etiam
1790 2765 1842 2816 in
1881 2766 2070 2818 eodem

485 2847 811 2918 exemplari".
845 2848 936 2904 IIS
959 2851 1008 2904 in
1037 2849 1196 2904 titulo
1227 2850 1354 2920 legit
1377 2849 1672 2917 lleribotdi,
1697 2868 1820 2906 mox
1845 2853 1898 2906 in
1925 2863 2070 2908 textu

493 2937 542 2993 M
575 2937 996 3004 Ilerlebnldunt,
1020 2949 1076 2995 et
1113 2951 1300 3011 postea
1333 2941 1695 3006 Erbcbatdus;
1725 2943 1794 3008 S,
1829 2943 2073 2998 Heribal-

491 3038 611 3088 dus.
643 3034 861 3106 Legitur
881 3045 934 3090 et
963 3035 1281 3102 Erebufdus,
1311 3035 1625 3106 Ercboidus,
1653 3051 1708 3094 ct
1735 3039 2067 3094 Erleboldus.

489 3126 572 3182 Et
599 3127 912 3182 (ineuntem
938 3128 1134 3196 capitis
1163 3138 1288 3182 nota
1319 3131 1774 3196 eumabsolutum
1807 3129 1972 3186 fuisse
1999 3133 2066 3186 ab
2095 3119 2139 3184 C

489 3215 1048 3272 exconnmunicatione
1077 3227 1198 3288 post
1222 3229 1470 3274 mortem.

765 3293 768 3296 ‘
1073 3307 1297 3364 CAPUT
1337 3309 1498 3364 xm.

563 3397 742 3452 Tertia
787 3399 870 3452 die
907 3397 1098 3452 scilicet
1137 3409 1410 3469 postquam
1461 3401 1715 3476 Robertus
1741 3449 1744 3452 .
1769 3419 1859 3456 rex
1898 3403 2067 3472 {nctus

490 3489 684 3558 fuerat.
733 3489 932 3544 Factus
959 3499 1080 3544 erat
1109 3506 1214 3546 .rox
1269 3491 1360 3546 die
1393 3491 1581 3546 ultima
1622 3492 1765 3548 Junii
1809 3493 1934 3548 9‘22.
1971 3485 2068 3548 Ilic

491 3579 798 3646 Robertus,
853 3579 1021 3636 frater
1059 3579 1261 3637 Odonis
1315 3583 1488 3654 regis,
1534 3585 1728 3658 eodem
1761 3599 1942 3652 anno,
2009 3593 2068 3638 ut

487 3672 678 3728 scribit
724 3672 1070 3738 Odorannns,
1125 3683 1178 3727 et
1231 3673 1566 3744 Sigcbcrtus,
1619 3675 1820 3729 auxilio
1867 3675 2066 3730 Lollia-

487 3763 768 3830 riensium,
800 3767 942 3834 apud
964 3764 1309 3820 Sucssionem
1341 3765 1659 3822 interfectus
1687 3777 1786 3822 est.
1821 3767 1926 3822 Sed
1952 3783 2067 3822 ina-

486 3855 568 3926 gis
587 3856 794 3912 auctori
821 3865 1007 3911 nostro
1035 3873 1122 3912 res
1145 3859 1228 3912 sui
1262 3859 1519 3927 temporis
1551 3857 1808 3913 scribenti
1842 3859 2066 3914 creden-

493 3949 644 4014 dum,
667 3948 760 4017 qui
801 3963 942 4002 atino
973 3963 1088 4018 seq.
1132 3949 1236 4003 9‘25
1271 3947 1614 4004 interfectum
1651 3951 1844 4005 scribit
1888 3949 1938 4004 in
1969 3965 2065 4004 suo

484 4039 774 4110 Chronico.

1089 4130 1314 4186 CAPUT
1349 4131 1487 4185 XIX.

477 4283 484 4292 ε
569 4219 742 4274 Vitam
769 4221 965 4289 ﬁnisse.
996 4221 1142 4276 Obiit
1169 4223 1382 4278 Seulfus
1420 4239 1559 4278 anno
1583 4223 1711 4286 925,
1753 4223 1980 4296 expletis
2013 4224 2062 4277 in

487 4312 802 4382 episcopatu
855 4315 1011 4368 annis
1058 4315 1226 4369 tribus
1268 4327 1321 4370 et
1350 4317 1536 4371 diebus
1579 4318 1837 4386 quinque.
1869 4318 1942 4371 Ila
1971 4333 2067 4369 au-

486 4413 609 4458 ctor
637 4406 688 4458 in
722 4403 1012 4460 Chronico.
1044 4403 1138 4460 Cui
1183 4407 1458 4464 conforme
1493 4418 1575 4463 est
1603 4411 1744 4464 ouod
1776 4411 1839 4464 de
1888 4427 1952 4465 eo
1984 4411 2060 4464 le—

485 4494 628 4564 gitur
659 4493 800 4548 infra
829 4511 948 4565 cap.
979 4495 1068 4550 55.

863 4573 866 4576 ‘
1083 4587 1308 4644 CAPUT
1347 4587 1463 4644 xx.

481 4739 486 4744 γ
555 4677 816 4750 Rodulfus
841 4679 1000 4750 igitur
1026 4697 1133 4736 rex.
1171 4681 1246 4736 De
1273 4679 1375 4738 hoc
1405 4683 1632 4740 Rodulfo
1665 4687 1852 4742 scribit
1879 4687 2059 4760 Meye-

487 4785 578 4822 rus
603 4785 742 4824 auito
763 4769 886 4824 890.
918 4771 1115 4824 Eodem
1141 4787 1281 4826 anno
1303 4771 1728 4844 Burgundiones,
1757 4777 2056 4845 Rodulpbo,

485 4858 704 4914 Ricardi
735 4861 889 4914 ducis
931 4861 1010 4915 sui
1056 4861 1188 4926 lilio,
1232 4863 1478 4917 diadema
1531 4865 1917 4934 imposuerunt,
1970 4881 2058 4920 rc—

479 4937 842 5020 gemquc‘sibi
891 4951 1384 5006 consalutaverunt.
1427 4951 1524 5005 llic
1573 4952 1737 5020 igitur
1775 4953 2057 5019 Rodulfus,

487 5039 633 5094 lilius
668 5041 921 5094 Iticltardi
953 5041 1284 5095 marchionis
1308 5041 1546 5110 praefecti
1583 5041 1922 5112 Burgundios,
1946 5055 2063 5098 erat

487 5145 582 5184 rex
615 5131 955 5202 Burgundios.
989 5146 1149 5200 quem
1181 5131 1398 5196 Franci,
1449 5135 1629 5187 occiso
1662 5133 1713 5188 in
1740 5137 1920 5204 proelio
1949 5137 2058 5190 Ro-

487 5220 644 5274 berto
673 5234 822 5289 rege,
849 5235 1040 5273 socero
1072 5219 1236 5288 ipsius
1254 5261 1268 5284 ,
1295 5235 1436 5286 anno
1465 5220 1588 5282 925,
1618 5222 1860 5276 nolentes
1888 5223 2061 5279 redire

542 5312 622 5326 In
731 5313 742 5326 l
870 5311 924 5326 ﬁt

2179 475 2252 528 ita
2283 477 2529 545 regnarit
2581 493 2754 532 annos
2800 477 2886 532 l2.
2915 478 3068 543 Quod
3095 480 3374 534 conformo
3396 491 3482 536 est
3521 482 3754 538 ltoberto

2175 565 2440 636 Gaguino,
2487 567 2653 622 Paulo
2703 568 2926 623 Aimilio
2957 579 3014 624 et
3041 570 3164 625 aliis
3191 572 3393 628 multis.
3427 572 3506 628 De
3549 573 3654 630 hoc
3683 575 3756 630 ita

2173 657 2366 711 scribit
2393 657 2488 710 lib.
2511 673 2548 710 ιι
2579 658 2866 712 Annalium
2897 659 3214 728 Papiriusin
3237 661 3432 718 Carolo
3463 663 3750 732 Simplice:

2177 765 2200 796 1
2229 745 2543 818 Rodulphus
2587 749 2838 804 Ricbardi
2871 749 3009 806 filius
3037 753 3090 806 in
3137 755 3486 810 matrimonio
3525 754 3755 811 habebat

2173 838 2420 892 Emmam
2473 840 2690 895 Roberti
2747 841 2931 907 filiam,
2965 851 3020 896 et
3069 843 3386 900 Heribertus
3427 845 3594 900 aliam
3641 847 3754 915 ejus

2177 929 2342 982 titiam
2399 931 2674 996 duxerat,
2735 947 2892 988 socer
2935 933 3228 1004 generique
3269 943 3328 991 et
3367 936 3526 1007 Ilugo
3569 937 3710 994 ﬁlius
3735 978 3753 1004 ,

2175 1022 2498 1078 auctoritate
2544 1031 2598 1077 et
2653 1025 2828 1093 gratia
2871 1032 3035 1094 atque
3080 1026 3274 1084 auibus
3323 1027 3556 1082 multum
3607 1037 3752 1098 pote-

2175 1123 2318 1168 rant.
2337 1131 2358 1164 ι
3005 1143 3008 1146 ι

2761 1187 2988 1244 CAPUT
3028 1188 3170 1245 XXI.

2243 1274 2548 1332 lleribcrtus
2573 1275 2832 1332 Karolum
2853 1279 2918 1332 de
2941 1281 3202 1344 custodia,
3247 1281 3304 1335 in
3343 1298 3450 1352 qua
3479 1299 3602 1336 eum
3625 1283 3752 1337 deti-

2169 1368 2367 1436 nebat,
2417 1369 2590 1440 ejecit.
2647 1370 2778 1430 Dolo
2827 1371 2970 1438 enim
3015 1370 3284 1434 Heribcrti
3339 1383 3533 1442 captus
3584 1373 3752 1430 fuerat

2167 1475 2316 1514 anno
2342 1460 2468 1524 925,
2516 1469 2639 1531 post
2685 1461 2930 1518 occisum
2959 1461 3282 1530 Robertum,
3319 1475 3374 1524 et
3423 1464 3686 1520 liberatus
3723 1481 3750 1518 e

2173 1565 2398 1608 carcere
2425 1567 2570 1606 anno
2592 1551 2718 1618 927,
2747 1553 3008 1620 sedanno
3057 1555 3302 1624 sequenti
3347 1556 3546 1610 iterum
3575 1549 3752 1610 in'cu-

2175 1641 2404 1694 stodiam
2454 1642 2722 1707 reductus,
2779 1643 2831 1696 in
2868 1658 2970 1710 qua
2997 1644 3130 1697 obiit
3182 1659 3324 1698 anno
3369 1645 3496 1700 9‘29.
3539 1645 3666 1700 Hinc
3687 1661 3746 1698 ex

2109 1751 2148 1809 η
2179 1741 2398 1786 auctore
2423 1731 2475 1786 in
2503 1729 2796 1788 Chronico.
2847 1731 3018 1788 Ilabet
3053 1733 3136 1787 bis
3159 1733 3460 1788 conformia
3501 1736 3748 1806 Sigeber-

2181 1833 2288 1890 tus,
2337 1823 2430 1880 scd
2481 1823 2686 1878 fallitur
2712 1824 2766 1878 in
2801 1833 3064 1893 tempore,
3103 1825 3228 1880 dum
3261 1827 3450 1882 scribit
3485 1843 3630 1882 auito
3652 1826 3746 1880 92$

2177 1931 2298 1972 eum
2327 1916 2380 1972 in
2435 1915 2735 1970 custodiam
2777 1915 3000 1970 Perouae
3035 1932 3066 1970 a
3097 1915 3294 1970 comite
3337 1915 3626 1970 lleriberto
3667 1918 3748 1970 de-

2179 2019 2384 2064 trusum
2410 2007 2478 2060 ob
2507 2021 2694 2062 necem
2744 2005 2964 2062 Itoberti
2995 2007 3145 2062 ducis
3171 2007 3239 2062 ab
3265 2022 3328 2062 co
3371 2006 3658 2076 perempti.
3687 2007 3748 2060 Et

2177 2115 2318 2154 anno
2359 2100 2502 2154 926:
2538 2119 2556 2152 ι
2584 2099 2807 2155 Carolus
2846 2116 2940 2154 rex
2987 2099 3316 2154 Francorum
3355 2102 3458 2154 sub
3511 2103 3744 2156 custodia

2179 2193 2448 2248 lleriberli
2497 2193 2652 2246 exsul
2705 2203 2761 2246 et
2809 2202 3012 2261 tnartyr
3059 2193 3350 2258 moritur.)
3392 2191 3657 2248 Similiter
3697 2195 3744 2246 in

2177 2293 2416 2353 tempore
2445 2281 2664 2349 fallitur,
2719 2283 2844 2338 dum
2897 2283 3088 2337 scribit
3116 2299 3256 2338 anno
3283 2284 3388 2340 928
3421 2283 3743 2339 Ludovicum

2175 2377 2340 2430 tilium
2372 2375 2549 2431 Caroli
2601 2377 2652 2430 in
2704 2375 2992 2430 Franciam
3021 2391 3160 2430 esse
3205 2390 3504 2440 reversum,
3550 2391 3670 2430 cum
3699 2376 3744 2429 id

2173 2467 2390 2524 demum
2429 2467 2630 2524 factum
2657 2469 2728 2524 sit
2779 2483 2922 2524 anno
2971 2468 3092 2534 936,
3141 2476 3264 2540 post
3301 2469 3512 2524 obitum
3547 2466 3742 2522 Rodulsi

2173 2561 2318 2630 regis
2347 2560 2688 2631 Burgundizc.

2737 2629 2963 2685 CAPUT
2994 2629 3179 2684 XXIII.

2247 2719 2358 2774 Nec
2387 2739 2491 2776 non
2519 2731 2563 2775 et
2593 2720 2849 2776 Arnuldo.
2879 2721 2967 2776 Sic
2997 2719 3022 2774 «Ι
3063 2709 3096 2786 ;¹
3124 2721 3250 2786 alia,
3287 2721 3540 2775 Arnoldo.
3585 2719 3740 2774 Simi-

2173 2812 2296 2868 liter
2325 2815 2376 2867 in
2423 2815 2768 2884 sequentibus
2795 2829 2935 2867 nunc
2959 2813 3228 2878 Artoldus,
3261 2813 3532 2883 quomodo
3557 2813 3741 2882 smpius

2172 2903 2213 2959 C
2238 2916 2292 2960 ct
2311 2904 2361 2968 J,
2393 2920 2534 2960 nunc
2562 2903 2836 2970 Arlaidus,
2863 2905 3132 2973 quomodo
3175 2903 3510 2972 frequentius
3543 2899 3648 2957 ’ΜΞ
3671 2903 3741 2955 le-

2173 3007 2322 3070 gunt.
2353 2999 2480 3052 Item
2537 2997 2848 3068 Sigeboldus
2880 3007 2935 3052 et
2983 2995 3312 3068 Sigebaldus,
3339 3006 3446 3052 etc.
3473 3014 3488 3064 ;
3517 3007 3574 3051 et
3607 2996 3740 3050 infra

2171 3107 2218 3142 (ξ.
2255 3091 2343 3154 55,
2375 3090 2628 3143 Dcro'dus
2655 3100 2708 3144 ct
2737 3090 3014 3144 Dcruldus.
3221 3075 3246 3082 9'

2243 3275 2248 3282 I
2731 3201 2958 3258 CAPUT
2997 3203 3182 3257 xxw.

2242 3295 2316 3348 De
2345 3295 2674 3348 ordinatione
2721 3295 2898 3348 domui
2943 3295 3148 3348 Artoidi
3176 3289 3420 3364 episcopi.
3445 3291 3572 3348 [hec
3603 3289 3737 3347 facta

2169 3395 2251 3440 est
2272 3401 2412 3441 anno
2437 3385 2560 3451 95l,
2580 3395 2634 3440 et
2659 3385 2792 3441 obiit
2813 3401 2954 3440 anno
2975 3386 3102 3451 96I,
3129 3386 3302 3454 pridie
3325 3384 3442 3438 Kal.
3470 3383 3734 3444 Octobris,

2167 3487 2226 3531 ut
2258 3479 2418 3531 habet
2443 3486 2632 3531 auctor
2677 3477 2730 3530 in
2759 3475 3052 3540 Chronico,
3104 3487 3264 3546 atque
3317 3477 3389 3529 ita
3441 3472 3730 3529 constatﬁl

2167 3570 2320 3622 anuis
2353 3567 2645 3624 Ecclesium
2669 3569 3018 3638 gubernasse.

2729 3679 2954 3734 CAPUT
3005 3677 3170 3733 XXV.

2239 3771 2485 3840 Synodus
2510 3781 2701 3840 septem
2735 3771 3088 3838 episcoporum
3118 3769 3258 3839 apud
3287 3769 3347 3823 S.
3375 3767 3636 3822 Macram.
3661 3766 3728 3828 .ll.

2169 3863 2408 3932 Magram
2439 3879 2452 3927 ;
2492 3861 2549 3928 S,
2581 3861 2873 3915 Mat-liram.
2913 3861 2966 3914 In
3001 3869 3150 3914 tom.‘
3177 3860 3238 3914 Ill
3284 3859 3492 3914 Concil.
3528 3861 3730 3929 ponitur

2167 3971 2307 4008 anno
2337 3953 2457 4013 955,
2508 3953 2605 4006 sub
2658 3951 2873 4005 nomine
2917 3949 3127 4005 concilii
3165 3951 3467 4015 Itetnensis,
3521 3965 3637 4004 cum
3667 3950 3730 4002 sit

2165 4059 2334 4114 pagus
2369 4043 2585 4113 quidam
2609 4041 2845 4110 ejusdem
2874 4041 3140 4103 dimccsis.
3163 4040 3266 4094 alio
3289 4041 3510 4094 nomine
3541 4039 3726 4093 Fismes

2166 4133 2362 4196 dictus,
2397 4142 2454 4186 ut
2478 4132 2750 4186 adnotavit
2779 4131 3351 4187 Nicolaus'Cbesucmt.
3385 4131 3459 4185 De
3489 4131 3726 4200 passione

2166 4235 2343 4278 autem
2380 4223 2434 4277 S.
2467 4223 2658 4277 Macra:
2687 4223 2908 4292 virginis
2929 4223 3094 4278 babes
3123 4223 3260 4276 infra
3290 4238 3340 4277 c.
3365 4221 3454 4276 5i.

2734 4309 2960 4366 CAPUT
2999 4311 3185 4365 XXVI.

2236 4401 2498 4457 Ludovico
2537 4401 2722 4456 ΚαιόΙί
2759 4402 2891 4470 ﬁlio,
2942 4419 3092 4472 quem
3133 4419 3222 4456 rex
3248 4403 3536 4457 .lfslmmus
3576 4419 3726 4457 amm-

2092 4473 2140 4531 υ
2167 4495 2313 4549 culus
2359 4496 2520 4565 ipsius
2562 4495 2838 4548 nutriebat.
2875 4494 2939 4556 Β,
2969 4495 3259 4560 Alstanns;
3293 4495 3342 4558 Ι,
3375 4497 3652 4549 Astranus.
3679 4495 3724 4547 In

2167 4587 2414 4657 catalogo
2473 4603 2656 4658 regum
2708 4584 2912 4655 Angli-.0
2955 4586 3090 4652 apud
3137 4585 3398 4639 Joannem
3451 4587 3724 4640 Curionem

2165 4679 2478 4733 Adelstnnus
2532 4677 2877 4742 nominatur;
2909 4663 3152 4746 Mcycrus
3178 4675 3503 4729 Atelstrmum
3561 4685 3722 4730 vocat.

2165 4769 2259 4823 Est
2307 4780 2482 4823 autem
2535 4770 2622 4824 hic
2672 4769 2975 4824 Ludovicus
3028 4769 3204 4823 Caroli
3259 4769 3536 4838 Simplicis
3575 4771 3724 4829 filius,

2165 4861 2341 4916 dictus
2365 4861 2798 4926 Transmarinas,
2826 4861 2950 4929 quia
2997 4869 3145 4916 trans
3189 4877 3338 4915 mare
3370 4863 3514 4930 apud
3541 4853 3724 4930 regem

2160 4951 2368 5022 Anglia:
2405 4951 2581 5006 fuerat
2614 4953 2902 5018 enutritus,
2955 4967 3020 5006 eo
3071 4952 3211 5020 quod
3243 4959 3471 5006 matrem
3517 4953 3725 5006 haberet

2162 5029 2325 5094 tiliam
2357 5042 2496 5112 regis
2525 5041 2836 5110 Anglorum.

2233 5129 2387 5195 Quod
2413 5140 2559 5198 pater
2591 5131 2705 5199 ejus
2731 5129 2958 5199 (scilicet
2987 5129 3209 5185 Carolus
3237 5129 3500 5200 Simplex)
3544 5127 3602 5183 S.
3636 5125 3707 5180 Re

2159 5213 2316 5290 ntigio
2365 5221 2676 5274 tradiderat.
2726 5220 2782 5275 Id
2825 5229 2908 5276 est
2933 5222 3262 5277 monasterio
3291 5219 3350 5276 S.
3381 5219 3636 5289 Remigii,
3678 5225 3726 5270 Iit

3083 5313 3114 5326 η
