3872 5326
49 293 144 350 393

1443 280 1511 334 IN
1553 278 1811 336 LIBRUM
1850 279 1926 336 ιν.

52 427 197 483 gsns,
244 421 430 464 comes
472 403 813 470 Parisiensis,
844 410 900 458 et
948 401 1056 457 dux
1102 398 1432 471 Aquitaniae,
1490 399 1631 453 titius
1657 404 1709 462 Α
1735 397 1847 452 sale
1876 397 2097 464 addunt,
2121 404 2168 452 et
2199 395 2526 452 Tlteobaldus
2543 396 2779 470 quidam,
2814 397 2960 466 quod
2985 397 3139 462 abest
3166 415 3196 456 a
3216 415 3317 457 ca:-

53 501 264 558 Roberti
296 496 700 568 Andegavensis
738 504 794 549 et
833 493 1155 548 Parisiensis
1183 493 1419 557 comitis,
1449 491 1539 562 qui
1575 491 1631 546 iu

55 610 220 662 regem
252 591 433 644 fuerat
460 590 684 650 electus,
720 587 787 642 de
811 600 918 656 quo
949 600 1110 656 supra
1135 600 1252 654 cap.
1284 585 1370 638 l7.
1396 584 1633 640 Vocatur

56 686 182 737 idem
211 681 366 750 [iugo
389 680 496 733 dux
523 677 877 742 Francorum,
906 676 996 746 qui
1025 675 1298 730 Ludovico
1321 674 1433 744 regi
1463 673 1634 728 Fran-

56 789 251 836 corum,
279 771 392 825 tilio
419 769 603 824 Caroli
633 767 930 837 Simplicis,
956 765 1258 828 rebellavit,
1285 765 1421 820 obiit
1450 774 1632 819 autem

57 879 188 917 anno
211 863 339 917 956.
377 861 476 916 llic
502 876 570 915 ex
598 875 766 914 uxore
799 857 1002 922 Aurea,
1047 873 1167 928 qua:
1193 856 1299 911 lilia
1327 864 1449 911 erat
1487 855 1633 910 llen-

59 956 145 1009 rici
189 953 208 1008 1
234 954 479 1020 Ancupis
499 994 514 1018 ,
541 961 597 1006 et
633 967 789 1006 soror
815 951 1045 1006 Othonis
1076 951 1235 1020 primi
1270 948 1634 1018 imperatoris,

56 1064 204 1119 quam
244 1046 336 1100 alii
367 1045 626 1100 Havidem
656 1046 958 1111 norninant,
990 1044 1174 1115 genuit
1227 1041 1504 1114 llugonem
1534 1042 1637 1097 Ca-

62 1152 255 1212 petum,
306 1139 649 1208 postmodum
699 1137 940 1193 Francia:
980 1151 1178 1206 regem.
1210 1137 1302 1205 qui
1368 1135 1638 1191 exstincta

60 1235 214 1302 stirpe
269 1230 455 1284 Caroli
504 1229 703 1301 Magni,
737 1244 961 1300 regnum
999 1227 1331 1282 Francorum
1381 1225 1634 1280 obtinuit.

62 1322 282 1377 Historia
312 1321 642 1375 describitur
667 1320 807 1389 apud
830 1320 1140 1374 Aimoinum
1173 1318 1263 1373 lib.
1298 1333 1328 1370 γ
1360 1318 1436 1373 De
1470 1317 1640 1388 gestis

61 1415 410 1478 Francorum,
443 1428 492 1468 c.
525 1411 592 1465 44
631 1421 680 1466 et
712 1410 800 1465 45.
839 1412 967 1464 Erat
1005 1423 1186 1465 autem
1223 1411 1401 1465 dictus
1426 1410 1637 1466 Rohcr-

66 1516 142 1561 tus
198 1505 372 1561 frater
417 1505 624 1560 Odonis
673 1504 842 1573 regis,
874 1518 1100 1559 uxorem
1158 1504 1364 1560 habens
1395 1517 1638 1558 sororem

66 1599 321 1654 lic-riberti
376 1598 758 1668 potentissimi,
797 1597 1010 1652 comitis
1044 1596 1350 1667 Aquitania:
1377 1606 1435 1652 et
1465 1597 1640 1653 Vero-

67 1691 303 1754 mandim,
328 1691 398 1744 de
437 1705 546 1756 quo
595 1690 681 1743 hic
703 1697 786 1742 est
817 1687 1072 1756 frequens
1119 1689 1338 1744 mentio.
1374 1689 1526 1746 Unde
1554 1690 1640 1743 Si-

1735 487 1865 543 teris
1912 495 1967 542 et
2021 503 2052 542 a
2103 485 2400 553 Chronico,
2455 502 2556 544 nec
2607 486 2817 543 videtur
2865 487 2996 546 illud
3031 491 3318 552 admittere

1745 577 1996 635 orationis
2021 578 2370 633 constructio.

1807 671 2063 740 Defuncto
2092 671 2321 726 Deraldo
2345 672 2773 728 Ambianensium
2795 673 3019 744 prwsule
3038 675 3318 732 Tetbaldus

1733 766 1967 832 quidam.
2000 764 2090 818 Sic
2119 763 2159 818 C
2187 773 2242 818 et
2274 764 2356 830 lt;
2387 764 2482 820 sed
2509 763 2601 820 MS
2653 765 2867 830 vitiose,
2901 766 3157 822 Derordo.
3203 769 3230 824 .l
3265 779 3319 824 et

1734 856 1775 913 C
1804 857 1855 910 in
1880 856 1995 915 Gal.
2035 855 2287 923 Deroldo,
2317 857 2590 927 quomodo
2615 868 2672 913 et
2712 858 2852 915 infra
2883 859 2966 915 bis
2991 877 3040 916 c.
3070 862 3156 925 55,
3187 879 3319 918 con-

1737 948 1986 1006 f0rmiter
2016 949 2068 1002 in
2097 947 2350 1004 omnibus
2375 948 2798 1019 exemplaribus.
2839 949 2944 1006 Pro
2981 950 3230 1006 Tetbatdo
3267 953 3318 1009 Μ

1736 1040 1901 1095 habet
1931 1037 2243 1104 Theobaltts,
2297 1055 2363 1093 ex
2394 1054 2500 1109 quo
2532 1038 2570 1093 S
2619 1039 2750 1096 fecit
2794 1038 3140 1105 Theobaldus,
3194 1057 3326 1112 quo-

1739 1130 1898 1187 modo
1930 1131 2022 1187 MS
2055 1131 2180 1201 legit
2205 1147 2252 1186 c.
2307 1132 2398 1187 57.
2433 1132 2488 1188 In
2521 1133 2715 1188 tabulis
2750 1133 3104 1191 Democharis
3130 1135 3325 1205 legitur

1740 1225 2022 1290 Det-aldus,
2053 1239 2212 1295 quem
2261 1227 2504 1297 sequitur
2531 1227 2904 1294 Raimboldus,
2935 1238 3118 1299 postea
3164 1229 3329 1285 Theo-

1740 1317 1929 1372 budus.
1959 1317 2164 1372 Auctor
2194 1317 2247 1371 in
2279 1314 2549 1373 Chronico
2577 1317 2862 1373 Deroldum
2911 1329 2967 1374 et
3019 1317 3329 1375 Tetbaldum

1739 1405 1888 1476 legit.

2273 1497 2502 1557 CAPUT
2561 1497 2801 1557 XXXIV.

1819 1588 2091 1647 Pra'seute
2125 1607 2327 1663 quoque
2357 1591 2610 1648 Bruuone
2653 1595 2859 1660 abbate,
2913 1599 3049 1666 regis
3107 1597 3329 1654 Othonis

1744 1685 1929 1756 fratre.
1982 1684 2252 1739 llaetiam
2303 1694 2496 1740 auctor
2525 1687 2576 1740 in
2632 1684 2923 1743 Chronico.
2975 1688 3015 1742 C
3058 1688 3332 1759 legitBri-

68 1777 308 1844 gebertns
336 1777 388 1828 in
429 1775 700 1829 Chronico
725 1790 867 1828 anno
894 1773 1021 1837 9-59,
1053 1773 1328 1844 llugonem
1372 1774 1640 1830 lleriberti
1673 1757 1717 1816 Β
1746 1791 1918 1838 moue,
1957 1782 2012 1828 et
2038 1773 2244 1830 Gallice
2287 1775 2449 1830 vertit
2471 1774 2712 1836 Brimon.
2739 1778 3008 1846 quomodo
3035 1757 3200 1833 etiam
3231 1779 3331 1848 legi

69 1865 220 1919 tilium
248 1873 412 1919 vocat
442 1875 692 1933 nepotem
722 1863 965 1933 lingonis
1017 1864 1216 1934 Magni,
1262 1865 1422 1920 sicuti
1449 1874 1503 1920 ct
1544 1882 1644 1920 au-

71 1968 173 2012 ctor
199 1966 384 2012 noster
415 1956 470 2010 in
509 1955 778 2010 Chronico
807 1955 931 2010 953.

133 2047 263 2100 Mitti
289 2063 493 2117 quoque
545 2045 818 2099 ecclesiam
847 2045 1149 2100 Colmisiaci
1190 2045 1286 2100 vici
1317 2047 1554 2102 abstulit.
1589 2047 1648 2103 In

73 2136 326 2192 Chronico
350 2152 472 2198 suo,
507 2151 647 2189 anno
678 2135 804 2198 940,
830 2137 944 2188 ait:
999 2135 1290 2202 Ecclesiam
1321 2153 1480 2205 quam
1504 2153 1650 2204 rege-

77 2228 182 2279 bam
227 2227 286 2278 in
332 2223 705 2278 Culmisciuco.
759 2215 913 2280 Unde
941 2233 1152 2279 constat
1200 2241 1324 2279 eum
1361 2226 1650 2294 aliquando

78 2325 334 2371 rectorem
381 2330 476 2370 seu
506 2324 776 2384 pastorem
829 2315 996 2370 fuisse
1031 2315 1131 2370 loci
1165 2313 1328 2380 illius,
1359 2317 1514 2386 cujus
1538 2316 1650 2371 fre-

77 2419 292 2479 quenter
316 2409 562 2464 meminit
600 2409 652 2462 in
681 2409 783 2463 hac
811 2407 1072 2462 llistoria.
1124 2408 1286 2462 Varie
1337 2416 1518 2462 autem
1550 2409 1654 2464 hoc

78 2516 261 2558 nomen
283 2501 567 2566 scribitur,
599 2508 657 2554 ut
695 2498 1073 2554 adnotavimus
1099 2497 1168 2553 ad
1193 2497 1288 2554 lib.
1320 2513 1357 2564 ι,
1388 2513 1439 2553 c.
1468 2498 1535 2556 12

645 2587 873 2643 CAPUT
915 2587 1084 2643 XXX.

144 2683 472 2737 Altintontem
512 2692 743 2736 castrum
787 2691 1064 2752 occupant.
1107 2681 1198 2736 Sic
1227 2682 1434 2752 integre
1463 2678 1656 2737 scribi-

85 2783 205 2828 tur:
244 2784 299 2828 at
337 2773 380 2827 B
413 2784 468 2828 et
498 2773 525 2828 ,Ι
575 2774 890 2844 plerumque
951 2771 1243 2842 Almontem
1299 2773 1501 2843 legunt,
1544 2783 1654 2828 tam

86 2883 233 2936 supra
267 2883 426 2936 quam
456 2867 618 2919 infra.

147 2953 332 3012 Postea
376 2959 552 3012 ca’teri
598 2973 801 3028 quoque
841 2957 938 3026 ﬁt"
973 2956 1234 3010 Heriberti
1269 2957 1470 3012 comitis
1527 2958 1657 3012 reci-

84 3048 286 3116 piuntur
333 3065 366 3100 a
427 3065 564 3118 rege.
616 3046 860 3116 Papirius
913 3047 1190 3102 Massonus
1237 3047 1330 3101 lib.
1374 3064 1412 3101 ll
1455 3046 1654 3102 Annal.

88 3135 331 3191 Francor.
359 3137 427 3192 de
455 3109 558 3192 isto
593 3136 876 3191 llcriberto
905 3137 1104 3192 comite
1139 3137 1217 3192 sic
1244 3138 1466 3192 scribit:
1501 3157 1519 3190 ι
1568 3138 1658 3193 Li-
1684 3109 1728 3172 Ο

89 3225 238 3282 heros
283 3227 504 3298 reliquit
547 3227 892 3282 lleribcrtum
928 3267 942 3292 ,
990 3227 1268 3297 llngonem
1324 3229 1660 3298 illegitimum

91 3315 360 3372 Remorum
389 3317 724 3388 pontiﬁcem,
741 3316 1002 3382 Otlonem,
1026 3318 1397 3384 Adelbertum,
1420 3328 1474 3374 et
1496 3318 1662 3374 filiam

92 3407 570 3477 unicamArnulphi
600 3408 820 3462 Flandri
854 3423 1101 3463 uxorem.
1137 3427 1156 3460 ι

154 3496 434 3552 Amblicum
465 3510 695 3552 castram
723 3501 874 3567 cepit.
899 3499 972 3554 Ita
1001 3499 1029 3556 J
1051 3517 1066 3566 ;
1091 3501 1152 3566 C,
1183 3500 1481 3556 Amblecum
1503 3519 1522 3568 ,'
1547 3501 1662 3568 MS,

94 3583 414 3652 Amblidum;
445 3585 671 3649 Gallice,
704 3587 894 3642 Ambli.

633 3676 859 3732 CAPUT
901 3676 1095 3732 XXXI.

161 3765 224 3819 Ut
253 3768 415 3836 filium
467 3768 659 3838 ipsum,
712 3779 757 3821 et
804 3767 974 3836 ﬁliam
1021 3769 1204 3838 fratris
1248 3772 1331 3824 sui
1379 3773 1664 3841 suscipiens

94 3857 218 3912 idem
252 3861 462 3931 prtrsul.
499 3861 575 3916 lta
609 3861 670 3926 (J,
724 3862 776 3915 in
819 3862 1024 3918 Gallico
1072 3873 1126 3918 et
1164 3863 1357 3919 Latino
1383 3875 1438 3920 et
1472 3865 1538 3930 ις
1570 3868 1668 3922 sed

97 3947 222 4001 aliud
253 3952 554 4021 exemplar,
585 3961 640 4006 et
696 3951 807 4018 MS,
856 3963 911 4006 et
961 3962 1151 4008 auctor
1200 3955 1251 4008 in
1290 3956 1578 4025 Cltrouico,
1609 3967 1664 4012 ut

97 4039 245 4105 ﬁliam
267 4045 495 4097 hominis
519 4045 702 4114 ipsius,
730 4054 833 4099 elc.

628 4136 855 4192 CAPUT
895 4139 1106 4196 XXXII.

167 4224 460 4283 Monasterii
493 4227 552 4283 S.
592 4228 863 4284 Benedicti
888 4233 1146 4287 abbatem.
1174 4232 1264 4287 Sic
1279 4234 1457 4289 omnia
1484 4249 1669 4291 exeru-

102 4314 271 4383 plaria.
301 4319 482 4387 Quare
533 4337 643 4376 non
702 4333 848 4378 recte
875 4324 916 4378 S
967 4325 1271 4394 scripsEtS.
1317 4326 1540 4398 Remigii
1567 4343 1668 4398 pro

105 4405 365 4466 Benedicti.
414 4413 692 4468 Utautcm
739 4417 1018 4471 adnotavit
1058 4417 1311 4474 Nicolaus
1361 4419 1664 4486 Chesnean,

107 4497 328 4574 intelligit
347 4505 604 4561 abbatem
634 4507 692 4560 S.
717 4505 994 4562 Benedicti
1023 4510 1092 4564 ad
1111 4509 1346 4582 Ligerim
1371 4511 1424 4565 in
1446 4510 1668 4568 dimcesi

104 4587 474 4650 Aurelianensi.

168 4679 344 4752 Regina
371 4685 635 4758 Gerberga
660 4705 824 4758 nuper
852 4690 924 4743 ad
950 4691 1208 4748 Othonem
1239 4711 1408 4765 regem
1449 4695 1667 4764 fratrem

109 4784 239 4824 suum
297 4774 609 4846 legationem
679 4780 965 4833 direxerat.
1022 4781 1147 4836 llmc
1192 4783 1465 4855 Gerberga
1517 4778 1670 4841 soror

110 4859 310 4922 Othonis
336 4870 494 4939 primi
520 4871 872 4940 imperatoris
898 4872 1010 4928 sive
1043 4875 1182 4945 regis
1212 4876 1314 4944 (sic
1333 4876 1478 4931 enim
1527 4892 1671 4948 saepe

114 4953 170 5008 ab
189 4957 454 5017 historicis
486 4965 824 5030 nominatur,
857 4968 1002 5035 quod
1047 4967 1480 5025 benedictionem
1513 4970 1679 5040 impe-

117 5046 276 5104 rialem
309 5071 413 5109 non
465 5067 775 5126 acceperat,
812 5059 972 5114 sicuti
1023 5076 1123 5115 nec
1155 5062 1418 5120 Henricus
1463 5064 1678 5135 Auceps

1743 1875 1923 1937 potest
1975 1867 2032 1922 in
2089 1865 2140 1921 Μ
2178 1885 2192 1935 ;
2241 1868 2335 1922 sed
2379 1867 2519 1922 inira
2561 1884 2611 1922 c.
2639 1866 2710 1922 55
2759 1869 3096 1938 apertissime
3139 1869 3335 1939 legitur

1749 1956 2017 2022 Brunone,
2045 1957 2292 2026 quamvis
2321 1966 2376 2012 et
2405 1957 2477 2012 ibi
2501 1957 2557 2012 in
2587 1957 2794 2013 Gallico
2828 1967 3068 2013 vertatur
3093 1958 3331 2014 Brimen.

1749 2049 1947 2105 Vermn
1972 2048 2146 2120 placet
2176 2049 2283 2104 alia
2322 2049 2504 2116 lectio,
2544 2050 2673 2120 quia
2717 2049 2783 2104 de
2824 2065 2890 2104 eo
2937 2051 3159 2106 omnino
3187 2050 3330 2121 loqui

1750 2143 1986 2205 videtur,
2041 2140 2133 2210 qui
2181 2141 2346 2211 paulo
2391 2149 2516 2212 post
2569 2141 2686 2196 haec
2741 2148 2989 2210 tempora
3037 2140 3213 2196 factus
3258 2151 3341 2198 est

1751 2230 2194 2300 archiepiscopus
2256 2230 2596 2286 Coloniensis
2628 2271 2644 2297 ,
2691 2231 2988 2286 succedens
3039 2231 3338 2300 Wicfredo,

1751 2338 1894 2378 anno
1919 2322 2044 2386 953,
2073 2332 2132 2376 ut
2157 2322 2319 2377 habet
2371 2333 2561 2378 auctor
2609 2323 2664 2378 in
2695 2322 2986 2389 Chronico,
3010 2330 3067 2377 et
3092 2323 3344 2394 Sigeber-

1755 2420 1870 2468 tus:
1893 2412 1983 2482 qui
2008 2412 2075 2466 ab
2104 2413 2358 2468 omnibus
2394 2411 2577 2468 Bruno
2619 2413 2941 2483 appellatur,
2971 2413 3186 2484 fuitque
3231 2414 3344 2468 fra-

1754 2510 1839 2560 ter
1895 2501 2127 2559 Othonis
2182 2503 2345 2574 primi
2406 2503 2564 2574 imp.,
2626 2501 2848 2559 lienrici
2902 2504 3145 2572 Aucupis
3207 2503 3339 2574 imp.

1753 2595 1921 2652 ﬁlius.

1826 2686 2004 2743 Missis
2036 2701 2240 2760 quoque
2259 2685 2464 2742 duobus
2494 2687 2564 2740 ad
2584 2703 2702 2742 eum
2738 2681 3102 2743 deducendum
3141 2687 3344 2758 episco-

1753 2782 1853 2854 pis.
1888 2781 2148 2837 Videlicet
2204 2781 2544 2835 Adalberone
2596 2780 2932 2847 etGossino,
2984 2790 3046 2836 ut
3091 2795 3212 2849 cap.
3263 2794 3346 2835 se.-

1756 2872 1942 2940 quenti
1967 2871 2166 2926 dicitur
2193 2871 2246 2925 in
2273 2861 2466 2926 libello
2499 2870 2735 2938 Artoidi,
2763 2880 2820 2928 et
2867 2871 3124 2942 exprimit
3151 2881 3343 2927 auctor
3373 2905 3376 2908 ~

1712 2962 1726 2976 ⁸
1759 2960 1811 3015 in
1841 2960 2126 3014 Chronico.

1828 3051 1914 3108 Ex
1943 3053 2149 3108 dioecesi
2185 3052 2475 3108 Trevireusi
2501 3061 2655 3122 atque
2697 3051 2964 3108 Remettsi.
3003 3052 3206 3109 Sensus
3235 3062 3343 3116 est,

1762 3143 1928 3200 fuisse
1958 3146 2009 3200 in
2043 3146 2132 3200 illa
2185 3145 2389 3216 synodo
2422 3145 2748 3200 Mosomensi
2775 3146 3056 3216 utriusque
3096 3145 3345 3200 dioecesi:

1761 3234 2061 3305 episcopos,
2089 3236 2233 3304 quod
2259 3235 2300 3290 C
2321 3235 2376 3290 in
2407 3234 2612 3292 Gallico
2645 3250 2749 3292 non
2767 3244 2854 3290 est
2886 3244 3187 3291 assecutus.
3211 3234 3348 3294 Nam

1762 3335 1954 3381 auctor
2002 3325 2118 3394 ipse
2164 3326 2218 3380 in
2267 3325 2544 3382 Chronico
2593 3326 2671 3382 ita
2725 3326 2956 3382 scribit:
2991 3344 3012 3377 ί
3041 3326 3200 3382 Anno
3221 3325 3350 3392 948,

1765 3414 2010 3484 synodus
2059 3415 2316 3484 praedicta
2370 3415 2678 3472 celebratur
2721 3415 2774 3472 in
2835 3415 3067 3472 ecclesia
3116 3415 3173 3470 S.
3205 3409 3350 3470 Petri

1763 3514 1889 3559 ante
1932 3515 2277 3575 prospectum
2322 3507 2486 3562 castri
2535 3507 2757 3562 Moscmi
2785 3523 2816 3562 a
2864 3508 3061 3566 domno
3091 3505 3354 3566 llotberto

1761 3597 2083 3666 ueterisque
2113 3594 2466 3653 Treverensis
2509 3597 2809 3655 dioeceseos
2838 3597 3132 3670 episcopis,
3164 3607 3220 3656 et
3253 3597 3355 3654 alia,

1765 3691 1965 3760 quibus
1985 3691 2293 3746 Remensis.
2320 3710 2338 3743 θ

1837 3782 2140 3853 Capitulum
2163 3784 2227 3838 l9
2249 3782 2676 3854 Carthaginensis
2703 3784 2915 3838 concilii
2939 3789 3004 3838 de
3027 3793 3353 3837 accusatore.

1768 3875 1992 3930 Videtur
2046 3875 2274 3946 intelligi
2328 3875 2624 3945 capitulum
2674 3875 2707 3930 9
2758 3883 2813 3930 et
2845 3875 2910 3929 10
2941 3874 3155 3929 concilii
3209 3873 3355 3928 tertii

1766 3965 2232 4033 Carthaginensis.
2291 3963 2396 4019 Pro
2422 3980 2528 4035 quo
2559 3964 2688 4020 facit
2726 3966 2867 4035 quod
2901 3964 3044 4022 infra
3087 3980 3136 4018 c.
3163 3965 3231 4020 35
3280 3963 3358 4017 le-

1768 4064 1926 4125 gatur
1951 4072 2145 4108 nonum
2187 4055 2469 4120 devincam,
2502 4055 2593 4110 ubi
2621 4054 2777 4110 facile
2801 4054 2980 4110 omitti
3010 4053 3190 4125 potuit
3221 4067 3353 4108 con-

1763 4145 1974 4216 junctio
2001 4154 2070 4200 et.

2341 4234 2571 4292 CAPUT
2612 4235 2829 4292 XXXV.

1840 4323 1920 4378 De
1942 4325 2142 4395 synodo
2171 4326 2310 4395 apud
2358 4323 2737 4396 Enguleuheim
2782 4315 3118 4398 congregata.
3163 4327 3360 4385 Habita

1772 4424 1857 4470 est
1885 4431 1970 4469 νην
2000 4415 2124 4470 ldus
2170 4414 2311 4470 Junii
2367 4416 2500 4479 918,
2542 4417 2594 4470 in
2638 4417 2866 4474 ecclesia
2906 4417 2966 4472 Β.
3005 4417 3234 4488 Remigii
3266 4419 3364 4478 b0-

1775 4521 1908 4560 nore
1941 4507 2142 4571 dicata,
2192 4516 2253 4560 ut
2277 4515 2362 4561 est
2388 4507 2442 4561 in
2475 4507 2743 4562 Chronico
2781 4509 3038 4573 auctoris.
3083 4510 3174 4564 ubi
3198 4511 3364 4565 etiam

1764 4608 2022 4666 ,rcccnset
2064 4599 2282 4654 nomina
2304 4612 2495 4652 eorum
2543 4599 2637 4666 qui
2690 4599 3052 4655 interfuerunt
3077 4617 3226 4656 num.
3271 4602 3360 4657 3L

1767 4687 1982 4760 llegino
2014 4688 2106 4742 lib.
2169 4704 2208 4742 ιι
2234 4688 2627 4743 Chronicorum
2677 4689 2865 4744 scribit
2917 4689 3228 4747 interfuisse
3252 4695 3367 4764 epi-

1772 4793 1966 4849 sc0pos
1991 4779 2082 4832 54.
2111 4777 2264 4832 Tom.
2299 4776 2360 4832 lll
2404 4775 2637 4845 Concil.,
2687 4787 2841 4848 parte
2871 4793 2928 4844 ιι,
2962 4781 3254 4853 subscripti
3285 4783 3363 4840 le-

1771 4880 1974 4942 guntur
1995 4870 2086 4924 51.

1854 4959 2089 5030 Denique
2117 4970 2391 5033 postquam
2439 4961 2679 5019 domina.
2707 4972 2886 5020 nostra
2929 4967 3109 5038 regina
3157 4969 3371 5026 Lauda-

1784 5066 1929 5114 num,
1969 5059 2178 5118 propter
2217 5050 2595 5106 absolutionem
2653 5053 2832 5110 damni
2881 5058 3019 5127 regis
3071 5058 3370 5130 reliquerat.
