3872 5326
547 317 656 377 39$

1319 315 1724 374 COLVENERII
1763 315 2053 375 SCHOLIA
2089 313 2158 373 IN
2198 313 2377 371 IiIS‘I'.
2409 312 2711 370 BEMENS.
2755 312 3035 371 εειϊιεδ.

3712 312 3814 367 396

620 438 752 495 Post
790 454 1013 511 quorum
1059 436 1351 492 litterarum
1406 436 1762 491 recitationem
1792 475 1809 504 ,
1859 443 1968 491 etc.
2027 433 2124 489 Sec
2152 436 2202 498 Α
2227 430 2500 488 Ludovico
2528 430 2639 503 regi
2667 431 2989 499 satisfaciat,
3012 442 3073 488 ut
3103 440 3330 489 testatur
3351 442 3551 489 auctor
3575 432 3631 487 in
3646 431 3811 488 Clum.

549 532 766 603 quentia
796 529 977 585 omnia
1004 542 1178 598 usque
1206 527 1273 584 ad
1322 526 1485 581 tinem
1515 526 1753 597 capituli,
1810 535 1868 580 et
1898 525 2005 581 duo
2037 539 2131 580 ca-

546 623 715 693 pitula
766 619 1067 691 sequentia,
1100 619 1264 674 etiam
1306 616 1519 688 quodad
1564 618 1752 684 verba,
1781 616 1969 673 eadem
2000 622 2127 671 sunt

545 713 601 767 in
626 711 919 775 Chronico,
943 724 1087 765 anno
1102 707 1213 778 jam
1230 708 1414 763 ~dicto.

616 801 782 856 Lectis
830 799 1073 871 capitulis
1121 800 1187 853 de
1230 797 1589 867 hujuscemodi
1641 796 2124 853 calumniatoribus.

546 893 856 966 Intelligere
906 894 1120 948 videtur
1148 891 1383 961 capitula
1435 891 1647 947 concilii
1690 890 2127 960 Carthaginiensis

553 985 629 1040 rel
656 983 902 1054 Capitula
928 982 1107 1038 Caroli
1144 981 1322 1052 Magni
1346 990 1401 1036 et
1434 979 1692 1036 Ludovici
1722 979 1825 1046 Pii,
1855 980 1908 1034 in
1931 980 2127 1050 quibus

542 1086 724 1133 tamen
754 1076 856 1132 hoc
879 1090 984 1131 non
1004 1075 1235 1145 reperio.

547 1188 551 1192 '
615 1168 835 1223 Artaldo
858 1184 975 1223 vero
1029 1161 1262 1238 pra'suli,
1290 1165 1379 1236 qui
1406 1165 1641 1219 omnibus
1667 1180 1721 1218 se
1744 1164 1956 1234 synodis
1991 1182 2129 1235 prte-

540 1271 734 1316 sentem
760 1259 1084 1314 exhibuerat.
1109 1257 1289 1312 Multae
1311 1256 1453 1311 enim
1482 1256 1674 1327 synodi
1706 1271 1804 1326 pro
1830 1257 1930 1310 hac
1960 1271 2125 1311 causa

541 1359 884 1422 congregatae
906 1350 1144 1413 fuerunt,
1171 1357 1229 1402 ut
1252 1355 1402 1417 patet
1427 1346 1624 1417 partim
1647 1360 1713 1400 ex
1729 1346 2122 1414 superioribus,

537 1443 737 1513 partim
766 1453 834 1494 ex
865 1439 1137 1494 Chronico
1192 1437 1450 1502 auctoris,
1483 1447 1538 1492 et
1593 1444 1722 1490 tom.
1780 1435 1845 1489 lll
1892 1435 2123 1504 Concil.,

537 1540 695 1602 parte
751 1546 815 1597 ιι,
863 1529 1117 1585 videlicet
1153 1528 1531 1593 Virdunensis,
1558 1530 1724 1581 'auno
1753 1526 1855 1581 947
1888 1543 1903 1592 ;
1953 1526 2127 1582 Moso-

538 1625 762 1688 mensis,
813 1624 939 1688 948,
985 1623 1165 1679 Idibus
1220 1622 1462 1679 Januarii
1503 1638 1518 1687 ;
1567 1610 2122 1692 EngelenheimenSis,

538 1714 669 1779 848,
692 1714 924 1784 septimo
953 1714 1074 1768 ldus
1101 1712 1267 1779 Junii,
1315 1714 1381 1767 de
1430 1727 1535 1781 qua
1567 1712 1669 1766 hoc
1699 1727 1844 1779 cap.,
1874 1727 1993 1781 qua:
2023 1726 2124 1765 ca:-

2228 523 2352 578 nico
2381 538 2523 578 anno
2551 523 2676 581 949.
2708 524 2862 592 Quod
2890 524 3197 580 Chronicon
3227 526 3459 581 ulterius
3499 528 3812 581 extenditur

2228 628 2389 683 quant
2419 614 2534 669 haec
2562 614 2813 669 historia.
2849 616 3112 688 Pertingit
3144 617 3288 673 enim
3312 633 3490 688 usque
3511 619 3582 672 ad
3614 633 3807 673 annum

2227 703 2351 759 966.
2379 703 2549 760 Porro
2576 704 2833 759 Artaldus
2860 706 2996 760 obiit
3027 721 3167 762 anno
3195 706 3318 769 96!,
3346 708 3530 777 pridie
3550 706 3810 762 Kalendas

2229 795 2501 861 Octobris,
2551 805 2610 851 ut
2658 806 2741 851 est
2772 797 2825 851 in
2870 801 3061 853 eodem
3107 795 3403 865 Chronico,
3459 808 3517 853 et
3567 801 3813 869 sequenti

2228 902 2371 943 anno
2398 887 2661 944 successit
2688 888 2737 945 ei
2763 888 3062 945 Odalricus.

2758 980 2985 1036 CAPUT
3014 979 3275 1035 XXXVIII

2296 1068 2364 1126 In
2383 1072 2577 1125 honore
2600 1066 2789 1126 Maria:
2816 1071 2893 1126 vel
2922 1072 2983 1127 S.
3016 1071 3161 1125 Petri
3181 1073 3537 1127 construxisse
3563 1072 3803 1128 traditur.

2228 1162 2434 1218 Sreete
2456 1172 2608 1219 notat
2654 1164 2707 1217 in
2739 1164 2986 1232 margine
3028 1162 3106 1218 rel
3160 1165 3285 1233 poni
3325 1179 3425 1233 pro
3466 1173 3537 1217 et.
3579 1164 3732 1231 Quod
3758 1175 3808 1220 et

2230 1253 2356 1307 aliis
2380 1254 2703 1323 quihusdam
2744 1255 2877 1310 locis
2925 1254 3210 1327 contingit,
3254 1255 3560 1325 praesertim
3584 1256 3643 1310 iu
3666 1272 3804 1312 sum.

2226 1347 2415 1402 mariis
2442 1347 2696 1418 capitum.

2762 1441 2991 1498 CAPUT
3033 1441 3275 1499 XXXIX.

2294 1533 2376 1588 De
2421 1545 2601 1589 sancto
2635 1534 2912 1590 Baltlerico
2951 1537 3155 1590 abbate.
3190 1537 3265 1590 De
3290 1537 3393 1591 hoc
3423 1534 3661 1591 Joannes
3701 1536 3804 1593 llo-

2226 1623 2388 1681 ianus
2423 1626 2474 1679 iu
2513 1625 2881 1680 additiOnibus
2916 1627 2982 1679 ad
3030 1625 3355 1687 Usuardum.
3405 1627 3495 1679 die
3546 1625 3616 1679 16
3654 1625 3802 1680 Octo.

2229 1717 2371 1770 bris:
2403 1735 2422 1769 ‹
2458 1717 2512 1771 In
2543 1730 2725 1773 monte
2753 1718 3021 1778 Falcouis.
3076 1719 3373 1774 beatissimi
3418 1718 3657 1773 Baldtiei
3684 1735 3803 1774 con-

538 1808 671 1862 teris
693 1808 794 1861 fuit
834 1805 1135 1872 celebrior;
1164 1814 1441 1876 postremo
1472 1804 1742 1867 Romana,
1769 1802 1894 1867 949,
1927 1803 1978 1856 in
2015 1817 2121 1872 qua
2155 1786 2197 1846 Β
2226 1805 2471 1871 lessoris,
2499 1808 2652 1878 enjus
2690 1811 2799 1863 vita
2844 1811 3050 1864 crebris
3094 1810 3368 1865 miraculis
3416 1809 3744 1864 declaratur.
3775 1830 3795 1861 ι

536 1897 801 1967 Agapitus
850 1910 986 1967 papa
1043 1896 1084 1950 ll
1133 1895 1540 1949 damnationem
1592 1891 1833 1963 llugonis
1882 1891 2120 1961 episcopi

537 1992 678 2062 apud
700 1990 1085 2061 Eugelenheim
1115 1988 1309 2042 factam
1333 1986 1694 2042 confirmavit.

608 2082 826 2138 Ca'teris
878 2097 1079 2153 quoque
1126 2081 1306 2134 diebus
1337 2078 1523 2149 synodi
1576 2086 1799 2131 tractata
1835 2086 1955 2130 sunt
1980 2091 2122 2148 qure-

538 2176 661 2229 dam
689 2175 982 2229 necessaria
1008 2172 1072 2227 de
1099 2173 1306 2226 incestis
1336 2171 1613 2241 conjugiis,
1638 2179 1743 2224 etc.
1777 2169 1902 2224 Haec
1940 2168 2123 2222 videre

538 2278 621 2323 est
651 2268 704 2321 in
739 2266 876 2320 actis
899 2274 953 2320 et
979 2264 1280 2320 canonibus
1309 2264 1495 2317 decem
1528 2262 1687 2332 hujus
1713 2260 1950 2324 concilii,
1979 2273 2119 2329 qum,

537 2357 683 2412 edita
738 2357 807 2409 ab
862 2354 1095 2409 llenrieo
1124 2352 1364 2416 Canisio,
1417 2349 1626 2419 adjecta
1672 2356 1798 2405 sunt
1846 2346 1911 2405 ad
1960 2346 2120 2403 tinem

535 2448 710 2519 partis
735 2463 776 2503 tt
820 2455 951 2502 tom.
1010 2445 1076 2500 IlI
1120 2443 1330 2499 Concil.
1371 2457 1471 2514 per
1518 2441 1835 2497 Severinum
1881 2438 2118 2494 Biniutn.

535 2538 697 2593 Deest
722 2544 901 2592 tamen
938 2534 1136 2590 ibidem
1154 2549 1328 2589 canon
1362 2533 1431 2588 de
1453 2531 1678 2586 incestis
1701 2528 1985 2601 conjugiis.

1079 2625 1305 2681 CAPUT
1342 2620 1585 2680 XXXVI.

538 2748 549 2753 -
612 2718 745 2775 Fere
791 2719 1198 2791 quadringentos
1253 2716 1495 2771 homines
1529 2714 1903 2785 interfecerint.
1955 2712 2033 2768 Ita
2080 2711 2123 2767 C

537 2812 594 2867 in
621 2810 829 2867 Gallico
857 2820 913 2865 et
957 2809 1172 2872 Latino,
1202 2818 1256 2863 et
1281 2806 1331 2861 «Ι.
1378 2807 1577 2860 Verum
1607 2805 1701 2859 MS
1747 2804 2098 2875 quadraginta

536 2905 808 2973 quomodo
851 2902 982 2976 legit
1014 2911 1207 2957 auctor
1255 2899 1310 2953 in
1359 2896 1628 2955 Chronico
1672 2897 1741 2951 ad
1789 2911 1990 2950 annum
2017 2894 2122 2952 968

534 3011 642 3065 quo
665 2996 778 3050 hmc
800 3004 950 3065 gesta
979 3001 1125 3049 sunt.

612 3084 912 3154 Winefredo
945 3083 1248 3139 Morinensi.
1288 3082 1367 3137 Ita
1411 3079 1506 3136 MS
1546 3080 1650 3136 hoc
1687 3079 1830 3146 loco,
1858 3080 1951 3135 sed
1982 3079 2120 3135 infra

2224 1897 2298 1950 De
2346 1898 2533 1952 eodem
2589 1899 2859 1955 At-noldus
2904 1899 3065 1954 Wion
3120 1900 3211 1954 lib.
3267 1916 3324 1954 ιιι
3374 1899 3535 1970 Ligni
3574 1901 3708 1954 Vitae
3752 1902 3799 1952 in

2222 1987 2604 2058 ilartyrologio
2643 2005 2743 2045 suo
2784 1992 3101 2055 monastieo,
3147 1992 3212 2045 ad
3257 1992 3511 2045 eumdem
3556 1990 3719 2052 diem,
3753 1993 3802 2041 ct

2220 2077 2457 2133 Joannes
2517 2080 2850 2137 'I‘rithemius
2883 2082 2955 2137 De
2997 2083 3127 2138 viris
3179 2081 3480 2136 illustribus
3509 2080 3718 2138 ordinis
3744 2080 3795 2133 S.

2222 2169 2521 2237 Benedicti,
2542 2171 2634 2228 lib.
2661 2188 2741 2241 tu,
2783 2190 2832 2228 c‘.
2860 2173 2981 2228 152.

2816 2262 3044 2318 CAPUT
3082 2262 3217 2318 XLI.

2290 2353 2373 2410 De
2393 2354 2517 2410 uilla
2572 2353 2850 2409 Waslicia.
2904 2353 2995 2409 Sic
3049 2354 3112 2418 Β,
3162 2353 3296 2408 Met
3336 2352 3386 2419 .l,
3427 2368 3549 2423 qum
3596 2352 3796 2406 videtur

2222 2449 2349 2501 'vera
2378 2445 2561 2504 lectio.
2587 2460 2685 2514 pro
2731 2461 2839 2516 quo
2888 2443 2926 2499 S
2965 2442 3195 2498 Vassicia
3218 2462 3238 2511 ;
3286 2444 3328 2500 C
3354 2455 3559 2508 autem,
3607 2441 3793 2497 Wasti-

2223 2538 2325 2594 cia.
2384 2537 2441 2593 In
2492 2536 2694 2593 Gallico
2749 2546 2928 2591 autem
2994 2536 3099 2590 hoc
3148 2536 3266 2589 loco
3309 2545 3601 2603 utrumque
3648 2535 3793 2604 pont-

2225 2636 2332 2694 tur,
2382 2627 2632 2684 Walstice
2666 2643 2735 2684 ou
2795 2626 3047 2693 Valliche,
3079 2625 3173 2681 sed
3220 2625 3357 2679 infra
3408 2640 3626 2695 semper
3654 2622 3790 2677 Wal-

2222 2722 2366 2775 stice'.

2296 2811 2371 2865 De
2408 2810 2531 2865 sede‘
2573 2810 2799 2865 scilicet“
2815 2809 2958 2863 urbis
2993 2807 3336 2863 Virdunensis
3385 2804 3444 2861 S.
3480 2800 3701 2859 Vitomts
3744 2804 3789 2857 el

2226 2901 2285 2957 S.
2318 2903 2586 2972 Agericus.
2615 2901 2854 2970 Uterque
2882 2900 2983 2955 fuit
3003 2901 3289 2969 episcopus
3320 2899 3463 2953 illius
3504 2900 3666 2961 sedis,
3708 2898 3787 2950 ille

2224 3001 2468 3059 octavus,
2497 2994 2584 3047 hic
2608 2992 2850 3046 dedimus
2882 2990 2933 3045 in
2979 2991 3175 3045 tubulis
3202 2989 3570 3044 Democharis.
3602 2988 3674 3043 De
3694 2988 3786 3042 illis

2226 3081 2371 3135 enim
2405 3083 2484 3135 sic
2522 3081 2683 3136 habet
2713 3099 2726 3134 :
2758 3099 2775 3130 ι
2806 3082 2840 3135 8
2871 3079 2929 3135 S.
2964 3081 3217 3143 \‘idenus,
3247 3096 3341 3135 seu
3374 3081 3624 3144 Vitonus,
3654 3080 3787 3149 eligi-

538 3178 884 3249 Huicfredus.
936 3178 977 3232 C
1010 3178 1063 3232 in
1094 3176 1300 3231 Gallico
1331 3176 1621 3243 utrobique
1652 3172 1975 3243 Winefrede,
2025 3172 2119 3227 scd
2149 3157 2193 3220 Ο
2228 3183 2313 3227 tur
2365 3171 2469 3226 502
2519 3172 2570 3225 in
2610 3172 2840 3226 concilio
2885 3171 3257 3226 Aurelianeusi
3305 3173 3512 3242 primo,
3563 3182 3785 3242 tempore

537 3274 592 3328 in
634 3269 829 3327 Latino
850 3270 1143 3340 Wifredus,
1179 3271 1319 3324 sicut
1346 3279 1400 3324 et
1429 3268 1476 3323 J.
1507 3268 1564 3323 In
1593 3268 1862 3323 Chronico
1884 3266 2121 3322 auctoris

535 3362 732 3436 duplex
758 3360 974 3434 quoque
1002 3362 1162 3417 lectio
1189 3370 1293 3427 est,
1344 3361 1669 3417 Vinclredus
1704 3369 1759 3414 et
1794 3357 2117 3413 Wiclredus.

534 3457 593 3511 In
640 3455 910 3511 Chronico
965 3470 1066 3509 ms.
1124 3454 1375 3509 Moriensi
1444 3453 1759 3525 Wycfridus
1797 3451 2115 3522 appellatur.

533 3547 747 3617 Integra
774 3546 940 3601 dictio
983 3544 1197 3599 videtur
1219 3560 1339 3599 esse
1375 3543 1738 3606 Winel‘redus,
1785 3557 1851 3597 ex
1895 3554 1998 3610 qua
2027 3555 2122 3611 per

533 3636 966 3692 contractionem
997 3635 1192 3689 factum
1229 3641 1314 3689 est
1347 3632 1666 3688 Vinclredus
1695 3639 1750 3686 et
1796 3629 2118 3684 Wiclredus.

534 3727 654 3794 Quo
681 3727 983 3797 posteriore
1008 3726 1223 3781 nomine
1246 3723 1459 3778 vivebat
1483 3723 1672 3778 eodem
1701 3731 1942 3790 tempore
1961 3719 2119 3776 Colo-

534 3816 745 3871 nlensis
773 3816 1241 3885 archiepiscopus,
1270 3813 1360 3883 qui
1384 3822 1439 3867 et
1477 3812 1774 3868 Wiclridus
1811 3814 2122 3875 nominatur

531 3906 673 3960 infra
696 3920 815 3976 cap.
839 3905 934 3971 49.,
958 3904 1046 3959 ubi
1077 3903 1126 3957 bl
1165 3903 1293 3975 legit
1334 3900 1700 3970 ﬂincfridum,
1739 3902 1883 3971 quod
1910 3900 1948 3956 S
1996 3916 2119 3955 mu-

533 3997 671 4052 tavit
696 3997 753 4053 in
783 3995 1149 4065 lluicfridnm.

1102 4084 1330 4143 CAPUT
1367 4084 1625 4141 XXXVII.-

606 4180 885 4235 Insistente
908 4181 1166 4250 pracipue
1189 4177 1459 4246 Luitdulfo
1492 4178 1763 4248 capellano
1792 4179 1927 4248 regis
1959 4178 2123 4233 Otho-

539 4272 642 4326 nis.
671 4270 798 4326 ιιπο
827 4285 953 4324 vera
1002 4277 1058 4323 et
1102 4270 1309 4337 integra
1359 4267 1518 4322 lectio
1564 4256 1804 4322 omnium
1850 4269 2122 4339 exempla-

538 4361 701 4427 rium,
757 4362 850 4417 sed
903 4360 1042 4415 intra
1092 4361 1323 4415 variant.
1373 4358 1507 4414 Nam
1553 4358 1614 4424 C,
1666 4359 2000 4430 Limlnlfus;
2048 4362 2118 4428 Μ,

538 4447 825 4524 Ludulfns.
855 4453 913 4508 In
940 4452 1212 4508 Chronico
1266 4451 1551 4523 Luidulfus
1576 4462 1631 4509 et
1673 4452 1989 4525 Laudulfns.
2025 4455 2121 4510 Est

535 4552 718 4599 autem
749 4544 929 4599 Sermo
957 4542 1024 4596 de
1050 4541 1304 4597 Othone!
1330 4540 1445 4612 eius
1493 4544 1725 4600 nominis
1770 4545 2114 4614 imperatore,

536 4635 627 4705 qui
655 4643 711 4690 et
733 4634 860 4690 Otto
884 4633 1108 4704 Magnus
1144 4634 1321 4688 dictus
1344 4643 1446 4699 est,
1479 4644 1699 4707 propter
1735 4637 1975 4692 celebres
2006 4638 2118 4692 beta-

536 4725 714 4781 lorum
757 4724 888 4797 eius
917 4725 1193 4791 victorias,-
1221 4734 1280 4778 ut
1319 4724 1396 4779 ait
1422 4709 1693 4797 Lupoldus
1719 4730 2117 4804 Bebenbergius

535 4817 633 4872 lib.
662 4816 737 4872 De
766 4817 882 4873 zelo
909 4828 1151 4872 veterum
1193 4817 1496 4888 principum
1532 4817 1852 4885 Germaniae,
1901 4837 2020 4891 cap.
2056 4821 2112 4875 ‘2.

537 4906 578 4962 C
627 4906 768 4962 inira
823 4907 1025 4963 Odonis
1080 4907 1231 4977 legit.
1281 4907 1416 4962 Nam
1490 4910 1762 4965 interdum
1810 4912 2117 4981 promiscuo

2224 3259 2474 3316 Clodovei
2494 3277 2508 3326 ;
2543 3260 2609 3315 10
2628 3261 2687 3315 S.
2716 3261 2976 3330 Aget-iens
2995 3261 3214 3332 eligitur
3233 3260 3357 3315 554.
3395 3280 3414 3313 ι
3434 3262 3705 3317 Videndus
3729 3263 3785 3316 de

2223 3351 2308 3407 his
2338 3350 2643 3407 Hichardus
2669 3353 2737 3406 de
2774 3351 3143 3423 Wassebmtrg
3172 3353 3585 3408 arthidiarouus
3612 3352 3783 3406 Vin-lu-

2223 3444 2406 3498 nensis
2451 3443 2544 3498 lib.
2602 3460 2639 3499 ιι
2683 3443 3081 3515 Antiquitatum
3127 3445 3313 3500 Galliae
3366 3445 3611 3515 Belgicar,
3657 3445 3783 3516 quod

2222 3549 2357 3605 opus
2407 3532 2614 3590 Gallice
2659 3534 3016 3604 conscripsit,
3068 3550 3175 3604 qua
3222 3532 3408 3605 lingua
3457 3536 3781 3589 nuntiaanmr

2224 3624 2588 3682 Sciat-Venae
2610 3669 2625 3695 ,
2660 3637 2715 3682 et
2741 3625 3081 3697 Saint—Agry.

2295 3718 2362 3772 Et
2391 3728 2603 3773 sanctus
2647 3717 2913 3772 Roduicus
2955 3718 3019 3770 de
3050 3715 3294 3772 Wasso'io
3321 3715 3361 3772 C
3382 3757 3396 3781 ,
3425 3716 3684 3772 Rodincus
3723 3717 3779 3769 de

2230 3806 2470 3863 Vassoio.

2297 3897 2403 3954 Pro
2430 3900 2549 3955 villa
2567 3898 2976 3963 Cerlanimonte,
3001 3917 3157 3969 super
3175 3899 3452 3954 Mosellam
3478 3900 3775 3969 (oujacenle.

2225 3992 2315 4047 Sic
2339 3994 2408 4058 Ii,
2436 3993 2477 4047 C
2513 4002 2568 4047 et
2599 3992 2657 4059 .I;
2685 3995 2777 4046 sed
2804 3992 2918 4056 MS,
2950 3991 3156 4056 Gelani,
3189 3995 3462 4060 quomodo
3485 4001 3539 4045 et
3561 4008 3673 4059 cap.
3697 4003 3776 4045 se-

2222 4086 2429 4155 quenti,
2449 4094 2560 4139 tum
2606 4086 2661 4139 in
2692 4084 2844 4139 titulo
2877 4094 2988 4137 tum
3020 4084 3071 4137 iu
3102 4092 3274 4147 textu,
3317 4082 3517 4151 legitur
3552 4082 3777 4137 etiamin

2222 4176 2295 4243 C;
2330 4178 2421 4231 sed
2455 4176 2501 4231 Μ
2532 4177 2601 4231 ibi
2632 4174 2849 4239 Gelani;
2876 4176 2917 4230 ϐ
2952 4186 3006 4230 et
3042 4176 3079 4230 S
3109 4172 3337 4228 Gel/ani.

2293 4267 2374 4320 Ad
2402 4284 2556 4338 quam
2597 4267 2771 4322 villam
2802 4269 2926 4321 dum
2969 4266 3238 4320 srmciendi
3268 4266 3369 4319 sibi
3406 4283 3589 4320 causa.
3632 4268 3711 4320 Sic
3743 4265 3774 4317 (ἰ

2223 4370 2277 4417 et
2310 4360 2338 4416 .I
2364 4402 2378 4424 ,
2411 4370 2466 4416 at
2500 4361 2591 4415 MS
2629 4361 2876 4431 faciendi.
2921 4359 3124 4415 Gallice
3166 4359 3413 4421 vertitur,
3459 4376 3619 4412 causa
3654 4358 3770 4410 arri-

2224 4453 2398 4523 piendi
2424 4455 2821 4522 possessionem,
2849 4452 2989 4521 quod
3015 4450 3219 4505 Gallice
3259 4449 3497 4505 dicimus
3515 4491 3531 4512 ,
3572 4451 3711 4503 saisir
3732 4456 3773 4500 et

2146 4526 2196 4588 Ῐ)
2222 4546 2436 4609 saisine,
2472 4545 2522 4599 id
2556 4554 2639 4599 est
2664 4546 2953 4614 possessio.
2986 4541 3138 4612 Quod
3185 4549 3332 4597 recte
3378 4541 3570 4595 Latine
3605 4538 3778 4594 dixerit

2222 4637 2445 4701 sancire,
2475 4636 2525 4690 id
2557 4646 2641 4690 est
2666 4634 3010 4701 conﬁrmare,
3050 4632 3175 4703 quia
3215 4631 3489 4703 possessio
3520 4630 3777 4687 conﬂuunt

2223 4737 2335 4782 rem
2373 4727 2711 4796 acquisitam.

2790 4815 3015 4873 CAPUT
3052 4815 3231 4870 XLIV.

2295 4907 2607 4965 Sanctarum
2656 4910 2812 4964 Bome
2856 4925 2917 4962 ac
2961 4908 3143 4961 Dedit.
3174 4907 3300 4976 Agit
3346 4905 3414 4961 de
3458 4906 3546 4960 his
3570 4903 3767 4959 Joannes

537 5012 638 5067 pro
686 4998 876 5053 eodem
905 5006 1233 5066 usurpantur
1282 4996 1461 5064 Ottho,
1493 4997 1648 5065 Otho,
1696 4999 1834 5066 Odo,
1889 5000 2026 5061 Atla.
2067 5016 2123 5062 et
2223 5003 2465 5059 Molanns
2495 5004 2548 5057 in
2578 5002 2942 5056 additionibus
2969 5001 3033 5054 ad
3066 5000 3369 5056 Usuardum
3400 5000 3490 5054 die
3511 5000 3579 5053 24
3603 4995 3767 5065 Aprilis

541 5083 680 5142 Udo.

623 5178 843 5220 Nomen»
879 5181 1136 5222 Idolum":
1185 5182 1263 5222 lla
1290 5184 1330 5222 l‘.
1371 5192 1419 5222 at
1460 5183 1484 5222 Ῑ
1549 5184 1640 5222 εειεὲ
1669 5184 1761 5222 Ξείὶ

1185 5182 1263 5222 lla
1290 5184 1330 5222 l‘.
1371 5192 1419 5222 οι
1460 5183 1484 5222 Ῑ

2224 5095 2309 5149 his
2354 5094 2534 5147 verbis
2566 5111 2580 5147 :
2615 5111 2633 5143 ι
2663 5093 2848 5148 Remis
2881 5092 3131 5155 civitate,
3171 5102 3490 5146 sanctorum
3544 5090 3687 5144 lictis
3724 5093 3766 5135 et

2226 5182 2401 5224 “nam,
2445 5201 2463 5224 ι
2496 5183 2569 5224 Fx
2602 5198 2708 5224 mm
2782 5193 2839 5224 ιιι
2871 5189 3119 5224 ειηηεινρι-
3155 5181 3423 5224 Rarnnitm
3466 5173 3764 5224 ιντιιιςιϊξοςῖῑ
