3872 5326
76 96 186 157 397

1441 89 1508 150 IN
1555 88 1815 150 LIBRUM
1845 90 1934 151 IV.

3246 90 3357 149 898

78 207 207 273 mas
253 207 530 295 Bovonem
574 209 1073 275 Catala‘unitiensem
1125 209 1468 282 cpisc0pum,
1525 211 1664 281 quod
1699 208 1981 276 Alocum,
2040 208 2245 280 [retium
2301 208 2501 280 legunt.
2561 208 2821 266 Similiter
2861 222 3077 281 semper
3132 224 3356 269 numero

78 326 188 364 non
223 317 371 363 recte
400 306 441 363 S
467 306 691 361 mutavit
732 306 784 360 in
823 303 1081 359 Bavonem
1102 345 1116 368 ,
1144 314 1199 359 et
1234 301 1274 358 Ο
1301 304 1353 358 in
1381 302 1666 358 Bonoucnt.

78 402 235 457 Adde
281 401 426 471 quod
469 388 584 454 haec
628 398 816 454 eadem
861 395 1045 454 sancta
1083 396 1176 451 lib.
1208 412 1245 450 tt
1268 437 1281 460 ,
1312 396 1362 450 c.
1398 396 1492 461 10,
1524 380 1668 450 Boba

78 492 400 547 nominatur
444 491 498 545 in
545 490 795 546 omnibus
837 488 1252 560 exemplaribus.
1299 487 1445 542 Solet
1489 496 1671 542 autem

84 586 111 641 ι
137 587 193 641 in
227 605 255 641 υ
283 585 506 651 mutari,
552 591 643 639 aut
669 590 887 648 contra,
917 590 976 636 ut
1012 579 1270 647 Bibiana,
1298 578 1551 645 Viviana,
1580 578 1672 636 Jo-

80 680 219 745 bita,
246 675 451 734 Jovita.

96 836 101 843 _
525 764 721 821 care.
761 760 920 818 xm
949 772 1003 817 et
1030 760 1231 817 XLVII.

78 858 85 864 “
150 868 231 922 De
262 868 456 921 domno
486 863 753 918 Guntliero
799 874 847 919 et
884 863 1045 932 ipsius
1094 878 1255 916 uxore
1295 861 1475 915 Berta.
1508 856 1670 915 Varie

82 957 343 1014 scribitur
374 957 476 1010 hoc
507 969 701 1009 nomen
728 954 781 1007 in
818 950 1238 1021 exemplaribus,
1274 950 1369 1005 sed
1414 951 1530 1004 haec
1560 947 1668 1003 frc-

80 1047 338 1119 quentior
360 1054 475 1110 est,
514 1044 597 1099 vel
634 1058 729 1112 per
753 1059 783 1096 ο
810 1040 1140 1096 Gontbertus.
1185 1040 1396 1111 Integra
1422 1054 1665 1110 pronun-

84 1138 235 1194 tiatio
261 1146 346 1193 est
376 1134 754 1199 Gondebertus,
783 1134 1053 1205 quomodo
1081 1132 1278 1204 legitur
1304 1148 1464 1203 supra
1494 1132 1587 1187 lib.
1622 1148 1663 1196 ι,

85 1245 202 1299 cap.
227 1227 286 1293 ι,
322 1227 377 1282 in
410 1226 536 1292 (ine,
559 1226 641 1281 vel
668 1215 1028 1280 Gundebertus
1060 1223 1120 1279 ut
1148 1224 1242 1279 lib.
1274 1241 1335 1289 II,
1366 1239 1415 1278 c.
1446 1224 1531 1279 I0.
1566 1224 1666 1279 llic

85 1335 213 1375 vero
256 1318 375 1373 fere
400 1317 722 1372 Gontbertus
754 1316 839 1371 vel
866 1315 1212 1379 Gontbertus,
1264 1316 1358 1371 sed
1389 1314 1481 1371 MS
1510 1316 1562 1370 in
1592 1315 1663 1369 ti-

86 1410 195 1465 tulo
243 1426 364 1480 cap.
396 1410 497 1475 47,
526 1407 867 1469 Combertus,
902 1423 1009 1477 (tuo
1057 1407 1275 1462 nomine
1323 1416 1501 1462 exstat
1530 1406 1664 1461 Vitzc

88 1501 253 1570 ipsius
284 1501 513 1555 historia
543 1499 594 1553 in
632 1498 766 1553 Vitis
794 1499 1116 1553 Sanctorum
1146 1497 1350 1553 Gallice
1378 1498 1539 1567 editis
1565 1513 1664 1569 per

1778 299 1971 370 plurali
2014 299 2207 370 legitur
2233 300 2383 370 [reda
2420 302 2474 355 in
2509 302 2673 357 variis
2702 302 3087 373 diplomatibus
3117 318 3236 375 qute
3261 319 3359 360 cx-

1774 400 1921 447 stant
1944 393 1999 446 in
2027 391 2295 448 Chronico
2323 392 2702 449 Cameracensi
2733 392 2827 449 lib.
2878 410 2917 458 I,
2960 409 3011 449 c.
3036 395 3128 458 57,
3153 394 3243 460 62,
3287 394 3356 450 76

1772 490 1827 538 cl
1855 483 1974 549 I07,
2000 492 2054 539 et
2086 484 2138 538 in
2165 483 2359 539 litteris
2386 483 2717 540 fundationis
2739 486 3011 556 prioratus
3055 489 3112 543 S.
3138 485 3357 543 Martini

1771 590 1803 628 a
1828 574 2049 647 Campis
2075 575 2217 646 apud
2254 575 2516 642 Parisios,
2544 578 2685 632 datis
2726 593 2869 632 anno
2910 579 3068 646 I060,
3098 580 3164 634 ab
3212 580 3356 636 lien-

1772 665 1885 720 rico
1914 665 1935 719 l
1968 665 2299 720 Francorum
2335 682 2480 737 rege,
2526 668 2581 721 in
2606 668 2789 737 fredis.
2820 668 3049 724 Exstant
3075 670 3128 725 iu
3173 669 3361 725 Marti-

1770 754 1974 813 nianis.
2018 755 2077 810 In
2142 757 2377 826 epitome
2432 765 2612 812 tamen
2670 758 3115 814 constitutionum
3176 760 3359 819 Caroli

1771 844 1946 914 Magni
1985 845 2122 915 {mla
2168 862 2265 916 pro
2293 846 2448 916 [reda
2493 848 2711 918 legitur,
2743 850 2795 903 in
2837 865 2903 905 eo
2949 851 3188 922 capitulo
3218 851 3362 921 quod

1769 940 1824 994 in
1856 940 2011 995 libris
2031 941 2398 1010 Capitulorum
2436 959 2466 997 a
2511 943 2724 998 Pitlimo
2752 944 2912 1001 editis
2941 954 3025 1000 est
3054 945 3361 1002 tricesimus

1768 1029 1890 1085 libri
1914 1046 1996 1096 III,
2028 1032 2118 1086 ubi
2148 1033 2345 1089 dicitur
2377 1052 2396 1086 ι
2422 1043 2647 1105 excepta
2677 1036 2815 1091 freta
2845 1052 2966 1107 qua:
3011 1038 3063 1091 in
3095 1037 3213 1109 lege
3259 1036 3359 1093 Sa-

1767 1124 1868 1180 lica
1910 1127 2221 1196 conscripta
2259 1138 2362 1184 est.
2393 1149 2412 1183 ι
2459 1131 2541 1185 Ad
2571 1146 2730 1201 quem
2775 1132 3137 1188 locumVitus
3170 1134 3362 1189 Amer-

1766 1217 2033 1286 pacbius:
2064 1238 2080 1271 i
2110 1219 2270 1275 Frela
2292 1229 2396 1286 est,
2423 1238 2583 1291 quam
2613 1223 2812 1295 alioqui
2839 1224 3045 1293 fres’am
3071 1233 3132 1281 et
3155 1224 3363 1295 [retium

1766 1319 1960 1364 vocant
1990 1309 2079 1364 illa
2110 1312 2326 1377 s:ecula,
2353 1330 2371 1364 ι
2401 1322 2510 1368 etc.
2540 1313 2646 1369 Sed
2670 1331 2793 1369 cum
2836 1316 3113 1386 exemplar
3134 1330 3206 1372 ex
3250 1330 3360 1385 quo

1766 1399 2045 1470 impressa:
2091 1411 2217 1457 sunt
2262 1403 2378 1457 ista:
2416 1404 2834 1461 constitutiones
2876 1407 3029 1462 valde
3073 1407 3239 1462 fuerit
3278 1407 3364 1483 in-

1766 1506 2096 1564 correctum,
2124 1496 2215 1552 vix
2242 1496 2463 1553 dubium
2506 1499 2735 1568 quin'sit
2764 1514 2918 1553 error
2964 1499 3191 1554 librarii.
3221 1499 3363 1566 Quid

87 1590 417 1648 Parisienses
443 1592 529 1646 die
555 1591 626 1646 29
648 1590 870 1661 Aprilis,
900 1589 987 1645 ubi
1026 1599 1281 1645 narratur
1300 1589 1466 1645 fuisse
1495 1589 1665 1644 frater
1697 1601 1738 1659 η
1766 1595 1944 1642 autem
1970 1587 2042 1643 sit
2068 1587 2277 1643 fredum
2308 1590 2397 1645 bic
2424 1591 2716 1657 indicatur,
2743 1601 2932 1662 estque
2961 1592 3127 1647 dictio
3157 1593 3362 1648 Teuto-

90 1684 302 1739 Nivardi
338 1683 626 1738 “emensis
651 1681 908 1752 episcopi,
940 1681 1083 1751 quod
1104 1681 1217 1751 jam
1246 1680 1391 1735 dicto
1433 1696 1555 1750 cap.
1600 1679 1667 1734 10

91 1783 312 1830 testatur
337 1774 507 1828 etiam
530 1771 883 1827 Flodoardus.
911 1770 1054 1825 Idem
1083 1779 1263 1825 autem
1304 1771 1518 1826 videtur
1549 1785 1669 1825 esse

91 1865 153 1919 dc
197 1879 306 1934 quo
352 1862 595 1917 Molanus
635 1861 689 1916 in
733 1858 1098 1915 additionibus
1140 1860 1207 1914 ad
1254 1858 1554 1915 Usuarduin
1597 1860 1670 1914 2'5

92 1953 404 2009 Novembris
434 1970 449 2006 :
490 1972 508 2005 ι
536 1952 591 2007 In
624 1952 900 2007 territorio
937 1950 1219 2017 Remensi,
1243 1951 1414 2005 sancti
1447 1949 1670 2007 Goberti

94 2042 429 2098 confessoris.
460 2060 480 2094 ι
512 2042 619 2098 Sed
644 2042 824 2096 obstat
845 2041 987 2110 quod
1016 2040 1075 2095 S.
1102 2038 1430 2095 Gontbertus
1466 2050 1671 2112 martyr

92 2120 298 2199 abierit,
349 2133 489 2187 sicut
545 2141 601 2186 et
648 2131 706 2187 S.
754 2132 937 2187 Berta.
981 2129 1058 2186 De
1103 2146 1211 2201 qua
1263 2130 1576 2203 Sig‘ebcrtus
1613 2132 1670 2188 in

91 2223 283 2278 Chron.
310 2240 456 2278 anno
485 2224 611 2278 061.
644 2242 676 2273 ι·
696 2223 896 2277 Bcrtlia
934 2232 1140 2294 martyr
1166 2232 1222 2278 et
1249 2224 1520 2279 abbatissa
1544 2239 1671 2279 san-

94 2316 271 2368 ctitatc
307 2314 478 2367 claret
525 2314 576 2366 in
604 2313 798 2369 Gallia.
823 2331 842 2364 ι
881 2312 1069 2367 Exstat
1117 2312 1234 2381 ejus
1280 2312 1400 2368 Vita
1445 2314 1500 2367 in
1528 2313 1668 2370 Vitis

97 2403 190 2459 SS.
229 2404 435 2461 Gallice
474 2404 638 2460 editis
678 2418 710 2459 a
764 2404 1102 2473 doctoribus,
1132 2403 1307 2462 Paris.
1359 2406 1428 2463 ad
1448 2406 1592 2463 diem
1636 2407 1665 2464 1

98 2496 229 2553 Maii.
890 2566 895 2569 1

632 2587 873 2647 CAPUT.
896 2589 1126 2647 XLVIII.

162 2702 236 2758 De
262 2702 469 2759 duabus
496 2702 730 2758 ecclesiis
754 2704 923 2759 sancti
959 2704 1157 2758 Hilarii
1188 2704 1386 2760 Remis.
1421 2705 1546 2762 Ilaec
1585 2712 1671 2763 est

99 2795 383 2851 communis
430 2805 486 2850 et
526 2793 868 2864 frequentior
918 2794 1112 2861 lectio;
1163 2796 1259 2872 sed
1303 2795 1353 2849 Μ
1400 2796 1503 2851 hoc
1548 2796 1669 2852 loco

1772 1674 1908 1730 nicas
1941 1676 2167 1747 originis
2191 1691 2380 1746 pacem
2419 1678 2750 1750 significans,
2779 1695 2941 1749 quam
2967 1681 3224 1736 Germani
3270 1682 3359 1735 di-

1771 1773 1923 1833 cunt,
1971 1765 2089 1836 [red
2137 1775 2193 1822 ct
2236 1766 2368 1837 frid,
2414 1775 2469 1822 et
2514 1783 2613 1823 nos
2640 1768 2911 1824 Teutones
2938 1770 3106 1824 vreo'e.
3152 1770 3363 1826 Fredas

1772 1855 1968 1927 legitur
2018 1865 2132 1910 tum
2184 1856 2333 1923 alibi,
2379 1868 2490 1913 tum
2532 1859 2586 1913 in
2638 1857 2921 1932 privilegio
2965 1859 3141 1915 Caroli
3189 1859 3360 1928 Calvi,

1772 1945 1918 2016 quod
1946 1954 2128 2001 exstat
2163 1945 2219 2001 in
2247 1946 2627 2018 Promptuario
2652 1948 2984 2017 Tricassino,
3008 1948 3100 2006 t'ol.
3126 1949 3217 2006 84.

2385 2057 2612 2117 CAPUT
2650 2058 2737 2116 LI.

1841 2170 2008 2227 Beata
2056 2168 2243 2227 Macra
2282 2171 2424 2243 virgo
2471 2173 2565 2228 sub
2608 2173 2909 2230 Rictiovaro
2954 2176 3222 2246 prtefecto.
3269 2176 3361 2233 Sic

1771 2261 1967 2333 legitur
2001 2258 2055 2317 in
2097 2261 2137 2317 C
2180 2270 2236 2317 et
2268 2260 2296 2317 J
2324 2263 2427 2318 hoc
2466 2262 2585 2318 loco
2619 2274 2672 2319 ct
2702 2264 2757 2319 in
2785 2263 2911 2331 MS,
2954 2280 3075 2351 cap.
3117 2280 3232 2335 seq.
3254 2307 3270 2332 ,
3301 2274 3360 2320 ut

1770 2354 1841 2408 sit
1867 2368 1973 2407 una
2001 2352 2184 2407 dictio.
2215 2352 2286 2407 At
2318 2352 2409 2407 MS
2445 2354 2549 2410 hoc
2580 2354 2697 2410 loco
2722 2354 2890 2409 Rictio
2925 2354 3065 2409 Varo
3091 2357 3358 2426 separatis
3462 2370 3474 2379 ·

1768 2442 2116 2508 dictionibus,
2140 2443 2283 2512 quod
2315 2444 2491 2516 magis
2520 2447 2712 2516 probat
2738 2446 3002 2501 Baronius
3032 2447 3086 2501 in
3119 2448 3357 2511 notisad

1770 2532 1928 2588 Rom.
1954 2532 2393 2605 Martyrologium
2419 2536 2452 2590 6
2476 2534 2736 2591 Januarii.
2762 2538 2880 2604 Quo
2901 2538 2988 2593 die
3017 2537 3129 2610 agit
3157 2538 3223 2593 de
3253 2538 3358 2592 bac

1769 2628 1976 2699 virgine
2014 2628 2179 2682 etiam
2224 2625 2519 2682 Usuardns.
2548 2625 2718 2682 Porro
2743 2626 3089 2683 Rietiovarus
3126 2628 3363 2684 saevissi-

1770 2736 1889 2775 mus
1920 2720 2023 2773 fuit
2048 2718 2344 2776 Galliarum
2371 2719 2657 2790 prmfectus
2679 2733 2773 2773 seu
2802 2735 3004 2790 prmscs
3031 2720 3130 2775 sub
3154 2720 3364 2775 Diocleo

1773 2813 1920 2867 tiano
1943 2818 1999 2865 et
2020 2809 2366 2875 Maximiano,
2389 2808 2489 2867 sub
2511 2826 2712 2865 annum
2747 2810 2958 2865 Domini
2999 2810 3123 2865 500.
3155 2810 3360 2883 Marty-

101 2885 303 2953 Hillari,
329 2896 384 2942 et
418 2889 472 2942 in
521 2888 699 2943 indice
739 2888 1100 2959 capitulorum
1150 2888 1346 2944 Hilari.
1391 2889 1668 2957 Quomodo

1776 2918 1862 2957 res
1887 2902 1988 2958 sub
2010 2917 2075 2958 eo
2100 2918 2290 2973 passos
2322 2900 2629 2970 complures
2664 2910 2911 2957 recenset
2931 2901 3127 2957 Baron.
3157 2910 3285 2956 tom.
3318 2900 3362 2956 II

99 2973 345 3033 Itaronius
393 2975 702 3033 Romanum
759 2979 1070 3048 pontiﬁcem
1132 2980 1191 3033 S.
1236 2979 1434 3035 Leonis
1492 2980 1668 3052 Magni

1776 2994 1990 3060 Annal.,
2015 2971 2157 3050 anno
2178 2993 2303 3061 503,
2320 2993 2409 3049 ubi
2431 2991 2799 3049 miserandum
2817 2991 2935 3063 ejus
2954 3008 3173 3065 quoque
3195 2992 3364 3049 refert
3402 2982 3405 2985 ’

97 3079 471 3134 successorem,
516 3067 758 3124 Hilarum
786 3078 964 3136 vocat,
1011 3070 1103 3140 qui
1137 3069 1475 3143 frequentius
1518 3072 1670 3128 Ilila-

100 3160 208 3215 rius
228 3161 555 3215 nominatur.

170 3250 310 3318 Quod
329 3264 606 3308 vocaretur
628 3252 994 3310 Herolilanus.
1020 3254 1080 3310 S.
1106 3254 1452 3311 Merolilanus
1475 3256 1669 3313 Scotus

100 3356 233 3397 nunc
257 3342 480 3399 Rbemis
524 3343 581 3398 in
611 3344 845 3400 ecclesia
875 3345 935 3401 S.
985 3344 1370 3417 Sympltoriani
1412 3347 1664 3427 quiescit,

223 3547 228 3555 ν
669 3477 876 3533 ΔΡΗΤ
909 3477 1096 3535 xux.

113 3561 119 3564 ’
172 3560 289 3632 Ejus
312 3563 565 3620 labuntur
590 3564 747 3621 Immo
770 3568 1031 3623 intranea.
1063 3569 1118 3624 Id
1146 3578 1233 3626 est
1257 3570 1534 3637 intestina,
1561 3587 1669 3643 quo

99 3651 249 3707 modo
291 3653 420 3724 legit
463 3654 559 3710 MS
600 3655 843 3723 Gallice,
890 3658 1182 3725 entrailles,
1230 3659 1304 3727 C;
1350 3663 1520 3728 humi,
1572 3663 1669 3719 sed

100 3741 256 3800 altera
296 3746 455 3803 lectio
501 3749 700 3817 verior,
728 3758 786 3805 ut
815 3752 1018 3807 dictum
1050 3753 1121 3808 sit
1149 3753 1330 3819 humo,
1355 3771 1454 3826 pro
1481 3755 1537 3810 in
1564 3756 1668 3811 liu-

101 3845 202 3975 Ὲο.
223 3833 340 3892 Haec
358 3845 542 3895 autem
565 3846 729 3910 paena
756 3842 1016 3898 adultera:
1052 3843 1352 3900 constituta
1381 3854 1468 3902 est
1495 3862 1523 3901 a
1555 3847 1669 3904 Deo

159 3938 252 3975 III.
268 3939 319 3975 ν.
505 3946 509 3950 ’
1226 3962 1231 3969 -

159 3938 252 3980 IIII.
268 3939 319 3982 ν.
505 3946 509 3950 ’

710 4020 942 4080 CAPUT
978 4009 1042 4080 ι.

165 4128 593 4201 Compositionem
636 4133 767 4203 ﬁsco
811 4136 1076 4205 debitam,
1124 4156 1283 4211 quam
1334 4142 1416 4198 illi
1458 4128 1666 4214 {rectum

104 4228 298 4285 occant,
342 4237 377 4274 a
421 4238 478 4276 se
521 4222 689 4293 fuisse
728 4225 831 4280 reis
861 4226 1142 4283 indultum.
1187 4230 1419 4287 Restitui
1461 4234 1666 4305 [rodunt

1771 3086 2070 3142 interitum.

2371 3172 2600 3231 CAPUT
2645 3166 2754 3230 LII.

1842 3289 1915 3344 De
1962 3290 2156 3345 sanctis
2202 3282 2395 3359 Ruﬁno
2440 3298 2489 3344 et
2542 3286 2754 3344 Valerio
2797 3288 3131 3360 martyribus.
3159 3287 3237 3345 De
3279 3289 3363 3344 his

1769 3379 2077 3445 Duronius,
2125 3377 2407 3434 Usuardus
2451 3386 2508 3434 et
2556 3378 2649 3434 alii
2698 3379 2754 3434 in
2810 3377 3230 3450 Martyrologiis,
3276 3379 3362 3434 dio

1770 3470 1838 3523 M
1873 3469 2041 3524 Junii.

2361 3557 2590 3615 CAPUT
2629 3559 2762 3616 LIII.

1839 3667 2026 3723 Subito
2047 3678 2327 3722 semitatus
2351 3668 2554 3723 cecidit.
2579 3667 2706 3725 Ilaec
2725 3679 2811 3725 est
2837 3684 2962 3727 vera
2987 3668 3171 3737 lectio,
3195 3685 3358 3741 quam

1770 3762 1970 3817 habent
2008 3760 2049 3817 C
2087 3769 2142 3815 et
2178 3759 2228 3816 J.
2274 3760 2381 3817 Sed
2410 3762 2691 3837 quianon
2739 3763 3033 3829 intellecta,
3066 3764 3272 3820 idcirco
3305 3765 3358 3819 in

1769 3853 1891 3908 aliis
1921 3850 2319 3923 exemplaribus
2347 3859 2431 3907 est
2458 3857 2682 3908 mu’tata.
2711 3851 2890 3909 Unum
2921 3855 3066 3909 enim
3097 3853 3227 3926 legit
3248 3868 3362 3909 cer—

1769 3947 1947 4001 natiis.
1990 3945 2046 4000 In
2080 3945 2129 3999 M
2154 3929 2820 4016 legebatur'conternntiis,
2852 3956 2908 4001 at
2944 3947 3153 4003 recenti
3195 3962 3358 4002 manu

1769 4046 2071 4094 correctum
2102 4047 2486 4104 consternatus,
2515 4038 2785 4108 quomodo
2811 4039 3031 4108 scripsit
3060 4037 3117 4092 S.
3150 4037 3244 4093 Est
3270 4052 3365 4092 au-

1772 4137 1878 4184 tcm
1914 4144 2159 4193 cernuus,
2188 4126 2244 4182 id
2290 4136 2399 4194 est,
2433 4128 2505 4201 in‘
2526 4137 2736 4204 partem
2771 4130 3102 4185 anteriorem
3141 4126 3364 4183 inclina-

1772 4230 1896 4288 tus,
1947 4221 2033 4276 vel
2082 4221 2137 4276 in
2181 4228 2343 4290 caput
2399 4235 2583 4277 ruens.
2647 4220 2785 4277 Hinc
2843 4221 2912 4277 ad
2971 4219 3101 4276 illud
3154 4216 3362 4288 Virgilii

105 4321 189 4377 pro
209 4310 419 4380 fretum,
461 4315 566 4370 etsi
600 4316 704 4372 hoc
743 4318 907 4373 etiam
954 4322 1115 4376 modo
1143 4321 1353 4393 legatur
1384 4324 1437 4379 in
1464 4337 1664 4382 excuso
1698 4330 1742 4388 ο
1770 4311 1988 4367 Ᾱῖηθίά·
2015 4326 2051 4365 Σ
2082 4327 2098 4366 τ

105 4396 337 4470 Gregorio
360 4403 692 4473 Turonensi,
720 4408 873 4479 cujus
898 4408 1165 4482 allegatur
1194 4412 1366 4480 locus,
1391 4415 1485 4469 sed
1516 4423 1572 4469 et
1613 4415 1668 4471 in

107 4489 264 4546 multis
286 4492 412 4548 aliis
433 4496 808 4567 corrigendos,
849 4510 908 4554 ut
949 4502 1174 4571 patebit,
1217 4504 1264 4559 si
1293 4504 1416 4573 quis
1443 4519 1508 4559 ea
1551 4521 1672 4576 quae

106 4578 178 4635 hic
223 4583 385 4639 refert
418 4584 783 4656 Flodoardus,
814 4593 1060 4649 conferat
1106 4610 1228 4650 cum
1272 4595 1391 4651 loco
1430 4596 1670 4667 ejusdem

105 4667 345 4743 Gregorii.
369 4674 531 4733 Certe
572 4677 817 4739 Pithteus
860 4683 916 4738 in
967 4683 1241 4743 Glossario
1278 4686 1667 4757 Capitulorum,

111 4860 207 4921 cap.
245 4855 310 4910 I'.’
344 4856 441 4915 lib.
487 4874 522 4914 v
559 4859 820 4932 Aimoiui,
860 4864 1093 4923 citantes
1135 4867 1385 4925 eumdem
1414 4866 1672 4942 Gregorii-

1892 4423 2178 4487 Ereetoque
2211 4424 2446 4476 incumbit
2465 4436 2677 4475 cernuus
2699 4435 2831 4474 arvo.

1769 4530 1859 4586 Ait
1888 4529 2111 4586 Servius
2143 4546 2158 4585 :
2194 4549 2214 4582 ι
2243 4529 2489 4585 Ccrnuus
2530 4544 2703 4599 equus
2747 4522 2964 4594 dicitur,
2995 4526 3085 4597 qui
3119 4523 3263 4580 cadit
3298 4522 3353 4576 in

1770 4620 1988 4686 faciem,
2014 4619 2173 4689 quasi
2198 4620 2253 4675 in
2280 4631 2403 4674 eam
2429 4627 2640 4690 partem
2665 4632 2826 4693 quam
2853 4618 3148 4676 cernimus.
3174 4633 3192 4668 ι
3222 4611 3360 4669 Hinc

1769 4719 1825 4768 ct
1862 4710 1993 4768 illud
2024 4709 2081 4763 in
2116 4709 2318 4781 hymno
2344 4709 2643 4767 Ecclesiae:

108 4762 247 4817 verbo
292 4763 493 4835 Freda,
535 4777 593 4824 et
635 4768 869 4829 Iacobus
910 4774 979 4829 du
1013 4775 1173 4831 Breul
1216 4777 1273 4833 in
1310 4777 1553 4832 adnotat.
1596 4766 1691 4833 ad:
1776 4762 1823 4768 Π
1862 4762 2029 4835 ﬁt;

1955 4818 2165 4884 Tantum
2191 4831 2312 4884 ergo
2328 4826 2682 4874 saerambntunt

1958 4880 2272 4935 Veneremur
2292 4886 2482 4936 cernat.
