3872 5326
547 354 655 415 ιῦἹ

1491 349 1583 407 an
1623 349 2000 408 HISTORIAM
2042 350 2388 411 nEMENSIS
2422 351 2783 430 secessm
3534 344 3573 384 θ

3703 356 3787 416 403

610 470 743 529 Cn.
767 465 900 524 VIII.
925 464 1096 522 Nemo
1125 470 1365 535 tempore
1393 461 1826 537 Quadragesimaa
1853 465 2122 537 pteniteu-
2150 478 2196 534 Α
2222 471 2450 539 petenti.
2480 486 2712 541 eumque
2735 480 2919 541 pastor
2948 469 3004 537 in
3031 470 3246 542 propria
3289 470 3490 542 sacpius
3519 469 3723 538 inriset,
3745 486 3790 532 et

546 562 679 618 tium
725 557 1094 617 confessiones
1141 554 1329 610 audiat
1369 561 1570 625 praeter
1616 562 1909 625 pastorem.
1962 554 2132 624 Hujus

534 651 689 707 enim
713 650 936 704 interest
967 660 1125 703 ovem
1150 659 1561 725 recognoscere,
1591 659 1689 716 pro
1710 660 1816 721 qua
1842 660 1995 705 suam
2019 645 2135 701 aui-

540 757 687 798 mam
719 740 950 797 famerat
975 738 1223 795 Domino.

618 833 749 889 Cn.
778 832 871 888 IX.
900 833 1314 887 Sacrosanctam
1346 829 1729 886 eucharistiam
1756 830 2012 887 sacerdos
2042 841 2133 887 ee-

534 924 855 980 ‘lebraturus
881 936 940 977 se
967 928 1268 992 prmparet,
1313 927 1370 976 et
1410 921 1639 991 probet,
1677 928 1733 977 et
1768 928 1827 976 ut
1851 920 2134 976 minimum

536 1014 636 1089 bis
666 1015 719 1070 in
748 1016 934 1070 mense
964 1013 1017 1067 id
1044 1013 1225 1067 faciat.

530 1140 540 1148 ~
618 1107 750 1163 Car.
787 1107 857 1162 Χ.
891 1106 1122 1161 Feratur
1150 1105 1368 1176 aegrotis
1397 1120 1527 1162 vase
1556 1107 1814 1172 honesto,
1846 1113 1903 1161 et
1934 1103 2138 1161 lumine

551 1199 931 1265 antecedente,
962 1207 1017 1253 et
1042 1207 1345 1270 praeeunte;
1378 1206 1432 1253 et
1458 1198 1764 1268 quicunque
1798 1196 2139 1270 peregrinari

549 1291 758 1354 volunt,
788 1290 915 1344 illud
945 1290 1010 1345 ad
1040 1289 1296 1344 viaticum
1326 1288 1641 1359 suscipiant.

514 1383 529 1462 ξ
622 1381 753 1438 CAP.
785 1380 876 1436 XI.
912 1381 979 1456 Et
1000 1396 1096 1436 cur
1122 1380 1190 1435 ad
1221 1391 1447 1435 mortem
1475 1379 1845 1453 condemnatis
1869 1381 2138 1447 renuitur,

551 1482 673 1530 cum
721 1473 787 1527 iis
832 1473 1068 1527 maxime
1115 1472 1381 1529 conducat
1415 1472 1481 1525 ad
1513 1486 1665 1541 spem
1715 1479 1772 1527 et
1818 1486 2139 1544 securameu

556 1562 691 1620 certi
722 1563 995 1623 decessus,
1027 1569 1082 1615 et
1110 1550 1395 1631 praesentis
1432 1561 1642 1633 agonis.

542 1646 545 1651 λ
624 1656 754 1713 Car;
785 1654 896 1710 XII.
928 1654 1029 1722 Qui
1069 1655 1136 1709 ad
1174 1653 1393 1710 ordines
1425 1653 1732 1725 promoveri
1778 1653 2002 1721 volunt,
2042 1654 2143 1710 ba-

552 1749 720 1804 beant
756 1744 1079 1801 benelicium
1110 1745 1178 1799 ad
1210 1744 1524 1799 alimoniam
1556 1744 1845 1811 suIIiciens,
1875 1745 2038 1815 idque
2073 1745 2141 1800 ad

551 1837 1011 1895 examinationem
1041 1837 1280 1894 virorum
1307 1837 1599 1907 proborum
1627 1847 1679 1892 et
1699 1838 2024 1908 juratorum.

625 1930 755 1988 CAP.
786 1930 925 1985 XIII.
950 1929 1089 1984 Nulli
1125 1940 1345 1985 tonsura
1377 1929 1560 1993 detur,
1605 1930 1709 1985 nisi
1750 1929 1964 1996 idoneo,
1992 1938 2046 1987 et
2071 1929 2139 1984 ad

555 2037 741 2080 sacros
768 2021 986 2077 ordines
1022 2030 1210 2092 postea
1253 2021 1609 2091 probabiliter
1651 2037 1961 2077 ascensura.
2001 2019 2140 2088 Quid

556 2128 694 2183 Opus
718 2112 861 2166 enim
892 2112 1109 2167 mittere
1152 2127 1344 2181 panem
1378 2112 1606 2166 ﬁliorum
1648 2113 1871 2168 canibus
1910 2110 2136 2183 (Matth.

559 2203 722 2272 xxv).
749 2211 804 2257 et
828 2202 1091 2273 spiritalia
1119 2202 1304 2264 mundi
1338 2202 1717 2258 amatoribus?
1959 2187 1963 2191 ’

629 2293 762 2349 Car.
795 2291 934 2348 XIV.
963 2294 1019 2348 In
1044 2294 1386 2349 matrimonio
1410 2294 1586 2366 imago
1609 2302 1785 2348 exstat
1809 2294 2138 2349 sacrosancti
2188 2285 2197 2296 ’

561 2384 793 2455 conjugii
817 2385 957 2439 inter
977 2382 1247 2440 Christum
1270 2393 1323 2439 et
1344 2383 1634 2439 Ecclesium
1659 2384 1801 2437 eunti
1821 2382 2035 2454 (Ep/tes.
2050 2382 2138 2452 v);

558 2474 789 2544 ideoque
816 2472 1090 2531 vinculum
1119 2481 1202 2530 est
1231 2472 1487 2528 divinitus
1516 2470 1804 2536 firmatum.
1839 2471 1979 2542 quod
2004 2471 2143 2536 mule

559 2574 674 2621 tum
705 2564 914 2621 confert
942 2566 1007 2621 ad
1038 2565 1350 2623 felicitatem
1388 2565 1464 2619 rei
1508 2564 1827 2630 familiaris,
1854 2566 1922 2619 ad
1952 2579 2138 2635 pacem

558 2658 702 2716 inter
729 2667 930 2729 partes,
962 2666 1017 2714 et
1038 2659 1105 2713 ad
1133 2657 1309 2728 proles
1331 2656 1719 2728 suscipiendas.

632 2754 761 2813 CAP.
800 2753 916 2811 XV.
958 2754 1215 2818 Extrema
1256 2752 1441 2807 unctio
1485 2749 1762 2807 deferatur
1791 2748 2057 2806 laboranti
2090 2758 2146 2804 et

562 2937 3303 2971 Wm—

2234 561 2322 631 pie
2350 561 2562 624 visitet,
2592 574 2713 616 eum
2760 561 2828 616 ad
2873 559 3110 617 futuram
3141 561 3364 633 gloriam
3398 562 3720 630 animando,
3749 574 3791 623 et

2224 646 2411 707 'debitc
2437 652 2811 722 prmparando.

2305 740 2434 809 Car.
2463 740 2597 797 XVI.
2632 742 2709 798 De
2731 741 2963 798 clericis.
2992 740 3237 798 Luceant
3261 743 3404 799 sicut
3432 743 3611 799 stella:
3630 753 3681 799 et
3697 762 3794 816 per-

2233 842 2410 904 petua:
2440 833 2714 890 claritates
2746 834 2797 889 in
2848 835 3190 891 firmamento
3232 833 3495 890 Ecclesia:
3538 835 3701 907 (Dan.
3727 838 3794 909 I).

2236 922 2352 979 Non
2376 924 2480 979 sint
2508 925 2665 991 ebrii,
2699 941 2954 996 nugaccs,
2984 936 3038 980 et
3066 926 3417 981 smeularihus
3444 926 3697 984 immixti.

2226 1042 2231 1051 λ
2307 1016 2437 1072 CAP.
2480 1015 2643 1072 XVII.
2685 1016 2794 1073 Nec
2839 1015 3092 1072 mulieres
3121 1016 3502 1087 alloquamur,
3552 1027 3641 1072 aut
3680 1017 3794 1075 domi

2236 1107 2543 1174 retineant;
2588 1108 2773 1163 vivant
2798 1108 2850 1162 in
2880 1108 3184 1176 communi,
3227 1116 3282 1165 et
3309 1107 3460 1164 cedes
3491 1110 3705 1180 pauperi
3724 1124 3797 1180 pa-

2239 1206 2414 1253 tentes
2442 1198 2763 1254 inhabilem.

2310 1289 2440 1344 Car.
2468 1287 2650 1344 XVIII.
2675 1287 2938 1361 Suﬂragia
2966 1289 3339 1347 defunctorum
3368 1288 3601 1346 omnino
3622 1291 3795 1346 servari

2236 1380 2584 1450 praecipimus
2604 1418 2619 1444 ,
2648 1389 2701 1435 et
2732 1397 2799 1435 ne
2829 1381 3116 1437 missarum
3147 1382 3407 1438 solemnia
3427 1423 3442 1445 .
3476 1390 3672 1453 prmler
3698 1381 3792 1436 Iuno

2242 1471 2490 1526 datorum
2521 1480 2778 1536 mentem,
2811 1472 2917 1527 alio
2946 1474 3104 1554 modo
3134 1482 3551 1550 convertantur.

2313 1563 2441 1619 Car.
2486 1563 2627 1619 XIX.
2677 1565 2798 1619 Sint
2823 1566 3060 1636 episcopi
3110 1566 3296 1621 fideles
3340 1554 3413 1625 et
3440 1565 3645 1622 assidui
3677 1565 3793 1622 verbi

2244 1654 2340 1711 Dei
2369 1657 2788 1726 dispensatores.
2829 1656 2887 1712 In
2927 1656 3029 1711 hoc
3058 1658 3220 1712 etiam
3263 1672 3455 1711 eorum
3487 1657 3717 1711 Charitas
3738 1656 3798 1723 dio

2248 1746 2545 1816 guoscitur,
2576 1746 2620 1800 si
2652 1760 2870 1818 gregem
2901 1757 3127 1817 pascant
3147 1747 3393 1816 exemplo
3420 1756 3480 1801 et
3505 1746 3683 1801 verbo.

2173 1829 2216 1889 Β
2316 1836 2445 1893 Car.
2470 1837 2591 1911 XX.
2622 1837 2784 1893 Festa
2823 1840 3027 1910 absque
3063 1839 3213 1894 omni
3245 1854 3412 1908 opere
3439 1837 3644 1893 forensi
3671 1852 3794 1892 exco-

2243 1929 2438 1995 lenda,
2485 1939 2693 1986 etcum
2737 1932 2917 1987 debita
2963 1932 3310 1987 veneratione
3356 1931 3679 1986 celebranda
3709 1930 3794 1984 lucc

2245 2032 2410 2079 sunt:
2467 2021 2732 2076 Nativitas
2782 2022 3019 2086 Domini,
3065 2021 3452 2086 Circumcisio,
3503 2019 3791 2095 Epiphania,

2243 2111 2599 2175 Anuunliatio
2623 2112 2683 2166 Β.
2715 2109 2936 2177 Μεινίω,’
2960 2111 3306 2167 Besurrectio
3334 2111 3553 2166 Domini
3586 2125 3696 2164 cum
3731 2109 3793 2161 die

2244 2203 2512 2273 sequenti.
2542 2202 2801 2267 Ascensio
2826 2203 3059 2275 Domini,
3083 2202 3201 2261 dies.
3223 2201 3601 2263 Pentecostes,
3630 2197 3789 2254 Νειιίςί-

2247 2303 2329 2347 tas
2363 2293 2506 2348 beati
2555 2291 2777 2348 Joannis
2828 2293 3119 2362 Baptistae,
3166 2292 3540 2362 apostolorum
3591 2288 3718 2344 Petri
3754 2299 3793 2342 et

2246 2382 2417 2448 Pauli,
2446 2382 2755 2452 Assumptio
2783 2383 2955 2437 beata:
2992 2383 3203 2448 Mat-ire,
3248 2381 3494 2452 ejusdem
3538 2380 3790 2440 Nativitas,

2246 2471 2477 2529 Andrea:
2503 2473 2763 2543 apostoli,
2799 2482 2853 2529 et
2879 2475 2993 2529 dies
3022 2488 3212 2529 omnes
3237 2472 3617 2528 Dominicales.

2317 2567 2447 2621 CAP.
2477 2566 2617 2633 XXI.
2653 2565 2906 2623 Ecclesia:
2932 2567 3110 2622 debite
3151 2564 3404 2622 dotcutur
3430 2566 3500 2620 ad
3527 2562 3789 2618 alimoniam

2246 2657 2482 2729 pastoris
2506 2666 2563 2713 et
2585 2658 2736 2723 cieri,
2762 2666 2820 2712 ut
2841 2658 3085 2713 securius
3109 2658 3387 2726 invigilent
3407 2671 3573 2729 super
3591 2668 3788 2728 gregem,

2248 2757 2301 2804 et
2329 2749 2395 2805 de
2419 2747 2537 2821 ejus
2563 2748 2737 2804 salute
2767 2748 2876 2804 sint
2901 2748 3049 2803 anxii
3079 2756 3134 2804 et
3159 2747 3399 2828 solliciti.

3312 2910 3766 2954 ._____—-I

1000 2966 1174 3104 IDE
1247 3010 1872 3105 MINISTRIS
1942 3008 2657 3099 REMENSIUM
2729 2973 3328 3097 ECCLESIIE

574 3206 745 3283 Quos
778 3202 1137 3267 inordinate
1170 3202 1303 3265 Ebo
1342 3200 1674 3282 episcopus
1721 3194 1980 3335 irtvcn‘it,
2018 3201 2073 3334 el:
2104 3188 2747 3334 pezdfpretcationcm
2794 3178 3029 3283 eorum,
3059 3191 3412 3272 inspirante
3448 3198 3657 3253 sancto
3681 3189 3788 3278 Spi:

1835 3294 1892 3335 TI
1928 3295 1992 3335 ιι.
2072 3294 2153 3335 (PC
2231 3293 2285 3333 ιο
2318 3290 2417 3334 aut
2456 3320 2471 3335 .

1835 3290 1992 3346 ritu,
2030 3290 2153 3335 nare
2185 3290 2471 3336 atctactr.

640 3600 999 3670 Praepositum
1027 3600 1182 3654 decet
1215 3613 1345 3654 cura
1370 3597 1597 3655 interior
1615 3611 1681 3652 ac
1705 3576 1961 3654 exterior.
1989 3598 2150 3655 Extc-
2178 3582 2222 3643 C
2256 3585 2501 3664 quuium"
2519 3579 2746 3651 s'ecrc't'is
2758 3581 2821 3648 in
2844 3586 2992 3647 locis
3021 3586 3078 3646 et
3106 3590 3255 3647 horis
3280 3605 3380 3647 suo
3414 3592 3595 3661 rigore
3618 3586 3790 3644 omnino

550 3693 687 3750 ’rior
717 3694 770 3750 in
798 3692 959 3748 rebus
994 3699 1050 3748 et
1091 3690 1294 3746 familia
1340 3690 1633 3757 salvandis,
1663 3698 1825 3761 atque
1854 3693 2147 3759 secundum

568 3785 740 3843 Dsttm
780 3782 1175 3855 gubernandis,
1206 3798 1417 3838 summa
1446 3798 1568 3838 cum
1602 3782 1928 3847 intentione,
1960 3792 2016 3837 et
2041 3785 2154 3853 pie-_

568 3883 711 3939 tate,
740 3882 796 3929 et
821 3871 1213 3928 benevolentia.
1244 3871 1320 3929 lbi
1355 3870 1517 3926 etiam
1558 3870 1806 3926 consistit
1842 3872 2017 3926 omnis
2047 3887 2150 3925 nu-

569 3964 766 4021 triendi
798 3961 1086 4028 industria,
1119 3969 1311 4016 cuncta
1349 3960 1590 4031 proIIcua
1628 3960 1840 4032 ingenia
1874 3961 2149 4016 Iaborandi

571 4058 627 4113 in
657 4054 823 4127 agris,
854 4054 906 4108 in
941 4053 1132 4119 vineis,
1178 4054 1235 4108 in
1284 4053 1465 4116 silvis.
1511 4053 1566 4108 in
1597 4053 1792 4121 hortis,
1840 4053 1894 4109 in
1923 4052 2153 4108 diversis

569 4148 901 4219 emptionum
936 4146 1222 4216 generibus
1265 4145 1489 4216 provide
1525 4146 1897 4216 procurandis.
1928 4145 2154 4216 Insuper

571 4246 629 4293 et
655 4237 722 4291 de
746 4234 1006 4305 qualitate
1032 4234 1337 4289 necessaria
1371 4234 1742 4299 aedificiorum,
1783 4235 1898 4289 sive
1938 4235 2152 4305 quanti-

567 4336 679 4383 tate
720 4326 957 4405 Interior
979 4339 1109 4403 vero
1134 4324 1441 4399 sollicitudo
1464 4326 1583 4397 ejus
1610 4341 1732 4381 esse
1759 4325 1955 4382 debere
1977 4326 2162 4388 mania

569 4415 765 4473 festum
795 4423 881 4471 est
906 4415 1233 4486 dispensatio
1261 4414 1486 4470 fratrum
1517 4416 1726 4486 publica
1749 4457 1763 4481 ,
1795 4417 2021 4473 honeste
2047 4416 2153 4472 dis-

568 4506 743 4576 posita
770 4505 823 4559 in
848 4503 993 4562 victu
1021 4513 1075 4560 et
1099 4513 1248 4575 potu,
1289 4504 1403 4559 sive
1424 4504 1570 4562 omni
1597 4505 1835 4562 subsidio
1863 4504 2152 4574 corporali,

569 4598 725 4668 quod
747 4595 1090 4651 adminiswat
1108 4596 1301 4651 divina
1332 4596 1524 4666 pietas,
1552 4597 1669 4651 sive
1689 4610 1790 4666 per
1813 4596 2047 4651 studium
2078 4595 2153 4649 la-

568 4687 721 4744 boris
752 4688 895 4759 ejus,
927 4686 1042 4742 sive
1081 4686 1147 4742 de
1174 4686 1535 4759 eleemosynis
1565 4686 1833 4750 fidelium,
1864 4701 2071 4741 necnon
2100 4694 2155 4739 ct

568 4778 636 4839 de
654 4778 807 4839 dono
835 4778 1068 4847 propriae
1091 4778 1487 4848 procurationis
1513 4778 1759 4849 publicas.
1790 4777 1887 4833 Cui
1916 4791 2021 4832 non
2056 4778 2155 4837 mi-

567 4884 671 4924 liOl‘
695 4876 842 4937 patet
868 4869 1032 4927 etiam
1077 4868 1182 4925 alia
1208 4870 1561 4939 dispensatio
1595 4868 1899 4923 necessaria
1923 4869 1975 4922 in
2005 4867 2152 4922 infir-

2253 3684 2564 3755 depellens:
2598 3698 2788 3739 omnes
2820 3681 3175 3754 negligentias
3202 3682 3443 3736 omnium
3489 3680 3686 3751 publice
3719 3675 3789 3730 de.

2251 3779 2553 3849 prehensas
2596 3778 2651 3833 in
2696 3775 2934 3846 capitulo
2972 3774 3214 3830 omnium
3255 3773 3484 3828 fratrum
3509 3770 3698 3842 judicio
3716 3782 3788 3835 pu-

2254 3867 2407 3923 niens
2435 3866 2520 3921 his
2546 3865 2737 3928 modis,
2768 3865 2822 3919 id
2852 3873 2955 3935 est,
2982 3851 3083 3924 aut.
3105 3878 3345 3929 carcere,
3377 3873 3470 3917 aut
3500 3858 3788 3932 separatione

2255 3971 2471 4020 mensae,
2502 3956 2616 4012 sive
2646 3950 2699 4015 in
2727 3955 2968 4010 omnium
2996 3954 3282 4020 verberum
3315 3951 3641 4006 diversitate.
3665 3941 3788 4012 Cujus

2254 4044 2417 4101 etiam
2443 4027 2863 4114 prudentissima
2888 4042 3300 4111 circumspectio
3326 4040 3551 4096 decanis
3578 4036 3668 4096 sibi
3691 4048 3789 4102 sup-

2256 4138 2444 4207 pasilis
2476 4135 2757 4211 invigilare
2787 4134 2968 4202 debet,
2998 4146 3064 4189 ne
3098 4149 3240 4188 unus
3274 4133 3515 4203 quidem,
3548 4148 3577 4186 a
3605 4126 3787 4186 maximo

2255 4243 2426 4298 usque
2459 4229 2524 4283 ad
2553 4227 2858 4291 minimum,
2893 4227 3096 4296 absque
3142 4211 3261 4294 ejus
3304 4222 3630 4279 conscientia
3666 4225 3711 4273 et
3743 4213 3788 4268 li-

2256 4319 2437 4375 centia
2456 4319 2616 4385 unius
2634 4317 2743 4373 dici
2771 4317 2947 4387 spatio
2971 4330 3308 4387 nequaquam
3340 4316 3410 4370 ab
3433 4314 3593 4370 cilicii
3613 4310 3682 4366 sui
3702 4308 3785 4361 loco

2257 4412 2413 4471 tlcsil.
2812 4396 2818 4403 “
3042 4449 3047 4454 Α

2326 4498 2706 4571 Archidiacoui
2755 4497 2986 4557 ofﬁcium
3031 4505 3148 4562 est,
3197 4495 3396 4577 gradus
3442 4488 3784 4551 ecclesiasticos

2258 4592 2466 4646 summa
2497 4607 2619 4646 cum
2648 4589 3232 4662 providentia-aetatum
3258 4597 3317 4643 et
3353 4587 3658 4643 meritorum
3679 4578 3786 4636 ordi-

2259 4698 2437 4737 nare:
2500 4683 2566 4736 de
2617 4690 2860 4752 tempore
2909 4681 2963 4736 in
3023 4690 3263 4750 tempore
3319 4679 3622 4735 nominibus
3663 4669 3783 4728 certis

2259 4772 2678 4843 uniuscujusque
2714 4770 2947 4827 oliicium
2986 4770 3056 4825 de
3083 4770 3230 4825 enini
3254 4769 3485 4840 regione
3526 4764 3781 4838 prmﬁgere,

2260 4861 2599 4917 subtilitcrve
2623 4860 2820 4915 merito
2848 4860 3184 4930 probare,et
3204 4858 3432 4929 gratiam
3462 4856 3630 4913 sancti
3659 4845 3783 4920 Spiri-

568 4957 676 5011 mis
704 4966 759 5012 et
784 4958 1025 5022 senibus,
1056 4973 1156 5027 pro
1182 4958 1499 5013 diversitate
1519 4955 1943 5027 uniuscujusque
1968 4973 2151 5015 neces.
2190 4941 2230 4998 ί)
2252 4963 2350 5007 tus
2380 4952 2669 5022 unicuique
2709 4950 3079 5020 investigando
3108 4950 3420 5006 ministrare
3445 4967 3476 5003 :~
3500 4948 3553 5003 in
3590 4940 3781 5000 omnibus

571 5046 748 5084 citatis:
793 5047 1047 5084 Qun-silum
1068 5057 1246 5084 «suam
1263 5048 1389 5084 Ιιιῖιιιι
1411 5049 1647 5084 cIntIinm
1670 5063 1885 5084 umnam
1901 5057 2149 5084 own-Hum

2257 5043 2454 5084 divini:
2483 5042 2674 5084 nﬁiniic
2703 5052 2904 5084 enitr-tm
2944 5041 3032 5084 Πιιί
3071 5041 3325 5084 Ecclesia:
3352 5039 3538 5084 ﬁdle
3563 5034 3781 5084 minisll'OS
