3872 5326
165 271 278 331 409

1604 271 1955 328 ΔΡΡΕΝΒΙΧ.

3335 283 3440 340 MO

164 393 280 448 Pro
302 394 546 463 neglecta
569 388 800 445 lectione
822 387 1110 444 autofficio
1150 383 1348 457 gradus
1370 384 1451 441 sui
1475 400 1504 440 a
1526 385 1752 441 diacono
1779 393 1826 450 Α
1857 395 1957 440 ctare
1998 384 2269 442 unctionis
2313 385 2533 442 inferre.
2578 385 2953 444 Communioni
3001 398 3201 446 sanctae
3251 392 3438 466 dignos

165 499 351 555 usque
380 487 447 537 ad
481 482 720 536 infimum
757 480 1226 534 excommunicare
1251 497 1263 531 :
1295 478 1458 532 etiam
1486 487 1539 532 et
1563 478 1754 548 juven-

167 580 328 634 culos
359 577 554 630 talibus
584 590 680 644 pro
709 573 1018 628 excessibus
1050 571 1363 627 verberibus
1388 586 1600 625 arcere:
1633 584 1754 623 ver-

165 670 300 724 bum
331 669 495 723 etiam
527 665 756 720 faciendi
785 666 850 719 ad
883 665 1134 734 populum
1166 665 1216 717 iu
1245 664 1434 717 diebus
1463 661 1613 716 festis
1633 677 1754 728 pro-

171 763 360 814 videre
386 769 441 814 et
471 759 682 814 facere:
733 768 786 812 et
826 758 905 812 sic
950 759 1129 812 omnia
1171 775 1267 828 per
1311 758 1550 811 ordinem
1599 755 1753 821 digne

170 869 346 921 usque
385 852 451 903 ad
502 851 965 903 consecrationem
1016 851 1313 920 presbyteri
1359 847 1752 902 studiosissimo

168 943 480 995 intentione
542 957 681 994 verze
736 942 1006 1011 religionis
1065 942 1374 1011 perducere.
1443 939 1751 992 Vinctorum

166 1037 337 1088 etiam
384 1036 610 1104 publieae
639 1034 872 1087 civitatis
901 1050 964 1086 ex
995 1048 1211 1086 carcere
1239 1047 1422 1085 eurum
1452 1031 1503 1084 in
1545 1030 1751 1084 festivi-

171 1129 379 1188 tatibus
412 1128 740 1182 solemnibus
768 1127 975 1180 Domini
1007 1142 1211 1195 gerere,
1243 1126 1292 1180 id
1321 1134 1436 1190 e‘t,
1472 1125 1522 1177 in
1567 1123 1753 1179 Natale

169 1219 412 1284 Domini,
450 1220 501 1272 in
534 1219 846 1287 Ep‘phauia,
877 1218 928 1271 in
963 1218 1112 1270 initio
1142 1217 1574 1286 Quadragesimte
1594 1257 1608 1279 ,
1637 1231 1753 1269 nte-

168 1313 255 1364 dia
296 1311 741 1380 Quatlragesima,
773 1311 824 1364 in
852 1310 1068 1371 Palmis,
1100 1311 1149 1362 in
1184 1311 1418 1364 Sabbato
1449 1319 1667 1370 sancto.
1701 1316 1756 1362 et

165 1401 220 1456 iu
255 1403 342 1455 die
371 1414 560 1455 sancto
605 1403 854 1464 Pasclm,
890 1402 1135 1455 similiter
1180 1401 1230 1454 in
1277 1401 1606 1454 Ast-eusione
1653 1398 1754 1451 Do-

167 1491 338 1554 mini,
369 1501 425 1545 et
464 1492 514 1544 in
562 1491 880 1546 Pentecoste
918 1508 1126 1548 summa
1173 1509 1293 1545 cum
1339 1491 1612 1560 diligentia
1659 1505 1753 1545 eos

166 1585 445 1651 excipere,
481 1594 532 1639 et
562 1585 641 1639 eis
668 1586 923 1656 obsequia
958 1585 1303 1655 benignitatis
1324 1583 1618 1654 corporalis
1646 1584 1754 1653 spi-

167 1676 481 1745 ritaliaque,
518 1692 584 1730 ex
615 1678 809 1732 divinis
838 1688 893 1732 et
919 1678 1166 1732 humanis
1197 1678 1475 1732 beneficiis
1505 1677 1754 1732 refectio-

167 1784 292 1822 nem
321 1769 718 1824 benedictionis
742 1788 955 1842 parare.

235 1859 624 1930 Chorepiseopi
655 1877 782 1914 vero
813 1862 1170 1916 ministerium
1201 1870 1301 1922 est.
1331 1877 1543 1917 omnem
1572 1876 1751 1916 sacer-

163 1953 402 2007 dotalem
445 1953 610 2007 totius
656 1954 890 2023 regionis
927 1955 1024 2008 sibi
1059 1955 1357 2008 commissa:
1385 1952 1751 2006 conversatio-

164 2059 288 2095 nem
323 2043 598 2112 corrigere
622 2052 781 2112 atque
810 2045 1065 2113 dirigere,
1096 2044 1145 2097 id
1173 2052 1276 2107 est,
1308 2044 1360 2096 in
1404 2041 1750 2096 conficiendis

163 2134 362 2188 divinis
411 2135 767 2189 sacramentis
815 2147 868 2189 et
915 2136 1231 2204 baptisteria
1259 2136 1497 2188 omnium
1546 2134 1752 2188 intelle-

165 2233 310 2277 ctum
339 2225 596 2294 aperiens
615 2226 875 2287 excitare,
900 2225 1150 2295 populum
1175 2226 1404 2295 regionis.
1432 2226 1746 2294 ριίνιιίοίηε,

165 2313 538 2367 confessiones
567 2314 816 2381 exigere,
859 2314 1234 2382 pmuitentiam
1275 2330 1396 2368 cum
1428 2313 1753 2366 discretione

164 2414 322 2457 caute
347 2403 642 2473 imponere,
670 2403 1085 2474 hospitalitatem
1115 2404 1330 2465 sectari,
1361 2403 1602 2456 infirmos
1629 2403 1754 2457 visi-

167 2494 328 2548 tando
358 2494 619 2564 obsequia
654 2495 998 2565 benignitatis
1026 2504 1080 2550 et
1103 2495 1516 2560 benedictionis,
1543 2502 1598 2548 et
1625 2509 1751 2548 san-

239 2644 309 2714 (l)
337 2645 490 2710 Quoo
536 2647 810 2711 praecessit
850 2647 1166 2715 opusculum
1209 2647 1446 2710 Ebonis',
1474 2663 1538 2702 ex
1573 2649 1742 2703 sancti

166 2715 393 2784 Remigii
428 2715 746 2770 bibliotheca
782 2717 961 2770 lleunis
990 2718 1374 2785 exscripsimus
1395 2759 1408 2779 ,
1443 2734 1563 2771 cum
1591 2718 1746 2772 Joan-

166 2785 247 2838 nis
281 2785 391 2840 Vlll
425 2785 650 2855 epistola
693 2797 750 2840 et
789 2788 1006 2841 decreto
1037 2788 1316 2841 electionis
1343 2787 1747 2854 Laudmn-nsis,

163 2855 279 2924 qua:
319 2857 464 2909 infra
510 2866 823 2926 sequentur.
870 2856 1174 2915 Proximam
1221 2873 1348 2913 vero
1393 2857 1648 2914 Notitiam
1684 2860 1752 2916 de

1856 478 1972 532 fieri
2013 480 2239 548 populos
2266 479 2481 533 assidua
2513 480 2932 536 commonitione
2959 496 3245 547 exercere,
3287 500 3437 542 mor-

1855 578 1975 624 tuos
2001 586 2122 625 cum
2167 572 2729 630 commendationibus
2768 577 2992 644 animae,
3025 591 3078 634 et
3101 581 3438 638 orationibus

1855 660 2029 729 dignis
2054 662 2326 730 obsequiis
2352 663 2640 732 sepultura:
2663 668 3044 722 venerabiliter
3072 671 3310 736 tradere,
3339 688 3438 741 pro

1853 753 1992 806 vivis
2017 754 2179 807 etiam
2220 769 2283 808 ac
2315 754 2580 810 defunctis
2622 757 2784 812 totius
2811 759 3063 815 Ecclesize
3109 762 3233 818 filiis
3274 765 3441 818 ratio-

1854 844 2017 897 nubili
2050 845 2368 899 assiduitate
2395 862 2641 902 exorare.
2674 849 2892 918 Insuper
2919 867 3047 905 vero
3070 854 3250 907 omnia
3287 869 3434 922 qua:-

1855 949 2066 1003 cuuque
2117 938 2256 989 intra
2299 937 2582 990 ecclesiam
2612 947 2665 991 et
2695 948 2848 994 extra
2893 941 3175 996 ecclesiam
3207 941 3260 995 in
3291 943 3408 997 clau

1853 1033 1990 1087 stro,
2034 1033 2085 1079 et
2133 1027 2183 1078 in
2239 1027 2488 1080 omnibus
2536 1029 2959 1084 habitationibus
3003 1048 3031 1084 a
3082 1033 3314 1086 maximo
3348 1047 3438 1088 us-

1853 1131 1956 1184 que
1999 1116 2065 1168 ad
2112 1116 2391 1170 minimum
2442 1134 2820 1190 quemcunque
2879 1122 3076 1177 viderit
3129 1124 3434 1194 negligere,

1854 1208 2149 1262 secundum
2177 1209 2602 1263 ecclesiasticum
2647 1214 3007 1281 correptionis
3051 1215 3266 1268 modum
3295 1230 3438 1269 sem-

1853 1313 1948 1367 per
1975 1298 2264 1367 corripiat,
2305 1308 2360 1352 et
2405 1314 2621 1353 onmem
2667 1316 2850 1355 veram
2897 1304 3244 1374 religionem,
3292 1304 3440 1374 prior

1855 1389 1969 1458 ipse
2011 1390 2286 1454 faciendo,
2316 1407 2504 1445 omnes
2547 1392 2726 1449 facere
2769 1396 2978 1451 doceat.
3025 1398 3089 1451 Et
3135 1399 3279 1452 hunc
3320 1413 3436 1452 mo-

1854 1482 1978 1535 dqu
2005 1498 2365 1552 nequaquam,
2399 1485 2500 1538 nisi
2534 1487 2883 1557 praecipiente
2913 1490 3184 1559 episcopo,
3217 1491 3282 1545 de
3310 1507 3437 1545 cau-

1853 1574 1927 1626 sis
1969 1576 2422 1646 subsequentibus
2462 1580 2688 1634 excedat
2728 1581 2793 1634 de
2820 1582 2966 1636 omni
2991 1581 3115 1650 jure
3153 1598 3438 1639 consecra-

1857 1665 2034 1721 tionis.

1780 1747 1826 1806 Β
1929 1757 2248 1826 Episcopum
2283 1775 2409 1814 vero
2437 1761 2671 1818 civitatis
2701 1764 2929 1834 prepria:
2967 1765 3255 1834 disponere
3279 1780 3440 1834 opor-

1858 1858 1934 1902 tet
1961 1850 2027 1904 de
2057 1854 2466 1908 consecratione
2489 1895 2503 1918 ,
2532 1856 2596 1908 de
2623 1857 3065 1921 confirmatione,
3098 1857 3161 1912 de
3194 1857 3440 1911 reconci-

1853 1937 2104 2004 liatione,
2134 1951 2188 1996 et
2228 1943 2292 1996 de
2332 1944 2550 2012 publico
2585 1946 2868 2001 indicendo
2891 1947 3123 2014 jejunio,
3174 1956 3266 2001 aut
3295 1946 3439 2001 aliud

1854 2032 2058 2102 aliquid
2101 2035 2296 2102 publici
2322 2037 2461 2106 juris
2493 2053 2589 2106 pro
2622 2048 2860 2106 tempore
2891 2042 3051 2110 digno
3086 2040 3193 2094 Deo
3237 2038 3436 2093 debito.

1853 2125 2016 2192 Cujus
2042 2125 2199 2180 oflicii
2228 2143 2436 2182 summa
2465 2131 2848 2199 SpCt'ulaliOItlS
2873 2134 2985 2186 hch
3015 2140 3120 2196 est,
3143 2141 3198 2184 ut
3231 2141 3284 2186 et
3315 2130 3442 2184 sub-

1860 2222 2104 2276 tilissime
2137 2225 2466 2291 providendo
2493 2225 2705 2279 insistat
2741 2226 2972 2294 qualiter
2999 2227 3238 2278 omnium
3268 2223 3435 2278 officia

1859 2315 2254 2368 studiosissime
2307 2317 2655 2384 gubernando
2708 2320 2775 2371 ad
2827 2327 3038 2386 portum
3093 2316 3438 2386 perfectionis

1857 2407 2050 2473 dirigat
2081 2426 2094 2460 :
2137 2409 2330 2478 quibus
2361 2409 2411 2462 iu
2443 2411 2645 2476 causis,
2671 2410 2991 2482 nisijussus,
3021 2411 3438 2482 cborepiscopus

1857 2498 2160 2553 nullatenus
2190 2501 2415 2554 excedat
2439 2500 2536 2571 (l).

1853 2653 1977 2707 villa
2006 2653 2325 2729 Novilliaco,
2358 2653 2512 2726 cujus
2541 2666 2732 2713 auctor
2766 2658 3088 2715 llincmarus
3133 2659 3248 2729 ipse
3290 2659 3439 2712 vide-

1857 2733 1980 2787 tur,
2037 2727 2190 2779 nobis
2242 2729 2658 2782 connuuuicavit
2706 2727 3438 2785 lmmauissimus‘Nicolaus

1858 2794 2032 2848 Faber
2072 2813 2136 2850 ex
2184 2798 2542 2861 bibliotheca,
2588 2807 2644 2850 ut
2676 2801 2853 2856 aiebat
2886 2801 2947 2854 V.
2987 2800 3045 2856 C.
3093 2800 3302 2854 Claudii
3333 2799 3436 2853 Pu-

1858 2863 2000 2919 teaui
2031 2868 2294 2921 senatoris
2321 2867 2660 2923 Parisiensis.

171 3022 3419 3063 mw

1155 3166 1888 3272 SEQUUNTUR
1959 3173 2318 3264 GESTA

163 3353 488 3432 Quomodo
524 3356 598 3417 D.
637 3356 1022 3418 Hincmarus
1055 3355 1272 3417 villam
1304 3355 1726 3451 Novilliacmn
1753 3360 1926 3450 apud
2075 3362 2370 3451 Curatum
2423 3363 2856 3444 imperatorem
2884 3366 3086 3446 ﬁlium
3114 3366 3426 3430 Ludovici

1357 3447 1756 3514 imperatoris
1787 3447 2164 3503 imoctravt‘t.

1579 3605 1838 3620 -————d

227 3748 493 3804 Defuncto
516 3751 744 3820 Pippino
775 3767 902 3821 rege
925 3767 1020 3807 \‘tll
1053 3750 1278 3807 Kalend.
1311 3753 1564 3810 Octobris
1592 3752 1741 3824 (765)
1773 3733 1816 3792 Ο
1851 3750 1902 3803 iu
1934 3750 2197 3806 beneficio
2227 3754 2504 3808 Auschero
2531 3753 2755 3822 Saxoni,
2787 3758 2876 3826 qui
2911 3773 3078 3810 nonas
3108 3764 3160 3809 et
3187 3755 3426 3812 decimas

163 3842 212 3894 iu
255 3844 592 3897 monasterio
619 3845 792 3898 sancti
827 3847 1080 3916 Dionysii,
1117 3846 1207 3900 filii
1246 3847 1361 3916 ejus
1403 3849 1750 3902 Caroloman-

164 3947 257 3982 uus
287 3941 339 3985 et
367 3932 603 3986 Carolus
631 3934 925 3988 secundum
957 3937 1361 4004 dispositionem
1399 3937 1564 4004 patris
1593 3937 1672 3990 sui
1696 3945 1751 3989 et

161 4021 440 4074 eoosilium
468 4022 618 4092 regni
644 4023 940 4092 primorum
965 4025 1263 4080 diviserunt
1282 4027 1424 4080 inter
1443 4042 1501 4081 se
1525 4042 1746 4097 regnum

161 4118 464 4178 paternum,
494 4122 549 4166 et
577 4113 768 4167 elevati
795 4123 918 4168 sunt
949 4115 1000 4169 iu
1038 4132 1192 4187 reges
1228 4133 1299 4170 vn
1345 4117 1420 4172 Id.
1461 4117 1745 4182 Octobris,

161 4199 550 4283 Carlomanuus
583 4203 633 4257 in
665 4203 970 4260 Suessionis
989 4247 1003 4270 ,
1041 4217 1091 4262 et
1119 4208 1344 4263 Carolus
1374 4209 1426 4263 in
1455 4208 1744 4276 Noviomo,

161 4290 295 4346 sicut
327 4294 379 4347 in
411 4293 606 4348 Annali
643 4311 825 4365 regum
861 4299 1121 4367 scriptum
1151 4301 1430 4356 habemus.

223 4382 383 4437 Anno
411 4399 464 4436 IV
506 4385 652 4455 regni
685 4385 766 4438 sui
800 4386 1103 4442 infirmatus
1130 4397 1212 4441 est
1249 4387 1639 4446 Carlomanuus
1667 4390 1747 4445 iu-

164 4472 415 4528 ﬁrmitate
443 4491 549 4543 qua
598 4485 653 4528 et
681 4485 926 4530 tuortuus
947 4478 1102 4532 estin
1130 4477 1518 4541 Salmuutiaco,
1545 4491 1599 4534 et
1622 4491 1746 4537 ante

161 4565 359 4620 obitum
393 4582 551 4621 suum
577 4582 672 4635 per
695 4579 1020 4638 prmceptum
1052 4570 1214 4640 πλείω
1241 4586 1351 4624 sum
1381 4572 1740 4637 auctoritatis,

160 4661 293 4726 quod
331 4659 616 4725 habemus,
654 4667 894 4728 tempore
923 4660 1118 4730 Tilpini
1168 4662 1578 4732 archiepiscopi,
1630 4673 1742 4717 tra-

161 4748 285 4800 didit
318 4748 503 4801 villam
536 4747 886 4803 Norilliacum
932 4766 1052 4804 cum
1098 4751 1346 4806 omnibus
1387 4753 1452 4806 ad
1482 4769 1540 4807 se
1580 4753 1747 4823 perti-

162 4842 431 4906 nentibus,
465 4857 565 4910 pro
596 4843 788 4895 animm
834 4858 946 4896 sum
986 4844 1244 4905 remedio,
1295 4853 1350 4897 et
1397 4844 1515 4898 loco
1558 4844 1740 4913 sepul-

161 4939 312 4995 tum,
343 4932 412 4986 ad
461 4931 748 4985 ecclesiam
798 4931 1114 4985 llcmeusem
1159 4933 1216 4987 S.
1263 4933 1467 4997 Marim,
1504 4943 1557 4987 et
1603 4934 1745 4989 basi-

159 5019 304 5075 licam
334 5023 512 5076 sancti
542 5022 811 5091 Remigii,
843 5024 894 5076 in
939 5038 1043 5090 qua
1088 5033 1142 5077 et
1184 5025 1426 5094 sepultus
1467 5034 1568 5079 est.
1615 5026 1740 5080 Post

157 5111 297 5181 Cujus
342 5114 562 5168 obitum
610 5112 832 5166 Carolus
879 5111 1049 5165 frater
1081 5114 1196 5183 ejus
1246 5125 1546 5184 prmcepto,
1596 5119 1738 5185 quod

155 5205 434 5271 habemus,
463 5219 578 5258 suae
605 5203 946 5260 auctoritatis
975 5201 1142 5272 ipsam
1170 5206 1516 5261 traditionem
1542 5206 1731 5261 confir-

152 5304 304 5326 ...Α-εξ.

1849 3842 1914 3895 ad
1943 3853 2146 3911 partem
2177 3842 2459 3898 Reme-usis
2496 3846 2747 3902 Ecclesiae
2777 3849 2841 3901 de
2873 3848 2983 3916 ipsa
3013 3847 3135 3900 villa
3163 3863 3333 3914 usque
3362 3848 3428 3900 ad

1849 3942 2076 3986 mortem
2111 3950 2260 3987 suam
2297 3935 2589 4003 persolvit:
2615 3945 2668 3990 et
2693 3937 2945 3991 defuncto
2973 3937 3188 3991 domino
3213 3935 3426 4002 Carolo,

1847 4026 1939 4077 sed
1969 4034 2021 4078 et
2047 4024 2162 4093 ipso
2190 4025 2469 4080 Auschero
2489 4067 2501 4089 ,
2548 4036 2832 4096 postquam
2873 4026 3265 4081 Carlomanuus
3294 4041 3430 4096 prte-

1847 4111 2008 4166 falam
2039 4113 2218 4165 villam
2242 4130 2364 4168 cum
2390 4116 2534 4168 omni
2569 4115 2872 4185 integritate
2893 4115 3144 4170 Remensi
3175 4110 3428 4170 ECclesia:

1847 4204 2088 4268 tradidit,
2117 4221 2323 4274 semper
2354 4206 2463 4275 ipsa
2491 4207 2726 4262 Ecclesia
2759 4208 2883 4263 inde
2908 4209 3241 4271 vestituram,
3274 4207 3416 4262 sicut

1846 4293 2158 4361 prmdictum
2186 4304 2290 4357 est,
2315 4310 2410 4363 per
2433 4311 2603 4351 annos
2627 4313 2809 4352 xxxvii
2840 4297 3044 4352 habuit.
3073 4297 3200 4353 Post
3222 4298 3426 4352 obitum

1846 4383 2024 4437 domui
2071 4383 2283 4448 Caroli,
2328 4395 2382 4438 et
2427 4385 2678 4441 defuncto
2724 4388 2837 4457 ipso
2866 4388 3167 4452 Anschcro,
3200 4388 3428 4441 donmus

1843 4477 2148 4534 Ludovicus
2175 4483 2470 4550 imperator
2495 4483 2711 4535 donavit
2741 4483 2910 4550 ipsam
2955 4479 3134 4533 villam
3182 4478 3429 4531 Novillia-

1845 4583 1967 4621 cum
1994 4569 2200 4622 Donato
2230 4570 2280 4622 in
2314 4569 2594 4623 beneficio.
2625 4570 2724 4636 Qui
2757 4569 3425 4631 Donatus,iuterveniente

1843 4656 2064 4728 Bigoue,
2095 4674 2190 4728 per
2220 4658 2642 4726 subreptionem,
2673 4659 2824 4727 quasi
2853 4659 2917 4711 de
2948 4657 3077 4711 fisco
3106 4657 3244 4726 regis
3267 4671 3425 4724 quas-

1845 4751 1966 4803 dam
1997 4748 2235 4802 colonias
2268 4750 2332 4802 de
2365 4748 2476 4817 ipsa
2519 4749 2642 4801 villa
2670 4748 2903 4803 obtinuit
2946 4747 2998 4800 in
3039 4747 3424 4816 proprietatem

1843 4853 1946 4906 per
1999 4851 2324 4908 przeceptum
2381 4839 2561 4891 domui
2624 4837 2878 4892 Ludovici
2937 4837 3297 4906 imperatoris.
3360 4836 3428 4889 Et

1844 4930 2058 4998 quando
2086 4929 2376 4984 Lotharius
2405 4929 2544 4983 filius
2573 4931 2754 4984 domui
2795 4929 3050 4984 Ludovici
3087 4928 3427 4999 imperatoris

1843 5018 2171 5072 Cat-itionem
2203 5021 2445 5085 veniens,
2474 5035 2594 5075 eam
2617 5018 2962 5092 expugnavit,
2991 5021 3226 5075 Donatus
3251 5035 3278 5071 a
3301 5019 3427 5072 villa

1842 5123 2004 5176 supra
2037 5106 2362 5172 Matronam,
2393 5125 2511 5175 quae
2540 5110 2824 5166 l'omarius
2867 5118 3124 5174 vocatur,
3170 5109 3237 5161 ab
3266 5107 3424 5173 impc«

1843 5207 2025 5252 ratore
2048 5199 2266 5266 defecit,
2283 5211 2336 5256 et
2361 5202 2433 5254 illi
2456 5203 2719 5257 mentitus
2740 5206 2806 5257 ad
2827 5200 3142 5254 Lotharluin
3168 5195 3422 5263 confugit,

1842 5298 1892 5326 nt
1924 5290 2172 5326 rnnionln
2206 5293 2474 5326 Ιιιιριῖιῖιον
2499 5293 2824 5326 ἱιηηηι-ηιηιρο
2854 5289 3126 5326 [ιιιίηνίιιη
3155 5287 3217 5326 ml
3244 5283 3420 5326 villam
