3872 5326
485 337 584 396 Ηί

1459 330 1544 386 At)
1585 329 1966 398 HISTORIAM
2001 325 2345 392 [tEtiE-Nsls
2385 321 2740 382 eccassm
3243 292 3270 298 ”
3445 359 3448 362 -
3651 325 3716 382 tt

484 451 648 520 mori
675 445 954 518 quaesitum
981 450 1375 514 sacramentum
1403 436 1709 510 jttravit,'et
1751 442 2067 512 comitatum
2095 444 2140 503 Α
2174 445 2363 497 Inerat,
2391 437 2631 498 inventa,
2662 435 2912 506 quoniam
2947 435 3186 504 prcedicti
3229 433 3293 489 ad
3339 435 3612 491 rationem
3651 455 3756 494 non

487 541 937 602 Miridunensem,
980 546 1034 592 et
1066 536 1244 590 villam
1292 534 1643 594 Novilliaeum
1678 551 1800 588 cum
1831 533 1942 588 suis
1979 549 2070 608 ap-

484 633 749 706 pendiciis
779 632 1070 699 imperator
1109 629 1176 700 ab
1215 644 1280 683 eo
1307 628 1559 698 abstulit,
1602 636 1656 686 et
1696 627 1924 696 Albani,
1976 625 2066 695 qui

487 724 663 794 fuerat
712 721 968 792 ostiarius
1017 719 1194 790 Caroli
1248 719 1588 788 imperatoris
1639 719 1693 774 in
1748 717 2064 772 beneﬁcium

483 816 649 870 dedit.
695 815 936 879 Donatus
980 821 1158 884 autem
1205 812 1256 866 in
1293 811 1400 876 vita
1445 811 1786 882 imperatoris
1812 809 2068 884 Ludovici

483 923 585 972 nec
615 905 934 962 comitatum
965 903 1190 973 recepit,
1218 917 1316 958 nec
1341 901 1407 956 de
1435 903 1760 973 proprietate
1785 916 1881 956 sua
1905 901 2065 956 ullam

484 996 793 1066 ﬁrmitatem
823 993 1140 1067 proruerqit.
1171 991 1308 1064 Post
1343 992 1548 1046 obitum
1585 992 1764 1046 domui
1815 989 2068 1054 Ludovici

483 1087 847 1156 imperatoris,
883 1087 1052 1141 diviso
1082 1101 1245 1156 regno
1279 1085 1418 1140 inter
1447 1084 1666 1155 fratres,
1690 1093 1744 1150 et
1768 1100 1900 1155 pace
1927 1082 2068 1136 facta

485 1179 627 1250 inter
656 1193 772 1250 eos,
803 1187 855 1230 et
878 1185 1096 1250 mortuo
1121 1176 1380 1244 Atthone,
1409 1175 1560 1232 dedit
1585 1175 1810 1230 Carolus
1829 1173 2066 1244 (Calvus)

485 1249 706 1340 Donato
726 1271 776 1322 in
809 1249 1126 1340 beneﬁcium
1151 1267 1528 1321 Novilliacum.
1557 1265 1816 1320 Processu
1839 1255 2070 1332 denique

486 1360 745 1430 temporis
775 1359 1188 1432 con'unendavit.
1221 1359 1460 1416 Donatus
1505 1358 1670 1428 tilium
1711 1372 1866 1418 suum
1900 1357 2072 1410 Gaze-

395 1485 402 1490 -
483 1441 821 1504 ΙιιιιιίἶιιτοΙο
870 1450 1016 1524 regi,
1061 1450 1146 1518 cui
1189 1449 1241 1506 in
1289 1448 1610 1516 beneﬁcium
1659 1449 1806 1520 dedit
1843 1447 2070 1502 Carolus

483 1542 665 1614 villam
717 1541 1072 1614 Novilliacum
1123 1557 1242 1596 cum
1298 1541 1632 1616 appcmliciis
1682 1541 1812 1604 suis.
1873 1540 2070 1596 Deinde

483 1631 765 1710 irandrada
799 1650 934 1688 uxor
963 1633 1174 1700 Donati,
1221 1636 1314 1688 sed
1359 1641 1412 1685 et
1443 1633 1535 1686 filii
1567 1647 1782 1694 eorum,
1815 1642 2070 1701 pergente

481 1723 674 1776 Carolo
707 1740 829 1793 rege
858 1725 922 1778 ad
957 1725 1281 1778 obsidendos
1310 1725 1666 1789 Normannos,
1695 1724 1782 1792 qui
1817 1724 1866 1778 in
1898 1723 2065 1778 insula

2170 525 2558 600 venerunt,_sic
2591 535 2650 578 ut
2679 525 2885 580 banni‘ti
2917 525 3150 594 fuerunt,
3185 523 3350 594 jussit
3389 535 3452 582 ut
3487 539 3758 600 praecepta

2169 597 2510 686 Carlomanni
2537 619 2590 668 et
2611 609 2808 677 Caroii,
2844 613 3016 669 sedet
3041 629 3193 678 suum
3221 624 3556 694 prteceptum
3577 633 3754 686 coram

2168 701 2281 758 suis
2311 701 2557 756 ﬁdelibus
2586 701 2638 756 in
2670 701 2906 771 generali
2938 703 3132 772 placito
3162 719 3259 758 suo
3290 707 3431 774 apud
3459 705 3754 776 Duziaeum

2169 794 2223 849 in
2255 794 2431 862 causis
2459 794 2713 864 palatinis
2737 795 3060 865 legerentur.
3089 787 3237 852 Unde
3267 797 3454 852 ﬁdeles
3480 795 3620 866 ejus,
3653 811 3754 854 tam

2169 885 2394 940 comites
2417 901 2578 955 quam
2607 885 2748 940 vassi
2781 885 3034 942 dominici
3062 903 3288 958 quorum
3310 890 3533 944 nomina
3561 892 3756 960 scripta

2171 977 2450 1052 habemus,
2479 979 2572 1033 sed
2599 987 2656 1032 et
2680 979 2861 1033 creteri
2905 995 3128 1046 omnes,
3161 981 3250 1051 qui
3283 982 3602 1046 adfuerunt,
3633 983 3758 1056 rel;-

2175 1069 2277 1124 ctis
2305 1069 2507 1124 eisdem
2539 1071 2822 1140 praeceptis
2845 1070 3240 1140 iudicaverunt.
3271 1083 3330 1126 ut
3361 1073 3682 1142 quicunque
3701 1074 3762 1125 de

2173 1159 2334 1216 rebus
2363 1165 2417 1214 et
2441 1161 2727 1230 mancipiis
2758 1162 2924 1232 ipsius
2955 1161 3092 1216 villae
3123 1162 3424 1234 No‘villiaei,
3457 1179 3559 1233 per
3587 1162 3762 1232 cujus.

2171 1266 2384 1319 cunque
2419 1261 2772 1326 pt'agt‘elttttnt,
2807 1251 2890 1320 vel
2916 1267 3244 1324 quocunque
3283 1254 3466 1318 modo,
3506 1265 3644 1324 post.
3675 1255 3761 1310 do-

2172 1341 2440 1396 nationem
2474 1342 2841 1404 Carlomanni,
2875 1360 2978 1414 qua
3005 1361 3125 1398 cum
3156 1347 3408 1416 omnibus
3429 1344 3761 1414 appendiciis

2173 1435 2308 1498 suis,
2342 1435 2425 1488 vel
2452 1451 2572 1488 cum
2605 1437 2749 1489 omni
2789 1436 3142 1514 integritate,
3177 1439 3346 1514 ipsam
3377 1439 3560 1492 villam
3591 1437 3761 1510 Novi}-

2171 1527 2386 1602 lia_cmn.
2419 1529 2558 1586 sicut
2584 1536 2706 1581 tunc
2733 1528 2784 1581 in
2811 1529 2939 1583 ﬁsco
2964 1540 3099 1594 erat,
3125 1533 3188 1583 ad
3215 1531 3514 1585 Erelesiam
3541 1531 3760 1586 Remen-

2173 1634 2283 1671 sem
2338 1620 2579 1684 tradidit,
2627 1631 2682 1674 et
2736 1617 2860 1689 po'st
2892 1621 3358 1676 confirmationem
3413 1623 3604 1676 fratris
3651 1621 3760 1690 ejus

2173 1709 2348 1764 Caroli
2399 1711 2449 1762 in
2499 1711 2884 1782 proprietatem
2926 1713 3180 1777 obtinuit,
3211 1713 3254 1768 si
3285 1715 3756 1768 commutationem

481 1829 599 1884 quc
626 1815 876 1870 Oscelsus
909 1815 1128 1882 dicitur,
1163 1815 1500 1879 residebant,
1535 1831 1654 1869 cum
1695 1816 1815 1886 aliis
1857 1815 2066 1871 defece-

2177 1800 2456 1852 Istendere
2489 1817 2591 1854 non
2639 1811 2858 1872 posset,
2903 1804 3135 1872 qualiter
3167 1820 3275 1869 res,
3316 1814 3370 1862 et
3399 1805 3669 1876 mancipia
3701 1806 3760 1860 de

481 1915 628 1958 runt.
658 1897 898 1972 Quorum
937 1906 1172 1960 honores
1199 1915 1252 1960 et
1281 1905 1636 1976 proprietates
1662 1920 1690 1958 a
1721 1904 1946 1960 Franris
1975 1921 2070 1958 au-

481 1995 632 2073 ξεί-ἠ,
653 2005 706 2049 et
731 1995 918 2048 ﬁscum
946 1995 1110 2064 redigi
1137 1994 1389 2064 judicatze
1411 2004 1556 2048 sunt.
1585 1994 1738 2048 Unde
1761 1994 2065 2064 l_.amlrada,

482 2093 536 2134 et.
580 2083 670 2134 ﬁlii
710 2084 826 2154 ejus
855 2093 1080 2139 eatenus
1120 2085 1495 2156 auctoritatem
1545 2083 1721 2138 Caroli
1775 2085 1912 2158 regis
1961 2101 2066 2140 non

481 2176 852 2248 obtinuerunt.
888 2175 963 2230 De
1000 2177 1194 2248 quibus
1229 2177 1387 2230 rebus
1418 2191 1560 2230 anno
1587 2191 1654 2228 xx
1685 2178 1831 2248 regni
1869 2177 1948 2230 sui
1975 2177 2070 2242 Ca-

488 2245 1113 2334 rolusvillam'ﬁscalem
1141 2277 1407 2341 praecepto
1443 2281 1570 2332 suo,
1621 2267 1764 2338 quod
1806 2265 2068 2321 habemus

486 2353 782 2432 thacensi
809 2356 1134 2410 monasterio
1161 2357 1326 2432 dedit.
1573 2341 1578 2344 ”

509 2441 514 2444 ’
557 2445 712 2524 Λιιιιο
747 2461 896 2499 xxxu
932 2445 1078 2517 regni
1111 2437 1200 2501 sui
1229 2448 1374 2502 venit
1401 2449 1463 2500 D.
1493 2447 1716 2503 Carolus
1747 2465 1840 2516 rex
1873 2448 2041 2520 glorio

490 2551 582 2591 sas
614 2537 665 2590 in
695 2537 970 2592 basilicam
1008 2539 1182 2594 sancti
1230 2539 1482 2611 Remigii,
1517 2541 1604 2596 ubi
1647 2533 1855 2595 ostendi
1904 2541 1954 2595 ei
1985 2541 2066 2593 lo-

481 2641 603 2680 cum
631 2626 862 2696 sepulcri
891 2627 1236 2683 Carlomanni
1285 2631 1454 2700 regis,
1503 2641 1556 2684 et
1599 2640 1864 2701 praecepta
1900 2632 2066 2699 ipsius

481 2716 822 2776 Carlomauni
853 2731 910 2772 et
941 2718 1117 2774 Caroli
1146 2721 1232 2776 avi
1273 2722 1340 2775 de
1369 2721 1494 2798 villa
1522 2721 1840 2786 Novilliaco,
1881 2732 1938 2776 et
1972 2739 2068 2775 au-

481 2819 663 2863 ctores
697 2825 974 2865 sacrorum
1014 2827 1302 2877 canonum,
1336 2813 1566 2882 qualiter
1595 2814 1853 2885 damnent
1896 2813 2068 2882 Spiri-

487 2905 573 2970 tus
602 2885 1003 2966 sancti'jndicio
1038 2915 1131 2955 eos
1175 2902 1264 2971 qui
1296 2901 1664 2976 eleemosyuas
1689 2901 2064 2970 defunctorum

487 2988 741 3054 retinent,
773 2999 825 3042 et
853 2988 1095 3044 ecelesiis
1125 2990 1336 3045 tradere
1360 2985 1728 3056 demorantur,
1752 2993 1841 3062 qui
1870 3001 1928 3046 ut
1955 2977 2068 3047 inli-

487 3077 632 3138 deies
655 3079 723 3134 ab
743 3079 986 3136 Ecclesia
1011 3081 1296 3151 abjicieudi
1316 3123 1332 3147 ,
1361 3094 1416 3136 et
1443 3082 1595 3151 quasi
1627 3093 1877 3152 egentem
1903 3099 2064 3138 neca-

2173 1890 2286 1960 ipsa
2315 1906 2440 1944 casa
2470 1891 2563 1944 Dei
2586 1889 2729 1958 jnste
2755 1901 2811 1946 et
2850 1893 3246 1970 rationabiliter
3270 1904 3606 1966 commutata
3645 1894 3762 1949 fuis-

2173 1989 2312 2044 sent,
2346 1981 2471 2049 quia
2504 1997 2607 2036 non
2638 1982 2704 2036 de
2743 1981 2872 2036 ﬁsco
2913 1985 3100 2062 regis,
3133 1986 3224 2040 sed
3270 1985 3335 2038 de
3381 1985 3760 2040 ecclesiasticis

2171 2063 2438 2136 rebus,iet
2465 2073 2746 2143 mancipiis
2771 2089 2867 2140 per
2893 2075 3233 2130 donationem
3260 2076 3522 2142 obtinuit,
3551 2085 3609 2130 ut
3641 2079 3758 2146 ipse

2171 2177 2270 2234 res.
2301 2173 2357 2216 et
2399 2165 2703 2240 mancipia,
2753 2181 2871 2234 qu:e
2915 2171 2981 2220 de
3025 2167 3150 2220 villa
3199 2167 3498 2223 Nov-illiaco
3545 2171 3756 2224 obtenta

2171 2249 2409 2316 fuerunt,
2439 2253 2504 2307 ad
2537 2253 2722 2324 ipsam-
2743 2271 2923 2310 casam
2956 2255 3050 2310 Dei
3083 2239 3518 2328 reStitnercntur,
3547 2258 3683 2312 sieut
3709 2258 3755 2312 in

2170 2354 2442 2414 praecepto
2483 2347 2844 2402 restitutionis
2889 2347 3055 2417 ipsius
3087 2349 3148 2402 Ι).
3181 2347 3380 2422 Carot’t,
3414 2351 3562 2420 quod
3605 2350 3758 2405 hahe-

2171 2449 2324 2512 mus,
2351 2435 2560 2510 plenius
2586 2436 2912 2512 continetur.

2241 2523 2344 2576 Sed
2373 2527 2594 2594 quando
2619 2526 2675 2579 Ι).
2723 2527 2952 2586 Carolus
2993 2526 3216 2602 Romam
3263 2531 3544 2602 perrexit,
3597 2539 3650 2586 et
3695 2531 3752 2585 D.

2168 2611 2473 2668 Ludovicus
2528 2613 2694 2669 frater
2749 2617 2865 2686 ejus
2922 2619 2988 2671 ad
3039 2619 3369 2675 Attiniacum
3422 2622 3604 2686 venit,
3666 2635 3758 2692 per

2169 2705 2430 2774 quosdam
2457 2721 2524 2762 ex
2551 2707 2750 2762 nostris
2787 2707 2928 2777 apud
2974 2709 3226 2764 domnam
3271 2712 3576 2776 Riebildem
3627 2716 3756 2784 regi-

2171 2810 2315 2858 nam,
2345 2804 2399 2849 et
2431 2797 2572 2865 apud
2623 2797 2682 2850 D.
2719 2797 3046 2853 Ludovicum
3077 2800 3242 2854 ﬁlium
3291 2803 3354 2872 ι).
3399 2803 3581 2858 Caroli
3623 2805 3752 2873 regis

2167 2885 2520 2948 obtinuerunt
2549 2887 2736 2943 Donati
2781 2897 2834 2944 et
2865 2889 3163 2946 Landradre
3211 2892 3323 2958 filii,
3375 2903 3432 2948 ut
3486 2895 3612 2948 villa
3657 2894 3752 2949 Νο-

2169 2975 2438 3029 villiacum
2465 2993 2584 3031 cum
2605 2979 2717 3032 suis
2739 2981 3070 3050 appendiciis
3093 2982 3170 3036 eis
3193 2987 3630 3054 consignaretur,
3655 3002 3750 3040 non

2173 3065 2515 3124 attendentes
2575 3067 2702 3136 quia
2765 3069 2912 3124 sicut
2985 3070 3050 3126 in.
3095 3071 3345 3141 capitulis
3393 3073 3751 3143 Augustorum

493 3178 659 3233 tores,
685 3187 782 3225 nec
805 3173 1089 3228 credentes
1113 3173 1376 3242 judicium
1414 3173 1533 3237 Dei,
1569 3174 1798 3228 habendi
1820 3173 2066 3244 judican-

2177 3154 2432 3224 scriptum
2469 3157 2714 3222 habetur,
2742 3159 2874 3214 tales
2900 3161 2966 3214 de
2988 3161 3128 3232 regis
3165 3163 3522 3232 proprietate,
3549 3175 3606 3218 ut
3633 3165 3748 3219 inﬁ-

485 3267 592 3314 tur.
633 3262 699 3334 Et
749 3264 980 3318 reddidit
1027 3273 1295 3334 prtecepto
1345 3281 1456 3319 sua:
1493 3255 1869 3336 auctoritatis,
1923 3267 2063 3336 quod

485 3347 768 3416 habemus,
800 3351 1054 3406 Remensi
1087 3352 1338 3406 Ecclesia:
1373 3354 1544 3424 ipsam
1579 3355 1756 3407 villam
1797 3370 1917 3408 cum
1948 3371 2066 3408 om-

485 3441 668 3507 nibus,
698 3443 764 3500 ad
792 3459 852 3497 se
875 3446 1290 3520 pertinentibus,
1332 3447 1491 3520 quam
1523 3456 1648 3502 tunc
1675 3449 1914 3502 Bernans
1942 3459 2064 3519 post

487 3529 712 3584 fratrem
739 3546 892 3585 suum
925 3533 1234 3588 Rotbanum
1265 3535 1316 3588 in
1346 3536 1604 3590 beneﬁcio
1635 3538 1883 3592 habebat.

559 3621 749 3676 Postea
799 3625 1047 3693 pervenit
1095 3625 1160 3680 ad
1205 3625 1318 3694 ejus
1363 3629 1607 3682 notitiam
1654 3631 1795 3698 quod
1843 3631 2063 3700 quidam

487 3714 734 3770 homines
771 3716 838 3771 de
875 3717 988 3786 ipsa
1017 3719 1143 3772 villa
1176 3719 1472 3776 Novilliaco
1501 3737 1596 3791 per
1623 3723 2020 3793 subreptionem
2047 3763 2064 3788 ,

489 3815 618 3864 tam-
641 3808 780 3878 apud
812 3820 1018 3878 patrem
1049 3827 1204 3866 suum
1222 3853 1242 3888 ,‘
1283 3829 1442 3883 quam
1483 3823 1540 3868 et
1577 3815 1716 3884 apud
1747 3831 1868 3869 eum
1901 3831 1986 3870 res
2015 3823 2069 3869 et

486 3901 753 3968 mancipia
805 3902 856 3954 in
907 3898 1292 3972 proprietatem
1327 3905 1545 3960 obtenta
1598 3915 1875 3970 tenerent,
1925 3905 2070 3959 Lan-

489 3989 655 4046 drada
704 3992 912 4048 scilicet
961 4010 1097 4050 uxor
1131 3997 1402 4066 quondam
1449 3997 1639 4054 Donati
1685 3997 2067 4062 Cuntharinis,

485 4077 638 4150 llugo
657 4090 712 4134 et
741 4081 1055 4146 Waltrudis,
1084 4095 1136 4140 et
1161 4087 1492 4155 Elampodus
1517 4089 1656 4142 ﬁlius
1681 4089 1817 4158 ejus,
1846 4088 2072 4143 Rotherv

486 4180 598 4234 lus,
631 4179 684 4224 et
712 4172 873 4236 Raso,
905 4175 1053 4228 misit
1076 4191 1202 4230 suos
1231 4177 1425 4232 missos
1446 4179 1510 4230 ad
1539 4179 1644 4232 hoc
1667 4179 2065 4250 inquirendum,

485 4250 546 4318 et
587 4261 640 4316 iu
687 4262 982 4332 quaestione
1015 4268 1154 4322 facta
1175 4309 1188 4332 ,
1222 4279 1278 4324 et
1301 4270 1529 4323 veritate
1551 4311 1566 4334 ,
1616 4271 1760 4328 sicut
1786 4273 1836 4326 ei
1865 4272 2066 4328 dictum

515 4409 1029 4432 .-————-—_

2172 3247 2320 3318 delcs
2351 3247 2626 3316 iudicandi
2665 3259 2811 3316 sunt,
2838 3261 2892 3306 et
2915 3263 3211 3307 secundum
3251 3253 3397 3325 leges
3423 3255 3752 3312 ecclesiasti-

2171 3355 2263 3394 cas
2292 3339 2358 3393 de
2391 3339 2550 3394 rebus
2576 3341 2960 3398 ecclesiasticis
2982 3345 3249 3416 sacrilegii
3281 3345 3623 3415 iudicantur.

2243 3427 2512 3484 Reversus
2535 3441 2714 3494 autem
2753 3433 2816 3486 D.
2857 3431 3082 3488 Carolus
3121 3435 3416 3504 imperator
3441 3435 3642 3492 Remos
3667 3453 3750 3502 rq-

2169 3521 2344 3585 niens,
2379 3535 2501 3589 cum
2547 3519 2649 3574 tale
2678 3519 2880 3576 factum
2907 3523 3130 3587 audivit,
3181 3525 3312 3578 satis
3349 3527 3594 3595 graviter
3623 3527 3748 3588 tulit,

2171 3623 2222 3668 et
2251 3611 2394 3665 misit
2423 3627 2547 3666 suos
2578 3615 2811 3669 missos:
2843 3614 2932 3683 qui
2975 3614 3178 3670 scilicet
3209 3615 3408 3670 dictam
3441 3617 3624 3670 villam
3651 3617 3748 3670 Re-

2175 3705 2344 3759 mensi
2379 3703 2635 3759 Ecclesia:
2659 3713 2714 3759 et
2739 3706 3596 3776 advocatonostrorestituerunt,
3623 3709 3748 3764 sicut

2175 3797 2386 3868 plenius
2412 3797 2672 3867 scriptum
2705 3798 2984 3863 habemus,

2248 3907 2352 3961 Hic
2395 3909 2702 3978 sequebatur
2744 3910 2962 3978 epistola
3003 3913 3099 3965 Iwc
3149 3911 3300 3964 titulo
3329 3927 3347 3964 :
3382 3912 3610 3968 Joannis
3653 3913 3747 3968 Vili

2174 3994 2326 4050 papa:
2355 3978 2524 4042 jussio
2554 3981 2618 4032 de
2644 3981 2942 4050 ordinando
2967 3983 3221 4050 episcopo
3253 3983 3302 4034 in
3351 3983 3596 4038 Ecclesia
3625 3983 3748 4037 Lan—

2177 4049 2403 4102 tlunensi
2433 4061 2678 4103 vacante.
2716 4049 3036 4116 Quamqnia
3086 4049 3297 4109 scito/iis
3339 4055 3534 4105 nostris
3571 4056 3638 4106 ad
3671 4070 3746 4104 ta-

2173 4130 2264 4187 pnt
2292 4119 2584 4172 vicesimum
2607 4120 2910 4188 secundant,
2941 4120 3073 4176 libra
3095 4121 3267 4187 tertio,
3299 4123 3637 4189 insanimus,
3661 4125 3744 4175 hac

2165 4189 2289 4258 joco
2316 4189 2781 4259 prwtermittimns.

1131 4569 1773 4662 DECRETUM
1845 4573 2190 4663 CLERI
2271 4575 3104 4667 LAUDUNENSIS

1599 4761 1685 4822 De
1713 4759 2065 4843 Hcdenulfo
2099 4761 2286 4823 electo
2325 4764 2641 4843 episcopo.
