3872 5326
135 335 221 390 313

1502 330 1860 413 arrcsotx.

3282 329 3386 389 ιιι

133 445 243 517 eligi
272 463 286 498 :
319 459 391 511 ne
431 443 620 525 civitas
647 460 749 501 non
788 452 1029 518 optatum
1065 444 1396 515 episcopum,
1442 452 1533 498 aut
1563 460 1695 499 con-
1722 442 1770 508 Α
1800 441 2107 523 gimus,p_er
2126 454 2319 497 manus
2345 447 2576 507 vestras,
2600 454 2664 496 ac
2690 447 3008 525 caeterorum
3028 450 3225 498 vestrae
3246 426 3387 517 dim-:-

135 543 348 598 temnat,
386 520 736 601 aut‘oderit,
784 544 838 590 et
887 535 983 591 fiat
1020 537 1199 591 minus
1248 535 1496 605 religioSa
1534 551 1697 607 quam

132 624 389 687 convenit,
420 626 504 680 cui
538 642 643 680 non
674 626 824 681 licuit
843 626 1044 682 habere
1066 642 1226 697 quem
1255 626 1442 686 voluit.
1479 624 1538 680 Hi
1570 641 1699 681 vero

129 718 211 788 qui
234 717 533 770 ordinatori
564 726 709 782 sunt,
745 718 797 771 in
843 732 1003 787 quem
1026 717 1261 772 viderint
1302 718 1542 772 omnium
1570 726 1694 773 vota

126 807 435 889 propensius
458 807 807 873 concordare,
834 807 1080 883 protinus
1116 806 1446 887 liberiusque
1479 805 1554 889 illi
1582 823 1695 863 ma-

127 914 217 954 nus
238 898 521 968 imponere
543 898 768 968 possint.
1344 920 1349 925 ·

187 989 523 1059 Quapropter
548 1006 670 1045 cum
716 990 936 1045 decreto
961 998 1160 1067 nostra!
1188 990 1473 1046 electionis
1519 989 1693 1045 mani-

123 1079 211 1133 bus
238 1078 573 1148 singulorum
604 1068 791 1155 nostro
820 1081 1171 1136 eorroborato
1201 1081 1268 1134 ad
1313 1081 1691 1152 paternitatem

124 1178 338 1223 vestram
387 1168 750 1236 accedentes,
792 1169 1145 1226 Hedenull’nm
1187 1170 1443 1227 Ecclesiae
1493 1180 1690 1227 nostra:

123 1260 294 1325 lilium,
316 1271 374 1313 et
410 1260 467 1317 in
501 1260 743 1322 Ecclesia
782 1273 967 1318 nostra
1014 1264 1436 1335 suifragantibus
1488 1265 1690 1335 stipen-

123 1352 308 1406 diorum
335 1353 549 1408 meritis
572 1354 639 1406 ad
664 1369 800 1409 onus
818 1369 990 1425 usque
1012 1354 1344 1410 sacerdotale
1357 1369 1685 1427 promotum,

120 1447 214 1501 vita
248 1456 300 1502 et
345 1448 616 1515 moribus,
643 1465 707 1505 ae
757 1460 943 1506 sancta
975 1452 1387 1507 conversatione
1436 1452 1686 1507 idoneum

122 1538 474 1607 approbatum.
524 1556 683 1610 quem
714 1556 811 1612 per
862 1542 1136 1597 licentiam
1163 1552 1419 1605 vestram,
1467 1542 1687 1601 favente

121 1628 569 1685 Cbristianissimo
622 1632 948 1708 imperatore
981 1632 1198 1698 Carolo,
1252 1634 1369 1703 pari
1415 1648 1684 1690 consensu

1798 550 1985 591 ceseos
2008 543 2317 589 sanctorum
2347 534 2720 604 episcoporum
2751 534 3080 596 consecrari,
3114 533 3380 592 nobisque

1797 636 1853 683 et
1876 626 2120 681 ecclesia:
2146 634 2343 680 nostra:
2373 626 2648 681 doctorem
2684 636 2847 696 atque
2873 626 3187 696 pontiﬁcem
3228 627 3383 695 instie

1797 719 1874 773 tui
1913 717 2285 787 imploramus,
2332 729 2640 789 precamur,
2701 733 2766 773 ac
2810 720 3065 790 petimus.
3120 718 3383 789 Eligimus

1798 819 1977 865 autem
2019 825 2139 864 eum
2173 809 2327 879 nobis
2368 807 2482 863 fore
2509 819 2802 879 pastorem,
2852 826 3014 881 quem
3071 810 3380 881 apostolicte

1798 901 2005 965 formce,
2038 916 2144 971 qua
2177 900 2489 972 episcopum
2532 909 2780 956 ornatum
2822 901 2882 954 Β.
2913 901 3111 961 Paulus
3138 915 3260 957 esse
3281 884 3378 956 de-i

1795 991 1924 1046 bere
1958 991 2316 1050 demonstrat.
2347 1005 2668 1061 congruere,
2702 999 2757 1045 et
2799 991 2972 1046 sacris
3014 1006 3120 1046 non
3158 990 3380 1052 obviare

1795 1082 2114 1148 canonibus,
2167 1081 2369 1137 Christi
2418 1081 2593 1152 gratia
2651 1090 2979 1160 cooperante
3029 1078 3375 1135 conﬁdimus.

1793 1173 2024 1230 Oramus
2081 1184 2325 1246 sanctam
2379 1171 2759 1242 paternitatem
2809 1180 3047 1226 vestram
3112 1184 3259 1226 nunc

1791 1277 2007 1332 semper
2035 1262 2088 1316 in
2115 1261 2334 1315 Christo
2356 1260 2494 1316 bene
2521 1259 2720 1316 valere.

1863 1356 2056 1411 Actum
2096 1368 2127 1405 ν
2153 1352 2375 1406 Kalend.
2406 1350 2627 1419 Aprilis,
2658 1350 2710 1404 in
2744 1348 2965 1403 basilica
3012 1355 3214 1402 sancta
3262 1344 3384 1419 Περὶ

1790 1449 1907 1515 tim,
1954 1446 2233 1518 genitricis
2281 1443 2373 1498 Dei
2402 1452 2455 1496 et
2500 1442 2710 1496 Domini
2757 1441 2925 1495 nostri
2973 1439 3099 1495 Iesu
3146 1438 3374 1516 Christi,

1789 1554 1933 1595 anno
1960 1536 2342 1593 incarnationis
2385 1533 2595 1588 Domini
2624 1532 2790 1587 nostri
2830 1532 2959 1588 Jesu
3004 1531 3207 1587 Christi
3245 1530 3374 1599 877,

1787 1633 1938 1703 regni
1974 1629 2156 1685 domui
2180 1628 2355 1686 Caroli
2382 1626 2724 1697 imperatoris
2756 1641 2966 1691 xxxvii,
2993 1639 3058 1679 ac
3087 1621 3299 1693 imperii
3330 1635 3374 1691 t,

122 1732 175 1771 ac
196 1717 443 1774 concordi
476 1720 783 1787 devotione,
804 1730 966 1792 atque
987 1723 1242 1778 unanima
1269 1723 1552 1780 voluntate
1587 1724 1684 1780 eli-
1710 1758 1757 1819 Β
1788 1724 2084 1783 indictione
2117 1738 2193 1779 ιι.

143 1893 2159 1918 m

2284 1880 3367 1913 _.____————.——-—.

1015 2037 1358 2112 INCERTI,
1403 2038 1552 2099 SE1)
1595 2037 1930 2125 ANTIQUI
1973 2036 2435 2099 SCRIPTORIS

559 2219 851 2302 Ejusdem
885 2219 1177 2283 Ecclesia:
1204 2221 1512 2283 Rcmenst’s
1543 2219 1857 2297 canonici,
1895 2219 2007 2300 qui
2041 2217 2475 2281 Flodoardum
2504 2217 2890 2280 breviuverat

589 2424 1417 2559 APPENDICULA
1485 2427 2100 2520 IIISTORIIE
2178 2423 2904 2518 FLODOARDI.

168 2812 421 2869 Hactenus
448 2813 518 2868 de
546 2812 906 2870 Remeusibus
927 2815 1351 2887 archiepiscopis
1374 2818 1670 2873 secundum

113 2905 423 2985 traditionem
468 2907 774 2972 Flodoardi,
827 2908 1096 2983 quomodo
1148 2924 1287 2963 unus
1339 2918 1461 2985 post
1508 2910 1671 2965 alium

111 2996 335 3059 surrexit,
359 2998 738 3053 narrationem
766 2998 1106 3069 digessimus.
1134 2996 1287 3060 Nunc
1318 3016 1448 3057 vero
1483 3003 1547 3057 de
1569 3017 1673 3056 ca:-

1780 2814 1847 2871 de
1872 2822 2038 2885 stirpe
2063 2812 2179 2884 ejus
2205 2814 2349 2870 illam
2372 2823 2745 2884 pervaserant,
2785 2824 2840 2870 et
2883 2802 3215 2872 ltzereditatis
3238 2815 3364 2887 jure

1778 2903 1923 2960 illam
1955 2903 2053 2959 sibi
2083 2904 2357 2959 vindicare
2388 2903 2658 2960 volebant.
2702 2905 2940 2972 Quorum
2978 2907 3116 2961 nisui
3146 2922 3364 2963 venera-

1778 2994 1902 3049 bilis
1933 2995 2285 3064 archiprzesul
2312 2993 2614 3061 Odalricus,
2642 3005 2703 3050 ut
2729 2996 2813 3049 vir
2838 2996 3034 3071 nobilis
3060 3006 3111 3053 et
3144 3005 3357 3067 potens,

110 3086 216 3139 teris
238 3088 323 3156 qui
353 3097 479 3157 post
508 3087 797 3144 Flodoardi
846 3090 1126 3146 decessum
1175 3091 1534 3154 exstiterunt,
1582 3109 1665 3149 se-
1694 3089 1738 3152 C
1771 3086 1997 3141 viriliter
2025 3087 2243 3149 restitit,
2272 3096 2320 3140 et
2345 3087 2658 3155 praalietam
2683 3087 2872 3140 vallem
2900 3088 2965 3140 a:l
2984 3085 3073 3157 jus
3103 3087 3359 3145 Ecclesia:

109 3179 310 3232 ctuuium
352 3183 500 3260 quod
532 3197 560 3235 a
602 3181 899 3257 majoribus
924 3183 1247 3249 audivimus,
1279 3201 1372 3240 seu
1417 3189 1559 3256 quod
1613 3188 1665 3242 in

108 3267 315 3336 antiquis
336 3269 548 3324 chartis
568 3271 888 3340 reperimus,
912 3273 1214 3343 opitulante
1238 3276 1365 3338 Deo,
1385 3277 1665 3347 preclibato

105 3359 229 3423 operi
256 3360 631 3417 adnectemus.
672 3362 937 3420 Praefatus
967 3367 1244 3431 Artoldus,
1272 3370 1340 3424 de
1380 3370 1535 3438 cujus
1574 3372 1665 3427 de-

104 3462 237 3501 cessu
284 3450 332 3503 in
367 3450 515 3506 libro
555 3452 840 3510 Flodoardi
893 3458 1026 3512 nihil
1083 3459 1336 3525 habetur,
1388 3463 1665 3519 abbatiam

105 3539 252 3592 sancti
275 3539 571 3607 Timothei,
600 3560 720 3613 qua:
746 3562 916 3617 usque
940 3548 1005 3602 ad
1030 3549 1159 3606 illud
1189 3560 1394 3620 tempus
1429 3554 1664 3610 Remen-

104 3624 220 3679 sinm
269 3629 646 3700 episcoporum
699 3637 1003 3704 exstiterat,
1048 3652 1237 3697 saneto
1284 3643 1549 3715 Remigio,
1597 3646 1665 3701 de

102 3716 232 3784 cujus
252 3723 503 3777 ccenobio
525 3735 832 3796 assumptus
856 3728 1053 3795 fuerat,
1079 3732 1326 3787 contulit.
1359 3734 1457 3789 Hic
1480 3744 1661 3789 autem

101 3823 203 3859 rutn
231 3825 320 3878 per
344 3813 570 3885 triginta
595 3831 765 3871 annos
797 3818 849 3872 in
883 3820 1047 3874 multa
1098 3822 1449 3891 adversitate,
1489 3837 1543 3881 et
1572 3826 1664 3881 alt-

100 3900 285 3987 g-taudo
326 3904 379 3958 in
426 3907 842 3979 tranquillitate,
893 3909 1214 3967 iietnensem
1246 3915 1522 3971 dimcesim
1554 3930 1662 3987 'gn—

99 3984 375 4053 tentasset.
400 3994 674 4052 universae
693 3999 878 4055 carnis
899 4002 1038 4056 viam
1072 4003 1178 4058 ﬁne
1204 4005 1348 4060 bono
1386 3984 1661 4075 ingressus

96 4087 179 4133 est.
206 4081 318 4149 Quo
340 4087 623 4154 defuncto,
655 4092 884 4150 domnus
915 4095 1218 4165 Odalricus,
1249 4102 1334 4156 vir
1369 4104 1563 4160 nobilis
1606 4114 1661 4161 et

97 4168 354 4243 honestus,
372 4182 685 4249 pontificale
706 4200 844 4242 onus
867 4192 1133 4261 suscepit;
1150 4192 1217 4249 de
1233 4194 1387 4265 cujus
1406 4198 1659 4268 operibus

94 4274 242 4356 Pauca
269 4272 409 4339 apu'd
438 4288 541 4329 nos
567 4289 910 4335 monumenta
939 4281 1221 4340 habentur.
1249 4285 1439 4356 Liquet
1479 4298 1656 4345 tamen

92 4353 197 4419 quia
227 4357 333 4427 ipse
366 4362 630 4419 Ecclesia:
674 4366 927 4425 Remensi
956 4372 1135 4427 villam
1168 4353 1540 4441 Vindenissam
1569 4381 1660 4436 de-

92 4442 172 4499 dit.
196 4445 296 4504 Pro
325 4452 482 4522 cujus
519 4454 802 4525 largitione
844 4461 1089 4518 beneﬁcii
1141 4465 1192 4519 in
1232 4479 1496 4524 conventu
1543 4470 1654 4525 Be-

1770 3176 2053 3233 Remensis
2102 3175 2325 3229 liberam
2362 3177 2655 3232 revocavit.
2700 3177 2853 3244 Quod
2899 3186 2958 3230 ut
3014 3188 3356 3247 posterorum

1768 3269 1973 3322 notitia:
2002 3266 2341 3322 manifestius
2365 3267 2478 3334 ﬁat,
2516 3268 2784 3338 prmdicttc
2810 3268 2964 3323 vallis
2986 3268 3353 3335 donationem,

1764 3356 1823 3414 et
1852 3359 1925 3413 rei
1952 3367 2117 3429 gestae
2143 3359 2403 3429 scriptum
2443 3360 2759 3415 memoriale
2802 3360 2928 3416 huic
2961 3361 3172 3433 paginae
3220 3359 3355 3417 assi-

1768 3467 2011 3523 guemus.

1784 3577 1811 3634 7"
1843 3580 1863 3613 ι
1893 3562 2171 3618 Universis
2198 3578 2335 3633 pene
2359 3565 2524 3620 totius
2546 3564 2791 3620 Francia:
2822 3562 3353 3634 primatibusliquet,

1765 3631 2043 3705 Iittgonem
2060 3631 2219 3686 nobili
2236 3636 2479 3704 prosapia
2494 3635 2732 3705 genitum
2746 3631 3008 3703 ,in'prinao
3022 3631 3353 3705 ﬂiirejttven-

1766 3703 2054 3761 tutis,cunt
2083 3705 2242 3756 sciret
2273 3705 2373 3757 sibi
2398 3703 2773 3773 supervenisse.
2793 3707 2860 3756 ah
2885 3706 2985 3758 hoc
2999 3703 3352 3758 saeculodiem

1764 3773 2111 3841 egressionis,
2154 3773 2280 3827 licet
2324 3789 2435 3829 sum
2462 3775 2789 3828 conditionis
2825 3773 3082 3842 plurimos
3106 3773 3351 3842 invenire

1764 3852 1946 3911 posset
1996 3842 2372 3909 heredipetas,
2428 3843 2592 3897 Deum
2648 3852 2758 3897 toto
2806 3844 3002 3896 tuentis
3042 3841 3347 3911 conamine,

1763 3910 1988 3980 ejusque
2027 3921 2244 3965 sanctos
2271 3929 2334 3966 ex
2367 3912 2690 3978 patrimonio
2731 3912 2922 3965 fecisse
2950 3910 3209 3967 hrcredes.
3244 3910 3345 3977 Qui

1764 3981 1817 4034 iu
1848 3983 2025 4049 primo
2067 3996 2180 4034 sua:
2219 3982 2589 4050 dispositionis
2616 3984 2840 4035 exordio
2868 3983 3038 4036 beata:
3064 3981 3155 4034 Dei
3203 3980 3349 4050 geni-

1764 4051 1930 4106 tricis.
1957 4065 2276 4119 semperqne
2299 4049 2521 4120 virginis
2553 4052 2757 4114 Mariae,
2788 4051 3027 4107 Dominae
3069 4064 3135 4105 ac
3171 4049 3348 4105 domi-

1761 4122 1989 4176 nutricis
2043 4132 2243 4191 nostrae
2291 4122 2594 4191 praesidium
2659 4123 2947 4184 invocans,
3002 4120 3221 4191 tradidit
3276 4120 3347 4191 ad

1761 4205 2004 4246 mensam
2037 4188 2305 4257 fratrum,'
2333 4193 2439 4246 Deo
2467 4191 2689 4260 ejusque
2721 4192 3058 4246 intemerata:
3099 4188 3255 4244 Matri
3287 4189 3344 4245 in

1761 4260 2016 4315 Ecclesia:
2060 4260 2313 4315 Remensi
2359 4264 2551 4317 devote
2592 4262 2990 4326 l‘atnulantium,
3019 4268 3343 4331 potestatem

1801 4333 2050 4385 namdam
2083 4331 2236 4404 vallis
2277 4331 2593 4404 Rodigiouis
2642 4349 2673 4386 a
2728 4332 2900 4404 rivulo
2956 4330 3051 4402 per
3103 4330 3341 4404 medium

1798 4412 2085 4456 ecnrrente
2110 4402 2267 4471 vulgo
2299 4400 2681 4472 nuncupatam,
2709 4413 2767 4457 ut
2806 4402 2858 4457 in
2888 4400 3075 4457 eadem
3102 4400 3343 4472 Ecclesia

1681 4468 1731 4529 D
1759 4470 1928 4539 ipsius
1954 4472 2103 4526 home
2128 4468 2323 4527 indolis
2349 4475 2446 4528 viri
2479 4468 2766 4528 haberetur
2793 4472 3071 4526 memoria.
3109 4470 3261 4526 Unde
3286 4477 3343 4525 et

90 4535 238 4627 uictisi
268 4543 533 4598 memoria
559 4546 676 4615 ejus
702 4552 979 4607 annuatim
1016 4556 1291 4611 recolitur.
1335 4558 1453 4627 Ipso
1489 4562 1651 4616 etiam
1756 4535 1878 4622 ῐίθδί
1901 4543 2017 4611 (⁵5⁸⁸⁸
2047 4543 2250 4627 03‘5th
2277 4544 2497 4627 δ”ἱηθδίδ
2521 4542 2804 4627 “verram
2830 4542 3034 4627 llaﬁiui‘"
3061 4549 3171 4627 es“.
3197 4541 3341 4620 “"5”:

89 4620 302 4721 dim-pro
329 4634 530 4690 anima:
561 4636 680 4707 ejus
708 4643 965 4708 remedio,
1010 4646 1200 4715 viginti
1244 4620 1478 4719 qttaiuor
1518 4668 1651 4721 pau-

88 4716 281 4811 peribus
330 4723 529 4811 singuli
584 4743 789 4797 panes,
842 4734 1175 4807 totidemque
1229 4716 1335 4793 vini
1381 4716 1645 4811 metretae,

87 4804 254 4901 singuli
297 4810 464 4865 etiam
510 4813 720 4871 denarii
751 4804 1166 4881 distribuuntur.
1209 4827 1469 4884 Przedicta
1516 4804 1646 4887 vero

86 4891 190 4992 villa
215 4896 267 4951 in
296 4908 446 4957 terra
476 4907 690 4963 comitis
718 4909 1136 4981 Registestensis
1178 4919 1285 4974 sita
1331 4929 1436 4985 est,
1481 4938 1642 4992 quam

82 4983 426 5100 magi—rites
456 4992 712 5100 Guite'rus
758 5003 995 5073 nomine,
1021 5006 1120 5061 sub
1143 5016 1388 5065 trecensu
1422 4983 1641 5082 triginta

200 5078 529 5108 αλιι-αμα...
554 5106 561 5107 γ
597 5084 765 5114 διε-δ
812 5102 1210 5124 --ΔΑΑΑ--Α....-..
1250 5116 1464 5130 -..ει-...ιιι
1509 5116 1610 5132 ολ...

1754 4607 1943 4679 ipsam'
1980 4607 2367 4665 ecclesiamet
2411 4615 2669 4681 quosdam
2720 4610 2930 4680 praefati
2982 4609 3206 4681 illustris
3234 4607 3337 4661 viri

1752 4678 2058 4749 parentum.
2083 4681 2290 4745 Quibus
2311 4678 2661 4738 vehementer
2691 4678 2977 4735 resistente
3014 4678 3234 4749 domino
3268 4691 3335 4749 ac

1752 4744 2041 4804 venerabili
2071 4744 2323 4804 Utlalrico
2352 4752 2612 4811 antistite,
2644 4765 2831 4804 eornm
2863 4748 3231 4807 controversia
3263 4744 3336 4800 ad

1750 4820 1974 4873 nihilum
2000 4819 2218 4875 redacta
2249 4821 2300 4872 in
2332 4819 2476 4873 nullo
2496 4820 2667 4889 potuit
2689 4819 2970 4889 prolicere.
2995 4817 3335 4889 Quapropter

1749 4904 1854 4943 non
1886 4891 2155 4943 innueritn
2188 4890 2300 4944 licri
2327 4885 2743 4953 debet'ecnseri,
2768 4889 2812 4943 si
2847 4888 2987 4942 illius
3014 4885 3332 4955 cujusquam

1746 4959 2054 5035 propaginis
2086 4961 2437 5035 petitionibus
2463 4960 2903 5035 accommodatior
2923 4959 3093 5012 auris.
3128 4955 3331 5035 ideirco

1745 5027 1932 5083 notum
1962 5028 2031 5099 sit
2062 5032 2316 5084 omnibus
2346 5032 2725 5099 prmsentibus,
2763 5029 2970 5085 scilicet
3019 5044 3102 5099 ac;
3136 5027 3332 5099 futuris

1744 5110 1944 5140 animt-I-
1975 5098 2263 5140 Πριιιριιςίε
2294 5088 2544 5140 Ιίιῖι-Ιιιςίειδ
2574 5100 2851 5140 nan-nninic
2898 5097 3193 5140 mnnnnliic,
3234 5088 3330 5140 lai-
