3872 5326
495 336 603 398 ιιό

1135 333 1223 388 AD
1263 335 1635 393 IIISTORMM
1676 335 2400 411 REMENSIS‘ECCLESUE
2439 339 2836 412 APPENDIX.’

3665 345 3782 414 HG

493 449 768 536 _Sevli'valdi
797 449 982 532 _eurtis
1008 459 1314 532 nuncupata
1339 491 1356 512 ,
1391 467 1525 536 cum
1563 451 1694 504 silva
1741 459 1798 506 et
1850 449 2074 532 dimidio

2201 457 2598 536 idluerentjhus,
2617 457 2686 512 -ἱιι
2719 469 2911 536 manus.
2935 470 3132 536 eorum
3163 473 3276 534 pro
3321 461 3510 536 debito
3531 464 3776 536 degibus

495 523 668 578 hrolio
699 521 764 574 ad
797 521 966 590 ipsum
1001 521 1295 588 aspicicntc
1328 536 1342 574 :
1391 521 1462 574 ita
1495 521 1774 578 duntaxat.
1824 531 1881 574 ut
1925 519 2075 590 porci

498 594 554 648 in
585 591 769 647 eodem
805 589 1121 644 mansionilc
1152 589 1477 661 degentium,
1502 601 1556 644 et
1583 591 1651 643 illi
1683 593 1772 660 qui
1804 607 1924 645 cum
1956 607 2080 660 por-

499 665 576 718 cis
605 662 992 716 canonicirum
1018 661 1390 722 Remensium,
1427 662 1515 730 qui
1538 671 1682 715 'suut
1718 672 1896 716 tamen
1923 661 2081 714 fami-

497 733 712 788 liarium
743 747 954 794 eorum,
1013 731 1137 802 illnc
1185 732 1329 786 ducti
1381 731 1602 802 fuerint,
1655 733 1862 786 fructus
1915 731 2082 801 sylva:

497 804 807 872 depascunt,
841 801 1150 872 hominibus
1194 817 1408 872 quoque
1448 809 1597 858 extra
1632 811 1952 871 potestatem
1985 803 2082 864 ile-,-

497 871 790 940 gentibus:
837 871 902 926 de
951 871 1160 942 reliquo
1189 871 1318 926 vero
1365 873 1592 928 licenter
1619 873 1764 926 salva
1815 880 2082 941 potestate

499 946 701 998 faceret
735 941 896 996 veluti
946 944 1012 996 de
1063 945 1300 1014 proprio.
1358 943 1524 1014 Cujus
1559 944 1804 996 voluntas
1855 957 1976 996 cum
2027 943 2078 995 in

497 1013 648 1068 nullo
679 1014 1076 1067 rationabiliter
1097 1013 1356 1083 refragari
1389 1023 1588 1083 posset,
1611 1014 1750 1081 quod
1775 1014 2084 1082 postulabat

497 1084 751 1147 obtinuit,
777 1083 976 1137 factum
1005 1099 1134 1137 vero
1171 1084 1366 1136 litteris
1395 1086 1668 1138 memoriae
1709 1083 1950 1142 tradidit,
1979 1084 2084 1136 Ac-

500 1163 612 1210 tum
664 1155 843 1206 “t'II'IlS
895 1171 1036 1207 anno
1087 1171 1176 1206 xiv
1231 1154 1485 1208 Lolbario
1541 1170 1686 1224 rege,
1744 1154 2085 1224 episcopatus

499 1225 679 1278 domui
718 1223 954 1278 Odalrici
986 1225 1372 1292 archiepiscopi
1403 1237 1572 1278 sexto.
1626 1225 1808 1279 Sancti
1847 1223 2084 1278 Odalrici

500 1295 918 1364 archiepiscopi,
973 1294 1127 1362 cujus
1179 1295 1390 1348 lii-entia
1450 1305 1612 1364 atque
1661 1309 1926 1348 consensu
1986 1295 2087 1348 hoc

497 1366 758 1434 scriptum
805 1367 1139 1426 factumest,
1186 1367 1327 1433 quod
1387 1373 1442 1420 et
1503 1367 1617 1433 ipse
1672 1381 1832 1418 manu
1871 1364 2086 1433 propria

502 1437 758 1559 prniavit,
793 1437 1149 1507 manibusque
1179 1435 1452 1498 nobilium
1472 1436 1710 1490 virorum
1735 1435 2084 1508 corroborari

525 1516 649 1559 cett.
687 1526 706 1559 ι

525 1507 649 1561 'ecit.
687 1526 706 1560 ι

571 1663 803 1720 Pun-fato
852 1666 1099 1738 Ovlalrico
1135 1677 1255 1738 post
1285 1675 1490 1738 septem
1535 1669 1771 1738 suscepti
1811 1667 2092 1738 regimiuis

2180 527 2246 580 ad
2287 527 2913 602 possidendum_redeat._
2933 527 2988 602 _Si
3020 530 3140 600 quis
3163 527 3318 598 vero,
3348 535 3494 602 quod
3523 527 3644 590 fore
3661 553 3774 593 non

2180 599 2438 658 creditur,
2489 598 2747 666 precariae
2797 597 2988 652 isti'iu
3025 597 3297 667 posterum
3345 597 3620 660 ullatenus
3667 609 3772 663 ad-

2179 668 2384 742 versari
2413 669 2718 742 tentaverit,
2745 667 2818 742 illi
2837 670 3114 742 temeritas
3137 671 3298 726 stulta
3322 683 3551 742 prorsus
3563 676 3780 733 existat

2182 737 2438 814 inanis‘et
2467 738 2642 800 irrita,
2667 747 2721 814 e_t
2739 739 2816 794 sic
2846 739 2960 814 b_:rc
2986 741 3174 814 eadem
3209 737 3476 810 precaria,
3501 747 3772 814 majorum

2183 809 2504 882 auctoritate
2531 809 2823 882 constituta
2871 810 3132 882 legaliter,
3185 809 3400 876 maneat
3451 809 3668 871 stabilis
3719 831 3776 873 et.

2185 877 2358 940 ﬁrma,
2417 879 2506 933 tali
2561 878 2810 932 videlicet
2864 877 3188 944 conditione,
3249 885 3292 936 si
3353 883 3442 939 ille
3491 885 3775 942 Manasses

2184 964 2374 1023 omnes
2409 950 2650 1023 resillas
2689 960 2934 1023 econtra
2967 953 3204 1023 redditas
3233 952 3356 1019 jure
3391 955 3580 1023 quieto
3607 960 3780 1012 stabi-

2184 1019 2309 1092 liter
2331 1021 2606 1074 canonicis
2637 1019 2987 1092 solidaverit:
3030 1022 3268 1092 alioquin
3297 1019 3530 1084 aut-bis
3573 1029 3775 1082 similia

2185 1091 2394 1164 reddat,
2427 1099 2518 1164 aut
2543 1091 2831 1164 “emensis
2857 1091 3094 1164 Ecclesia
3129 1091 3268 1164 quod
3317 1112 3476 1148 suum
3505 1106 3594 1150 est
3627 1097 3778 1164 justo

2185 1161 2427 1228 recipiat.
2457 1161 2647 1214 Actum
2681 1160 2865 1214 licmis
2903 1161 2952 1213 in
2979 1163 3106 1215 sede
3138 1160 3229 1216 vin
3259 1163 3384 1220 ldus
3425 1160 3774 1230 Novembris,

2185 1246 2325 1284 anno
2352 1247 2416 1306 xv
2465 1241 2726 1294 regnante
2755 1231 2952 1306 domno
2997 1231 3410 1306 Lotharioirege
3439 1235 3790 1291 Francorum

2185 1317 2274 1360 ο..
2321 1302 2661 1370 cpiscopatus
2703 1310 2882 1354 autem
2923 1303 3103 1356 domui
3134 1302 3496 1360 Adalberonis
3543 1323 3616 1360 tv.
3675 1308 3778 1361 Do-

2189 1387 2345 1452 uinus
2397 1373 2664 1428 Adalbei'o
2729 1372 3082 1442 arcliiprmsul
3149 1375 3508 1446 subscripsit,
3567 1385 3624 1432 et
3687 1378 3778 1432 [iro

2187 1451 2372 1500 mavit.
2421 1463 2440 1494 ι

2257 1575 2373 1629 Alia
2402 1591 2614 1646 quoque
2637 1576 2923 1632 conventio
2949 1578 3016 1632 de
3046 1577 3166 1633 villa
3209 1577 3444 1634 Virtutis
3476 1579 3620 1641 inter
3661 1579 3768 1636 He-

2189 1667 2448 1720 ribertiun
2483 1669 2736 1722 comitem
2773 1678 2828 1724 et
2873 1672 3165 1724 canonicos
3207 1671 3508 1727 Reoieuses
3539 1681 3782 1740 tempore

503 1773 674 1812 annos
717 1759 782 1812 ad
821 1769 998 1828 patres
1049 1776 1176 1816 suos
1228 1763 1494 1831 apposito,
1533 1762 1762 1815 domnus
1795 1759 2087 1824 Adelbero,
2121 1806 2164 1862 Β
2193 1757 2397 1828 praefati
2427 1758 2782 1824 Adalberouis
2812 1760 3048 1813 stabilita
3065 1761 3187 1826 fuit,
3212 1761 3367 1830 cujus
3391 1761 3468 1816 rei
3495 1763 3788 1836 memoria,

507 1850 724 1922 Henrici
763 1855 975 1908 comitis
1021 1853 1191 1908 frater
1232 1855 1298 1909 de
1326 1863 1472 1908 terra
1521 1854 1980 1918 Lotharieusium,
2022 1853 2090 1907 ad

501 1941 868 2009 pontiﬁcalem
915 1943 1245 2006 cathedram,
1297 1942 1480 1997 favore
1529 1953 1583 1998 et
1619 1943 1952 2012 providentia
1982 1939 2090 1994 Lo-

507 2029 666 2087 tharii
703 2034 864 2103 regis,
890 2043 1319 2104 assumptusest.
1341 2035 1441 2102 Qui
1463 2034 1730 2106 siquidem
1763 2036 1846 2088 vir
1869 2033 2092 2097 nobilis,

507 2123 792 2177 honestate
818 2140 1026 2178 morum
1057 2127 1399 2194 conspicuus,
1427 2135 1481 2180 et
1512 2126 1900 2180 ecclesiasticis
1927 2125 2094 2180 disci-

507 2209 669 2280 plinis
693 2212 1321 2286 institutus,religionem
1349 2217 1630 2271 Remensis
1657 2216 1910 2272 Ecclesia:
1932 2216 2094 2270 nimis

509 2301 830 2368 tepefactam
863 2303 912 2356 in
945 2304 1138 2357 bonum
1158 2307 1428 2375 reparavit
1451 2315 1672 2368 statuat,
1697 2315 1752 2360 et
1776 2307 2097 2361 utilitatibus

509 2391 643 2446 inibi
695 2393 804 2447 Deo
857 2397 1206 2451 servientium
1264 2398 1552 2454 instantem
1595 2413 1816 2468 operam
1868 2399 2016 2453 dedit
2044 2409 2100 2454 et

509 2486 828 2556 impensam.
857 2489 1142 2547 llic-ctiam
1173 2493 1507 2549 Mosomense
1530 2495 1836 2549 coenobium
1865 2509 1894 2547 a
1929 2495 2097 2563 priori

510 2576 771 2647 dignitate
803 2580 1112 2650 prolapsum
1145 2582 1197 2636 iu
1239 2585 1594 2637 monasticam
1634 2583 1879 2638 ordinem
1926 2583 2098 2636 refor-

512 2667 700 2732 mavit,
731 2668 1077 2739 ejusdemque
1107 2671 1511 2727 reformationis
1562 2683 1828 2738 tenorem,
1881 2688 1950 2726 ne
2003 2687 2100 2742 per

521 2759 866 2814 succedentia
892 2769 1130 2832 tempora
1165 2764 1562 2828 immolaretur,
1588 2763 1894 2834 hujusmodi
1923 2771 2104 2834 aucto-

507 2849 693 2904 ritatis
717 2867 827 2905 sua:
853 2853 1134 2924 privilegio
1166 2852 1529 2909 conﬁrmavit.

581 2959 852 3016 Adalbero
912 2963 1092 3019 divina
1151 2965 1481 3034 propitiante
1553 2964 1840 3021 clementia
1901 2971 2104 3023 sancite

513 3051 801 3106 Remeusis
830 3051 1082 3110 Ecclesia:
1110 3056 1571 3125 archiepiscopus.
1609 3054 1803 3108 Notum
1839 3053 1958 3122 ﬁat,
1994 3063 2099 3110 etc.

515 3139 737 3213 Reliqua
767 3135 881 3198 viae
905 3146 959 3214 in
997 3146 1342 3200 Adalberone.
1383 3147 1543 3201 EDIT.
1575 3145 1816 3202 Punos.

585 3255 756 3325 Hujus
780 3258 942 3312 etiam
969 3257 1326 3314 Adalberonis
1357 3268 1601 3328 tempore
1644 3259 1710 3312 de
1749 3257 1868 3311 villa
1897 3257 2106 3312 Vinde-

517 3348 667 3404 nissa
695 3349 838 3404 inter
879 3349 1158 3406 Manassen
1181 3353 1434 3406 comitem
1465 3359 1522 3406 et
1553 3351 1842 3405 canonicos
1867 3351 2104 3404 Remen-

515 3454 604 3495 ses
627 3442 916 3496 conventio
939 3443 1058 3496 talis
1081 3429 1221 3498 facta
1249 3442 1372 3497 fuit.
1407 3427 1412 3432 ’

595 3614 614 3648 ι
654 3595 712 3651 In
739 3599 956 3655 nomine
989 3599 1191 3665 Patris,
1235 3607 1291 3656 et
1335 3599 1483 3662 Filii,
1519 3608 1572 3654 et
1627 3598 1863 3668 Spiritus
1907 3598 2102 3653 sancti.

515 3666 709 3721 Notum
753 3669 1119 3726 ﬁatomnibus
1149 3681 1254 3724 tam
1303 3666 1684 3738 prinsentibus.‘
1733 3685 1892 3738 quam
1938 3671 2104 3722 etiam

518 3737 714 3810 futuris
755 3739 1024 3802 ﬁdelibus,
1055 3743 1196 3810 quod
1249 3737 1524 3795 Manasscs
1575 3737 2104 3810 miles’potestatem

519 3808 699 3872 illaut,
729 3825 850 3874 quia
889 3807 1088 3866 dicitur
1121 3810 1469 3874 Viudenissa,
1503 3827 1531 3863 ιι
1566 3810 1841 3864 canonicis
1871 3807 2106 3863 Remen-

519 3825 662 3862 niaui
684 3850 699 3872 ,
729 3825 850 3933 iptio
889 3825 1088 3866 incitor
1126 3825 1469 3874 Viuitenissa,
1503 3827 1531 3863 a
1566 3825 1841 3864 canonicis
1874 3825 2104 3863 uenien-

516 3879 592 3932 sis
643 3880 916 3940 Eoi-esiie,
961 3882 1173 3936 favente
1233 3897 1447 3950 quoque
1501 3881 1700 3934 domno
1746 3879 2104 3950 iAdalberone

517 3951 947 4018 archipoutiﬁce,
994 3962 1159 4007 totam
1209 3949 1334 4015 sibi,
1360 3949 1596 4019 suaeque
1638 3949 1848 4020 conjugi
1879 3949 2101 4020 Oidela',

515 4017 759 4090 exceptis
798 4023 959 4075 etiam
1010 4023 1254 4076 ecclesiis
1301 4017 1684 4075 canonicorum
1749 4017 1934 4072 usibus
1979 4017 2103 4085 jure

517 4090 739 4144 dominii
775 4094 1084 4156 reservatis,
1113 4093 1257 4145 salva
1297 4107 1478 4146 rerum
1519 4090 1966 4148 commutatione,
2009 4105 2104 4157 per

516 4162 820 4228 precariam
858 4161 1144 4215 efﬁcaciter
1167 4163 1482 4216 obtinuerit.
1527 4161 1684 4215 Dedit
1709 4160 1890 4228 itaque
1913 4169 2102 4211 contra

517 4229 657 4282 idem
687 4229 961 4284 Manus-sos
990 4232 1315 4299 competenti
1353 4233 1510 4284 modo
1539 4230 1923 4284 canonicorum
1957 4229 2100 4297 parti

518 4301 773 4367 quicquid
839 4300 1148 4370 possidebat
1213 4303 1262 4353 in
1327 4301 1450 4352 villa
1505 4300 1819 4370 Teneauda,
1881 4299 1981 4352 hoc
2020 4307 2103 4350 est

522 4381 743 4422 mansos
767 4385 820 4422 ix
845 4369 899 4424 et
922 4371 1306 4430 molendiuum,
1323 4377 1373 4422 et
1398 4371 1450 4423 in
1475 4369 1740 4422 Ve'rniaco
1763 4383 1980 4420 mansos
2009 4383 2102 4420 vui

521 4447 577 4492 ct
612 4437 914 4502 dimidimu,
946 4449 1000 4493 et
1038 4441 1089 4494 in
1121 4441 1242 4492 villa
1274 4439 1568 4494 Colummis
1599 4441 1727 4492 adas
1758 4440 1890 4490 duas
1919 4437 1971 4489 in
2011 4452 2102 4490 co-

2195 1865 2259 1902 nc
2277 1849 2427 1906 senio
2447 1857 2749 1922 temporum
2769 1851 3268 1922 obljtcrareturaali
3293 1854 3502 1925 scripto
3529 1855 3786 1918 roborata~

2193 1939 2311 1994 fuit.
3427 1935 3434 1940 ’

2267 2092 2287 2124 ι
2315 2073 2388 2126 -lu
2420 2073 2639 2146 nomine
2673 2073 2873 2128 sancta:
2912 2085 2966 2128 ct
3007 2074 3294 2129 individuze
3317 2073 3633 2138 Trinitatis,
3682 2089 3776 2146 ego

2193 2143 2375 2198 bendo
2412 2145 2468 2198 S.
2503 2147 2790 2199 Remorum
2827 2146 3082 2214 Ecclesiie
3121 2146 3462 2214 przepositus,
3495 2143 3774 2214 omnisque

2196 2217 2432 2285 ejusdem
2485 2215 2583 2268 loci
2646 2217 3029 2270 cauonicornm
3079 2215 3447 2285 congregatio.
3485 2214 3773 2285 _Nolninus

2194 2283 2362 2338 latere
2407 2286 2644 2338 omnium
2687 2295 2793 2338 tam
2848 2283 3209 2355 pricsentitnu
3255 2283 3422 2354 quam
3474 2283 3770 2338 futurorum

2198 2355 2540 2418 industriam,
2569 2356 2823 2424 quoniam
2854 2357 3166 2409 lleribertus
3181 2371 3361 2408 comes
3383 2365 3587 2408 nostra:
3615 2357 3774 2408 Immi-

2199 2427 2366 2480 litatis
2395 2427 2582 2480 adiens
2607 2436 2978 2493 conspectum,
3005 2426 3159 2493 petiit
3179 2425 3296 2478 dari
3321 2441 3349 2476 a
3379 2426 3540 2478 nobis
3567 2426 3667 2478 sibi
3693 2440 3776 2478 no-

2198 2499 2292 2564 stri
2320 2495 2460 2563 juris
2499 2512 2615 2549 eain
2645 2513 2764 2564 qua:
2799 2497 2998 2550 tliCltlll‘
3031 2495 3152 2548 villa
3185 2493 3436 2554 Virtutis.
3466 2511 3634 2564 quam
3673 2496 3776 2564 ipse

2199 2567 2296 2632 sibi
2323 2582 2384 2620 ex
2419 2567 2736 2635 pervasione
2781 2567 3085 2618 vindicabat
3117 2583 3129 2618 :
3173 2579 3234 2618 ea
3263 2564 3520 2618 videlicet
3551 2566 3769 2626 ratione,

2201 2646 2259 2689 ιιι
2297 2653 2393 2704 pro
2427 2638 2618 2690 vestitu
2655 2637 2806 2690 nobis
2836 2637 2900 2689 ad
2934 2649 3175 2704 praesens
3213 2649 3282 2687 ex
3326 2649 3387 2686 ea
3424 2635 3774 2688 retineremns

2203 2708 2575 2772 mans-sdnos
2603 2707 2898 2772 ingenuiles
2929 2715 2983 2758 et
3015 2705 3260 2766 vestitos,
3299 2712 3356 2758 et
3407 2719 3508 2772 pro
3539 2715 3772 2773 respectu

2204 2778 2478 2836 annuatim
2519 2777 2825 2846 persolvere
2871 2776 3060 2846 libram
3101 2789 3260 2846 unam
3276 2774 3655 2846 aleiiarioriini
3680 2775 3773 2846 lte-

2203 2847 2406 2900 inensis
2435 2843 2662 2902 moneta:
2707 2845 2998 2900 festivitate
3043 2843 3214 2898 sancti
3273 2843 3508 2912 Remigii
3559 2843 3772 2897 Kalend.

2201 2917 2453 2974 Octobris
2479 2918 2746 2986 in_diebus
2775 2927 2984 2970 tantum
3025 2917 3148 2986 vita:
3178 2930 3329 2986 sate,
3349 2913 3580 2968 scclusis
3624 2928 3774 2986 uxore

2204 3003 2321 3050 sua,
2348 2997 2400 3040 et
2427 2983 2741 3051 infantibus,
2767 2987 3083 3054 cunctisque
3115 2983 3419 3038 Incredibns
3449 2987 3584 3037 suis.
3625 2983 3774 3048 Cujus

2203 3057 2448 3127 petitioni
2509 3057 2750 3112 faventes
2781 3099 2796 3120 ,
2867 3072 2988 3111 cum
3039 3055 3200 3108 omni.
3235 3054 3460 3108 consilio
3501 3063 3568 3127 _et
3625 3063 3772 3116 voto.

2208 3124 2576 3182 concessimus
2624 3128 2696 3181 illi
2745 3127 3024 3197 priefatam
3057 3127 3258 3186 villam,
3313 3124 3610 3197 secundum
3657 3137 3776 3197 prie-'3

2207 3199 2463 3264 scriptam
2495 3199 2560 3250 ab
2591 3193 2762 3265 eoque
2793 3196 3204 3252 determinatam
3237 3195 3524 3248 rationem.
3559 3193 3774 3265 Quodsi

2209 3267 2272 3320 de
2303 3263 2466 3320 censu
2509 3263 2784 3336 negligens
2807 3268 3100 3328 exstiterit,
3122 3276 3170 3318 et
3203 3265 3496 3336 emendare
3521 3263 3771 3336 retulerit,

2207 3334 2600 3390 usumfructuni
2628 3339 2859 3391 amittat.
2897 3337 2954 3391 Et
2975 3345 3045 3389 ‘ut
3081 3335 3326 3388 securius
3358 3334 3408 3387 in
3446 3335 3638 3389 diebus
3667 3334 3776 3384 vita:

2203 3423 2315 3462 sua:
2356 3408 2610 3475 praifatas
2647 3423 2733 3461 res
2767 3408 3056 3477 possidere
3099 3401 3295 3466 valeat,
3341 3406 3774 3477 postdisressum

2205 3473 2462 3544 verni-jus
2480 3473 2920 3546 prienomiuatam
2938 3476 3121 3532 villam
3145 3491 3265 3530 cum
3297 3473 3443 3546 omni
3479 3474 3775 3542 integritate

2206 3552 2406 3601 nostris
2431 3545 2884 3616 naibnsrcciperc
2922 3545 3526 3616 valeamus,sancitum
3571 3553 3654 3597 est
3681 3557 3775 3616 non

2206 3619 2379 3670 solum
2425 3635 2452 3670 a
2491 3620 2666 3680 nobis,
2701 3615 2884 3672 verum
2927 3617 3090 3669 etiam
3121 3615 3188 3668 ab
3230 3615 3336 3676 illo,
3389 3625 3444 3666 ut
3497 3629 3660 3684 super
3687 3615 3774 3684 hoc

2206 3690 2422 3758 negotio
2447 3689 2748 3742 faceremus
2795 3703 2916 3740 cum
2948 3686 3304 3758 chirographo
3353 3683 3646 3758 mentionis
3691 3683 3774 3735 de-

2205 3755 2434 3820 cretum,
2473 3759 2734 3812 addentes
2777 3758 3041 3826 insuper,
3073 3766 3132 3808 ut
3181 3755 3232 3808 si’
3259 3755 3774 3826 qnaalibetAper-sona

2205 3839 2320 3898 post
2361 3830 2481 3882 vitae
2523 3843 2632 3882 sua:
2671 3824 2956 3882 terminum
2999 3825 3232 3898 aliquant
3279 3825 3434 3898 nobis
3465 3824 3666 3898 inferre
3689 3836 3772 3898 co-

2205 3891 2252 3952 it:
2277 3907 2361 3951 ras
2391 3898 2546 3952 fuerit
2575 3899 2998 3965 inipiictudinem
3030 3891 3111 3948 vel
3137 3891 3608 3965 iiijustitiatu,'sub
3633 3891 3774 3965 ntale-

2204 3970 2478 4034 dictionis,
2511 3978 2562 4021 et
2595 3962 2956 4020 anatlicmatis
2983 3963 3552 4034 excommtiuicatione
3585 3962 3784 4018 insolu-.

2203 4039 2383 4094 hiliter
2405 4033 2694 4092 adstrictus
2719 4038 3024 4100 damnetur,
3054 4035 3159 4093 ﬁat.
3195 4036 3308 4096 fiat,
3343 4033 3456 4086 ﬁat.
3485 4035 3544 4086 S.
3575 4035 3769 4103 signum

2205 4109 2414 4164 Domini
2461 4108 2819 4164 Adalbet‘Ouis
2868 4106 3264 4176 arcliiepiscOpi
3314 4103 3688 4160 conﬁrmantis
3723 4109 3772 4155 ct

2204 4179 2621 4234 consentientis.
2671 4197 2688 4230 ι

2225 4359 2228 4362 ι
2276 4310 2409 4366 Cum
2461 4309 2623 4380 igitur
2657 4314 3099 4378 praememoratus
3143 4305 3413 4360 Adalbero
3467 4303 3772 4358 Remensein

2203 4403 2481 4458 dioecesim
2511 4417 2606 4471 per
2631 4401 2818 4454 decem
2849 4407 2905 4453 et
2933 4413 3124 4453 novem
3149 4411 3322 4450 annos
3345 4394 3577 4448 viriliter
3599 4392 3770 4464 guber-

523 4507 712 4561 initatu
745 4483 1199 4563 RemdnsiAliam
1229 4521 1406 4564 autem
1433 4509 1614 4563 villam
1628 4509 1845 4561 nomine
1862 4507 2095 4570 Loeium,

2209 4505 2412 4560 nassct,
2437 4503 2492 4548 et
2529 4494 2772 4547 honesta!
2803 4487 3230 4545 conversationis
3259 4486 3374 4555 ejus
3413 4486 3556 4540 bona
3609 4483 3771 4553 opinio

521 4577 576 4632 ia
603 4593 704 4646 qua
745 4582 1086 4633 coatinentur
1115 4581 1284 4633 mansi
1321 4597 1395 4634 vn
1425 4591 1478 4634 et
1506 4580 1776 4640 dimidius.
1821 4589 1873 4632 et
1910 4589 2101 4646 quarta

525 4663 652 4720 nua,
690 4659 913 4720 excepto
957 4651 1342 4703 indoininicato
1391 4665 1596 4712 mauso,
1645 4661 1696 4702 et
1741 4659 1930 4718 quarta
1982 4663 2106 4715 pars

524 4719 798 4782 Ecclesize,
827 4719 1065 4788 pratum,
1119 4723 1474 4786 molendinns,
1523 4730 1577 4774 et
1620 4721 1750 4772 silva
1793 4735 1912 4772 cum
1963 4734 2108 4788 nian-

522 4787 995 4861 cr'piisutriusqne
1049 4807 1211 4846 sexus
1269 4805 1496 4844 numero
1539 4807 1671 4861 tm
1725 4791 1775 4842 in
1839 4787 2098 4861 comitatu

525 4859 852 4914 Castricemi
897 4859 1058 4928 super
1089 4863 1303 4914 fluvium
1341 4861 1484 4914 Bair.
1527 4860 1630 4913 Sed
1665 4869 1720 4912 et
1751 4861 1802 4914 in
1832 4859 1955 4911 villa
1983 4873 2102 4928 qua;

529 4928 728 5000 dicitur
757 4932 796 4983 Ε
828 4927 977 4994 cluis,
1011 4931 1146 4985 duas
1172 4941 1355 5000 partes
1386 4932 1452 4983 de
1477 4931 1725 4992 ecclesia,
1759 4937 1812 4982 et
1845 4927 2100 4996 quidquid

521 4997 662 5066 juris
697 5000 926 5054 habetur
964 5003 1014 5054 in
1045 5017 1144 5064 ea,
1175 4997 1342 5054 inansi
1381 5001 1588 5054 scilicet
1613 5016 1645 5052 v
1676 5008 1885 5066 pratum
1917 5012 2102 5060 unum,

531 5084 654 5140 cum
698 5073 855 5140 terris
881 5079 935 5124 et
967 5073 1250 5140 mancipiis
1271 5071 1549 5138 utriusque
1575 5083 1736 5123 sexus
1769 5069 1818 5120 in
1848 5069 2106 5140 comitatu

532 5137 826 5193 Porcensi:
866 5157 927 5194 ea
972 5137 1215 5196 videlicet
1260 5137 1474 5192 ratione
1503 5140 1820 5191 altrinsecus
1867 5138 2104 5190 stabilita

531 5208 835 5288 hujusmodi
864 5211 1128 5288 prii-aria,
1159 5221 1219 5288 ιιι
1241 5209 1400 5262 iidem
1427 5209 1674 5288 canonici
1703 5223 1798 5272 pro
1835 5217 2104 5274 respectu,

2213 4587 2634 4654 circumquaque
2675 4581 3086 4643 diffunderetur,
3129 4578 3198 4631 ad
3236 4577 3484 4630 ultimum
3513 4575 3770 4630 confectus

2209 4679 2360 4732 senio
2409 4677 2514 4730 ﬁne
2562 4676 2703 4730 bono
2743 4674 2884 4727 diem
2913 4672 3158 4724 ultimum
3217 4667 3432 4731 clausit,
3489 4677 3770 4734 corpusut":

2210 4769 2328 4837 ejus
2353 4769 2404 4822 in
2435 4767 2663 4822 ecclesia
2693 4764 2914 4834 majori,
2943 4763 3042 4816 sub
3071 4760 3240 4815 .altari
3261 4785 3264 4788 ~
3285 4759 3429 4826 quod
3481 4757 3540 4810 in
3589 4759 3767 4809 honore

2211 4871 2412 4915 sanetae
2439 4859 2618 4914 crucis
2639 4865 3019 4912 consecratum
3064 4851 3493 4920 est,‘sepultur:e
3537 4847 3765 4902 traditum

2209 4952 2310 5007 fuit
2335 4970 2350 5017 ;
2379 4952 2532 5020 cujus
2561 4939 2890 5019 epitaphium
2924 4947 2976 4999 in
3011 4943 3190 5000 tabula
3221 4955 3364 4996 terea
3393 4939 3596 4994 litteris
3613 4933 3768 4990 aureis

2209 5043 2563 5110 descriptum,
2591 5040 2694 5093 tale
2722 5039 2896 5091 adhuc
2917 5040 3223 5105 permanet.

2270 5194 2555 5246 Contulerat
2589 5199 2754 5238 natura
2773 5201 2971 5250 parens,
2995 5197 3310 5250 quiesumrna
3339 5185 3548 5244 putavit.

2278 5259 2340 5288 Λιι
2368 5257 2524 5288 enni-ili
2551 5247 2793 5288 numnum}
2821 5253 2903 5288 lihi
2950 5247 3121 5288 ιίι-έιιςιιι
3149 5247 3408 5288 Adalhprn.
3439 5259 3551 5288 eum
3577 5249 3626 5288 te
