3872 5326
98 250 186 304 117-
439 215 444 223 ι
726 247 1114 304 FLODOARDI
1151 243 1472 302 CANONICI
1510 242 1853 302 REMENSIS
1890 242 2227 300 ANNALES.
2266 245 2674 303 —MONITUM.

3222 251 3334 307 M8

96 369 426 432 cleemosyna'
484 359 800 416 Mandatum
868 362 1213 416 Adalberonis
1281 368 1641 432 mmeupatur.
1673 366 1724 426 Α
1751 375 1898 414 mera
1927 359 2181 415 frumenti
2223 377 2298 426 tv,
2333 364 2398 416 de
2432 363 2629 418 horreo
2675 363 3062 421 indominicato
3107 381 3335 424 annona:

99 455 361 512 Sciendum
388 468 599 534 quoque
642 465 726 509 est
767 455 1034 524 quomodo
1085 455 1242 508 istius
1295 461 1647 524 electuosyna:

97 556 316 615 sumptus
342 541 712 615 praeparetur:
740 546 994 600 videlicet
1039 543 1105 599 de
1137 545 1296 600 domo
1338 562 1457 616 qua:
1488 555 1646 599 voca-

97 649 167 692 tur
188 636 450 706 llospitale
474 651 769 706 pauperum
818 651 1046 690 annona:
1073 637 1296 690 sextarii
1329 652 1405 702 iv,
1437 636 1503 691 de
1548 651 1646 691 ca-

1752 450 1965 504 modius
1995 466 2154 516 unus,
2184 459 2239 506 et
2271 452 2453 506 vimnu
2485 455 2626 523 quod
2652 453 2898 511 suilieiat.

1823 559 1992 616 Plura
2022 582 2125 619 non
2163 575 2310 620 erant
2343 583 2395 618 m
2430 582 2604 622 roatce
2637 569 2953 638 Igniacensi,
2980 572 3115 626 unde
3152 571 3264 628 lucc

2331 649 2570 707 excerpta
2605 651 2748 692 sunt.

113 793 3336 830 ῃ

614 947 1717 1107 FLODOABDI
1829 873 2770 1111 ANNALES.

1241 1246 1422 1313 Pcrlz,
1456 1246 1694 1302 Monum.
1733 1247 1908 1301 Germ.
1945 1247 2111 1318 Hist.)

1495 1409 1892 1422 ———-—_

318 1564 448 1640 DE
513 1562 818 1642 LIBRO
879 1559 1598 1641 SUBSEOUENTI
1663 1562 2258 1641 ADMONITIO
2315 1566 2450 1643 AD
2515 1568 3087 1654 LECTOREM.

160 1889 410 1948 liemensis
457 1888 701 1945 Ecclesia
750 1886 1203 1958 quemadmodum
1245 1885 1442 1942 saeculo
1491 1901 1637 1941 nono
1672 1880 1713 1938 Β
1743 1885 2033 1940 Ratherius
2091 1887 2418 1944 Veronensis
2463 1890 2749 1962 episcOpus
2792 1895 2987 1951 librum
3045 1914 3207 1969 quem
3260 1903 3337 1959 De

105 1985 404 2041 lliucmarum
456 1982 928 2052 archiepiscopum
955 2020 970 2045 ,
1009 1981 1084 2034 ita
1129 1979 1339 2034 decimo
1385 1978 1642 2034 Flodoar-

109 2079 204 2132 dum
227 2077 293 2146 (l)
319 2078 693 2146 presbyterum
721 2083 775 2127 et
802 2071 1090 2126 Richerum
1142 2073 1466 2126 monachum
1510 2072 1642 2126 insi-

109 2185 209 2240 gnes
247 2167 585 2222 historiarum
654 2164 949 2232 scriptores
1005 2162 1190 2216 edidit.
1249 2162 1487 2228 Quorum
1551 2161 1644 2215 ille

112 2275 221 2312 anno
243 2257 335 2314 895
368 2257 448 2312 vel
497 2256 607 2312 894
655 2255 732 2326 (2)
779 2255 1057 2326 Sparnaco
1085 2254 1160 2324 (3)
1193 2253 1315 2307 villa
1346 2254 1642 2308 dimceseos

111 2349 342 2404 llemensis
375 2355 569 2410 natus,
602 2355 658 2400 et
707 2347 762 2400 in
809 2344 994 2400 schola
1040 2343 1293 2398 Remensi
1329 2359 1359 2397 a
1409 2343 1642 2398 Fulcone

115 2442 314 2498 restituta
344 2441 540 2494 litteris
563 2438 823 2503 imbutus,
855 2437 922 2491 ab
956 2437 1199 2492 Heriva
1227 2437 1640 2506 archiepiscopo

112 2533 221 2588 clero
239 2533 473 2588 Ecclesia:
513 2531 798 2586 llemensis
830 2529 1123 2599 ascriptus,
1149 2528 1412 2596 bonisque
1439 2528 1642 2581 ditatus

112 2635 172 2678 est
189 2625 270 2695 (1).
294 2624 440 2679 Circa
479 2623 733 2695 quintum
777 2631 834 2676 et
874 2621 1191 2674 vicesimum
1223 2618 1398 2672 aetatis
1440 2633 1642 2671 armum

116 2719 237 2772 rebus
266 2717 482 2787 publicis
533 2716 773 2769 animum
806 2714 1091 2767 advertere
1139 2711 1303 2781 carpit
1335 2711 1411 2780 (5)
1437 2750 1451 2774 ,
1490 2719 1550 2763 ut
1574 2726 1640 2763 ex

112 2809 340 2862 Annalium
383 2808 567 2872 initio,
620 2821 757 2875 quos
793 2805 916 2858 inde
961 2805 1030 2859 ab
1075 2818 1216 2858 anno
1247 2801 1543 2870 9l9usque
1574 2799 1642 2853 ad

112 2912 176 2948 an.
199 2897 286 2951 966
321 2897 594 2966 produxit,
624 2895 895 2964 conjicere
933 2894 1077 2948 licet.
1109 2893 1268 2947 Certe
1300 2891 1368 2944 ab
1409 2907 1473 2945 eo
1519 2891 1644 2944 inde

113 2997 300 3056 tempore
325 2987 749 3056 archiepiscopis
777 2983 1133 3039 liemensibus
1163 2983 1426 3043 llerivzeo,
1459 2980 1642 3035 Seulfo

109 3084 146 3130 et
162 3077 348 3131 Artoldo
389 3077 549 3131 valde
591 3081 844 3143 acceptus
872 3073 972 3127 fuit
1010 3081 1068 3126 et
1110 3072 1271 3126 rebus
1318 3085 1506 3124 eorum
1544 3084 1640 3140 ge-

112 3173 250 3224 rendis
274 3173 540 3226 adhibitus
572 3180 674 3225 est.
707 3169 863 3223 Anno
890 3168 996 3222 924
1045 3166 1288 3222 Seull‘um
1329 3165 1639 3229 comitatus,

1743 1979 1936 2033 exsilio
1965 1994 2061 2032 suo
2088 1980 2399 2049 scripserat,
2425 1982 2474 2036 ei
2505 1999 2719 2054 quoque
2743 1984 3096 2053 judicandum
3152 2003 3336 2048 trans-

1742 2071 1980 2124 mitteret
1995 2069 2092 2141 (9).
2129 2072 2284 2126 Anno
2304 2073 2409 2128 936
2433 2075 2512 2128 vel
2550 2077 2795 2145 proxime
2821 2077 3174 2151 sequentibus
3197 2084 3336 2155 (10),

1742 2161 1962 2215 dubium
1994 2178 2062 2215 au
2093 2178 2194 2233 pro
2243 2165 2473 2234 negotiis
2507 2168 2621 2220 suis
2659 2168 2984 2227 Ecclesiazve
3026 2171 3334 2240 Remensis,

1741 2251 1970 2306 Romam
2002 2252 2157 2316 adiit,
2192 2254 2281 2307 ubi
2314 2271 2343 2307 a
2378 2253 2557 2310 Leone
2592 2256 2676 2310 Vll
2708 2276 2842 2330 papa
2897 2265 3129 2334 benigne
3176 2279 3338 2318 exce-

1741 2352 1865 2412 ptus
1893 2345 2110 2413 vatique
2144 2345 2228 2398 sui
2265 2362 2487 2416 compos
2536 2347 2710 2404 factus
2749 2361 2911 2420 atque
2949 2353 3000 2406 in
3054 2356 3337 2425 presbyte-

1743 2450 1859 2490 rum
1886 2445 2163 2504 promotus
2185 2445 2269 2489 est
2293 2438 2427 2507 (ll).
2463 2438 2516 2492 ln
2547 2441 2776 2508 patriam
2822 2441 2991 2495 redux
3039 2446 3188 2512 operi
3237 2446 3335 2501 he-

1743 2527 1891 2582 roico
1920 2526 2079 2580 linem
2109 2527 2364 2596 imposuit
2387 2529 2522 2597 (1:2).
2554 2531 2711 2584 Anno
2740 2531 2845 2584 940
2881 2549 3062 2586 tne-ise
3111 2534 3333 2590 Octobri

1742 2618 2008 2672 orationis
2059 2619 2234 2688 gratia
2303 2620 2610 2687 sepulcrum
2667 2623 2840 2676 sancti
2897 2622 3112 2679 Martini
3156 2625 3336 2682 visere

1743 2709 2026 2779 disposuit,
2053 2711 2146 2764 sed
2175 2711 2313 2779 apud
2345 2709 2687 2766 Heribertum
2717 2715 2973 2768 comitem
3001 2715 3138 2769 clam
3168 2731 3331 2772 accu-

1743 2809 1912 2864 satus,
1947 2802 2089 2869 quod
2127 2811 2318 2856 contra
2347 2817 2468 2856 eum
2501 2802 2582 2856 vel
2613 2803 2780 2857 lilium
2808 2803 2924 2874 ejus
2969 2815 3109 2860 esset
3153 2807 3335 2874 profe-

1742 2899 2090 2952 ctorus,cum
2121 2890 2361 2959 llugonis
2383 2891 2434 2944 in
2459 2902 2640 2959 partes
2663 2893 2896 2948 transire
2923 2905 3174 2950 renueret
3192 2897 3330 2965 (l5),

1743 2981 1942 3034 ablatis
1977 2982 2133 3034 rebus
2161 2997 2296 3050 quas
2322 2983 2390 3034 de
2415 2984 2725 3052 episcopatu
2759 2985 3008 3040 ltemeusi
3034 2988 3247 3040 tenebat
3267 2997 3323 3042 et

1743 3071 1970 3126 ecclesia
2000 3085 2097 3124 sua
2126 3072 2177 3124 in
2208 3071 2567 3126 Cltlmisciaco
2594 3114 2608 3137 ,
2633 3075 2893 3129 custodia:
2945 3077 3175 3132 traditus
3220 3088 3325 3132 est.

1743 3165 1853 3219 Nec
1876 3165 1976 3218 nisi
2003 3173 2123 3232 post
2143 3165 2384 3234 quinque
2415 3180 2633 3220 menses
2655 3166 2762 3231 die,
2789 3166 2860 3220 25
2884 3167 3057 3220 Martii
3081 3184 3171 3222 an.
3203 3169 3332 3235 9H,

111 3263 323 3332 colloquio
349 3263 556 3318 nouum
587 3263 727 3332 regis
752 3271 806 3316 et
839 3261 1078 3331 llugonis
1104 3259 1403 3315 Provinciae
1427 3260 1646 3313 comitis
1672 3246 1714 3304 C
1746 3252 2048 3306 libertatem
2087 3255 2444 3322 recuperavit.
2476 3254 2612 3308 Tum
2638 3256 2690 3308 in
2716 3257 2923 3325 synodo
2947 3256 3334 3314 Suessionensi

109 3357 201 3405 cum
223 3353 486 3409 Wilhelmo
542 3353 938 3421 Aquitanorum
983 3352 1227 3420 principe
1267 3351 1320 3404 in
1372 3349 1647 3404 territorio
1745 3345 1812 3396 ab
1841 3343 2064 3413 llugoue
2093 3346 2337 3413 principe
2368 3343 2577 3416 ilugo‘ni
2627 3347 3043 3417 archiepiscopo
3080 3352 3337 3405 commis-

111 3445 521 3514 Augustoduncnsi
567 3445 752 3498 habito
783 3441 1028 3498 interfurit
1059 3443 1158 3513 (6).
1206 3443 1361 3496 Anno
1395 3442 1643 3510 sequenti

113 3530 254 3587 Seulio
297 3536 397 3589 vita
429 3538 692 3590 detuucto
720 3575 734 3596 ,
765 3533 1081 3587 Heribertus
1136 3530 1642 3586 Veromanduorum

112 3636 254 3677 eomes
296 3623 566 3695 Hugnnem
605 3622 830 3676 ﬁliolum
866 3636 1236 3676 successorem
1283 3621 1330 3674 ei
1367 3619 1640 3687 imposuit,

111 3726 350 3784 omnesque
375 3717 462 3786 qui
495 3715 784 3770 conatibus
815 3713 925 3768 suis
971 3722 1179 3766 tantum
1228 3728 1332 3766 non
1385 3710 1645 3778 suifraga-

113 3807 626 3871 reutur,_beneliciis
688 3804 1089 3876 possessionum
1153 3803 1644 3858 ecclesiasticarum

111 3895 294 3959 Privavit
319 3897 412 3968 (7).
444 3885 595 3964 Quos
626 3897 768 3950 inter
798 3903 853 3949 et
887 3893 1230 3948 .Flodoardus
1279 3891 1474 3959 injuria
1505 3891 1640 3946 alie-

111 3993 217 4048 ctus,
244 3989 483 4043 adversas
529 3987 726 4042 deimle
777 3994 962 4058 partes
1019 3993 1242 4040 secutus
1298 3992 1422 4047 est,
1473 3993 1638 4052 atque

111 4077 288 4134 Artoldo
335 4079 738 4150 archiepiscopo
797 4093 828 4132 a
886 4075 1114 4132 Rodull‘o
1165 4090 1290 4146 rege
1355 4075 1410 4129 in
1461 4075 1639 4128 locum

114 4164 241 4222 Sculli
265 4172 548 4244 subrogato
573 4169 823 4224 adhaesit.
879 4169 1148 4224 Proximis
1205 4168 1362 4222 annis
1399 4168 1641 4222 carmine

114 4260 285 4319 heroico
309 4265 428 4322 Jesu
456 4267 661 4321 Christi
701 4273 1123 4332 sanctorumque
1159 4271 1214 4317 et
1244 4261 1410 4316 Italia:
1436 4270 1644 4332 marty-

114 4367 202 4407 rum
245 4358 529 4429 triumphos
584 4355 981 4426 celebravit(8)
1012 4395 1026 4418 ,
1077 4353 1274 4408 additis
1323 4353 1638 4423 pontiﬁcum

113 4440 424 4503 Romanorum
454 4465 626 4519 usque
667 4449 732 4502 ad
781 4463 876 4501 sua
923 4456 1164 4514 tempora
1212 4445 1420 4514 gestis,
1465 4458 1639 4512 eoque

114 4531 269 4592 famam
299 4541 394 4594 sibi
419 4542 559 4611 apud
589 4547 805 4594 exteros
831 4539 996 4593 etiam
1040 4538 1420 4606 comparavit,
1472 4536 1544 4588 ita
1579 4543 1638 4588 ut

168 4669 227 4737 (ll
251 4672 590 4739 Flo:loardus,
623 4675 767 4729 haud
795 4672 1159 4731 Frodoardus,
1185 4671 1502 4726 scribendos
1545 4677 1627 4723 est

118 4749 166 4813 ει
190 4744 452 4813 epitaphio,
499 4759 611 4798 tinn
655 4759 721 4798 ex
752 4743 1030 4798 codicibus
1060 4742 1329 4813 nonnullis
1382 4739 1634 4813 Historiae

118 4804 370 4883 Remens-is,
402 4804 487 4883 qui
525 4815 812 4869 Floardum
843 4813 1184 4883 abbreviant,
1212 4812 1398 4865 codice
1424 4811 1634 4879 Optimo

123 4877 361 4947 Annalium
385 4877 448 4937 ad
480 4903 570 4939 an.
598 4885 726 4947 965,
751 4884 1008 4945 Richero,
1030 4893 1083 4935 et
1112 4881 1433 4935 Kalendario
1459 4877 1640 4934 vetere

123 4945 166 4998 ὃ.
194 4949 348 5008 Maria:
383 4955 659 5011 liemensis
685 4945 849 5022 {ipse
884 4952 1133 5006 avunculi
1178 4955 1367 5006 matris
1407 4967 1641 5022 suze_ixo~

128 5030 223 5089 tuen
255 5023 335 5076 lib.
370 5041 426 5084 ιι.
450 5041 500 5078 c.
532 5029 586 5089 3,
616 5020 942 5080 Flavardum
973 5023 1179 5074 scribit.
1213 5023 1479 5076 Caeterum
1513 5020 1642 5073 Fro-

126 5085 312 5146 doardus
335 5095 484 5164 plane
517 5085 679 5161 idem,
703 5105 758 5150 et
796 5105 1090 5160 utrumque
1116 5108 1182 5148 ex
1211 5091 1644 5148 Chlodouvaldus

125 5167 386 5228 corruptum
409 5177 510 5220 est.

175 5227 236 5295 (2)
267 5232 332 5286 Ex
358 5236 542 5289 Annal.
583 5253 670 5290 an.
705 5235 824 5291 962.

177 5296 237 5326 121
263 5300 362 5326 ουτ.
403 5321 428 5326 -

1673 4595 1724 4653 D

1747 3450 1862 3500 sus,
1890 3436 2176 3489 ecclesiam
2213 3437 2374 3490 aliam
2407 3438 2614 3493 scilicet
2661 3449 2864 3494 sancta:
2908 3439 3089 3494 Mariae
3123 3443 3175 3495 in
3215 3443 3339 3498 Col-

1747 3526 1885 3592 rido,
1916 3537 2079 3597 atque
2103 3539 2302 3582 terram
2335 3527 2532 3596 injuste
2562 3540 2804 3598 ereptam
2837 3533 3041 3601 recepit
3063 3533 3196 3604 (l4).
3224 3534 3332 3589 Sed

1744 3628 1932 3687 postea
1960 3621 2122 3672 etiam
2149 3618 2376 3674 Artoldo
2399 3623 2452 3672 in
2486 3623 2667 3674 sedem
2702 3637 2852 3674 suam
2880 3625 3131 3677 restituto
3172 3624 3336 3689 ﬁdus,

1743 3723 1867 3763 eum
1899 3711 1949 3763 in
1976 3711 2207 3778 negotiis
2233 3711 2478 3764 ecclesia:
2509 3711 2735 3779 agendis
2761 3721 2870 3764 tam
2903 3713 3047 3766 domi
3080 3729 3242 3782 quam
3275 3716 3327 3768 in

1743 3801 2099 3856 conventibus
2134 3800 2436 3871 principum
2475 3811 2528 3856 et
2572 3803 2794 3872 synodis
2841 3801 3089 3872 adjuvit;
3127 3803 3212 3858 cui
3258 3806 3336 3859 rei

1742 3907 1807 3948 eo
1836 3893 2006 3962 magis
2037 3892 2260 3947 idoneus
2287 3893 2589 3958 videbatur,
2621 3895 2765 3964 (mod
2815 3895 3039 3949 arehivo
3088 3895 3333 3952 ecclesia:

1742 3987 2066 4057 prmpositus
2099 3994 2218 4040 erat
2249 3986 2393 4057 115).
2451 3987 2608 4040 Anno
2643 3987 2748 4042 948
2810 3991 3016 4058 synodo
3066 3989 3330 4059 lngelhei-

1743 4079 1913 4133 mensi
1942 4077 2207 4145 interfuit,
2240 4079 2327 4134 ubi
2366 4079 2664 4134 illustribus
2685 4080 2816 4134 viris
2844 4081 3219 4150 campluribus
3243 4083 3330 4136 in-

1742 4173 1942 4236 notuit,
1958 4187 2131 4241 eaque
2156 4183 2398 4240 peracta,
2414 4187 2482 4226 ex
2503 4173 2725 4227 decreto
2751 4177 2935 4244 regum
2959 4190 3082 4228 cum
3103 4175 3332 4231 Artoldo

1743 4267 1882 4334 apud
1916 4264 2240 4318 liotbertum
2296 4265 2674 4318 Trevirensem
2721 4266 3187 4336 archiepiscopum
3233 4284 3330 4336 per

1741 4366 1972 4425 quatuor
2021 4355 2386 4409 hebdomadas
2425 4355 2658 4416 mansit,
2708 4369 2831 4408 cum
2878 4369 3020 4409 atino
3085 4359 3334 4424 proxime

1740 4447 2016 4515 praeterito
2041 4445 2110 4498 ab
2129 4445 2351 4498 Artoldo
2384 4445 2582 4498 missus
2608 4443 2745 4513 (l6),
2785 4460 2906 4498 cum
2947 4444 3148 4499 Ottone
3201 4463 3328 4516 rege

1747 4547 1801 4591 et
1822 4536 2070 4592 Conrado
2095 4540 2230 4590 duce
2257 4535 2430 4603 Aquis
2453 4551 2552 4605 pro
2579 4535 2740 4588 rebus
2759 4535 3011 4590 Ecclesiae
3035 4535 3332 4590 Bernensis

1807 4676 1884 4741 ('7)
1915 4675 2058 4728 Anu.
2086 4690 2175 4726 an.
2198 4674 2322 4728 99.5.

1808 4739 1885 4811 ('8)
1918 4747 2175 4799 Codieem
2204 4742 2386 4811 operis
2415 4756 2580 4794 unum
2625 4740 2869 4795 Roherto
2899 4739 3218 4794 Trevirensi
3244 4755 3336 4791 ar-

1738 4814 2366 4885 chiepiscopogtradidit,
2396 4811 2624 4885 alterum
2660 4813 2772 4879 ipse
2800 4811 3036 4885 fortasse
3073 4812 3338 4885 ecclesiae

1741 4889 1798 4942 S.
1824 4881 2030 4940 Juliani
2069 4882 2403 4937 Turonensis
2453 4881 2746 4945 intulerat,
2799 4882 2852 4937 in
2885 4882 3036 4935 Actis
3069 4883 3174 4937 SS.
3214 4881 3330 4935 Mai

1748 4957 1859 5014 Ἧι,
1891 4971 1941 5024 p.
1974 4954 2062 5017 69,
2096 4955 2245 5024 apud
2265 4953 2539 5024 Arvernos
2567 4966 2786 5024 exstare
2819 4953 3037 5007 dicitur.

1822 5021 1904 5095 (9}
1934 5024 2175 5095 Fnleuiui
2211 5021 2375 5077 Gesta
2407 5021 2946 5095 abb._Lauhiensium
2969 5063 2985 5085 ,
3011 5039 3066 5095 ρ.
3100 5024 3192 5079 20.

1820 5087 1933 5165 (to)
1961 5095 2068 5148 Leo
2096 5094 2232 5166 inde
2259 5111 2287 5144 ει
2315 5107 2502 5166 mense
2530 5090 2777 5149 Januarii
2809 5109 2900 5149 an.
2928 5093 3032 5150 956
3067 5109 3246 5166 usque
3270 5087 3342 5141 ad
3432 5117 3438 5123 -

1752 5163 1952 5222 Iulium
1986 5165 2110 5218 anni
2137 5164 2243 5218 939
2267 5163 2430 5217 sedit.
3151 5211 3153 5214 .

1959 5234 2331 5326 \jidcliti‘l‘lral.‘I

2339 5303 2421 5326 ι-..
2551 5303 2667 5326 Δ-.-
2705 5304 2780 5326 an
2835 5303 2878 5326 Λ
2932 5301 2964 5326 ιε
3026 5301 3062 5326 o
3121 5305 3156 5326 to
3228 5298 3298 5326 Ill
