3872 5326
523 308 628 366 M9

1584 308 1973 369 FLODOABDI
2011 311 2330 371 CANONICI
2372 314 2714 377 REMENSIS

3688 335 3786 394 ΩΟ

524 425 579 483 in
608 423 836 493 Vosago.
868 437 900 477 a
922 418 1286 493 Regembaldo
1308 421 1542 491 quodam
1575 424 1818 492 pervasis
1840 464 1856 488 ,
1895 423 2107 479 locutus
2140 429 2179 487 Α
2211 436 2265 482 et
2309 428 2480 496 stylus
2526 446 2717 499 purus,
2754 430 3005 504 simplex,
3050 435 3251 509 gravis,
3293 450 3523 501 ornatus
3568 444 3783 507 fastidio

522 516 736 570 fuisset.
764 513 935 567 Media
963 513 1108 566 inter
1133 513 1360 590 negotia.
1384 512 1666 568 historiam
1694 513 1953 569 Ecclesia:
1999 513 2101 568 lte-

521 604 725 661 mensis
751 603 993 658 scribere
1015 618 1326 674 aggressus,
1350 603 1608 659 subsidiis
1637 604 1875 673 undique
1908 620 2102 672 conge-

520 694 639 761 SIis,
666 693 935 763 prtecipue
958 708 1091 747 vero
1139 693 1348 748 chartis
1378 693 1430 747 in
1474 693 1697 748 archivo
1742 692 2003 763 librisque
2048 693 2101 747 iu

519 784 842 841 bibliotheca
872 783 1116 839 ecclesia:
1145 785 1459 850 asservatis,
1487 800 1622 855 opus
1671 794 1907 854 quatuor
1947 785 2102 839 libris

518 874 644 929 inde
673 875 742 929 ab
765 874 975 944 origine
999 873 1290 928 Remorum
1318 889 1488 944 usque
1517 876 1582 927 ad
1612 874 1817 928 exitum
1842 876 1970 927 anni
1995 874 2100 928 9-i8

520 964 793 1034 perduxit,
830 972 994 1035 atque
1033 964 1310 1033 flagitante
1350 963 1588 1018 Roberto
1644 963 1965 1018 Treverensi
2016 979 2105 1018 ar-

520 1055 868 1125 chiepiscopo
898 1057 1234 1125 recognitum
1258 1046 1495 1125 haeipsi
1530 1046 1730 1110 dicavit
1756 1046 1983 1126 epistola
2017 1072 2029 1108 :

594 1166 614 1200 ι
647 1149 875 1202 Domino
898 1148 1213 1212 venerabili,
1244 1168 1263 1200 ι
1288 1158 1399 1204 etc.
1433 1147 1613 1218 (lianc
1644 1147 1918 1216 epistolam
1947 1147 2104 1202 habet

517 1257 682 1311 supra
713 1240 966 1295 Historia:
1000 1239 1249 1295 Ecclesite
1288 1239 1557 1294 Remeusis
1579 1238 1899 1310 pra'ﬁxam.)

592 1333 756 1390 Libro
786 1336 962 1405 primo
1002 1336 1283 1391 historiam
1316 1336 1570 1391 Ecclesia:
1598 1342 1767 1405 usque
1796 1336 1861 1391 ad
1896 1336 2104 1390 obitum

520 1437 578 1480 et
622 1425 1028 1480 translationem
1066 1426 1237 1481 sancti
1271 1422 1522 1496 Remigii,
1555 1426 1790 1481 secundo
1825 1442 2104 1481 successo-

520 1529 611 1571 res
646 1516 814 1569 sancti
855 1514 1087 1585 Remigii
1120 1530 1287 1585 usque
1311 1516 1377 1569 ad
1411 1517 1779 1581 lliucmarum,
1817 1518 1973 1571 tertio
2018 1532 2105 1572 res

520 1614 700 1675 gestas
743 1614 799 1659 et
842 1605 1043 1674 scripta
1086 1604 1361 1679 llinemari
1402 1604 1793 1675 archiepiscopi
1836 1616 2098 1669 recenset,

520 1706 720 1765 quarto
751 1678 1065 1759 Fulconem,
1100 1678 1426 1758 ilerivteutn,
1459 1693 1700 1748 Seulfutn
1738 1702 1795 1747 et
1823 1694 2100 1747 Artoldum

518 1804 688 1859 usque
720 1790 787 1843 ad
824 1788 1087 1860 synodum
1128 1787 1612 1858 lngelheimensem
1656 1794 1932 1855 peractam
1966 1786 2100 1840 scri-
2133 1774 2177 1835 Β

518 1883 618 1937 bit.
661 1880 807 1951 Opus
841 1895 1035 1951 magno
1066 1880 1306 1934 historiae
1338 1877 1544 1942 Galliae,
1576 1892 1680 1932 non
1717 1877 1889 1933 solmn
1929 1878 2103 1932 eccle-

519 1973 751 2028 siastica:
787 1972 881 2027 sed
915 1980 970 2026 et
1007 1970 1183 2025 civilis
1222 1979 1279 2024 et
1322 1969 1621 2033 litterariae;
1653 1969 1935 2025 commodo
1981 1969 2102 2023 edi-

521 2074 671 2128 tum,
712 2078 873 2125 cum,
919 2061 1159 2116 fontibus
1197 2061 1396 2131 quibus
1423 2069 1613 2114 auctor
1642 2074 1772 2115 usus
1800 2068 1884 2114 est
1910 2060 2104 2129 deper‘

520 2155 668 2227 ditis,
698 2153 956 2223 plurimas
1001 2150 1179 2221 magni
1225 2150 1484 2204 momenti
1528 2149 1750 2204 notitias
1787 2148 1860 2204 ibi
1898 2158 2104 2204 tantum

520 2244 792 2312 reperias;
826 2242 1151 2311 prtecipuam
1184 2248 1363 2294 tamen
1401 2252 1464 2294 ea
1498 2240 1707 2294 ratione
1748 2239 1963 2294 laudent
2001 2240 2104 2296 sibi

521 2336 574 2390 in
608 2333 831 2388 historia
866 2332 1143 2407 lliucmari
1170 2343 1226 2387 et
1255 2331 1507 2386 Fulconis
1535 2331 1646 2401 (l7)
1678 2331 1941 2398 vindicat,
1973 2348 2107 2402 quo-

520 2444 641 2482 runt
675 2428 834 2482 rebus
874 2435 928 2481 et
965 2425 1182 2495 scriptis
1228 2424 1576 2480 recensendis
1609 2425 1936 2495 praecipuam
1973 2441 2107 2497 ope-

521 2535 635 2574 ram
669 2517 968 2588 impendit;
1014 2516 1221 2586 reliqua
1273 2530 1524 2587 magnam
1561 2524 1773 2586 partem
1802 2524 1859 2571 et
1885 2516 2107 2572 Annali-

520 2609 622 2665 bus
664 2610 778 2664 suis
824 2608 1054 2678 repetita
1094 2606 1339 2678 legimus.
1374 2605 1580 2672 Quibus
1613 2606 1831 2676 quidem
1873 2607 1998 2662 inde
2034 2607 2104 2662 ab

518 2718 585 2758 eo
639 2711 879 2770 tempore
925 2700 1068 2754 haud
1120 2698 1485 2753 intermissam
1535 2714 1756 2768 operam
1810 2714 2105 2769 curamque

521 2792 766 2846 adhibuit
812 2791 956 2861 (18):
1013 2789 1323 2856 mediasque
1372 2788 1515 2842 inter
1565 2804 1654 2843 res
1700 2797 1756 2843 et
1802 2790 1856 2843 in
1907 2805 2103 2860 magna

525 2897 705 2938 rerum
767 2895 863 2950 per
923 2878 1126 2934 Gallias
1182 2879 1548 2934 commotione
1607 2879 1854 2935 oculatus
1912 2882 2100 2948 testis,

523 2990 772 3045 regnum,
815 2973 1118 3044 principum
1166 2972 1516 3042 virorumque
1562 2982 1655 3027 aut
1702 2974 1947 3030 doctrina
2007 2985 2103 3032 aut

519 3073 790 3137 potestate
833 3078 928 3134 per
954 3061 1180 3118 Galliam
1211 3071 1264 3117 et
1289 3061 1634 3118 Germaniam
1672 3063 1783 3135 (l9)
1812 3063 2097 3120 illustrium

519 3155 849 3213 commercio
887 3153 1031 3207 haud
1071 3151 1297 3216 alienus,
1324 3168 1443 3222 quae
1467 3168 1650 3208 veram
1694 3154 1776 3208 sui
1815 3155 1915 3209 aevi
1961 3155 2097 3209 ima-

518 3248 698 3317 ginem
726 3243 959 3315 posteris
988 3242 1277 3298 redderent
1303 3242 1711 3312 diligentissime
1742 3245 2004 3309 enotavit,
2033 3261 2098 3301 ea

517 3336 727 3392 scilicet
765 3333 888 3398 (ide,
921 3348 1026 3403 qua
1066 3331 1238 3386 virum
1283 3333 1452 3403 pium,
1484 3334 1773 3389 candidum
1817 3344 1874 3389 et
1915 3353 1945 3390 a
1983 3337 2100 3391 vio-

520 3426 666 3481 lento
705 3423 937 3493 partium
984 3421 1163 3497 studio
1203 3420 1440 3478 alienum
1474 3424 1649 3491 decet,
1682 3423 1896 3495 qualem
1938 3424 2101 3482 fuisse

518 3559 777 3617 Artaldus
802 3556 1090 3627 episcopus
1121 3554 1323 3610 dudum
1374 3555 1776 3614 Conrado‘duci
1811 3559 2102 3615 commise-

524 3641 650 3695 rat;
679 3643 824 3701 quas
864 3628 952 3701 ille
984 3627 1332 3701 lingenbaldo
1376 3629 1589 3701 cuidam
1621 3643 1845 3683 suorum
1889 3630 2101 3701 delega-a

523 3698 829 3767 veratIQ-ai
871 3698 1249 3769 Ragenhaldus
1294 3699 1606 3769 earumdem
1658 3716 1839 3755 rerum
1878 3698 2098 3755 colotios

520 3773 679 3828 valde
710 3767 995 3840 allligehat.
1048 3768 1153 3836 Ipsi
1193 3783 1320 3840 vero
1351 3784 1449 3837 pro
1498 3767 1788 3840 afﬂictione
1834 3785 1930 3823 sua
1958 3785 2101 3838 suth

521 3843 586 3897 ad
620 3838 864 3897 sanetum
898 3839 1200 3909 Remigium
1229 3838 1557 3903 clamabant,
1592 3839 1774 3893 ltemis
1800 3840 2097 3907 venientes,

521 3926 576 3970 et
628 3913 796 3984 ipsius
843 3908 1071 3979 patroni
1102 3908 1184 3962 sui
1229 3910 1533 3984 patrocinia
1581 3911 1936 3984 requirentes.
1992 3910 2099 3965 Pro

521 3999 627 4054 qua
648 3979 725 4036 're
754 3996 943 4054 nuper
971 3994 1115 4054 anno
1146 3982 1451 4048 prmterito.
1501 3995 1625 4054 cum
1654 3995 1778 4054 rege
1821 3979 2018 4054 Ottone
2045 3990 2102 4037 et

520 4049 746 4126 przrfato
768 4049 905 4126 duce
930 4050 1091 4126 locuti
1114 4066 1320 4126 sumus,
1344 4050 1558 4126 quando
1580 4049 1747 4126 Aquis
1765 4052 1833 4126 ad
1847 4052 2098 4126 eumdem

522 4120 703 4196 regem
730 4122 875 4175 missi
927 4121 1143 4196 fuimus.
1200 4120 1306 4196 sed
1348 4131 1406 4173 ut
1439 4121 1584 4196 idem
1630 4120 2003 4196 ltageubaldus
2033 4122 2099 4178 ab

522 4190 762 4265 ipsarum
824 4190 1368 4265 rerutn_direptione
1418 4190 1751 4265 desisteret,
1804 4190 2099 4265 impetrare

522 4259 886 4334 nequivimus.
922 4259 1075 4315 Unde
1094 4260 1517 4334 contigithoruo
1541 4259 1681 4334 [cadi
1712 4277 1798 4331 ap.
1823 4259 1971 4334 Gelo.-
1996 4264 2100 4334 hoc

520 4328 713 4405 arma].
742 4340 801 4386 ut
827 4333 953 4405 dum
994 4331 1227 4397 quodam
1252 4328 1487 4405 sabbato
1533 4328 1754 4386 éosdeut
1780 4330 2003 4405 colonos
2030 4332 2100 4387 ad

521 4400 975 4479 opus_'quo.ldatn
1007 4400 1373 4479 peragendum
1422 4411 1781 4479 congregatos
1825 4402 2096 4479 haberet,

2205 528 2472 589 comptus,
2505 523 2702 592 arguit.

2273 606 2512 665 Perfecit
2558 620 2737 667 tamen
2782 614 3022 673 Annales
3064 611 3120 674 in
3170 623 3530 691 monasterio,
3571 643 3683 697 quo
3729 648 3787 688 se

2204 697 2468 794 beneﬁcio
2490 702 2737 773 deposito
2759 709 3055 765 monachus
3079 711 3191 784 (2ο)
3215 730 3451 787 moxque
3480 718 3654 776 abbas
3678 724 3783 794 (21)

2203 786 2417 848 futurus
2447 793 2731 851 detulerat.
2765 796 2865 853 Ubi
2902 800 3160 869 ejusmodi
3193 786 3647 876 occupationibus
3679 786 3785 867 stu;

2204 880 2414 951 diisque
2448 885 2685 940 deditum
2726 902 2848 943 cum
2890 906 3032 947 anno
3067 892 3173 948 952
3214 906 3308 950 aut
3334 897 3439 951 955
3467 899 3586 971 (22)
3612 902 3778 958 clerus

2204 978 2256 1024 et
2294 973 2520 1040 populus
2559 974 2931 1034 Noviomeusis
2972 990 3026 1035 et
3065 980 3423 1040 Tornaceusis
3469 990 3777 1060 episcopum

2205 1060 2304 1149 sibi
2333 1062 2641 1134 elegissent,
2674 1067 2852 1137 regius
2889 1077 3067 1125 tamen
3096 1070 3250 1126 favor
3281 1078 3506 1132 minime
3540 1089 3775 1146 secutus,

2204 1153 2403 1211 fruStra
2455 1157 2724 1214 renitente
2774 1160 3073 1217 Flodoardo
3120 1164 3254 1235 (23),
3301 1166 3467 1222 alium
3511 1171 3778 1225 cathedra:

2203 1247 2433 1314 pecunia
2480 1250 2655 1303 venali
2705 1250 2989 1320 imposuit;
3040 1269 3145 1322 qua
3189 1257 3255 1310 de
3298 1272 3357 1311 re
3394 1257 3466 1312 ab
3505 1260 3777 1331 Adaldago

2203 1338 2609 1409 archiepiscopo
2647 1339 3129 1411 llammaburgensi
3163 1345 3366 1411 Jitteris
3394 1349 3459 1401 ad
3488 1362 3616 1404 eum
3645 1352 3776 1408 datis

2203 1429 2456 1485 visitatus
2486 1440 2585 1485 est.
2612 1431 2849 1487 Aitatem
2879 1434 3041 1502 igitur
3067 1436 3317 1492 Ecclesia:
3340 1439 3629 1495 Bernensis
3657 1459 3774 1512 pre-

2204 1521 2383 1591 sbyter
2408 1530 2461 1575 et
2490 1522 2743 1591 praelatus
2789 1539 2955 1593 penes
2997 1527 3277 1582 Artoldum
3321 1531 3524 1600 exegit,
3552 1548 3661 1601 quo
3687 1536 3774 1590 de-

2202 1609 2407 1677 functo,
2438 1623 2493 1666 et
2540 1612 2761 1683 llugone
2807 1616 2897 1685 qui
2944 1627 3219 1684 superstes
3256 1630 3375 1672 erat
3409 1626 3773 1678 excommuni.

2203 1708 2343 1765 cato,
2374 1717 2516 1756 anno
2544 1702 2648 1757 962
2679 1704 2794 1773 ipse
2819 1720 2941 1760 cum
2971 1708 3182 1761 exteris
3208 1710 3455 1765 ecclesia:
3478 1715 3771 1781 canonicis,

2207 1808 2333 1864 rege
2370 1794 2630 1849 Lothario
2659 1811 2782 1850 cum
2816 1798 3001 1868 regina
3037 1808 3208 1854 matre
3237 1811 3291 1854 et
3321 1802 3576 1858 Brunone
3600 1807 3770 1858 archi-

2205 1886 2457 1956 episcopo
2502 1885 2806 1941 Coloniensi
2850 1887 3175 1955 faveutibus,
3224 1890 3561 1958 Odelricum,
3606 1894 3772 1965 llugo-

2205 1978 2289 2033 nis
2333 1978 2613 2048 cujusdant
2657 1979 2874 2033 contritis
2920 1979 3110 2048 filium,
3159 1980 3630 2054 archiepiscopum
3670 1986 3772 2039 ele-

2205 2069 2282 2140 git
2320 2068 2455 2141 (24).
2499 2070 2657 2123 Anno
2699 2072 2944 2140 sequenti
2992 2074 3143 2126 senio
3185 2084 3508 2143 occupatum
3555 2089 3617 2129 se
3653 2091 3772 2130 sen-

2208 2160 2345 2213 tiens
2374 2159 2510 2229 (25),
2540 2163 2985 2231 septuageuarius
3026 2179 3210 2218 coram
3248 2166 3440 2221 eodem
3481 2166 3772 2236 przelatura:

2205 2250 2567 2305 ministerium
2634 2251 2938 2317 abdicavit,
2991 2262 3048 2307 et
3101 2253 3461 2310 Flodoardum
3533 2266 3771 2326 nepotem

2204 2357 2575 2398 successorem
2606 2343 2660 2397 in
2691 2358 2754 2399 ea
2794 2346 3020 2414 accepit.
3055 2346 3419 2412 Quadriennio
3454 2363 3565 2418 quo
3598 2364 3770 2417 super-

2204 2434 2357 2498 vixit,
2386 2443 2546 2489 aetate
2581 2433 2787 2489 fractus
2830 2443 2886 2489 et
2924 2434 3237 2489 inﬁrmitate
3272 2436 3495 2491 attritus
3542 2446 3602 2491 ut.
3640 2447 3767 2501 erat,

2205 2525 2290 2581 vel
2319 2525 2606 2580 annalibus
2640 2526 2754 2580 suis
2789 2541 2987 2596 paucas
3014 2512 3217 2580 tantum
3262 2526 3433 2581 lineas
3468 2526 3693 2596 adjecit,
3721 2536 3768 2580 et

2206 2632 2349 2675 anno
2382 2620 2599 2675 demum
2630 2619 2734 2674 966
2767 2639 2788 2672 ι
2822 2620 2907 2674 vir
2933 2621 3055 2674 vitze
3092 2621 3437 2685 venerabilis,
3475 2622 3767 2675 sanctitatis

2206 2712 2413 2767 honore
2439 2713 2807 2774 venerandus,
2847 2713 3115 2767 castitatis
3150 2714 3440 2783 splendore
3484 2714 3765 2784 angelicus,

2154 2866 2163 2874 ,
2205 2805 2411 2876 fulgore
2446 2802 2723 2876 sapientia:
2765 2806 3011 2870 caelieus,
3052 2816 3480 2875 caeterarumque
3523 2815 3764 2859 virtutum

2205 2897 2504 2967 insignibus
2549 2896 2886 2951 abundanter
2928 2897 3192 2967 oppletus,
3236 2897 3475 2951 dictator
3510 2896 3762 2967 egregius,

2201 3004 2236 3043 γ
2262 2987 2532 3043 Kalendas
2567 2987 2768 3058 Aprilis
2821 2996 3050 3042 terrena}
3104 2986 3583 3058 peregrinationis
3612 2984 3761 3039 retin.

2124 3127 2168 3188 C
2204 3093 2379 3148 quens
2402 3078 2613 3142 exsilia,
2643 3077 2809 3132 civica
2843 3085 2902 3130 ut
2929 3076 3199 3131 credimus
3226 3077 3456 3146 adeptus
3481 3085 3568 3129 est
3586 3074 3721 3144 jura.
3742 3091 3760 3122 ι

2203 3168 2539 3188 D,9._-L2-___
2592 3182 2615 3188 Α
2643 3166 2657 3188 Ι
2707 3167 2862 3188 ιι..--.
2924 3167 3118 3188 ΑΑΑΙεμξ-
3169 3166 3467 3188 -......-2-.--...
3554 3165 3618 3188 -L
3658 3165 3756 3188 ι---

2199 3168 2545 3241 Epitaphium
2590 3166 2657 3221 ad
2706 3167 2865 3220 tinem
2918 3167 3121 3222 codicis
3164 3166 3506 3232 carminum,
3554 3165 3622 3221 ab
3658 3165 3757 3236 ipso

2199 3262 2430 3317 fortasse
2458 3257 2836 3329 compositum,
2867 3258 2939 3312 ita
2972 3258 3133 3313 habet
3160 3272 3177 3312 :
3210 3272 3213 3277 ‘

2259 3370 2492 3432 Hicjacet
2515 3370 2743 3430 indignus
2769 3368 3060 3435 Flodoardus
3081 3369 3267 3435 honore
3287 3370 3536 3435 sacerdos,

2319 3430 2522 3483 Arbiter
2543 3440 2835 3493 exspectans
2858 3430 3058 3482 melleus
3073 3440 3126 3481 ut
3150 3431 3341 3495 redeat,

2198 3559 2572 3630 supplicatque
2605 3572 2671 3612 ne
2700 3556 2976 3612 sceleratis
3020 3557 3108 3612 hic
3160 3572 3251 3630 rex
3294 3556 3615 3630 adquiescat
3639 3571 3759 3630 conf

2199 3626 2358 3696 ciliis,
2391 3626 2498 3684 sed
2520 3631 2841 3682 misereatur
2876 3631 3049 3698 gentis
3089 3626 3267 3695 hujus,
3313 3636 3367 3682 et
3414 3629 3564 3697 regio
3592 3626 3758 3695 generi

2199 3703 2484 3757 subveniat
2532 3699 2826 3762 decidenti,
2874 3711 3145 3769 satagens,
3200 3707 3257 3751 ut
3311 3698 3364 3750 in
3420 3698 3613 3769 diebus
3660 3698 3758 3750 suis

2198 3771 2432 3842 dignitas
2477 3771 2837 3825 successuouis
2878 3765 3341 3842 suzeiroboretur,
3374 3778 3428 3842 et
3473 3765 3526 3821 hi
3572 3769 3660 3837 qui
3692 3782 3758 3842 et

2199 3837 2377 3896 alieno
2423 3848 2619 3912 genere
2663 3855 2814 3907 reges
2855 3837 3163 3902 exstabant,
3196 3839 3279 3892 Vel
3323 3839 3563 3912 existere
3593 3838 3756 3907 cupie-

2198 3914 2347 3974 bant,
2378 3910 2483 3965 min
2516 3912 2871 3979 praevalerent
2901 3926 3091 3965 contra
3119 3924 3233 3974 eos,
3262 3910 3459 3977 quibus
3481 3922 3551 3963 ex
3580 3919 3760 3978 genere

2200 3984 2375 4038 honor
2404 3983 2582 4051 regius
2610 3981 2920 4034 debebatur.
2952 3999 2972 4033 ι

2274 4053 2385 4124 (l8)
2420 4050 2697 4124 Praecipue
2721 4066 2896 4124 usque
2918 4052 2989 4124 ad
3012 4066 3212 4124 annth
3238 4050 3363 4104 954.

2272 4115 2385 4196 (19)
2415 4115 2854 4196 Exetnpligraria
2883 4120 3108 4196 ltodulfu
3130 4115 3757 4196 Treverensi,_Adal_d_ago

2200 4188 2681 4261 Haintnaburgensi
2707 4192 3136 4261 archiepiscopo,
3162 4191 3390 4261 Aunone
3411 4192 3608 4261 abbate
3631 4188 3757 4254 Mag-

2199 4260 2570 4332 deburgense,
2602 4271 2787 4332 postea
2822 4260 3076 4332 episcopo
3119 4260 3535 4332 Wormaeieusi.
3569 4260 3757 4332 D_e_qua

2200 4334 2340 4391 Hist.
2372 4328 2530 4387 Item.
2556 4328 2676 4398 [[4,
2704 4328 3028 4387 hwc‘i'el‘ert
3057 4350 3070 4385 :
3099 4350 3117 4383 t
3148 4330 3294 4385 Beati
3339 4331 3575 4400 denique
3595 4328 3757 4400 Timo-

2204 4406 2314 4460 thei
2358 4420 2505 4466 ossa,
2538 4419 2633 4457 rex
2675 4403 2821 4465 Otto,
2859 4403 3187 4457 concedente
3234 4401 3459 4455 Artaldo
3490 4398 3754 4467 archiepi-

522 4470 949 4546 prwciperetque
987 4471 1339 4547 presbytero,
1388 4484 1456 4523 ne
1505 4470 1663 4547 signa
1712 4472 2094 4547 vespertinalia

2207 4491 2382 4547 scopo,
2417 4473 2697 4547 transferri
2728 4473 2865 4547 fecit
2885 4473 2935 4525 in
2965 4470 3276 4547 Sasoniam,
3301 4480 3355 4525 et
3373 4471 3753 4547 _tnonastetium

524 4540 890 4613 usque'pe-ope
936 4549 1149 4595 noctem
1194 4540 1472 4611 pulsaret,
1504 4541 1763 4613 operique
1811 4540 2094 4612 implendo

521 4612 820 4676 insisteret,
847 4620 1221 4681 percuteretur
1265 4627 1585 4681 percussore
1616 4612 1811 4666 inviso.
1838 4614 1939 4678 Qui
1966 4614 2091 4668 dum

522 4688 827 4757 requireret
866 4682 987 4752 quis
1014 4684 1539 4757 eutupercussisset,
1588 4698 1884 4753 omnesque
1914 4698 1983 4757 se
2009 4684 2091 4757 vi-

520 4752 665 4813 disse
694 4760 985 4825 negarent,
1037 4752 1190 4807 furiis
1227 4753 1567 4825 exagitatus,
1615 4768 1831 4807 sensum
1879 4754 2089 4817 amisit,

521 4823 869 4899 gravium—{ue
889 4830 1137 4899 vexatus,
1170 4823 1423 4899 spiritum
1451 4825 1740 4899 exhalavit.
1771 4825 1889 4899 Quo
1935 4840 2089 4877 com-

522 4894 701 4968 pet-to,
734 4894 842 4952 dux
879 4894 1161 4968 Gouradus
1194 4894 1420 4968 nimium
1465 4896 1795 4968 terri_tu_s__ad
1843 4903 2092 4948 sanctum

525 4964 825 5022 Remigium
847 4966 1011 5024 venit.
1036 4964 1194 5026 eique
1221 4979 1308 5018 res
1336 4966 1481 5028 ipsas
1513 4964 1768 5027 reddidit,
1794 4979 1931 5030 quas
1952 4979 2092 5032 pra:-

2204 4541 2590 4601 monachorum
2620 4544 2675 4597 in
2704 4543 2819 4609 ejus
2852 4542 3083 4595 instituit
3116 4544 3338 4596 honore.
3370 4541 3428 4611 In
3459 4557 3565 4611 qua
3600 4550 3757 4593 trnuso

2203 4617 2404 4671 latione
2449 4615 2613 4668 multa
2656 4615 2792 4668 mira
2830 4613 3079 4667 feruntur
3104 4625 3339 4667 ostensa.
3370 4610 3506 4664 Nam
3534 4620 3593 4665 ut
3617 4611 3755 4663 Anno

2203 4697 2332 4742 tunc
2365 4684 2560 4748 abbas,
2608 4700 2749 4738 nunc
2793 4685 3107 4756 episcopus,
3156 4685 3288 4736 tuihi
3339 4681 3560 4745 retulit,
3595 4695 3626 4733 a
3665 4692 3753 4756 quo

2199 4759 2387 4813 eadem
2439 4747 2596 4809 sacra
2642 4747 2860 4825 pignera
2907 4747 3169 4825 translata
3215 4761 3385 4825 sunt,
3428 4764 3627 4820 praeter
3667 4747 3752 4800 alia

2239 4828 2354 4882 tura
2402 4822 2674 4897 remedia}
2702 4822 3003 4878 'duodecim
3049 4822 3454 4897 interuclaudos
3503 4832 3559 4897 et
3605 4830 3752 4897 caecos

2224 4902 2353 4953 ‘uere
2382 4896 2575 4950 curati.
2610 4895 2810 4951 Beatus
2838 4908 3050 4961 quoque
3073 4892 3396 4966 Apollinaris
3421 4892 3636 4946 ossibus
3659 4892 3751 4966 suis

2200 4972 2253 5025 in
2315 4966 2621 5023 Orbacense
2686 4958 3072 5018 tttetaasteriutn
3121 4958 3438 5025 translatis.
3500 4958 3749 5016 nonnullis
