  <div class='ocr_page' id='page_1' title='image "/cluster/home/n/w/nwhite01/storage/ocr_20150623/135/hvd.32044015471758/219.png"; bbox 0 0 3872 5326; ppageno 0'>
   <div class='ocr_carea' id='block_1_1' title="bbox 502 176 612 237">
    <p class='ocr_par' dir='ltr' id='par_1_1' title="bbox 502 176 612 237">
     <span class='ocr_line' id='line_1_1' title="bbox 502 176 612 237; baseline 0 -4"><span class='ocrx_word' id='word_1_1' title='bbox 502 176 612 237; x_wconf 64' lang='grc' dir='ltr'>ω</span> 
     </span>
    </p>
   </div>
   <div class='ocr_carea' id='block_1_2' title="bbox 1571 162 2705 223">
    <p class='ocr_par' dir='ltr' id='par_1_2' title="bbox 1571 162 2705 223">
     <span class='ocr_line' id='line_1_2' title="bbox 1571 162 2705 223; baseline -0.002 0"><span class='ocrx_word' id='word_1_2' title='bbox 1571 164 1968 223; x_wconf 78' lang='lat' dir='ltr'><strong>FLODOARDI</strong></span> <span class='ocrx_word' id='word_1_3' title='bbox 2004 163 2323 223; x_wconf 76' lang='lat' dir='ltr'><strong>CANONICI</strong></span> <span class='ocrx_word' id='word_1_4' title='bbox 2362 162 2705 221; x_wconf 73' lang='lat' dir='ltr'><strong>REMENSIS</strong></span> 
     </span>
    </p>
   </div>
   <div class='ocr_carea' id='block_1_3' title="bbox 3667 168 3763 225">
    <p class='ocr_par' dir='ltr' id='par_1_3' title="bbox 3667 168 3763 225">
     <span class='ocr_line' id='line_1_3' title="bbox 3667 168 3763 225; baseline 0 0"><span class='ocrx_word' id='word_1_5' title='bbox 3667 168 3763 225; x_wconf 68' lang='grc' dir='ltr'>ω</span> 
     </span>
    </p>
   </div>
   <div class='ocr_carea' id='block_1_4' title="bbox 576 272 3764 358">
    <p class='ocr_par' dir='ltr' id='par_1_4' title="bbox 576 272 3764 358">
     <span class='ocr_line' id='line_1_4' title="bbox 576 272 3764 358; baseline -0.003 -14"><span class='ocrx_word' id='word_1_6' title='bbox 576 286 666 358; x_wconf 62' lang='lat' dir='ltr'><strong>5a)</strong></span> <span class='ocrx_word' id='word_1_7' title='bbox 684 283 1015 344; x_wconf 78' lang='lat' dir='ltr'><strong>lectionibus</strong></span> <span class='ocrx_word' id='word_1_8' title='bbox 1040 280 1244 341; x_wconf 78' lang='lat' dir='ltr'><strong>codicis</strong></span> <span class='ocrx_word' id='word_1_9' title='bbox 1279 278 1559 350; x_wconf 74' lang='lat' dir='ltr'><strong>cujusdam</strong></span> <span class='ocrx_word' id='word_1_10' title='bbox 1596 280 1655 335; x_wconf 85' lang='lat' dir='ltr'><strong>in</strong></span> <span class='ocrx_word' id='word_1_11' title='bbox 1700 278 1944 351; x_wconf 75' lang='lat' dir='ltr'><strong>margine</strong></span> <span class='ocrx_word' id='word_1_12' title='bbox 1974 276 2082 335; x_wconf 86' lang='lat' dir='ltr'><strong>edi-</strong></span> <span class='ocrx_word' id='word_1_13' title='bbox 2116 281 2163 344; x_wconf 75' lang='grc' dir='ltr'>Α</span> <span class='ocrx_word' id='word_1_14' title='bbox 2190 273 2311 330; x_wconf 90' lang='lat' dir='ltr'><strong>dem</strong></span> <span class='ocrx_word' id='word_1_15' title='bbox 2361 273 2495 349; x_wconf 88' lang='lat' dir='ltr'><strong>illud</strong></span> <span class='ocrx_word' id='word_1_16' title='bbox 2541 272 2861 341; x_wconf 83' lang='lat' dir='ltr'><strong>Erlebaldo,</strong></span> <span class='ocrx_word' id='word_1_17' title='bbox 2913 275 3150 346; x_wconf 88' lang='lat' dir='ltr'><strong>recepit,</strong></span> <span class='ocrx_word' id='word_1_18' title='bbox 3208 284 3262 334; x_wconf 90' lang='lat' dir='ltr'><strong>et</strong></span> <span class='ocrx_word' id='word_1_19' title='bbox 3301 275 3588 348; x_wconf 83' lang='lat' dir='ltr'><strong>dispositis</strong></span> <span class='ocrx_word' id='word_1_20' title='bbox 3641 278 3764 357; x_wconf 81' lang='lat' dir='ltr'><strong>inibi</strong></span> 
     </span>
    </p>
   </div>
   <div class='ocr_carea' id='block_1_5' title="bbox 502 371 1554 445">
    <p class='ocr_par' dir='ltr' id='par_1_5' title="bbox 502 371 1554 445">
     <span class='ocr_line' id='line_1_5' title="bbox 502 371 1554 445; baseline -0.014 -5"><span class='ocrx_word' id='word_1_21' title='bbox 502 379 668 445; x_wconf 80' lang='lat' dir='ltr'><strong>tionis</strong></span> <span class='ocrx_word' id='word_1_22' title='bbox 697 378 993 439; x_wconf 70' lang='lat' dir='ltr'><strong>Pithmauze</strong></span> <span class='ocrx_word' id='word_1_23' title='bbox 1020 373 1158 442; x_wconf 80' lang='lat' dir='ltr'><strong>sigla</strong></span> <span class='ocrx_word' id='word_1_24' title='bbox 1188 371 1258 431; x_wconf 78' lang='grc' dir='ltr'><strong>Μ.</strong></span> <span class='ocrx_word' id='word_1_25' title='bbox 1288 371 1476 436; x_wconf 86' lang='lat' dir='ltr'><strong>notati,</strong></span> <span class='ocrx_word' id='word_1_26' title='bbox 1498 378 1554 426; x_wconf 86' lang='lat' dir='ltr'><strong>et</strong></span> 
     </span>
    </p>
   </div>
   <div class='ocr_carea' id='block_1_6' title="bbox 568 459 2083 542">
    <p class='ocr_par' dir='ltr' id='par_1_6' title="bbox 568 459 2083 542">
     <span class='ocr_line' id='line_1_6' title="bbox 568 459 2083 542; baseline -0.007 -17"><span class='ocrx_word' id='word_1_27' title='bbox 568 471 658 542; x_wconf 68' lang='grc' dir='ltr'><strong>δι’)</strong></span> <span class='ocrx_word' id='word_1_28' title='bbox 682 470 869 526; x_wconf 81' lang='lat' dir='ltr'><strong>codice</strong></span> <span class='ocrx_word' id='word_1_29' title='bbox 893 467 1068 523; x_wconf 82' lang='lat' dir='ltr'><strong>sancti</strong></span> <span class='ocrx_word' id='word_1_30' title='bbox 1092 464 1326 521; x_wconf 78' lang='lat' dir='ltr'><strong>Victoris</strong></span> <span class='ocrx_word' id='word_1_31' title='bbox 1350 462 1694 528; x_wconf 84' lang='lat' dir='ltr'><strong>Parisiensis,</strong></span> <span class='ocrx_word' id='word_1_32' title='bbox 1719 459 1874 532; x_wconf 81' lang='lat' dir='ltr'><strong>cujus</strong></span> <span class='ocrx_word' id='word_1_33' title='bbox 1894 459 2083 517; x_wconf 85' lang='lat' dir='ltr'><strong>lectio-</strong></span> 
     </span>
    </p>
   </div>
   <div class='ocr_carea' id='block_1_7' title="bbox 497 554 2084 631">
    <p class='ocr_par' dir='ltr' id='par_1_7' title="bbox 497 554 2084 631">
     <span class='ocr_line' id='line_1_7' title="bbox 497 554 2084 631; baseline -0.007 -11"><span class='ocrx_word' id='word_1_34' title='bbox 497 576 595 621; x_wconf 79' lang='lat' dir='ltr'><strong>nes</strong></span> <span class='ocrx_word' id='word_1_35' title='bbox 622 561 766 631; x_wconf 86' lang='lat' dir='ltr'><strong>apud</strong></span> <span class='ocrx_word' id='word_1_36' title='bbox 788 560 1126 631; x_wconf 80' lang='lat' dir='ltr'><strong>Bouquctum</strong></span> <span class='ocrx_word' id='word_1_37' title='bbox 1143 602 1147 611; x_wconf 92' lang='lat'><strong>.</strong></span> <span class='ocrx_word' id='word_1_38' title='bbox 1164 556 1456 628; x_wconf 74' lang='lat' dir='ltr'><strong>propositae</strong></span> <span class='ocrx_word' id='word_1_39' title='bbox 1484 557 1629 613; x_wconf 90' lang='lat' dir='ltr'><strong>hunc</strong></span> <span class='ocrx_word' id='word_1_40' title='bbox 1652 556 1704 612; x_wconf 90' lang='lat' dir='ltr'><strong>ei</strong></span> <span class='ocrx_word' id='word_1_41' title='bbox 1729 556 1909 613; x_wconf 87' lang='lat' dir='ltr'><strong>locum</strong></span> <span class='ocrx_word' id='word_1_42' title='bbox 1941 554 2084 611; x_wconf 54' lang='lat' dir='ltr'><strong>adsir</strong></span> 
     </span>
    </p>
   </div>
   <div class='ocr_carea' id='block_1_8' title="bbox 497 660 688 724">
    <p class='ocr_par' dir='ltr' id='par_1_8' title="bbox 497 660 688 724">
     <span class='ocr_line' id='line_1_8' title="bbox 497 660 688 724; baseline -0.01 -16"><span class='ocrx_word' id='word_1_43' title='bbox 497 660 688 724; x_wconf 83' lang='lat' dir='ltr'><strong>gnant.</strong></span> 
     </span>
    </p>
   </div>
   <div class='ocr_carea' id='block_1_9' title="bbox 506 737 2081 812">
    <p class='ocr_par' dir='ltr' id='par_1_9' title="bbox 506 737 2081 812">
     <span class='ocr_line' id='line_1_9' title="bbox 506 737 2081 812; baseline -0.003 -14"><span class='ocrx_word' id='word_1_44' title='bbox 506 777 511 783; x_wconf 66' lang='grc' dir='ltr'><strong><em>η</em></strong></span> <span class='ocrx_word' id='word_1_45' title='bbox 569 741 663 798; x_wconf 85' lang='lat' dir='ltr'><strong>Usi</strong></span> <span class='ocrx_word' id='word_1_46' title='bbox 690 756 877 799; x_wconf 85' lang='lat' dir='ltr'><strong>smnus</strong></span> <span class='ocrx_word' id='word_1_47' title='bbox 904 748 1170 812; x_wconf 70' lang='lat' dir='ltr'><strong>praeterea</strong></span> <span class='ocrx_word' id='word_1_48' title='bbox 1198 738 1575 810; x_wconf 87' lang='lat' dir='ltr'><strong>scriptoribus,</strong></span> <span class='ocrx_word' id='word_1_49' title='bbox 1600 739 1693 809; x_wconf 89' lang='lat' dir='ltr'><strong>qui</strong></span> <span class='ocrx_word' id='word_1_50' title='bbox 1721 737 2081 794; x_wconf 86' lang='lat' dir='ltr'><strong>Flodoardum</strong></span> 
     </span>
    </p>
   </div>
   <div class='ocr_carea' id='block_1_10' title="bbox 495 832 2085 902">
    <p class='ocr_par' dir='ltr' id='par_1_10' title="bbox 495 832 2085 902">
     <span class='ocr_line' id='line_1_10' title="bbox 495 832 2085 902; baseline -0.002 -11"><span class='ocrx_word' id='word_1_51' title='bbox 495 834 693 891; x_wconf 64' lang='lat' dir='ltr'><strong>saeculo</strong></span> <span class='ocrx_word' id='word_1_52' title='bbox 740 834 930 889; x_wconf 86' lang='lat' dir='ltr'><strong>eodem</strong></span> <span class='ocrx_word' id='word_1_53' title='bbox 970 841 1039 889; x_wconf 89' lang='lat' dir='ltr'><strong>.et</strong></span> <span class='ocrx_word' id='word_1_54' title='bbox 1088 834 1334 902; x_wconf 78' lang='lat' dir='ltr'><strong>proxime</strong></span> <span class='ocrx_word' id='word_1_55' title='bbox 1378 832 1727 901; x_wconf 74' lang='lat' dir='ltr'><strong>sequentibus</strong></span> <span class='ocrx_word' id='word_1_56' title='bbox 1771 832 1924 887; x_wconf 82' lang='lat' dir='ltr'><strong>libris</strong></span> <span class='ocrx_word' id='word_1_57' title='bbox 1972 834 2085 888; x_wconf 79' lang='lat' dir='ltr'><strong>suis</strong></span> 
     </span>
    </p>
   </div>
   <div class='ocr_carea' id='block_1_11' title="bbox 495 922 2081 994">
    <p class='ocr_par' dir='ltr' id='par_1_11' title="bbox 495 922 2081 994">
     <span class='ocr_line' id='line_1_11' title="bbox 495 922 2081 994; baseline -0.003 -13"><span class='ocrx_word' id='word_1_58' title='bbox 495 935 854 994; x_wconf 82' lang='lat' dir='ltr'><strong>exceperunt,</strong></span> <span class='ocrx_word' id='word_1_59' title='bbox 900 924 1136 979; x_wconf 81' lang='lat' dir='ltr'><strong>Richero</strong></span> <span class='ocrx_word' id='word_1_60' title='bbox 1176 931 1232 979; x_wconf 90' lang='lat' dir='ltr'><strong>et</strong></span> <span class='ocrx_word' id='word_1_61' title='bbox 1263 922 1487 992; x_wconf 84' lang='lat' dir='ltr'><strong>llugone</strong></span> <span class='ocrx_word' id='word_1_62' title='bbox 1525 924 1916 979; x_wconf 89' lang='lat' dir='ltr'><strong>Flaviniacensi</strong></span> <span class='ocrx_word' id='word_1_63' title='bbox 1946 923 2081 993; x_wconf 83' lang='lat'><strong>(&#39;50),</strong></span> 
     </span>
    </p>
   </div>
   <div class='ocr_carea' id='block_1_12' title="bbox 495 1015 2085 1085">
    <p class='ocr_par' dir='ltr' id='par_1_12' title="bbox 495 1015 2085 1085">
     <span class='ocr_line' id='line_1_12' title="bbox 495 1015 2085 1085; baseline 0.001 -15"><span class='ocrx_word' id='word_1_64' title='bbox 495 1016 586 1085; x_wconf 88' lang='lat' dir='ltr'><strong>qui</strong></span> <span class='ocrx_word' id='word_1_65' title='bbox 619 1031 741 1071; x_wconf 88' lang='lat' dir='ltr'><strong>cum</strong></span> <span class='ocrx_word' id='word_1_66' title='bbox 775 1016 961 1072; x_wconf 89' lang='lat' dir='ltr'><strong>codice</strong></span> <span class='ocrx_word' id='word_1_67' title='bbox 995 1024 1180 1070; x_wconf 90' lang='lat' dir='ltr'><strong>nostro</strong></span> <span class='ocrx_word' id='word_1_68' title='bbox 1213 1016 1234 1069; x_wconf 89' lang='lat' dir='ltr'><strong>l</strong></span> <span class='ocrx_word' id='word_1_69' title='bbox 1263 1016 1632 1079; x_wconf 85' lang='lat' dir='ltr'><strong>consentiunt,</strong></span> <span class='ocrx_word' id='word_1_70' title='bbox 1667 1024 1777 1070; x_wconf 90' lang='lat' dir='ltr'><strong>tum</strong></span> <span class='ocrx_word' id='word_1_71' title='bbox 1804 1015 2085 1071; x_wconf 83' lang='lat' dir='ltr'><strong>Balderico</strong></span> 
     </span>
    </p>
   </div>
   <div class='ocr_carea' id='block_1_13' title="bbox 496 1105 2085 1177">
    <p class='ocr_par' dir='ltr' id='par_1_13' title="bbox 496 1105 2085 1177">
     <span class='ocr_line' id='line_1_13' title="bbox 496 1105 2085 1177; baseline 0.002 -19"><span class='ocrx_word' id='word_1_72' title='bbox 496 1115 553 1177; x_wconf 80' lang='lat' dir='ltr'><strong>et</strong></span> <span class='ocrx_word' id='word_1_73' title='bbox 583 1105 810 1177; x_wconf 80' lang='lat' dir='ltr'><strong>Hugone</strong></span> <span class='ocrx_word' id='word_1_74' title='bbox 853 1105 1206 1167; x_wconf 83' lang='lat' dir='ltr'><strong>Floriaeensi,</strong></span> <span class='ocrx_word' id='word_1_75' title='bbox 1235 1121 1532 1175; x_wconf 87' lang='lat' dir='ltr'><strong>eorumque</strong></span> <span class='ocrx_word' id='word_1_76' title='bbox 1570 1106 1826 1161; x_wconf 87' lang='lat' dir='ltr'><strong>lectiones</strong></span> <span class='ocrx_word' id='word_1_77' title='bbox 1852 1106 2085 1161; x_wconf 84' lang='lat' dir='ltr'><strong>additio-</strong></span> 
     </span>
    </p>
   </div>
   <div class='ocr_carea' id='block_1_14' title="bbox 496 1196 1631 1253">
    <p class='ocr_par' dir='ltr' id='par_1_14' title="bbox 496 1196 1631 1253">
     <span class='ocr_line' id='line_1_14' title="bbox 496 1196 1631 1253; baseline -0.002 -2"><span class='ocrx_word' id='word_1_78' title='bbox 496 1210 661 1252; x_wconf 89' lang='lat' dir='ltr'><strong>nesve</strong></span> <span class='ocrx_word' id='word_1_79' title='bbox 689 1197 813 1253; x_wconf 87' lang='lat' dir='ltr'><strong>hinc</strong></span> <span class='ocrx_word' id='word_1_80' title='bbox 843 1196 967 1251; x_wconf 89' lang='lat' dir='ltr'><strong>inde</strong></span> <span class='ocrx_word' id='word_1_81' title='bbox 991 1197 1338 1253; x_wconf 79' lang='lat' dir='ltr'><strong>adducendas</strong></span> <span class='ocrx_word' id='word_1_82' title='bbox 1362 1197 1631 1252; x_wconf 77' lang='lat' dir='ltr'><strong>duximus.</strong></span> 
     </span>
    </p>
   </div>
   <div class='ocr_carea' id='block_1_15' title="bbox 563 1327 1994 1407">
    <p class='ocr_par' dir='ltr' id='par_1_15' title="bbox 563 1327 1994 1407">
     <span class='ocr_line' id='line_1_15' title="bbox 563 1327 1994 1407; baseline 0.003 -25"><span class='ocrx_word' id='word_1_83' title='bbox 563 1327 724 1384; x_wconf 76' lang='lat' dir='ltr'><strong>Anno</strong></span> <span class='ocrx_word' id='word_1_84' title='bbox 754 1328 1141 1384; x_wconf 83' lang='lat' dir='ltr'><strong>incarnationis</strong></span> <span class='ocrx_word' id='word_1_85' title='bbox 1168 1330 1368 1384; x_wconf 86' lang='lat' dir='ltr'><strong>domini</strong></span> <span class='ocrx_word' id='word_1_86' title='bbox 1402 1332 1573 1386; x_wconf 86' lang='lat' dir='ltr'><strong>nostri</strong></span> <span class='ocrx_word' id='word_1_87' title='bbox 1598 1331 1764 1407; x_wconf 84' lang='lat' dir='ltr'><strong>Jbesu</strong></span> <span class='ocrx_word' id='word_1_88' title='bbox 1790 1330 1994 1388; x_wconf 82' lang='lat' dir='ltr'><strong>Christi</strong></span> 
     </span>
    </p>
   </div>
   <div class='ocr_carea' id='block_1_16' title="bbox 1122 1421 1465 1478">
    <p class='ocr_par' dir='ltr' id='par_1_16' title="bbox 1122 1421 1465 1478">
     <span class='ocr_line' id='line_1_16' title="bbox 1122 1421 1465 1478; baseline 0.003 -3"><span class='ocrx_word' id='word_1_89' title='bbox 1122 1421 1465 1478; x_wconf 79' lang='lat' dir='ltr'><strong>DCCCCXIX</strong></span> 
     </span>
    </p>
   </div>
   <div class='ocr_carea' id='block_1_17' title="bbox 497 1504 2087 1587">
    <p class='ocr_par' dir='ltr' id='par_1_17' title="bbox 497 1504 2087 1587">
     <span class='ocr_line' id='line_1_17' title="bbox 497 1504 2087 1587; baseline 0.005 -23"><span class='ocrx_word' id='word_1_90' title='bbox 497 1509 699 1565; x_wconf 83' lang='lat' dir='ltr'><strong>cecidit</strong></span> <span class='ocrx_word' id='word_1_91' title='bbox 722 1504 923 1566; x_wconf 35' lang='lat' dir='ltr'><strong>‘Re‘mis</strong></span> <span class='ocrx_word' id='word_1_92' title='bbox 952 1513 1155 1583; x_wconf 77' lang='lat' dir='ltr'><strong>grando</strong></span> <span class='ocrx_word' id='word_1_93' title='bbox 1182 1514 1467 1579; x_wconf 87' lang='lat' dir='ltr'><strong>mirabilis,</strong></span> <span class='ocrx_word' id='word_1_94' title='bbox 1496 1530 1656 1570; x_wconf 86' lang='lat' dir='ltr'><strong>ovum</strong></span> <span class='ocrx_word' id='word_1_95' title='bbox 1689 1515 1902 1587; x_wconf 73' lang='lat' dir='ltr'><strong>gallina:</strong></span> <span class='ocrx_word' id='word_1_96' title='bbox 1932 1530 2087 1587; x_wconf 86' lang='lat' dir='ltr'><strong>supe-</strong></span> 
     </span>
    </p>
   </div>
   <div class='ocr_carea' id='block_1_18' title="bbox 493 1594 2162 1692">
    <p class='ocr_par' dir='ltr' id='par_1_18' title="bbox 493 1594 2162 1692">
     <span class='ocr_line' id='line_1_18' title="bbox 493 1594 2162 1692; baseline 0.004 -36"><span class='ocrx_word' id='word_1_97' title='bbox 493 1616 624 1659; x_wconf 82' lang='lat' dir='ltr'><strong>rans</strong></span> <span class='ocrx_word' id='word_1_98' title='bbox 650 1594 1049 1674; x_wconf 83' lang='lat' dir='ltr'><strong>magnitudine;</strong></span> <span class='ocrx_word' id='word_1_99' title='bbox 1076 1621 1198 1675; x_wconf 71' lang='lat' dir='ltr'><strong>quae</strong></span> <span class='ocrx_word' id='word_1_100' title='bbox 1230 1621 1355 1660; x_wconf 89' lang='lat' dir='ltr'><strong>vero</strong></span> <span class='ocrx_word' id='word_1_101' title='bbox 1383 1606 1791 1663; x_wconf 86' lang='lat' dir='ltr'><strong>distendebatur</strong></span> <span class='ocrx_word' id='word_1_102' title='bbox 1818 1609 1869 1662; x_wconf 92' lang='lat' dir='ltr'><strong>in</strong></span> <span class='ocrx_word' id='word_1_103' title='bbox 1900 1609 2082 1664; x_wconf 85' lang='lat' dir='ltr'><strong>latitn-</strong></span> <span class='ocrx_word' id='word_1_104' title='bbox 2116 1632 2162 1692; x_wconf 72' lang='grc' dir='ltr'><strong><em>Β</em></strong></span> 
     </span>
    </p>
   </div>
   <div class='ocr_carea' id='block_1_19' title="bbox 492 1692 2085 1771">
    <p class='ocr_par' dir='ltr' id='par_1_19' title="bbox 492 1692 2085 1771">
     <span class='ocr_line' id='line_1_19' title="bbox 492 1692 2085 1771; baseline 0.006 -25"><span class='ocrx_word' id='word_1_105' title='bbox 492 1692 640 1760; x_wconf 86' lang='lat' dir='ltr'><strong>dine,</strong></span> <span class='ocrx_word' id='word_1_106' title='bbox 691 1694 993 1764; x_wconf 85' lang='lat' dir='ltr'><strong>occupabat</strong></span> <span class='ocrx_word' id='word_1_107' title='bbox 1038 1697 1272 1750; x_wconf 88' lang='lat' dir='ltr'><strong>medium</strong></span> <span class='ocrx_word' id='word_1_108' title='bbox 1318 1695 1529 1768; x_wconf 76' lang='lat' dir='ltr'><strong>palaize.</strong></span> <span class='ocrx_word' id='word_1_109' title='bbox 1578 1697 1685 1754; x_wconf 88' lang='lat' dir='ltr'><strong>Sed</strong></span> <span class='ocrx_word' id='word_1_110' title='bbox 1729 1709 1782 1754; x_wconf 91' lang='lat' dir='ltr'><strong>et</strong></span> <span class='ocrx_word' id='word_1_111' title='bbox 1830 1702 2085 1771; x_wconf 86' lang='lat' dir='ltr'><strong>grandior</strong></span> 
     </span>
    </p>
   </div>
   <div class='ocr_carea' id='block_1_20' title="bbox 492 1781 2084 1865">
    <p class='ocr_par' dir='ltr' id='par_1_20' title="bbox 492 1781 2084 1865">
     <span class='ocr_line' id='line_1_20' title="bbox 492 1781 2084 1865; baseline 0.007 -30"><span class='ocrx_word' id='word_1_112' title='bbox 492 1796 595 1852; x_wconf 89' lang='lat' dir='ltr'><strong>per</strong></span> <span class='ocrx_word' id='word_1_113' title='bbox 623 1781 730 1837; x_wconf 90' lang='lat' dir='ltr'><strong>alia</strong></span> <span class='ocrx_word' id='word_1_114' title='bbox 762 1784 1007 1855; x_wconf 81' lang='lat' dir='ltr'><strong>qttaedam</strong></span> <span class='ocrx_word' id='word_1_115' title='bbox 1042 1784 1156 1840; x_wconf 89' lang='lat' dir='ltr'><strong>loca</strong></span> <span class='ocrx_word' id='word_1_116' title='bbox 1190 1786 1301 1839; x_wconf 90' lang='lat' dir='ltr'><strong>visa</strong></span> <span class='ocrx_word' id='word_1_117' title='bbox 1341 1796 1424 1841; x_wconf 90' lang='lat' dir='ltr'><strong>est</strong></span> <span class='ocrx_word' id='word_1_118' title='bbox 1463 1789 1742 1865; x_wconf 82' lang='lat' dir='ltr'><strong>cecidisse.</strong></span> <span class='ocrx_word' id='word_1_119' title='bbox 1787 1789 1899 1845; x_wconf 82' lang='lat' dir='ltr'><strong>Hoc</strong></span> <span class='ocrx_word' id='word_1_120' title='bbox 1943 1807 2084 1846; x_wconf 86' lang='lat' dir='ltr'><strong>anno</strong></span> 
     </span>
    </p>
   </div>
   <div class='ocr_carea' id='block_1_21' title="bbox 494 1873 2082 1952">
    <p class='ocr_par' dir='ltr' id='par_1_21' title="bbox 494 1873 2082 1952">
     <span class='ocr_line' id='line_1_21' title="bbox 494 1873 2082 1952; baseline 0.006 -23"><span class='ocrx_word' id='word_1_121' title='bbox 494 1873 770 1930; x_wconf 86' lang='lat' dir='ltr'><strong>nihilvini</strong></span> <span class='ocrx_word' id='word_1_122' title='bbox 820 1876 873 1930; x_wconf 91' lang='lat' dir='ltr'><strong>in</strong></span> <span class='ocrx_word' id='word_1_123' title='bbox 914 1892 1051 1946; x_wconf 82' lang='lat' dir='ltr'><strong>pago</strong></span> <span class='ocrx_word' id='word_1_124' title='bbox 1098 1876 1367 1935; x_wconf 81' lang='lat' dir='ltr'><strong>Remense</strong></span> <span class='ocrx_word' id='word_1_125' title='bbox 1390 1880 1406 1911; x_wconf 85' lang='grc'>¹</span> <span class='ocrx_word' id='word_1_126' title='bbox 1441 1881 1542 1935; x_wconf 89' lang='lat' dir='ltr'><strong>nisi</strong></span> <span class='ocrx_word' id='word_1_127' title='bbox 1580 1898 1765 1952; x_wconf 88' lang='lat' dir='ltr'><strong>parum</strong></span> <span class='ocrx_word' id='word_1_128' title='bbox 1795 1884 2082 1940; x_wconf 80' lang='lat' dir='ltr'><strong>admodum</strong></span> 
     </span>
    </p>
   </div>
   <div class='ocr_carea' id='block_1_22' title="bbox 491 1962 2087 2029">
    <p class='ocr_par' dir='ltr' id='par_1_22' title="bbox 491 1962 2087 2029">
     <span class='ocr_line' id='line_1_22' title="bbox 491 1962 2087 2029; baseline 0.008 -12"><span class='ocrx_word' id='word_1_129' title='bbox 491 1962 615 2018; x_wconf 80' lang='lat' dir='ltr'><strong>fuit.</strong></span> <span class='ocrx_word' id='word_1_130' title='bbox 669 1965 990 2020; x_wconf 88' lang='lat' dir='ltr'><strong>Nortmauni</strong></span> <span class='ocrx_word' id='word_1_131' title='bbox 1038 1968 1060 1999; x_wconf 79' lang='lat'>&#39;</span> <span class='ocrx_word' id='word_1_132' title='bbox 1114 1983 1331 2024; x_wconf 86' lang='lat' dir='ltr'><strong>onmem</strong></span> <span class='ocrx_word' id='word_1_133' title='bbox 1379 1968 1712 2026; x_wconf 83' lang='lat' dir='ltr'><strong>Britanniam</strong></span> <span class='ocrx_word' id='word_1_134' title='bbox 1749 1973 1769 2004; x_wconf 87' lang='grc'>³</span> <span class='ocrx_word' id='word_1_135' title='bbox 1797 1973 1850 2027; x_wconf 91' lang='lat' dir='ltr'><strong>in</strong></span> <span class='ocrx_word' id='word_1_136' title='bbox 1880 1974 2087 2029; x_wconf 86' lang='lat' dir='ltr'><strong>Cornu-</strong></span> 
     </span>
    </p>
   </div>
   <div class='ocr_carea' id='block_1_23' title="bbox 494 2051 2084 2135">
    <p class='ocr_par' dir='ltr' id='par_1_23' title="bbox 494 2051 2084 2135">
     <span class='ocr_line' id='line_1_23' title="bbox 494 2051 2084 2135; baseline 0.007 -27"><span class='ocrx_word' id='word_1_137' title='bbox 494 2051 687 2108; x_wconf 70' lang='lat' dir='ltr'><strong>Galliaa</strong></span> <span class='ocrx_word' id='word_1_138' title='bbox 718 2054 853 2124; x_wconf 76' lang='lat' dir='ltr'><strong>(3i),</strong></span> <span class='ocrx_word' id='word_1_139' title='bbox 884 2054 937 2108; x_wconf 91' lang='lat' dir='ltr'><strong>in</strong></span> <span class='ocrx_word' id='word_1_140' title='bbox 964 2071 1059 2110; x_wconf 90' lang='lat' dir='ltr'><strong>ora</strong></span> <span class='ocrx_word' id='word_1_141' title='bbox 1085 2058 1291 2112; x_wconf 82' lang='lat' dir='ltr'><strong>scilicet</strong></span> <span class='ocrx_word' id='word_1_142' title='bbox 1324 2060 1616 2126; x_wconf 86' lang='lat' dir='ltr'><strong>maritima,</strong></span> <span class='ocrx_word' id='word_1_143' title='bbox 1649 2062 1806 2117; x_wconf 91' lang='lat' dir='ltr'><strong>sitam</strong></span> <span class='ocrx_word' id='word_1_144' title='bbox 1849 2064 2084 2135; x_wconf 77' lang='lat' dir='ltr'><strong>depopu-</strong></span> 
     </span>
    </p>
   </div>
   <div class='ocr_carea' id='block_1_24' title="bbox 495 2148 2082 2227">
    <p class='ocr_par' dir='ltr' id='par_1_24' title="bbox 495 2148 2082 2227">
     <span class='ocr_line' id='line_1_24' title="bbox 495 2148 2082 2227; baseline 0.007 -24"><span class='ocrx_word' id='word_1_145' title='bbox 495 2148 699 2214; x_wconf 86' lang='lat' dir='ltr'><strong>lantur,</strong></span> <span class='ocrx_word' id='word_1_146' title='bbox 740 2158 1028 2219; x_wconf 89' lang='lat' dir='ltr'><strong>proterunt</strong></span> <span class='ocrx_word' id='word_1_147' title='bbox 1072 2162 1237 2222; x_wconf 89' lang='lat' dir='ltr'><strong>atque</strong></span> <span class='ocrx_word' id='word_1_148' title='bbox 1282 2154 1483 2220; x_wconf 82' lang='lat' dir='ltr'><strong>delent,</strong></span> <span class='ocrx_word' id='word_1_149' title='bbox 1527 2155 1795 2224; x_wconf 87' lang='lat' dir='ltr'><strong>abductis,</strong></span> <span class='ocrx_word' id='word_1_150' title='bbox 1832 2160 2082 2227; x_wconf 75' lang='lat' dir='ltr'><strong>venditis,</strong></span> 
     </span>
    </p>
   </div>
   <div class='ocr_carea' id='block_1_25' title="bbox 494 2237 2089 2317">
    <p class='ocr_par' dir='ltr' id='par_1_25' title="bbox 494 2237 2089 2317">
     <span class='ocr_line' id='line_1_25' title="bbox 494 2237 2089 2317; baseline 0.006 -24"><span class='ocrx_word' id='word_1_151' title='bbox 494 2237 801 2307; x_wconf 88' lang='lat' dir='ltr'><strong>ceterisque</strong></span> <span class='ocrx_word' id='word_1_152' title='bbox 830 2241 1042 2294; x_wconf 89' lang='lat' dir='ltr'><strong>cunctis</strong></span> <span class='ocrx_word' id='word_1_153' title='bbox 1065 2238 1252 2307; x_wconf 86' lang='lat' dir='ltr'><strong>ejectis</strong></span> <span class='ocrx_word' id='word_1_154' title='bbox 1284 2242 1637 2299; x_wconf 85' lang='lat' dir='ltr'><strong>Brittonibus.</strong></span> <span class='ocrx_word' id='word_1_155' title='bbox 1670 2244 1903 2317; x_wconf 86' lang='lat' dir='ltr'><strong>Hungari</strong></span> <span class='ocrx_word' id='word_1_156' title='bbox 1934 2248 1955 2279; x_wconf 69' lang='grc'>⁸</span> <span class='ocrx_word' id='word_1_157' title='bbox 1982 2247 2089 2303; x_wconf 85' lang='lat' dir='ltr'><strong>lla-</strong></span> 
     </span>
    </p>
   </div>
   <div class='ocr_carea' id='block_1_26' title="bbox 493 2326 2090 2406">
    <p class='ocr_par' dir='ltr' id='par_1_26' title="bbox 493 2326 2090 2406">
     <span class='ocr_line' id='line_1_26' title="bbox 493 2326 2090 2406; baseline 0.009 -25"><span class='ocrx_word' id='word_1_158' title='bbox 493 2328 620 2382; x_wconf 86' lang='lat' dir='ltr'><strong>liam</strong></span> <span class='ocrx_word' id='word_1_159' title='bbox 670 2326 1326 2401; x_wconf 68' lang='lat' dir='ltr'><strong>partemque&#39;Francim,</strong></span> <span class='ocrx_word' id='word_1_160' title='bbox 1372 2350 1596 2406; x_wconf 80' lang='lat' dir='ltr'><strong>regnum</strong></span> <span class='ocrx_word' id='word_1_161' title='bbox 1639 2337 1846 2393; x_wconf 90' lang='lat' dir='ltr'><strong>scilicet</strong></span> <span class='ocrx_word' id='word_1_162' title='bbox 1888 2338 2090 2395; x_wconf 81' lang='lat' dir='ltr'><strong>Letha—</strong></span> 
     </span>
    </p>
   </div>
   <div class='ocr_carea' id='block_1_27' title="bbox 493 2417 2090 2491">
    <p class='ocr_par' dir='ltr' id='par_1_27' title="bbox 493 2417 2090 2491">
     <span class='ocr_line' id='line_1_27' title="bbox 493 2417 2090 2491; baseline 0.009 -18"><span class='ocrx_word' id='word_1_163' title='bbox 493 2417 561 2473; x_wconf 89' lang='lat' dir='ltr'><strong>rii</strong></span> <span class='ocrx_word' id='word_1_164' title='bbox 584 2418 605 2449; x_wconf 81' lang='grc'>⁸</span> <span class='ocrx_word' id='word_1_165' title='bbox 622 2420 757 2490; x_wconf 77' lang='lat'><strong>(52),</strong></span> <span class='ocrx_word' id='word_1_166' title='bbox 783 2420 1182 2491; x_wconf 66' lang='lat' dir='ltr'><strong>depraedantur.</strong></span> <span class='ocrx_word' id='word_1_167' title='bbox 1206 2423 1363 2478; x_wconf 86' lang='lat' dir='ltr'><strong>Auno</strong></span> <span class='ocrx_word' id='word_1_168' title='bbox 1388 2424 1679 2483; x_wconf 76' lang='lat' dir='ltr'><strong>Dominica:</strong></span> <span class='ocrx_word' id='word_1_169' title='bbox 1703 2428 2090 2488; x_wconf 84' lang='lat' dir='ltr'><strong>incarnationis</strong></span> 
     </span>
    </p>
   </div>
   <div class='ocr_carea' id='block_1_28' title="bbox 1129 2506 1759 2571">
    <p class='ocr_par' dir='ltr' id='par_1_28' title="bbox 1129 2506 1759 2571">
     <span class='ocr_line' id='line_1_28' title="bbox 1129 2506 1759 2571; baseline 0.014 -4"><span class='ocrx_word' id='word_1_170' title='bbox 1129 2514 1450 2571; x_wconf 78' lang='lat' dir='ltr'><strong>DCCCCXX</strong></span> <span class='ocrx_word' id='word_1_171' title='bbox 1756 2506 1759 2513; x_wconf 74' lang='grc'><strong><em>“</em></strong></span> 
     </span>
    </p>
   </div>
   <div class='ocr_carea' id='block_1_29' title="bbox 492 2603 2088 2683">
    <p class='ocr_par' dir='ltr' id='par_1_29' title="bbox 492 2603 2088 2683">
     <span class='ocr_line' id='line_1_29' title="bbox 492 2603 2088 2683; baseline 0.009 -26"><span class='ocrx_word' id='word_1_172' title='bbox 492 2603 687 2671; x_wconf 77' lang='lat' dir='ltr'><strong>peue&quot;</strong></span> <span class='ocrx_word' id='word_1_173' title='bbox 715 2619 904 2660; x_wconf 90' lang='lat' dir='ltr'><strong>omnes</strong></span> <span class='ocrx_word' id='word_1_174' title='bbox 943 2604 1195 2661; x_wconf 69' lang='lat' dir='ltr'><strong>Francia:</strong></span> <span class='ocrx_word' id='word_1_175' title='bbox 1223 2609 1451 2664; x_wconf 89' lang='lat' dir='ltr'><strong>comites</strong></span> <span class='ocrx_word' id='word_1_176' title='bbox 1489 2626 1670 2683; x_wconf 80' lang='lat' dir='ltr'><strong>regem</strong></span> <span class='ocrx_word' id='word_1_177' title='bbox 1712 2629 1867 2669; x_wconf 90' lang='lat' dir='ltr'><strong>suum</strong></span> <span class='ocrx_word' id='word_1_178' title='bbox 1916 2613 2088 2671; x_wconf 84' lang='lat' dir='ltr'><strong>Karo-</strong></span> 
     </span>
    </p>
   </div>
   <div class='ocr_carea' id='block_1_30' title="bbox 495 2695 2088 2774">
    <p class='ocr_par' dir='ltr' id='par_1_30' title="bbox 495 2695 2088 2774">
     <span class='ocr_line' id='line_1_30' title="bbox 495 2695 2088 2774; baseline 0.008 -25"><span class='ocrx_word' id='word_1_179' title='bbox 495 2695 607 2749; x_wconf 87' lang='lat' dir='ltr'><strong>lum</strong></span> <span class='ocrx_word' id='word_1_180' title='bbox 661 2696 800 2766; x_wconf 89' lang='lat' dir='ltr'><strong>apud</strong></span> <span class='ocrx_word' id='word_1_181' title='bbox 850 2696 1037 2751; x_wconf 84' lang='lat' dir='ltr'><strong>urbem</strong></span> <span class='ocrx_word' id='word_1_182' title='bbox 1094 2697 1472 2755; x_wconf 90' lang='lat' dir='ltr'><strong>Sucssouicam</strong></span> <span class='ocrx_word' id='word_1_183' title='bbox 1502 2701 1543 2768; x_wconf 88' lang='lat'><strong>&quot;,</strong></span> <span class='ocrx_word' id='word_1_184' title='bbox 1576 2704 1699 2773; x_wconf 87' lang='lat' dir='ltr'><strong>quia</strong></span> <span class='ocrx_word' id='word_1_185' title='bbox 1743 2704 2088 2774; x_wconf 80' lang='lat' dir='ltr'><strong>Haganonem</strong></span> 
     </span>
    </p>
   </div>
   <div class='ocr_carea' id='block_1_31' title="bbox 493 2787 2087 2868">
    <p class='ocr_par' dir='ltr' id='par_1_31' title="bbox 493 2787 2087 2868">
     <span class='ocr_line' id='line_1_31' title="bbox 493 2787 2087 2868; baseline 0.008 -26"><span class='ocrx_word' id='word_1_186' title='bbox 493 2787 864 2842; x_wconf 90' lang='lat' dir='ltr'><strong>consiliarium</strong></span> <span class='ocrx_word' id='word_1_187' title='bbox 890 2804 1078 2857; x_wconf 91' lang='lat' dir='ltr'><strong>suum,</strong></span> <span class='ocrx_word' id='word_1_188' title='bbox 1106 2807 1266 2861; x_wconf 88' lang='lat' dir='ltr'><strong>quem</strong></span> <span class='ocrx_word' id='word_1_189' title='bbox 1311 2792 1376 2846; x_wconf 91' lang='lat' dir='ltr'><strong>de</strong></span> <span class='ocrx_word' id='word_1_190' title='bbox 1418 2794 1781 2852; x_wconf 89' lang='lat' dir='ltr'><strong>mediocribus</strong></span> <span class='ocrx_word' id='word_1_191' title='bbox 1810 2806 2087 2868; x_wconf 89' lang='lat' dir='ltr'><strong>potentem</strong></span> 
     </span>
    </p>
   </div>
   <div class='ocr_carea' id='block_1_32' title="bbox 493 2878 2086 2953">
    <p class='ocr_par' dir='ltr' id='par_1_32' title="bbox 493 2878 2086 2953">
     <span class='ocr_line' id='line_1_32' title="bbox 493 2878 2086 2953; baseline 0.006 -18"><span class='ocrx_word' id='word_1_192' title='bbox 493 2878 721 2945; x_wconf 78' lang='lat' dir='ltr'><strong>fecerat,</strong></span> <span class='ocrx_word' id='word_1_193' title='bbox 738 2880 1009 2935; x_wconf 89' lang='lat' dir='ltr'><strong>dimittere</strong></span> <span class='ocrx_word' id='word_1_194' title='bbox 1033 2881 1266 2947; x_wconf 87' lang='lat' dir='ltr'><strong>nolebat,</strong></span> <span class='ocrx_word' id='word_1_195' title='bbox 1297 2883 1686 2953; x_wconf 61' lang='lat' dir='ltr'><strong>reliquerunt“.</strong></span> <span class='ocrx_word' id='word_1_196' title='bbox 1712 2886 1973 2944; x_wconf 87' lang='lat' dir='ltr'><strong>lleriveus</strong></span> <span class='ocrx_word' id='word_1_197' title='bbox 1991 2906 2086 2944; x_wconf 83' lang='lat' dir='ltr'><strong>au-</strong></span> 
     </span>
    </p>
   </div>
   <div class='ocr_carea' id='block_1_33' title="bbox 494 2968 2159 3050">
    <p class='ocr_par' dir='ltr' id='par_1_33' title="bbox 494 2968 2159 3050">
     <span class='ocr_line' id='line_1_33' title="bbox 494 2968 2159 3050; baseline 0.008 -27"><span class='ocrx_word' id='word_1_198' title='bbox 494 2977 623 3031; x_wconf 89' lang='lat' dir='ltr'><strong>tem,</strong></span> <span class='ocrx_word' id='word_1_199' title='bbox 652 2968 946 3025; x_wconf 80' lang='lat' dir='ltr'><strong>Remorum</strong></span> <span class='ocrx_word' id='word_1_200' title='bbox 974 2972 1434 3044; x_wconf 85' lang='lat' dir='ltr'><strong>archiepiscopus,</strong></span> <span class='ocrx_word' id='word_1_201' title='bbox 1460 2976 1732 3046; x_wconf 90' lang='lat' dir='ltr'><strong>accipiens</strong></span> <span class='ocrx_word' id='word_1_202' title='bbox 1756 2994 1935 3050; x_wconf 85' lang='lat' dir='ltr'><strong>regem</strong></span> <span class='ocrx_word' id='word_1_203' title='bbox 1963 2997 2083 3035; x_wconf 91' lang='lat' dir='ltr'><strong>cum</strong></span> <span class='ocrx_word' id='word_1_204' title='bbox 2113 2988 2159 3050; x_wconf 73' lang='grc' dir='ltr'>α</span> 
     </span>
    </p>
   </div>
   <div class='ocr_carea' id='block_1_34' title="bbox 492 3060 2083 3139">
    <p class='ocr_par' dir='ltr' id='par_1_34' title="bbox 492 3060 2083 3139">
     <span class='ocr_line' id='line_1_34' title="bbox 492 3060 2083 3139; baseline 0.009 -27"><span class='ocrx_word' id='word_1_205' title='bbox 492 3070 682 3114; x_wconf 89' lang='lat' dir='ltr'><strong>omnes</strong></span> <span class='ocrx_word' id='word_1_206' title='bbox 719 3074 842 3115; x_wconf 91' lang='lat' dir='ltr'><strong>eum</strong></span> <span class='ocrx_word' id='word_1_207' title='bbox 872 3060 1259 3124; x_wconf 81' lang='lat' dir='ltr'><strong>deseruissent,</strong></span> <span class='ocrx_word' id='word_1_208' title='bbox 1285 3064 1439 3118; x_wconf 79' lang='lat' dir='ltr'><strong>duxit</strong></span> <span class='ocrx_word' id='word_1_209' title='bbox 1464 3080 1585 3120; x_wconf 91' lang='lat' dir='ltr'><strong>eum</strong></span> <span class='ocrx_word' id='word_1_210' title='bbox 1619 3067 1687 3121; x_wconf 86' lang='lat' dir='ltr'><strong>ad</strong></span> <span class='ocrx_word' id='word_1_211' title='bbox 1726 3067 1959 3139; x_wconf 88' lang='lat' dir='ltr'><strong>hospitia</strong></span> <span class='ocrx_word' id='word_1_212' title='bbox 1987 3086 2083 3126; x_wconf 86' lang='lat' dir='ltr'><strong>sua</strong></span> 
     </span>
    </p>
   </div>
   <div class='ocr_carea' id='block_1_35' title="bbox 494 3145 2084 3221">
    <p class='ocr_par' dir='ltr' id='par_1_35' title="bbox 494 3145 2084 3221">
     <span class='ocr_line' id='line_1_35' title="bbox 494 3145 2084 3221; baseline 0.009 -19"><span class='ocrx_word' id='word_1_213' title='bbox 494 3164 549 3202; x_wconf 79' lang='lat' dir='ltr'><strong>in</strong></span> <span class='ocrx_word' id='word_1_214' title='bbox 579 3145 761 3202; x_wconf 84' lang='lat' dir='ltr'><strong>villam</strong></span> <span class='ocrx_word' id='word_1_215' title='bbox 775 3149 796 3180; x_wconf 80' lang='lat'><strong>’</strong></span> <span class='ocrx_word' id='word_1_216' title='bbox 810 3166 929 3219; x_wconf 68' lang='lat' dir='ltr'><strong>qua:</strong></span> <span class='ocrx_word' id='word_1_217' title='bbox 942 3151 1141 3206; x_wconf 89' lang='lat' dir='ltr'><strong>dicitur</strong></span> <span class='ocrx_word' id='word_1_218' title='bbox 1164 3149 1467 3209; x_wconf 88' lang='lat' dir='ltr'><strong>Carcarisia</strong></span> <span class='ocrx_word' id='word_1_219' title='bbox 1487 3156 1553 3221; x_wconf 66' lang='grc' dir='ltr'><strong>ιο,</strong></span> <span class='ocrx_word' id='word_1_220' title='bbox 1569 3157 1620 3211; x_wconf 91' lang='lat' dir='ltr'><strong>in</strong></span> <span class='ocrx_word' id='word_1_221' title='bbox 1641 3159 1937 3216; x_wconf 84' lang='lat' dir='ltr'><strong>crastinum</strong></span> <span class='ocrx_word' id='word_1_222' title='bbox 1954 3178 2084 3217; x_wconf 88' lang='lat' dir='ltr'><strong>vero</strong></span> 
     </span>
    </p>
   </div>
   <div class='ocr_carea' id='block_1_36' title="bbox 494 3241 2081 3323">
    <p class='ocr_par' dir='ltr' id='par_1_36' title="bbox 494 3241 2081 3323">
     <span class='ocr_line' id='line_1_36' title="bbox 494 3241 2081 3323; baseline 0.009 -29"><span class='ocrx_word' id='word_1_223' title='bbox 494 3252 760 3296; x_wconf 86' lang='lat' dir='ltr'><strong>venerunt</strong></span> <span class='ocrx_word' id='word_1_224' title='bbox 777 3241 830 3295; x_wconf 92' lang='lat' dir='ltr'><strong>in</strong></span> <span class='ocrx_word' id='word_1_225' title='bbox 853 3242 1209 3299; x_wconf 88' lang='lat' dir='ltr'><strong>Crusniaeum</strong></span> <span class='ocrx_word' id='word_1_226' title='bbox 1227 3246 1289 3308; x_wconf 74' lang='grc' dir='ltr'><strong>ιι.</strong></span> <span class='ocrx_word' id='word_1_227' title='bbox 1307 3246 1589 3304; x_wconf 71' lang='lat' dir='ltr'><strong>Bernensis</strong></span> <span class='ocrx_word' id='word_1_228' title='bbox 1611 3251 1865 3322; x_wconf 89' lang='lat' dir='ltr'><strong>episcopii</strong></span> <span class='ocrx_word' id='word_1_229' title='bbox 1879 3255 2081 3323; x_wconf 89' lang='lat' dir='ltr'><strong>villam,</strong></span> 
     </span>
    </p>
   </div>
   <div class='ocr_carea' id='block_1_37' title="bbox 496 3332 2085 3416">
    <p class='ocr_par' dir='ltr' id='par_1_37' title="bbox 496 3332 2085 3416">
     <span class='ocr_line' id='line_1_37' title="bbox 496 3332 2085 3416; baseline 0.01 -29"><span class='ocrx_word' id='word_1_230' title='bbox 496 3332 681 3401; x_wconf 88' lang='lat' dir='ltr'><strong>ibique</strong></span> <span class='ocrx_word' id='word_1_231' title='bbox 714 3343 1053 3400; x_wconf 87' lang='lat' dir='ltr'><strong>manserunt,</strong></span> <span class='ocrx_word' id='word_1_232' title='bbox 1076 3335 1247 3390; x_wconf 91' lang='lat' dir='ltr'><strong>donec</strong></span> <span class='ocrx_word' id='word_1_233' title='bbox 1267 3337 1453 3395; x_wconf 82' lang='lat' dir='ltr'><strong>Remis</strong></span> <span class='ocrx_word' id='word_1_234' title='bbox 1476 3343 1743 3398; x_wconf 88' lang='lat' dir='ltr'><strong>venirent.</strong></span> <span class='ocrx_word' id='word_1_235' title='bbox 1772 3345 1969 3416; x_wconf 82' lang='lat' dir='ltr'><strong>SiCque</strong></span> <span class='ocrx_word' id='word_1_236' title='bbox 1991 3348 2085 3402; x_wconf 85' lang='lat' dir='ltr'><strong>de-</strong></span> 
     </span>
    </p>
   </div>
   <div class='ocr_carea' id='block_1_38' title="bbox 497 3422 2089 3506">
    <p class='ocr_par' dir='ltr' id='par_1_38' title="bbox 497 3422 2089 3506">
     <span class='ocr_line' id='line_1_38' title="bbox 497 3422 2089 3506; baseline 0.011 -30"><span class='ocrx_word' id='word_1_237' title='bbox 497 3422 650 3477; x_wconf 79' lang='lat' dir='ltr'><strong>duxit</strong></span> <span class='ocrx_word' id='word_1_238' title='bbox 671 3439 791 3478; x_wconf 85' lang='lat' dir='ltr'><strong>eum</strong></span> <span class='ocrx_word' id='word_1_239' title='bbox 809 3440 906 3495; x_wconf 92' lang='lat' dir='ltr'><strong>per</strong></span> <span class='ocrx_word' id='word_1_240' title='bbox 923 3434 1129 3506; x_wconf 81' lang='lat' dir='ltr'><strong>septem</strong></span> <span class='ocrx_word' id='word_1_241' title='bbox 1151 3425 1265 3482; x_wconf 83' lang='lat' dir='ltr'><strong>fere</strong></span> <span class='ocrx_word' id='word_1_242' title='bbox 1296 3443 1526 3493; x_wconf 89' lang='lat' dir='ltr'><strong>menses,</strong></span> <span class='ocrx_word' id='word_1_243' title='bbox 1546 3446 1717 3501; x_wconf 89' lang='lat' dir='ltr'><strong>usque</strong></span> <span class='ocrx_word' id='word_1_244' title='bbox 1736 3448 1843 3502; x_wconf 90' lang='lat' dir='ltr'><strong>quo</strong></span> <span class='ocrx_word' id='word_1_245' title='bbox 1863 3435 1940 3489; x_wconf 90' lang='lat' dir='ltr'><strong>illi</strong></span> <span class='ocrx_word' id='word_1_246' title='bbox 1961 3451 2089 3494; x_wconf 87' lang='lat' dir='ltr'><strong>suos</strong></span> 
     </span>
    </p>
   </div>
   <div class='ocr_carea' id='block_1_39' title="bbox 495 3516 2089 3593">
    <p class='ocr_par' dir='ltr' id='par_1_39' title="bbox 495 3516 2089 3593">
     <span class='ocr_line' id='line_1_39' title="bbox 495 3516 2089 3593; baseline 0.008 -28"><span class='ocrx_word' id='word_1_247' title='bbox 495 3526 790 3584; x_wconf 81' lang='lat' dir='ltr'><strong>principes,</strong></span> <span class='ocrx_word' id='word_1_248' title='bbox 816 3528 1048 3584; x_wconf 90' lang='lat' dir='ltr'><strong>emnque</strong></span> <span class='ocrx_word' id='word_1_249' title='bbox 1077 3530 1174 3570; x_wconf 91' lang='lat' dir='ltr'><strong>suo</strong></span> <span class='ocrx_word' id='word_1_250' title='bbox 1203 3516 1512 3572; x_wconf 87' lang='lat' dir='ltr'><strong>restitueret</strong></span> <span class='ocrx_word' id='word_1_251' title='bbox 1540 3535 1725 3590; x_wconf 85' lang='lat' dir='ltr'><strong>regno.</strong></span> <span class='ocrx_word' id='word_1_252' title='bbox 1744 3520 1936 3577; x_wconf 87' lang='lat' dir='ltr'><strong>Postea</strong></span> <span class='ocrx_word' id='word_1_253' title='bbox 1966 3539 2089 3593; x_wconf 87' lang='lat' dir='ltr'><strong>pro-</strong></span> 
     </span>
    </p>
   </div>
   <div class='ocr_carea' id='block_1_40' title="bbox 497 3601 2089 3683">
    <p class='ocr_par' dir='ltr' id='par_1_40' title="bbox 497 3601 2089 3683">
     <span class='ocr_line' id='line_1_40' title="bbox 497 3601 2089 3683; baseline 0.006 -26"><span class='ocrx_word' id='word_1_254' title='bbox 497 3601 670 3658; x_wconf 83' lang='lat' dir='ltr'><strong>fectus</strong></span> <span class='ocrx_word' id='word_1_255' title='bbox 691 3611 777 3658; x_wconf 91' lang='lat' dir='ltr'><strong>est</strong></span> <span class='ocrx_word' id='word_1_256' title='bbox 792 3604 1231 3676; x_wconf 84' lang='lat' dir='ltr'><strong>archiepiscopus</strong></span> <span class='ocrx_word' id='word_1_257' title='bbox 1256 3604 1515 3662; x_wconf 87' lang='lat' dir='ltr'><strong>llerivcus</strong></span> <span class='ocrx_word' id='word_1_258' title='bbox 1531 3624 1694 3678; x_wconf 86' lang='lat' dir='ltr'><strong>super</strong></span> <span class='ocrx_word' id='word_1_259' title='bbox 1713 3610 1938 3678; x_wconf 81' lang='lat' dir='ltr'><strong>Mosam,</strong></span> <span class='ocrx_word' id='word_1_260' title='bbox 1964 3629 2089 3683; x_wconf 89' lang='lat' dir='ltr'><strong>pro-</strong></span> 
     </span>
    </p>
   </div>
   <div class='ocr_carea' id='block_1_41' title="bbox 495 3693 2086 3775">
    <p class='ocr_par' dir='ltr' id='par_1_41' title="bbox 495 3693 2086 3775">
     <span class='ocr_line' id='line_1_41' title="bbox 495 3693 2086 3775; baseline 0.004 -27"><span class='ocrx_word' id='word_1_261' title='bbox 495 3700 616 3766; x_wconf 76' lang='lat' dir='ltr'><strong>pter</strong></span> <span class='ocrx_word' id='word_1_262' title='bbox 636 3694 904 3764; x_wconf 87' lang='lat' dir='ltr'><strong>quoddam</strong></span> <span class='ocrx_word' id='word_1_263' title='bbox 928 3693 1209 3748; x_wconf 84' lang='lat' dir='ltr'><strong>castellum</strong></span> <span class='ocrx_word' id='word_1_264' title='bbox 1236 3694 1290 3747; x_wconf 92' lang='lat' dir='ltr'><strong>in</strong></span> <span class='ocrx_word' id='word_1_265' title='bbox 1318 3706 1463 3749; x_wconf 87' lang='lat' dir='ltr'><strong>terra</strong></span> <span class='ocrx_word' id='word_1_266' title='bbox 1510 3696 1590 3751; x_wconf 90' lang='lat' dir='ltr'><strong>sui</strong></span> <span class='ocrx_word' id='word_1_267' title='bbox 1617 3698 1873 3769; x_wconf 87' lang='lat' dir='ltr'><strong>episcopii</strong></span> <span class='ocrx_word' id='word_1_268' title='bbox 1902 3701 2086 3775; x_wconf 80' lang='lat' dir='ltr'><strong>situm,</strong></span> 
     </span>
    </p>
   </div>
   <div class='ocr_carea' id='block_1_42' title="bbox 497 3783 2090 3861">
    <p class='ocr_par' dir='ltr' id='par_1_42' title="bbox 497 3783 2090 3861">
     <span class='ocr_line' id='line_1_42' title="bbox 497 3783 2090 3861; baseline 0.006 -23"><span class='ocrx_word' id='word_1_269' title='bbox 497 3785 640 3854; x_wconf 86' lang='lat' dir='ltr'><strong>quod</strong></span> <span class='ocrx_word' id='word_1_270' title='bbox 669 3784 953 3839; x_wconf 89' lang='lat' dir='ltr'><strong>nominant</strong></span> <span class='ocrx_word' id='word_1_271' title='bbox 989 3783 1250 3840; x_wconf 86' lang='lat' dir='ltr'><strong>Maccrias</strong></span> <span class='ocrx_word' id='word_1_272' title='bbox 1278 3787 1320 3816; x_wconf 86' lang='grc'>¹²</span> <span class='ocrx_word' id='word_1_273' title='bbox 1354 3786 1490 3857; x_wconf 81' lang='lat'><strong>(55),</strong></span> <span class='ocrx_word' id='word_1_274' title='bbox 1525 3788 1913 3858; x_wconf 88' lang='lat' dir='ltr'><strong>recipiendum,</strong></span> <span class='ocrx_word' id='word_1_275' title='bbox 1944 3793 2090 3861; x_wconf 85' lang='lat' dir='ltr'><strong>quod</strong></span> 
     </span>
    </p>
   </div>
   <div class='ocr_carea' id='block_1_43' title="bbox 498 3874 2086 3961">
    <p class='ocr_par' dir='ltr' id='par_1_43' title="bbox 498 3874 2086 3961">
     <span class='ocr_line' id='line_1_43' title="bbox 498 3874 2086 3961; baseline 0.003 -32"><span class='ocrx_word' id='word_1_276' title='bbox 498 3874 1101 3961; x_wconf 26' lang='lat' dir='ltr'><strong>tenebat‘Erllebaldus,</strong></span> <span class='ocrx_word' id='word_1_277' title='bbox 1157 3890 1339 3930; x_wconf 91' lang='lat' dir='ltr'><strong>comes</strong></span> <span class='ocrx_word' id='word_1_278' title='bbox 1384 3877 1506 3961; x_wconf 83' lang='lat' dir='ltr'><strong>pagi</strong></span> <span class='ocrx_word' id='word_1_279' title='bbox 1555 3875 1910 3935; x_wconf 89' lang='lat' dir='ltr'><strong>Castricensis</strong></span> <span class='ocrx_word' id='word_1_280' title='bbox 1953 3882 2086 3954; x_wconf 67' lang='lat' dir='ltr'><strong>(5i),</strong></span> 
     </span>
    </p>
   </div>
   <div class='ocr_carea' id='block_1_44' title="bbox 497 3958 2092 4036">
    <p class='ocr_par' dir='ltr' id='par_1_44' title="bbox 497 3958 2092 4036">
     <span class='ocr_line' id='line_1_44' title="bbox 497 3958 2092 4036; baseline 0.004 -16"><span class='ocrx_word' id='word_1_281' title='bbox 497 3976 686 4020; x_wconf 86' lang='lat' dir='ltr'><strong>contra</strong></span> <span class='ocrx_word' id='word_1_282' title='bbox 714 3958 893 4031; x_wconf 84' lang='lat' dir='ltr'><strong>illum;</strong></span> <span class='ocrx_word' id='word_1_283' title='bbox 933 3981 1089 4036; x_wconf 87' lang='lat' dir='ltr'><strong>quem</strong></span> <span class='ocrx_word' id='word_1_284' title='bbox 1119 3974 1244 4022; x_wconf 91' lang='lat' dir='ltr'><strong>tunc</strong></span> <span class='ocrx_word' id='word_1_285' title='bbox 1263 3968 1429 4022; x_wconf 88' lang='lat' dir='ltr'><strong>etiam</strong></span> <span class='ocrx_word' id='word_1_286' title='bbox 1462 3958 1694 4025; x_wconf 81' lang='lat' dir='ltr'><strong>habebat</strong></span> <span class='ocrx_word' id='word_1_287' title='bbox 1720 3975 2092 4033; x_wconf 83' lang='lat' dir='ltr'><strong>excommuni-</strong></span> 
     </span>
    </p>
   </div>
   <div class='ocr_carea' id='block_1_45' title="bbox 498 4058 2091 4132">
    <p class='ocr_par' dir='ltr' id='par_1_45' title="bbox 498 4058 2091 4132">
     <span class='ocr_line' id='line_1_45' title="bbox 498 4058 2091 4132; baseline 0.008 -23"><span class='ocrx_word' id='word_1_288' title='bbox 498 4066 707 4121; x_wconf 90' lang='lat' dir='ltr'><strong>catum,</strong></span> <span class='ocrx_word' id='word_1_289' title='bbox 748 4068 973 4127; x_wconf 87' lang='lat' dir='ltr'><strong>propter</strong></span> <span class='ocrx_word' id='word_1_290' title='bbox 1001 4058 1089 4112; x_wconf 83' lang='lat' dir='ltr'><strong>illa</strong></span> <span class='ocrx_word' id='word_1_291' title='bbox 1119 4073 1239 4127; x_wconf 69' lang='lat' dir='ltr'><strong>qua:</strong></span> <span class='ocrx_word' id='word_1_292' title='bbox 1279 4059 1448 4129; x_wconf 88' lang='lat' dir='ltr'><strong>ipsius</strong></span> <span class='ocrx_word' id='word_1_293' title='bbox 1492 4061 1832 4132; x_wconf 89' lang='lat' dir='ltr'><strong>episcopatus</strong></span> <span class='ocrx_word' id='word_1_294' title='bbox 1873 4066 2091 4121; x_wconf 75' lang='lat' dir='ltr'><strong>familia:</strong></span> 
     </span>
    </p>
   </div>
   <div class='ocr_carea' id='block_1_46' title="bbox 501 4145 2092 4223">
    <p class='ocr_par' dir='ltr' id='par_1_46' title="bbox 501 4145 2092 4223">
     <span class='ocr_line' id='line_1_46' title="bbox 501 4145 2092 4223; baseline 0.009 -25"><span class='ocrx_word' id='word_1_295' title='bbox 501 4145 802 4215; x_wconf 77' lang='lat' dir='ltr'><strong>frequentia</strong></span> <span class='ocrx_word' id='word_1_296' title='bbox 882 4148 1163 4218; x_wconf 82' lang='lat' dir='ltr'><strong>ingerebat</strong></span> <span class='ocrx_word' id='word_1_297' title='bbox 1232 4149 1410 4216; x_wconf 84' lang='lat' dir='ltr'><strong>mala,</strong></span> <span class='ocrx_word' id='word_1_298' title='bbox 1471 4162 1803 4223; x_wconf 87' lang='lat' dir='ltr'><strong>prepterque</strong></span> <span class='ocrx_word' id='word_1_299' title='bbox 1845 4156 2092 4212; x_wconf 81' lang='lat' dir='ltr'><strong>Altmon-</strong></span> 
     </span>
    </p>
   </div>
   <div class='ocr_carea' id='block_1_47' title="bbox 502 4232 2088 4317">
    <p class='ocr_par' dir='ltr' id='par_1_47' title="bbox 502 4232 2088 4317">
     <span class='ocr_line' id='line_1_47' title="bbox 502 4232 2088 4317; baseline 0.009 -27"><span class='ocrx_word' id='word_1_300' title='bbox 502 4242 609 4291; x_wconf 79' lang='lat' dir='ltr'><strong>tem</strong></span> <span class='ocrx_word' id='word_1_301' title='bbox 641 4232 778 4307; x_wconf 80' lang='lat'><strong>(55),</strong></span> <span class='ocrx_word' id='word_1_302' title='bbox 810 4237 1068 4309; x_wconf 64' lang='lat' dir='ltr'><strong>mcclesiaz</strong></span> <span class='ocrx_word' id='word_1_303' title='bbox 1094 4238 1397 4306; x_wconf 80' lang='lat' dir='ltr'><strong>Remensis,</strong></span> <span class='ocrx_word' id='word_1_304' title='bbox 1420 4244 1562 4312; x_wconf 88' lang='lat' dir='ltr'><strong>quod</strong></span> <span class='ocrx_word' id='word_1_305' title='bbox 1592 4242 1776 4299; x_wconf 80' lang='lat' dir='ltr'><strong>furtim</strong></span> <span class='ocrx_word' id='word_1_306' title='bbox 1799 4247 2088 4317; x_wconf 83' lang='lat' dir='ltr'><strong>irruperat,</strong></span> 
     </span>
    </p>
   </div>
   <div class='ocr_carea' id='block_1_48' title="bbox 2184 364 3765 436">
    <p class='ocr_par' dir='ltr' id='par_1_48' title="bbox 2184 364 3765 436">
     <span class='ocr_line' id='line_1_48' title="bbox 2184 364 3765 436; baseline 0.001 -16"><span class='ocrx_word' id='word_1_307' title='bbox 2184 364 2462 428; x_wconf 87' lang='lat' dir='ltr'><strong>custodiis,</strong></span> <span class='ocrx_word' id='word_1_308' title='bbox 2507 378 2757 418; x_wconf 87' lang='lat' dir='ltr'><strong>reversus</strong></span> <span class='ocrx_word' id='word_1_309' title='bbox 2786 371 2868 417; x_wconf 85' lang='lat' dir='ltr'><strong>est</strong></span> <span class='ocrx_word' id='word_1_310' title='bbox 2906 364 3106 420; x_wconf 80' lang='lat' dir='ltr'><strong>Remis.</strong></span> <span class='ocrx_word' id='word_1_311' title='bbox 3154 364 3255 433; x_wconf 86' lang='lat' dir='ltr'><strong>Qui</strong></span> <span class='ocrx_word' id='word_1_312' title='bbox 3294 365 3620 421; x_wconf 81' lang='lat' dir='ltr'><strong>Erlebaldus</strong></span> <span class='ocrx_word' id='word_1_313' title='bbox 3646 383 3765 436; x_wconf 90' lang='lat' dir='ltr'><strong>pro-</strong></span> 
     </span>
    </p>
   </div>
   <div class='ocr_carea' id='block_1_49' title="bbox 2183 446 3765 529">
    <p class='ocr_par' dir='ltr' id='par_1_49' title="bbox 2183 446 3765 529">
     <span class='ocr_line' id='line_1_49' title="bbox 2183 446 3765 529; baseline 0.004 -22"><span class='ocrx_word' id='word_1_314' title='bbox 2183 452 2357 510; x_wconf 81' lang='lat' dir='ltr'><strong>fectus</strong></span> <span class='ocrx_word' id='word_1_315' title='bbox 2383 456 2449 510; x_wconf 88' lang='lat' dir='ltr'><strong>ad</strong></span> <span class='ocrx_word' id='word_1_316' title='bbox 2482 446 2682 526; x_wconf 85' lang='lat' dir='ltr'><strong>regem,</strong></span> <span class='ocrx_word' id='word_1_317' title='bbox 2710 454 2801 525; x_wconf 87' lang='lat' dir='ltr'><strong>qui</strong></span> <span class='ocrx_word' id='word_1_318' title='bbox 2836 463 2962 512; x_wconf 89' lang='lat' dir='ltr'><strong>tunc</strong></span> <span class='ocrx_word' id='word_1_319' title='bbox 3006 456 3319 512; x_wconf 86' lang='lat' dir='ltr'><strong>morabatur</strong></span> <span class='ocrx_word' id='word_1_320' title='bbox 3346 458 3401 511; x_wconf 89' lang='lat' dir='ltr'><strong>in</strong></span> <span class='ocrx_word' id='word_1_321' title='bbox 3432 472 3576 529; x_wconf 83' lang='lat' dir='ltr'><strong>pago</strong></span> <span class='ocrx_word' id='word_1_322' title='bbox 3614 458 3765 513; x_wconf 78' lang='lat' dir='ltr'><strong>War-</strong></span> 
     </span>
    </p>
   </div>
   <div class='ocr_carea' id='block_1_50' title="bbox 2184 546 3767 618">
    <p class='ocr_par' dir='ltr' id='par_1_50' title="bbox 2184 546 3767 618">
     <span class='ocr_line' id='line_1_50' title="bbox 2184 546 3767 618; baseline 0.003 -17"><span class='ocrx_word' id='word_1_323' title='bbox 2184 546 2421 601; x_wconf 88' lang='lat' dir='ltr'><strong>macensi</strong></span> <span class='ocrx_word' id='word_1_324' title='bbox 2443 547 2638 603; x_wconf 87' lang='lat' dir='ltr'><strong>sedens</strong></span> <span class='ocrx_word' id='word_1_325' title='bbox 2656 557 2844 604; x_wconf 85' lang='lat' dir='ltr'><strong>contra</strong></span> <span class='ocrx_word' id='word_1_326' title='bbox 2869 547 3177 603; x_wconf 79' lang='lat' dir='ltr'><strong>Heinricum</strong></span> <span class='ocrx_word' id='word_1_327' title='bbox 3195 548 3559 618; x_wconf 79' lang='lat' dir='ltr'><strong>&quot;principem</strong></span> <span class='ocrx_word' id='word_1_328' title='bbox 3581 550 3767 605; x_wconf 83' lang='lat' dir='ltr'><strong>Trans-</strong></span> 
     </span>
    </p>
   </div>
   <div class='ocr_carea' id='block_1_51' title="bbox 2184 634 3763 711">
    <p class='ocr_par' dir='ltr' id='par_1_51' title="bbox 2184 634 3763 711">
     <span class='ocr_line' id='line_1_51' title="bbox 2184 634 3763 711; baseline 0.004 -20"><span class='ocrx_word' id='word_1_329' title='bbox 2184 636 2506 703; x_wconf 76' lang='lat' dir='ltr'><strong>rheuensem</strong></span> <span class='ocrx_word' id='word_1_330' title='bbox 2530 634 2573 669; x_wconf 75' lang='lat'>“</span> <span class='ocrx_word' id='word_1_331' title='bbox 2604 637 2675 692; x_wconf 92' lang='lat' dir='ltr'><strong>ibi</strong></span> <span class='ocrx_word' id='word_1_332' title='bbox 2714 639 2781 694; x_wconf 93' lang='lat' dir='ltr'><strong>ab</strong></span> <span class='ocrx_word' id='word_1_333' title='bbox 2832 637 3075 695; x_wconf 83' lang='lat' dir='ltr'><strong>hostibus</strong></span> <span class='ocrx_word' id='word_1_334' title='bbox 3122 643 3263 708; x_wconf 80' lang='lat' dir='ltr'><strong>regis</strong></span> <span class='ocrx_word' id='word_1_335' title='bbox 3305 640 3410 696; x_wconf 81' lang='lat' dir='ltr'><strong>Sibi</strong></span> <span class='ocrx_word' id='word_1_336' title='bbox 3434 640 3482 673; x_wconf 77' lang='lat'>&quot;</span> <span class='ocrx_word' id='word_1_337' title='bbox 3511 654 3763 711; x_wconf 85' lang='lat' dir='ltr'><strong>superve-</strong></span> 
     </span>
    </p>
   </div>
   <div class='ocr_carea' id='block_1_52' title="bbox 2184 728 2924 786">
    <p class='ocr_par' dir='ltr' id='par_1_52' title="bbox 2184 728 2924 786">
     <span class='ocr_line' id='line_1_52' title="bbox 2184 728 2924 786; baseline 0.003 -4"><span class='ocrx_word' id='word_1_338' title='bbox 2184 728 2459 785; x_wconf 88' lang='lat' dir='ltr'><strong>nientibus</strong></span> <span class='ocrx_word' id='word_1_339' title='bbox 2485 729 2800 786; x_wconf 83' lang='lat' dir='ltr'><strong>interfectus</strong></span> <span class='ocrx_word' id='word_1_340' title='bbox 2822 739 2924 785; x_wconf 90' lang='lat' dir='ltr'><strong>est.</strong></span> 
     </span>
    </p>
   </div>
   <div class='ocr_carea' id='block_1_53' title="bbox 2183 862 3763 935">
    <p class='ocr_par' dir='ltr' id='par_1_53' title="bbox 2183 862 3763 935">
     <span class='ocr_line' id='line_1_53' title="bbox 2183 862 3763 935; baseline 0.003 -19"><span class='ocrx_word' id='word_1_341' title='bbox 2183 862 2379 917; x_wconf 61' lang='lat' dir='ltr'><strong>&quot;Ht&#39;sl.</strong></span> <span class='ocrx_word' id='word_1_342' title='bbox 2419 864 2565 919; x_wconf 82' lang='lat' dir='ltr'><strong>Rem.</strong></span> <span class='ocrx_word' id='word_1_343' title='bbox 2611 881 2685 930; x_wconf 86' lang='lat' dir='ltr'><strong>tv,</strong></span> <span class='ocrx_word' id='word_1_344' title='bbox 2728 865 2813 920; x_wconf 81' lang='lat' dir='ltr'><strong>l5.</strong></span> <span class='ocrx_word' id='word_1_345' title='bbox 2850 864 2985 920; x_wconf 85' lang='lat' dir='ltr'><strong>Cum</strong></span> <span class='ocrx_word' id='word_1_346' title='bbox 3035 880 3172 935; x_wconf 85' lang='lat' dir='ltr'><strong>pene</strong></span> <span class='ocrx_word' id='word_1_347' title='bbox 3217 865 3397 920; x_wconf 86' lang='lat' dir='ltr'><strong>cuncti</strong></span> <span class='ocrx_word' id='word_1_348' title='bbox 3438 865 3763 920; x_wconf 85' lang='lat' dir='ltr'><strong>Francorum</strong></span> 
     </span>
    </p>
   </div>
   <div class='ocr_carea' id='block_1_54' title="bbox 2255 935 3764 1005">
    <p class='ocr_par' dir='ltr' id='par_1_54' title="bbox 2255 935 3764 1005">
     <span class='ocr_line' id='line_1_54' title="bbox 2255 935 3764 1005; baseline 0.003 -18"><span class='ocrx_word' id='word_1_349' title='bbox 2255 935 2538 1005; x_wconf 82' lang='lat' dir='ltr'><strong>optimates</strong></span> <span class='ocrx_word' id='word_1_350' title='bbox 2580 936 2719 1005; x_wconf 86' lang='lat' dir='ltr'><strong>apud</strong></span> <span class='ocrx_word' id='word_1_351' title='bbox 2767 936 2955 1005; x_wconf 75' lang='lat' dir='ltr'><strong>turbent</strong></span> <span class='ocrx_word' id='word_1_352' title='bbox 3006 935 3388 991; x_wconf 84' lang='lat' dir='ltr'><strong>Sucssouicam</strong></span> <span class='ocrx_word' id='word_1_353' title='bbox 3441 952 3471 989; x_wconf 87' lang='lat' dir='ltr'><strong>a</strong></span> <span class='ocrx_word' id='word_1_354' title='bbox 3526 952 3654 1005; x_wconf 82' lang='lat' dir='ltr'><strong>rege</strong></span> <span class='ocrx_word' id='word_1_355' title='bbox 3677 952 3764 991; x_wconf 89' lang='lat' dir='ltr'><strong>suo</strong></span> 
     </span>
    </p>
   </div>
   <div class='ocr_carea' id='block_1_55' title="bbox 2258 1003 3766 1078">
    <p class='ocr_par' dir='ltr' id='par_1_55' title="bbox 2258 1003 3766 1078">
     <span class='ocr_line' id='line_1_55' title="bbox 2258 1003 3766 1078; baseline 0 -19"><span class='ocrx_word' id='word_1_356' title='bbox 2258 1003 2454 1059; x_wconf 80' lang='lat' dir='ltr'><strong>Karolo</strong></span> <span class='ocrx_word' id='word_1_357' title='bbox 2491 1003 2781 1078; x_wconf 66' lang='lat' dir='ltr'><strong>[Karloe]</strong></span> <span class='ocrx_word' id='word_1_358' title='bbox 2814 1007 3206 1069; x_wconf 74' lang='lat' dir='ltr'><strong>desciscentes,</strong></span> <span class='ocrx_word' id='word_1_359' title='bbox 3264 1016 3485 1075; x_wconf 84' lang='lat' dir='ltr'><strong>propter</strong></span> <span class='ocrx_word' id='word_1_360' title='bbox 3534 1003 3766 1078; x_wconf 58' lang='lat' dir='ltr'><strong>uagam-</strong></span> 
     </span>
    </p>
   </div>
   <div class='ocr_carea' id='block_1_56' title="bbox 2258 1076 3765 1145">
    <p class='ocr_par' dir='ltr' id='par_1_56' title="bbox 2258 1076 3765 1145">
     <span class='ocr_line' id='line_1_56' title="bbox 2258 1076 3765 1145; baseline 0.002 -17"><span class='ocrx_word' id='word_1_361' title='bbox 2258 1090 2381 1128; x_wconf 86' lang='lat' dir='ltr'><strong>nem</strong></span> <span class='ocrx_word' id='word_1_362' title='bbox 2428 1076 2796 1130; x_wconf 80' lang='lat' dir='ltr'><strong>cunsiliarimit</strong></span> <span class='ocrx_word' id='word_1_363' title='bbox 2852 1090 3045 1142; x_wconf 89' lang='lat' dir='ltr'><strong>suum,</strong></span> <span class='ocrx_word' id='word_1_364' title='bbox 3091 1091 3251 1145; x_wconf 89' lang='lat' dir='ltr'><strong>quem</strong></span> <span class='ocrx_word' id='word_1_365' title='bbox 3292 1078 3358 1130; x_wconf 91' lang='lat' dir='ltr'><strong>de</strong></span> <span class='ocrx_word' id='word_1_366' title='bbox 3409 1077 3765 1131; x_wconf 83' lang='lat' dir='ltr'><strong>mediocribus</strong></span> 
     </span>
    </p>
   </div>
   <div class='ocr_carea' id='block_1_57' title="bbox 2251 1145 3764 1216">
    <p class='ocr_par' dir='ltr' id='par_1_57' title="bbox 2251 1145 3764 1216">
     <span class='ocr_line' id='line_1_57' title="bbox 2251 1145 3764 1216; baseline -0.001 -17"><span class='ocrx_word' id='word_1_367' title='bbox 2251 1145 2483 1216; x_wconf 85' lang='lat' dir='ltr'><strong>electum</strong></span> <span class='ocrx_word' id='word_1_368' title='bbox 2520 1161 2682 1215; x_wconf 88' lang='lat' dir='ltr'><strong>super</strong></span> <span class='ocrx_word' id='word_1_369' title='bbox 2710 1162 2899 1200; x_wconf 88' lang='lat' dir='ltr'><strong>omnes</strong></span> <span class='ocrx_word' id='word_1_370' title='bbox 2934 1147 3204 1216; x_wconf 81' lang='lat' dir='ltr'><strong>principes</strong></span> <span class='ocrx_word' id='word_1_371' title='bbox 3232 1146 3488 1200; x_wconf 81' lang='lat' dir='ltr'><strong>audiebat</strong></span> <span class='ocrx_word' id='word_1_372' title='bbox 3519 1156 3576 1200; x_wconf 86' lang='lat' dir='ltr'><strong>et</strong></span> <span class='ocrx_word' id='word_1_373' title='bbox 3606 1151 3764 1200; x_wconf 83' lang='lat' dir='ltr'><strong>Itone-</strong></span> 
     </span>
    </p>
   </div>
   <div class='ocr_carea' id='block_1_58' title="bbox 2255 1215 3765 1287">
    <p class='ocr_par' dir='ltr' id='par_1_58' title="bbox 2255 1215 3765 1287">
     <span class='ocr_line' id='line_1_58' title="bbox 2255 1215 3765 1287; baseline 0.002 -20"><span class='ocrx_word' id='word_1_374' title='bbox 2255 1215 2429 1287; x_wconf 74' lang='lat' dir='ltr'><strong>rabat,</strong></span> <span class='ocrx_word' id='word_1_375' title='bbox 2462 1232 2585 1271; x_wconf 89' lang='lat' dir='ltr'><strong>eum</strong></span> <span class='ocrx_word' id='word_1_376' title='bbox 2617 1222 2831 1287; x_wconf 76' lang='lat' dir='ltr'><strong>penitus</strong></span> <span class='ocrx_word' id='word_1_377' title='bbox 2861 1215 3225 1286; x_wconf 76' lang='lat' dir='ltr'><strong>reliquissent,</strong></span> <span class='ocrx_word' id='word_1_378' title='bbox 3258 1217 3344 1271; x_wconf 90' lang='lat' dir='ltr'><strong>hic</strong></span> <span class='ocrx_word' id='word_1_379' title='bbox 3372 1218 3622 1287; x_wconf 78' lang='lat' dir='ltr'><strong>pontifex</strong></span> <span class='ocrx_word' id='word_1_380' title='bbox 3649 1217 3765 1270; x_wconf 85' lang='lat' dir='ltr'><strong>lide-</strong></span> 
     </span>
    </p>
   </div>
   <div class='ocr_carea' id='block_1_59' title="bbox 2258 1283 3767 1356">
    <p class='ocr_par' dir='ltr' id='par_1_59' title="bbox 2258 1283 3767 1356">
     <span class='ocr_line' id='line_1_59' title="bbox 2258 1283 3767 1356; baseline 0.002 -18"><span class='ocrx_word' id='word_1_381' title='bbox 2258 1283 2337 1356; x_wconf 12' lang='lat' dir='ltr'><strong>lisr</strong></span> <span class='ocrx_word' id='word_1_382' title='bbox 2369 1297 2423 1339; x_wconf 90' lang='lat' dir='ltr'><strong>et</strong></span> <span class='ocrx_word' id='word_1_383' title='bbox 2476 1283 2805 1356; x_wconf 60' lang='lat' dir='ltr'><strong>pius&#39;atque</strong></span> <span class='ocrx_word' id='word_1_384' title='bbox 2847 1283 3097 1355; x_wconf 76' lang='lat' dir='ltr'><strong>robustus</strong></span> <span class='ocrx_word' id='word_1_385' title='bbox 3147 1288 3200 1340; x_wconf 92' lang='lat' dir='ltr'><strong>in</strong></span> <span class='ocrx_word' id='word_1_386' title='bbox 3253 1283 3512 1356; x_wconf 63' lang='lat' dir='ltr'><strong>periculis</strong></span> <span class='ocrx_word' id='word_1_387' title='bbox 3562 1302 3767 1354; x_wconf 67' lang='lat' dir='ltr'><strong>set-iper</strong></span> 
     </span>
    </p>
   </div>
   <div class='ocr_carea' id='block_1_60' title="bbox 2258 1355 3765 1426">
    <p class='ocr_par' dir='ltr' id='par_1_60' title="bbox 2258 1355 3765 1426">
     <span class='ocr_line' id='line_1_60' title="bbox 2258 1355 3765 1426; baseline 0.001 -17"><span class='ocrx_word' id='word_1_388' title='bbox 2258 1355 2511 1418; x_wconf 73' lang='lat' dir='ltr'><strong>existens,</strong></span> <span class='ocrx_word' id='word_1_389' title='bbox 2546 1355 2731 1426; x_wconf 81' lang='lat' dir='ltr'><strong>regem</strong></span> <span class='ocrx_word' id='word_1_390' title='bbox 2772 1357 3068 1426; x_wconf 87' lang='lat' dir='ltr'><strong>intrepidus</strong></span> <span class='ocrx_word' id='word_1_391' title='bbox 3115 1357 3183 1411; x_wconf 88' lang='lat' dir='ltr'><strong>ab</strong></span> <span class='ocrx_word' id='word_1_392' title='bbox 3221 1359 3410 1411; x_wconf 84' lang='lat' dir='ltr'><strong>eodem</strong></span> <span class='ocrx_word' id='word_1_393' title='bbox 3450 1357 3574 1411; x_wconf 83' lang='lat' dir='ltr'><strong>loco</strong></span> <span class='ocrx_word' id='word_1_394' title='bbox 3607 1359 3765 1410; x_wconf 84' lang='lat' dir='ltr'><strong>susci-</strong></span> 
     </span>
    </p>
   </div>
   <div class='ocr_carea' id='block_1_61' title="bbox 2257 1426 3763 1496">
    <p class='ocr_par' dir='ltr' id='par_1_61' title="bbox 2257 1426 3763 1496">
     <span class='ocr_line' id='line_1_61' title="bbox 2257 1426 3763 1496; baseline 0.002 -18"><span class='ocrx_word' id='word_1_395' title='bbox 2257 1426 2427 1496; x_wconf 89' lang='lat' dir='ltr'><strong>piens,</strong></span> <span class='ocrx_word' id='word_1_396' title='bbox 2461 1427 2527 1479; x_wconf 90' lang='lat' dir='ltr'><strong>ad</strong></span> <span class='ocrx_word' id='word_1_397' title='bbox 2562 1436 2820 1482; x_wconf 81' lang='lat' dir='ltr'><strong>metatum</strong></span> <span class='ocrx_word' id='word_1_398' title='bbox 2848 1443 3003 1480; x_wconf 84' lang='lat' dir='ltr'><strong>suum</strong></span> <span class='ocrx_word' id='word_1_399' title='bbox 3036 1427 3284 1492; x_wconf 84' lang='lat' dir='ltr'><strong>deduxit;</strong></span> <span class='ocrx_word' id='word_1_400' title='bbox 3321 1428 3564 1496; x_wconf 76' lang='lat' dir='ltr'><strong>indeque</strong></span> <span class='ocrx_word' id='word_1_401' title='bbox 3594 1441 3763 1481; x_wconf 79' lang='lat' dir='ltr'><strong>secum</strong></span> 
     </span>
    </p>
   </div>
   <div class='ocr_carea' id='block_1_62' title="bbox 2259 1496 3765 1567">
    <p class='ocr_par' dir='ltr' id='par_1_62' title="bbox 2259 1496 3765 1567">
     <span class='ocr_line' id='line_1_62' title="bbox 2259 1496 3765 1567; baseline 0.001 -19"><span class='ocrx_word' id='word_1_402' title='bbox 2259 1498 2324 1548; x_wconf 90' lang='lat' dir='ltr'><strong>ad</strong></span> <span class='ocrx_word' id='word_1_403' title='bbox 2354 1496 2538 1550; x_wconf 88' lang='lat' dir='ltr'><strong>urbem</strong></span> <span class='ocrx_word' id='word_1_404' title='bbox 2571 1497 2886 1551; x_wconf 70' lang='lat' dir='ltr'><strong>ltemensem</strong></span> <span class='ocrx_word' id='word_1_405' title='bbox 2917 1497 3183 1565; x_wconf 81' lang='lat' dir='ltr'><strong>perduxit,</strong></span> <span class='ocrx_word' id='word_1_406' title='bbox 3217 1507 3270 1551; x_wconf 89' lang='lat' dir='ltr'><strong>et</strong></span> <span class='ocrx_word' id='word_1_407' title='bbox 3300 1513 3397 1567; x_wconf 85' lang='lat' dir='ltr'><strong>per</strong></span> <span class='ocrx_word' id='word_1_408' title='bbox 3425 1509 3638 1567; x_wconf 80' lang='lat' dir='ltr'><strong>septem</strong></span> <span class='ocrx_word' id='word_1_409' title='bbox 3664 1497 3765 1550; x_wconf 77' lang='lat' dir='ltr'><strong>fere</strong></span> 
     </span>
    </p>
   </div>
   <div class='ocr_carea' id='block_1_63' title="bbox 2261 1566 3765 1638">
    <p class='ocr_par' dir='ltr' id='par_1_63' title="bbox 2261 1566 3765 1638">
     <span class='ocr_line' id='line_1_63' title="bbox 2261 1566 3765 1638; baseline 0.001 -20"><span class='ocrx_word' id='word_1_410' title='bbox 2261 1580 2475 1638; x_wconf 72' lang='lat' dir='ltr'><strong>menses</strong></span> <span class='ocrx_word' id='word_1_411' title='bbox 2500 1583 2621 1621; x_wconf 88' lang='lat' dir='ltr'><strong>eum</strong></span> <span class='ocrx_word' id='word_1_412' title='bbox 2651 1578 2967 1638; x_wconf 85' lang='lat' dir='ltr'><strong>prosecutus</strong></span> <span class='ocrx_word' id='word_1_413' title='bbox 2995 1575 3156 1638; x_wconf 85' lang='lat' dir='ltr'><strong>atque</strong></span> <span class='ocrx_word' id='word_1_414' title='bbox 3180 1569 3471 1622; x_wconf 85' lang='lat' dir='ltr'><strong>comitatus</strong></span> <span class='ocrx_word' id='word_1_415' title='bbox 3505 1566 3765 1638; x_wconf 74' lang='lat' dir='ltr'><strong>[contrita-</strong></span> 
     </span>
    </p>
   </div>
   <div class='ocr_carea' id='block_1_64' title="bbox 2260 1635 3765 1779">
    <p class='ocr_par' dir='ltr' id='par_1_64' title="bbox 2260 1635 3765 1779">
     <span class='ocr_line' id='line_1_64' title="bbox 2260 1635 3765 1714; baseline 0.001 -24"><span class='ocrx_word' id='word_1_416' title='bbox 2260 1645 2345 1690; x_wconf 88' lang='lat' dir='ltr'><strong>tus</strong></span> <span class='ocrx_word' id='word_1_417' title='bbox 2373 1635 2585 1714; x_wconf 75' lang='lat' dir='ltr'><strong>c.1est,</strong></span> <span class='ocrx_word' id='word_1_418' title='bbox 2636 1639 2808 1694; x_wconf 86' lang='lat' dir='ltr'><strong>donec</strong></span> <span class='ocrx_word' id='word_1_419' title='bbox 2859 1637 2934 1691; x_wconf 92' lang='lat' dir='ltr'><strong>illi</strong></span> <span class='ocrx_word' id='word_1_420' title='bbox 2976 1636 3200 1692; x_wconf 84' lang='lat' dir='ltr'><strong>comites</strong></span> <span class='ocrx_word' id='word_1_421' title='bbox 3245 1653 3392 1695; x_wconf 86' lang='lat' dir='ltr'><strong>suos.</strong></span> <span class='ocrx_word' id='word_1_422' title='bbox 3434 1635 3765 1706; x_wconf 69' lang='lat' dir='ltr'><strong>eundemque</strong></span> 
     </span>
     <span class='ocr_line' id='line_1_65' title="bbox 2260 1706 3757 1779; baseline 0.001 -19"><span class='ocrx_word' id='word_1_423' title='bbox 2260 1720 2425 1779; x_wconf 82' lang='lat' dir='ltr'><strong>regno</strong></span> <span class='ocrx_word' id='word_1_424' title='bbox 2445 1706 2738 1779; x_wconf 69' lang='lat' dir='ltr'><strong>restituit.]</strong></span> <span class='ocrx_word' id='word_1_425' title='bbox 2772 1777 2822 1779; x_wconf 26' lang='grc' dir='ltr'><strong><em>α</em></strong></span> <span class='ocrx_word' id='word_1_426' title='bbox 2894 1777 2929 1779; x_wconf 30' lang='grc' dir='ltr'>η</span> <span class='ocrx_word' id='word_1_427' title='bbox 3235 1778 3239 1779; x_wconf 19' lang='grc' dir='ltr'><em>ν</em></span> <span class='ocrx_word' id='word_1_428' title='bbox 3358 1778 3361 1779; x_wconf 16' lang='grc' dir='ltr'><em>ν</em></span> <span class='ocrx_word' id='word_1_429' title='bbox 3439 1776 3491 1779; x_wconf 23' lang='grc' dir='ltr'><strong><em>Α</em></strong></span> <span class='ocrx_word' id='word_1_430' title='bbox 3746 1775 3757 1779; x_wconf 88' lang='lat'>_</span> 
     </span>
    </p>
   </div>
   <div class='ocr_carea' id='block_1_65' title="bbox 2260 1708 2708 1775">
    <p class='ocr_par' dir='ltr' id='par_1_65' title="bbox 2260 1708 2708 1775">
     <span class='ocr_line' id='line_1_66' title="bbox 2260 1708 2708 1775; baseline 0.002 -15"><span class='ocrx_word' id='word_1_431' title='bbox 2260 1708 2708 1775; x_wconf 59' lang='lat' dir='ltr'><strong>regno&#39;restituit.</strong></span> 
     </span>
    </p>
   </div>
   <div class='ocr_carea' id='block_1_66' title="bbox 2260 1775 3761 1847">
    <p class='ocr_par' dir='ltr' id='par_1_66' title="bbox 2260 1775 3761 1847">
     <span class='ocr_line' id='line_1_67' title="bbox 2260 1775 3761 1847; baseline 0.001 -19"><span class='ocrx_word' id='word_1_432' title='bbox 2260 1778 2302 1847; x_wconf 61' lang='grc' dir='ltr'><strong>ξ’</strong></span> <span class='ocrx_word' id='word_1_433' title='bbox 2335 1776 2404 1831; x_wconf 87' lang='lat' dir='ltr'><strong>ll.</strong></span> <span class='ocrx_word' id='word_1_434' title='bbox 2438 1776 2585 1847; x_wconf 69' lang='lat' dir='ltr'><strong>Bent.</strong></span> <span class='ocrx_word' id='word_1_435' title='bbox 2629 1775 2737 1841; x_wconf 51' lang='lat' dir='ltr'><strong>tv,‘</strong></span> <span class='ocrx_word' id='word_1_436' title='bbox 2762 1777 2847 1831; x_wconf 88' lang='lat' dir='ltr'><strong>l6.</strong></span> <span class='ocrx_word' id='word_1_437' title='bbox 2892 1777 3393 1833; x_wconf 76' lang='lat' dir='ltr'><strong>Excommunicavit</strong></span> <span class='ocrx_word' id='word_1_438' title='bbox 3435 1776 3531 1832; x_wconf 91' lang='lat' dir='ltr'><strong>hic</strong></span> <span class='ocrx_word' id='word_1_439' title='bbox 3579 1775 3761 1847; x_wconf 63' lang='lat' dir='ltr'><strong>praesul</strong></span> 
     </span>
    </p>
   </div>
   <div class='ocr_carea' id='block_1_67' title="bbox 2265 1846 3755 1918">
    <p class='ocr_par' dir='ltr' id='par_1_67' title="bbox 2265 1846 3755 1918">
     <span class='ocr_line' id='line_1_68' title="bbox 2265 1846 3755 1918; baseline 0.001 -19"><span class='ocrx_word' id='word_1_440' title='bbox 2265 1846 2611 1918; x_wconf 64' lang='lat' dir='ltr'><strong>Erlehaidum</strong></span> <span class='ocrx_word' id='word_1_441' title='bbox 2663 1850 2913 1903; x_wconf 86' lang='lat' dir='ltr'><strong>comitem</strong></span> <span class='ocrx_word' id='word_1_442' title='bbox 2942 1849 3302 1904; x_wconf 80' lang='lat' dir='ltr'><strong>Castricensis</strong></span> <span class='ocrx_word' id='word_1_443' title='bbox 3328 1848 3449 1918; x_wconf 83' lang='lat' dir='ltr'><strong>pagi</strong></span> <span class='ocrx_word' id='word_1_444' title='bbox 3476 1888 3492 1911; x_wconf 90' lang='lat'><strong>,</strong></span> <span class='ocrx_word' id='word_1_445' title='bbox 3548 1846 3755 1917; x_wconf 80' lang='lat' dir='ltr'><strong>propter</strong></span> 
     </span>
    </p>
   </div>
   <div class='ocr_carea' id='block_1_68' title="bbox 2262 1916 3763 1988">
    <p class='ocr_par' dir='ltr' id='par_1_68' title="bbox 2262 1916 3763 1988">
     <span class='ocr_line' id='line_1_69' title="bbox 2262 1916 3763 1988; baseline 0 -17"><span class='ocrx_word' id='word_1_446' title='bbox 2262 1916 2547 1972; x_wconf 83' lang='lat' dir='ltr'><strong>Remeusis</strong></span> <span class='ocrx_word' id='word_1_447' title='bbox 2569 1918 2823 1988; x_wconf 85' lang='lat' dir='ltr'><strong>cpiscopii</strong></span> <span class='ocrx_word' id='word_1_448' title='bbox 2850 1928 3262 1987; x_wconf 84' lang='lat' dir='ltr'><strong>terram,&#39;quam</strong></span> <span class='ocrx_word' id='word_1_449' title='bbox 3289 1916 3614 1988; x_wconf 72' lang='lat' dir='ltr'><strong>pervaserat</strong></span> <span class='ocrx_word' id='word_1_450' title='bbox 3638 1916 3659 1982; x_wconf 78' lang='lat'><strong>,</strong></span> <span class='ocrx_word' id='word_1_451' title='bbox 3679 1918 3763 1971; x_wconf 80' lang='lat' dir='ltr'><strong>ibi-</strong></span> 
     </span>
    </p>
   </div>
   <div class='ocr_carea' id='block_1_69' title="bbox 2261 1987 3767 2057">
    <p class='ocr_par' dir='ltr' id='par_1_69' title="bbox 2261 1987 3767 2057">
     <span class='ocr_line' id='line_1_70' title="bbox 2261 1987 3767 2057; baseline 0.003 -20"><span class='ocrx_word' id='word_1_452' title='bbox 2261 1987 2738 2057; x_wconf 82' lang='lat' dir='ltr'><strong>qnemuuitiouem</strong></span> <span class='ocrx_word' id='word_1_453' title='bbox 2780 1992 3047 2057; x_wconf 86' lang='lat' dir='ltr'><strong>quandam</strong></span> <span class='ocrx_word' id='word_1_454' title='bbox 3076 2002 3239 2056; x_wconf 89' lang='lat' dir='ltr'><strong>super</strong></span> <span class='ocrx_word' id='word_1_455' title='bbox 3280 1987 3488 2042; x_wconf 83' lang='lat' dir='ltr'><strong>Mosam</strong></span> <span class='ocrx_word' id='word_1_456' title='bbox 3534 1999 3767 2041; x_wconf 85' lang='lat' dir='ltr'><strong>constru-</strong></span> 
     </span>
    </p>
   </div>
   <div class='ocr_carea' id='block_1_70' title="bbox 2259 2057 3766 2128">
    <p class='ocr_par' dir='ltr' id='par_1_70' title="bbox 2259 2057 3766 2128">
     <span class='ocr_line' id='line_1_71' title="bbox 2259 2057 3766 2128; baseline -0.002 -16"><span class='ocrx_word' id='word_1_457' title='bbox 2259 2067 2432 2122; x_wconf 80' lang='lat' dir='ltr'><strong>xerat,</strong></span> <span class='ocrx_word' id='word_1_458' title='bbox 2454 2058 2682 2126; x_wconf 89' lang='lat' dir='ltr'><strong>indeque</strong></span> <span class='ocrx_word' id='word_1_459' title='bbox 2705 2057 3001 2128; x_wconf 83' lang='lat' dir='ltr'><strong>frequentia</strong></span> <span class='ocrx_word' id='word_1_460' title='bbox 3016 2058 3397 2114; x_wconf 76' lang='lat' dir='ltr'><strong>ecclesiastica:</strong></span> <span class='ocrx_word' id='word_1_461' title='bbox 3420 2057 3647 2112; x_wconf 72' lang='lat' dir='ltr'><strong>familia:</strong></span> <span class='ocrx_word' id='word_1_462' title='bbox 3666 2073 3766 2110; x_wconf 83' lang='lat' dir='ltr'><strong>ma-</strong></span> 
     </span>
    </p>
   </div>
   <div class='ocr_carea' id='block_1_71' title="bbox 2262 2127 3764 2199">
    <p class='ocr_par' dir='ltr' id='par_1_71' title="bbox 2262 2127 3764 2199">
     <span class='ocr_line' id='line_1_72' title="bbox 2262 2127 3764 2199; baseline -0.001 -18"><span class='ocrx_word' id='word_1_463' title='bbox 2262 2128 2316 2199; x_wconf 81' lang='lat' dir='ltr'><strong>la</strong></span> <span class='ocrx_word' id='word_1_464' title='bbox 2340 2127 2636 2199; x_wconf 80' lang='lat' dir='ltr'><strong>ingerebat.</strong></span> <span class='ocrx_word' id='word_1_465' title='bbox 2654 2127 2875 2198; x_wconf 86' lang='lat' dir='ltr'><strong>insuper</strong></span> <span class='ocrx_word' id='word_1_466' title='bbox 2888 2139 2940 2182; x_wconf 87' lang='lat' dir='ltr'><strong>et</strong></span> <span class='ocrx_word' id='word_1_467' title='bbox 2961 2139 3196 2184; x_wconf 81' lang='lat' dir='ltr'><strong>castrum</strong></span> <span class='ocrx_word' id='word_1_468' title='bbox 3221 2128 3577 2183; x_wconf 80' lang='lat' dir='ltr'><strong>Altimontent</strong></span> <span class='ocrx_word' id='word_1_469' title='bbox 3595 2128 3764 2181; x_wconf 78' lang='lat' dir='ltr'><strong>furtim</strong></span> 
     </span>
    </p>
   </div>
   <div class='ocr_carea' id='block_1_72' title="bbox 2266 2198 3765 2268">
    <p class='ocr_par' dir='ltr' id='par_1_72' title="bbox 2266 2198 3765 2268">
     <span class='ocr_line' id='line_1_73' title="bbox 2266 2198 3765 2268; baseline -0.001 -15"><span class='ocrx_word' id='word_1_470' title='bbox 2266 2198 2554 2268; x_wconf 83' lang='lat' dir='ltr'><strong>irruperat.</strong></span> <span class='ocrx_word' id='word_1_471' title='bbox 2587 2198 2692 2253; x_wconf 89' lang='lat' dir='ltr'><strong>Sed</strong></span> <span class='ocrx_word' id='word_1_472' title='bbox 2742 2214 2865 2253; x_wconf 91' lang='lat' dir='ltr'><strong>cum</strong></span> <span class='ocrx_word' id='word_1_473' title='bbox 2898 2213 2998 2253; x_wconf 86' lang='lat' dir='ltr'><strong>nec</strong></span> <span class='ocrx_word' id='word_1_474' title='bbox 3027 2199 3099 2252; x_wconf 90' lang='lat' dir='ltr'><strong>ita</strong></span> <span class='ocrx_word' id='word_1_475' title='bbox 3123 2209 3366 2254; x_wconf 83' lang='lat' dir='ltr'><strong>cessaret</strong></span> <span class='ocrx_word' id='word_1_476' title='bbox 3389 2215 3419 2253; x_wconf 85' lang='lat' dir='ltr'><strong>a</strong></span> <span class='ocrx_word' id='word_1_477' title='bbox 3458 2199 3625 2253; x_wconf 88' lang='lat' dir='ltr'><strong>malis</strong></span> <span class='ocrx_word' id='word_1_478' title='bbox 3658 2212 3765 2266; x_wconf 57' lang='lat' dir='ltr'><strong>qua!</strong></span> 
     </span>
    </p>
   </div>
   <div class='ocr_carea' id='block_1_73' title="bbox 2262 2269 3762 2339">
    <p class='ocr_par' dir='ltr' id='par_1_73' title="bbox 2262 2269 3762 2339">
     <span class='ocr_line' id='line_1_74' title="bbox 2262 2269 3762 2339; baseline -0.001 -15"><span class='ocrx_word' id='word_1_479' title='bbox 2262 2277 2529 2338; x_wconf 73' lang='lat' dir='ltr'><strong>cmperat,</strong></span> <span class='ocrx_word' id='word_1_480' title='bbox 2565 2270 2741 2339; x_wconf 80' lang='lat' dir='ltr'><strong>pergit</strong></span> <span class='ocrx_word' id='word_1_481' title='bbox 2785 2269 3223 2339; x_wconf 79' lang='lat' dir='ltr'><strong>archiepiscopus</strong></span> <span class='ocrx_word' id='word_1_482' title='bbox 3270 2286 3392 2324; x_wconf 89' lang='lat' dir='ltr'><strong>cmn</strong></span> <span class='ocrx_word' id='word_1_483' title='bbox 3444 2269 3562 2324; x_wconf 86' lang='lat' dir='ltr'><strong>suis</strong></span> <span class='ocrx_word' id='word_1_484' title='bbox 3591 2269 3656 2323; x_wconf 86' lang='lat' dir='ltr'><strong>ad</strong></span> <span class='ocrx_word' id='word_1_485' title='bbox 3672 2283 3762 2339; x_wconf 15' lang='lat' dir='ltr'><strong>ica-</strong></span> 
     </span>
    </p>
   </div>
   <div class='ocr_carea' id='block_1_74' title="bbox 2262 2338 3765 2409">
    <p class='ocr_par' dir='ltr' id='par_1_74' title="bbox 2262 2338 3765 2409">
     <span class='ocr_line' id='line_1_75' title="bbox 2262 2338 3765 2409; baseline -0.002 -16"><span class='ocrx_word' id='word_1_486' title='bbox 2262 2340 2518 2409; x_wconf 84' lang='lat' dir='ltr'><strong>picndam</strong></span> <span class='ocrx_word' id='word_1_487' title='bbox 2549 2338 2923 2406; x_wconf 85' lang='lat' dir='ltr'><strong>tintnitionem,</strong></span> <span class='ocrx_word' id='word_1_488' title='bbox 2949 2356 3108 2409; x_wconf 83' lang='lat' dir='ltr'><strong>quam</strong></span> <span class='ocrx_word' id='word_1_489' title='bbox 3141 2339 3229 2393; x_wconf 89' lang='lat' dir='ltr'><strong>ille</strong></span> <span class='ocrx_word' id='word_1_490' title='bbox 3259 2349 3646 2394; x_wconf 71' lang='lat' dir='ltr'><strong>construxerat</strong></span> <span class='ocrx_word' id='word_1_491' title='bbox 3668 2338 3765 2391; x_wconf 77' lang='lat' dir='ltr'><strong>Ma-</strong></span> 
     </span>
    </p>
   </div>
   <div class='ocr_carea' id='block_1_75' title="bbox 2264 2409 3764 2478">
    <p class='ocr_par' dir='ltr' id='par_1_75' title="bbox 2264 2409 3764 2478">
     <span class='ocr_line' id='line_1_76' title="bbox 2264 2409 3764 2478; baseline -0.002 -14"><span class='ocrx_word' id='word_1_492' title='bbox 2264 2409 2547 2478; x_wconf 82' lang='lat' dir='ltr'><strong>ceriasque</strong></span> <span class='ocrx_word' id='word_1_493' title='bbox 2607 2410 2940 2464; x_wconf 88' lang='lat' dir='ltr'><strong>nominabat.</strong></span> <span class='ocrx_word' id='word_1_494' title='bbox 2998 2410 3170 2477; x_wconf 84' lang='lat' dir='ltr'><strong>Quam</strong></span> <span class='ocrx_word' id='word_1_495' title='bbox 3217 2425 3312 2478; x_wconf 88' lang='lat' dir='ltr'><strong>per</strong></span> <span class='ocrx_word' id='word_1_496' title='bbox 3357 2419 3598 2478; x_wconf 84' lang='lat' dir='ltr'><strong>quatuor</strong></span> <span class='ocrx_word' id='word_1_497' title='bbox 3645 2423 3764 2476; x_wconf 85' lang='lat' dir='ltr'><strong>pene</strong></span> 
     </span>
    </p>
   </div>
   <div class='ocr_carea' id='block_1_76' title="bbox 2262 2478 3765 2546">
    <p class='ocr_par' dir='ltr' id='par_1_76' title="bbox 2262 2478 3765 2546">
     <span class='ocr_line' id='line_1_77' title="bbox 2262 2478 3765 2546; baseline -0.001 -13"><span class='ocrx_word' id='word_1_498' title='bbox 2262 2480 2590 2535; x_wconf 82' lang='lat' dir='ltr'><strong>ebdomadas</strong></span> <span class='ocrx_word' id='word_1_499' title='bbox 2614 2481 2886 2546; x_wconf 81' lang='lat' dir='ltr'><strong>obsidens,</strong></span> <span class='ocrx_word' id='word_1_500' title='bbox 2908 2482 3193 2535; x_wconf 83' lang='lat' dir='ltr'><strong>deserente</strong></span> <span class='ocrx_word' id='word_1_501' title='bbox 3222 2480 3439 2534; x_wconf 85' lang='lat' dir='ltr'><strong>tandem</strong></span> <span class='ocrx_word' id='word_1_502' title='bbox 3468 2480 3619 2533; x_wconf 84' lang='lat' dir='ltr'><strong>illam</strong></span> <span class='ocrx_word' id='word_1_503' title='bbox 3635 2478 3765 2532; x_wconf 57' lang='lat' dir='ltr'><strong>Erlcc</strong></span> 
     </span>
    </p>
   </div>
   <div class='ocr_carea' id='block_1_77' title="bbox 2263 2548 3766 2620">
    <p class='ocr_par' dir='ltr' id='par_1_77' title="bbox 2263 2548 3766 2620">
     <span class='ocr_line' id='line_1_78' title="bbox 2263 2548 3766 2620; baseline -0.002 -15"><span class='ocrx_word' id='word_1_504' title='bbox 2263 2549 2445 2615; x_wconf 88' lang='lat' dir='ltr'><strong>baldo,</strong></span> <span class='ocrx_word' id='word_1_505' title='bbox 2467 2552 2631 2620; x_wconf 85' lang='lat' dir='ltr'><strong>cepit,</strong></span> <span class='ocrx_word' id='word_1_506' title='bbox 2654 2561 2708 2605; x_wconf 87' lang='lat' dir='ltr'><strong>et</strong></span> <span class='ocrx_word' id='word_1_507' title='bbox 2747 2550 3006 2620; x_wconf 84' lang='lat' dir='ltr'><strong>depositis</strong></span> <span class='ocrx_word' id='word_1_508' title='bbox 3029 2550 3159 2605; x_wconf 87' lang='lat' dir='ltr'><strong>inibi</strong></span> <span class='ocrx_word' id='word_1_509' title='bbox 3185 2550 3452 2604; x_wconf 84' lang='lat' dir='ltr'><strong>custodiis</strong></span> <span class='ocrx_word' id='word_1_510' title='bbox 3479 2548 3670 2602; x_wconf 76' lang='lat' dir='ltr'><strong>Remis</strong></span> <span class='ocrx_word' id='word_1_511' title='bbox 3693 2565 3766 2602; x_wconf 84' lang='lat' dir='ltr'><strong>re—</strong></span> 
     </span>
    </p>
   </div>
   <div class='ocr_carea' id='block_1_78' title="bbox 2265 2619 3765 2689">
    <p class='ocr_par' dir='ltr' id='par_1_78' title="bbox 2265 2619 3765 2689">
     <span class='ocr_line' id='line_1_79' title="bbox 2265 2619 3765 2689; baseline -0.003 -14"><span class='ocrx_word' id='word_1_512' title='bbox 2265 2619 2384 2675; x_wconf 89' lang='lat' dir='ltr'><strong>diit.</strong></span> <span class='ocrx_word' id='word_1_513' title='bbox 2413 2621 2483 2674; x_wconf 89' lang='lat' dir='ltr'><strong>At</strong></span> <span class='ocrx_word' id='word_1_514' title='bbox 2512 2619 2829 2676; x_wconf 85' lang='lat' dir='ltr'><strong>Erlebaldus</strong></span> <span class='ocrx_word' id='word_1_515' title='bbox 2868 2622 3140 2688; x_wconf 74' lang='lat' dir='ltr'><strong>prolectus</strong></span> <span class='ocrx_word' id='word_1_516' title='bbox 3177 2623 3244 2674; x_wconf 90' lang='lat' dir='ltr'><strong>ad</strong></span> <span class='ocrx_word' id='word_1_517' title='bbox 3278 2636 3498 2689; x_wconf 80' lang='lat' dir='ltr'><strong>regem,</strong></span> <span class='ocrx_word' id='word_1_518' title='bbox 3528 2620 3621 2688; x_wconf 88' lang='lat' dir='ltr'><strong>qui</strong></span> <span class='ocrx_word' id='word_1_519' title='bbox 3656 2628 3765 2672; x_wconf 88' lang='lat' dir='ltr'><strong>tunc</strong></span> 
     </span>
    </p>
   </div>
   <div class='ocr_carea' id='block_1_79' title="bbox 2261 2689 3761 2762">
    <p class='ocr_par' dir='ltr' id='par_1_79' title="bbox 2261 2689 3761 2762">
     <span class='ocr_line' id='line_1_80' title="bbox 2261 2689 3761 2762; baseline -0.004 -17"><span class='ocrx_word' id='word_1_520' title='bbox 2261 2692 2577 2745; x_wconf 87' lang='lat' dir='ltr'><strong>morabatur</strong></span> <span class='ocrx_word' id='word_1_521' title='bbox 2598 2691 2650 2762; x_wconf 76' lang='lat' dir='ltr'><strong>in</strong></span> <span class='ocrx_word' id='word_1_522' title='bbox 2678 2707 2816 2762; x_wconf 84' lang='lat' dir='ltr'><strong>pago</strong></span> <span class='ocrx_word' id='word_1_523' title='bbox 2842 2690 3433 2762; x_wconf 76' lang='lat' dir='ltr'><strong>Warmacensicontra</strong></span> <span class='ocrx_word' id='word_1_524' title='bbox 3461 2689 3761 2762; x_wconf 80' lang='lat' dir='ltr'><strong>Heinricqu</strong></span> 
     </span>
    </p>
   </div>
   <div class='ocr_carea' id='block_1_80' title="bbox 2261 2758 3764 2832">
    <p class='ocr_par' dir='ltr' id='par_1_80' title="bbox 2261 2758 3764 2832">
     <span class='ocr_line' id='line_1_81' title="bbox 2261 2758 3764 2832; baseline -0.003 -17"><span class='ocrx_word' id='word_1_525' title='bbox 2261 2762 2558 2832; x_wconf 83' lang='lat' dir='ltr'><strong>principem</strong></span> <span class='ocrx_word' id='word_1_526' title='bbox 2607 2758 3140 2825; x_wconf 69' lang='lat' dir='ltr'><strong>Transrheueusem,</strong></span> <span class='ocrx_word' id='word_1_527' title='bbox 3201 2759 3394 2814; x_wconf 89' lang='lat' dir='ltr'><strong>ibidem</strong></span> <span class='ocrx_word' id='word_1_528' title='bbox 3429 2763 3501 2813; x_wconf 90' lang='lat' dir='ltr'><strong>ab</strong></span> <span class='ocrx_word' id='word_1_529' title='bbox 3535 2758 3764 2832; x_wconf 83' lang='lat' dir='ltr'><strong>hostibus</strong></span> 
     </span>
    </p>
   </div>
   <div class='ocr_carea' id='block_1_81' title="bbox 2262 2831 3762 2902">
    <p class='ocr_par' dir='ltr' id='par_1_81' title="bbox 2262 2831 3762 2902">
     <span class='ocr_line' id='line_1_82' title="bbox 2262 2831 3762 2902; baseline -0.003 -16"><span class='ocrx_word' id='word_1_530' title='bbox 2262 2833 2406 2902; x_wconf 84' lang='lat' dir='ltr'><strong>regis</strong></span> <span class='ocrx_word' id='word_1_531' title='bbox 2429 2832 2532 2886; x_wconf 87' lang='lat' dir='ltr'><strong>sibi</strong></span> <span class='ocrx_word' id='word_1_532' title='bbox 2561 2832 3069 2900; x_wconf 86' lang='lat' dir='ltr'><strong>supervenientibus</strong></span> <span class='ocrx_word' id='word_1_533' title='bbox 3113 2833 3471 2900; x_wconf 84' lang='lat' dir='ltr'><strong>interemptus</strong></span> <span class='ocrx_word' id='word_1_534' title='bbox 3486 2831 3762 2902; x_wconf 76' lang='lat' dir='ltr'><strong>est.Q_ueuI</strong></span> 
     </span>
    </p>
   </div>
   <div class='ocr_carea' id='block_1_82' title="bbox 2262 2899 3764 2982">
    <p class='ocr_par' dir='ltr' id='par_1_82' title="bbox 2262 2899 3764 2982">
     <span class='ocr_line' id='line_1_83' title="bbox 2262 2899 3764 2982; baseline -0.005 -27"><span class='ocrx_word' id='word_1_535' title='bbox 2262 2899 2453 2982; x_wconf 74' lang='lat' dir='ltr'><strong>tamen</strong></span> <span class='ocrx_word' id='word_1_536' title='bbox 2484 2899 2823 2982; x_wconf 81' lang='lat' dir='ltr'><strong>postmodum</strong></span> <span class='ocrx_word' id='word_1_537' title='bbox 2859 2903 2911 2955; x_wconf 88' lang='lat' dir='ltr'><strong>in</strong></span> <span class='ocrx_word' id='word_1_538' title='bbox 2940 2902 3146 2982; x_wconf 65' lang='lat' dir='ltr'><strong>synodo</strong></span> <span class='ocrx_word' id='word_1_539' title='bbox 3174 2942 3188 2965; x_wconf 84' lang='lat'><strong>,</strong></span> <span class='ocrx_word' id='word_1_540' title='bbox 3228 2899 3390 2969; x_wconf 87' lang='lat' dir='ltr'><strong>quam</strong></span> <span class='ocrx_word' id='word_1_541' title='bbox 3435 2902 3580 2981; x_wconf 85' lang='lat' dir='ltr'><strong>apud</strong></span> <span class='ocrx_word' id='word_1_542' title='bbox 3615 2899 3764 2977; x_wconf 73' lang='lat' dir='ltr'><strong>Tros-</strong></span> 
     </span>
    </p>
   </div>
   <div class='ocr_carea' id='block_1_83' title="bbox 2262 2969 3765 3042">
    <p class='ocr_par' dir='ltr' id='par_1_83' title="bbox 2262 2969 3765 3042">
     <span class='ocr_line' id='line_1_84' title="bbox 2262 2969 3765 3042; baseline -0.004 -17"><span class='ocrx_word' id='word_1_543' title='bbox 2262 2972 2423 3025; x_wconf 87' lang='lat' dir='ltr'><strong>leium</strong></span> <span class='ocrx_word' id='word_1_544' title='bbox 2445 2969 2583 3026; x_wconf 85' lang='lat' dir='ltr'><strong>idem</strong></span> <span class='ocrx_word' id='word_1_545' title='bbox 2600 2973 2828 3026; x_wconf 87' lang='lat' dir='ltr'><strong>donmus</strong></span> <span class='ocrx_word' id='word_1_546' title='bbox 2844 2969 3281 3042; x_wconf 82' lang='lat' dir='ltr'><strong>archiepiscopus</strong></span> <span class='ocrx_word' id='word_1_547' title='bbox 3301 2987 3424 3042; x_wconf 89' lang='lat' dir='ltr'><strong>cum</strong></span> <span class='ocrx_word' id='word_1_548' title='bbox 3442 2969 3765 3042; x_wconf 28' lang='lat' dir='ltr'><strong>(t’ioeesaneis</strong></span> 
     </span>
    </p>
   </div>
   <div class='ocr_carea' id='block_1_84' title="bbox 2261 3040 3767 3111">
    <p class='ocr_par' dir='ltr' id='par_1_84' title="bbox 2261 3040 3767 3111">
     <span class='ocr_line' id='line_1_85' title="bbox 2261 3040 3767 3111; baseline -0.005 -13"><span class='ocrx_word' id='word_1_549' title='bbox 2261 3043 2376 3099; x_wconf 87' lang='lat' dir='ltr'><strong>suis</strong></span> <span class='ocrx_word' id='word_1_550' title='bbox 2406 3044 2613 3104; x_wconf 84' lang='lat' dir='ltr'><strong>habuit,</strong></span> <span class='ocrx_word' id='word_1_551' title='bbox 2642 3042 3015 3096; x_wconf 74' lang='lat' dir='ltr'><strong>intercedente</strong></span> <span class='ocrx_word' id='word_1_552' title='bbox 3038 3040 3251 3110; x_wconf 44' lang='lat' dir='ltr'><strong>&#39;rege&#39;et</strong></span> <span class='ocrx_word' id='word_1_553' title='bbox 3291 3041 3491 3095; x_wconf 77' lang='lat' dir='ltr'><strong>obnixe</strong></span> <span class='ocrx_word' id='word_1_554' title='bbox 3533 3040 3767 3111; x_wconf 80' lang='lat' dir='ltr'><strong>ﬂagitan-</strong></span> 
     </span>
    </p>
   </div>
   <div class='ocr_carea' id='block_1_85' title="bbox 2263 3110 3528 3188">
    <p class='ocr_par' dir='ltr' id='par_1_85' title="bbox 2263 3110 3528 3188">
     <span class='ocr_line' id='line_1_86' title="bbox 2263 3110 3528 3188; baseline -0.004 -19"><span class='ocrx_word' id='word_1_555' title='bbox 2263 3122 2334 3179; x_wconf 87' lang='lat' dir='ltr'><strong>te,</strong></span> <span class='ocrx_word' id='word_1_556' title='bbox 2364 3129 2396 3167; x_wconf 84' lang='lat' dir='ltr'><strong>a</strong></span> <span class='ocrx_word' id='word_1_557' title='bbox 2426 3113 2640 3167; x_wconf 86' lang='lat' dir='ltr'><strong>vinculo</strong></span> <span class='ocrx_word' id='word_1_558' title='bbox 2666 3113 3241 3188; x_wconf 76' lang='lat' dir='ltr'><strong>excommunicationis</strong></span> <span class='ocrx_word' id='word_1_559' title='bbox 3271 3110 3528 3166; x_wconf 78' lang='lat' dir='ltr'><strong>absolvit.</strong></span> 
     </span>
    </p>
   </div>
   <div class='ocr_carea' id='block_1_86' title="bbox 2260 3241 3766 3317">
    <p class='ocr_par' dir='ltr' id='par_1_86' title="bbox 2260 3241 3766 3317">
     <span class='ocr_line' id='line_1_87' title="bbox 2260 3241 3766 3317; baseline -0.004 -16"><span class='ocrx_word' id='word_1_560' title='bbox 2260 3245 2376 3302; x_wconf 83' lang='lat' dir='ltr'><strong>lioc</strong></span> <span class='ocrx_word' id='word_1_561' title='bbox 2429 3244 2606 3311; x_wconf 88' lang='lat' dir='ltr'><strong>anno,</strong></span> <span class='ocrx_word' id='word_1_562' title='bbox 2647 3247 2890 3315; x_wconf 89' lang='lat' dir='ltr'><strong>sequenti</strong></span> <span class='ocrx_word' id='word_1_563' title='bbox 2934 3259 3148 3317; x_wconf 86' lang='lat' dir='ltr'><strong>quoque</strong></span> <span class='ocrx_word' id='word_1_564' title='bbox 3171 3286 3186 3310; x_wconf 88' lang='lat'><strong>,</strong></span> <span class='ocrx_word' id='word_1_565' title='bbox 3218 3246 3457 3316; x_wconf 80' lang='lat' dir='ltr'><strong>agitatur</strong></span> <span class='ocrx_word' id='word_1_566' title='bbox 3489 3244 3637 3298; x_wconf 89' lang='lat' dir='ltr'><strong>inter</strong></span> <span class='ocrx_word' id='word_1_567' title='bbox 3670 3241 3766 3297; x_wconf 82' lang='lat' dir='ltr'><strong>Ilii-</strong></span> 
     </span>
    </p>
   </div>
   <div class='ocr_carea' id='block_1_87' title="bbox 2190 3335 3765 3413">
    <p class='ocr_par' dir='ltr' id='par_1_87' title="bbox 2190 3335 3765 3413">
     <span class='ocr_line' id='line_1_88' title="bbox 2190 3335 3765 3413; baseline -0.003 -22"><span class='ocrx_word' id='word_1_568' title='bbox 2190 3337 2411 3413; x_wconf 90' lang='lat' dir='ltr'><strong>duinum</strong></span> <span class='ocrx_word' id='word_1_569' title='bbox 2438 3340 2744 3408; x_wconf 89' lang='lat' dir='ltr'><strong>episcopum</strong></span> <span class='ocrx_word' id='word_1_570' title='bbox 2771 3346 2825 3394; x_wconf 89' lang='lat' dir='ltr'><strong>et</strong></span> <span class='ocrx_word' id='word_1_571' title='bbox 2848 3336 3164 3392; x_wconf 78' lang='lat' dir='ltr'><strong>Richariutn</strong></span> <span class='ocrx_word' id='word_1_572' title='bbox 3187 3337 3437 3392; x_wconf 88' lang='lat' dir='ltr'><strong>abbatem</strong></span> <span class='ocrx_word' id='word_1_573' title='bbox 3467 3336 3535 3390; x_wconf 89' lang='lat' dir='ltr'><strong>de</strong></span> <span class='ocrx_word' id='word_1_574' title='bbox 3565 3335 3765 3403; x_wconf 70' lang='lat' dir='ltr'><strong>episca-</strong></span> 
     </span>
    </p>
   </div>
   <div class='ocr_carea' id='block_1_88' title="bbox 2188 3426 3767 3500">
    <p class='ocr_par' dir='ltr' id='par_1_88' title="bbox 2188 3426 3767 3500">
     <span class='ocr_line' id='line_1_89' title="bbox 2188 3426 3767 3500; baseline -0.002 -17"><span class='ocrx_word' id='word_1_575' title='bbox 2188 3438 2317 3499; x_wconf 89' lang='lat' dir='ltr'><strong>patu</strong></span> <span class='ocrx_word' id='word_1_576' title='bbox 2342 3427 2641 3500; x_wconf 86' lang='lat' dir='ltr'><strong>Tungrensi</strong></span> <span class='ocrx_word' id='word_1_577' title='bbox 2673 3429 2967 3484; x_wconf 85' lang='lat' dir='ltr'><strong>contentio.</strong></span> <span class='ocrx_word' id='word_1_578' title='bbox 2992 3427 3272 3498; x_wconf 90' lang='lat' dir='ltr'><strong>Siquidem</strong></span> <span class='ocrx_word' id='word_1_579' title='bbox 3298 3442 3393 3484; x_wconf 78' lang='lat' dir='ltr'><strong>rex</strong></span> <span class='ocrx_word' id='word_1_580' title='bbox 3417 3426 3549 3481; x_wconf 90' lang='lat' dir='ltr'><strong>illud</strong></span> <span class='ocrx_word' id='word_1_581' title='bbox 3574 3427 3767 3496; x_wconf 84' lang='lat' dir='ltr'><strong>episco-</strong></span> 
     </span>
    </p>
   </div>
   <div class='ocr_carea' id='block_1_89' title="bbox 2190 3512 3766 3589">
    <p class='ocr_par' dir='ltr' id='par_1_89' title="bbox 2190 3512 3766 3589">
     <span class='ocr_line' id='line_1_90' title="bbox 2190 3512 3766 3589; baseline -0.004 -16"><span class='ocrx_word' id='word_1_582' title='bbox 2190 3518 2338 3589; x_wconf 88' lang='lat' dir='ltr'><strong>pium</strong></span> <span class='ocrx_word' id='word_1_583' title='bbox 2368 3518 2417 3550; x_wconf 86' lang='grc'><strong>¹⁶</strong></span> <span class='ocrx_word' id='word_1_584' title='bbox 2444 3517 2734 3584; x_wconf 85' lang='lat' dir='ltr'><strong>Riehario,</strong></span> <span class='ocrx_word' id='word_1_585' title='bbox 2769 3518 2891 3587; x_wconf 89' lang='lat' dir='ltr'><strong>quia</strong></span> <span class='ocrx_word' id='word_1_586' title='bbox 2923 3516 3208 3571; x_wconf 83' lang='lat' dir='ltr'><strong>Hilduiuus</strong></span> <span class='ocrx_word' id='word_1_587' title='bbox 3236 3531 3266 3570; x_wconf 89' lang='lat' dir='ltr'><strong>a</strong></span> <span class='ocrx_word' id='word_1_588' title='bbox 3300 3530 3361 3571; x_wconf 89' lang='lat' dir='ltr'><strong>se</strong></span> <span class='ocrx_word' id='word_1_589' title='bbox 3396 3516 3627 3572; x_wconf 85' lang='lat' dir='ltr'><strong>descivit</strong></span> <span class='ocrx_word' id='word_1_590' title='bbox 3649 3556 3663 3578; x_wconf 94' lang='lat'><strong>,</strong></span> <span class='ocrx_word' id='word_1_591' title='bbox 3691 3512 3766 3568; x_wconf 88' lang='lat' dir='ltr'><strong>cui</strong></span> 
     </span>
    </p>
   </div>
   <div class='ocr_carea' id='block_1_90' title="bbox 2190 3606 3764 3679">
    <p class='ocr_par' dir='ltr' id='par_1_90' title="bbox 2190 3606 3764 3679">
     <span class='ocr_line' id='line_1_91' title="bbox 2190 3606 3764 3679; baseline -0.003 -17"><span class='ocrx_word' id='word_1_592' title='bbox 2190 3609 2342 3679; x_wconf 93' lang='lat' dir='ltr'><strong>prius</strong></span> <span class='ocrx_word' id='word_1_593' title='bbox 2392 3608 2565 3678; x_wconf 89' lang='lat' dir='ltr'><strong>ipsum</strong></span> <span class='ocrx_word' id='word_1_594' title='bbox 2602 3617 2990 3674; x_wconf 86' lang='lat' dir='ltr'><strong>concesserat,</strong></span> <span class='ocrx_word' id='word_1_595' title='bbox 3039 3607 3207 3661; x_wconf 86' lang='lat' dir='ltr'><strong>dedit.</strong></span> <span class='ocrx_word' id='word_1_596' title='bbox 3249 3606 3616 3661; x_wconf 80' lang='lat' dir='ltr'><strong>llerimannus</strong></span> <span class='ocrx_word' id='word_1_597' title='bbox 3655 3619 3764 3658; x_wconf 78' lang='lat' dir='ltr'><strong>vero</strong></span> 
     </span>
    </p>
   </div>
   <div class='ocr_carea' id='block_1_91' title="bbox 2193 3695 3766 3768">
    <p class='ocr_par' dir='ltr' id='par_1_91' title="bbox 2193 3695 3766 3768">
     <span class='ocr_line' id='line_1_92' title="bbox 2193 3695 3766 3768; baseline -0.004 -16"><span class='ocrx_word' id='word_1_598' title='bbox 2193 3698 2636 3768; x_wconf 83' lang='lat' dir='ltr'><strong>archiepiscopus</strong></span> <span class='ocrx_word' id='word_1_599' title='bbox 2686 3696 2999 3752; x_wconf 83' lang='lat' dir='ltr'><strong>llilduinum</strong></span> <span class='ocrx_word' id='word_1_600' title='bbox 3035 3697 3106 3751; x_wconf 92' lang='lat' dir='ltr'><strong>ibi</strong></span> <span class='ocrx_word' id='word_1_601' title='bbox 3148 3696 3461 3766; x_wconf 89' lang='lat' dir='ltr'><strong>episcopum</strong></span> <span class='ocrx_word' id='word_1_602' title='bbox 3493 3736 3508 3759; x_wconf 94' lang='lat'><strong>,</strong></span> <span class='ocrx_word' id='word_1_603' title='bbox 3550 3695 3766 3764; x_wconf 74' lang='lat' dir='ltr'><strong>eligcute</strong></span> 
     </span>
    </p>
   </div>
   <div class='ocr_carea' id='block_1_92' title="bbox 2191 3787 3764 3859">
    <p class='ocr_par' dir='ltr' id='par_1_92' title="bbox 2191 3787 3764 3859">
     <span class='ocr_line' id='line_1_93' title="bbox 2191 3787 3764 3859; baseline -0.007 -12"><span class='ocrx_word' id='word_1_604' title='bbox 2191 3790 2366 3856; x_wconf 91' lang='lat' dir='ltr'><strong>clero,</strong></span> <span class='ocrx_word' id='word_1_605' title='bbox 2400 3805 2463 3844; x_wconf 89' lang='lat' dir='ltr'><strong>ac</strong></span> <span class='ocrx_word' id='word_1_606' title='bbox 2496 3789 2690 3859; x_wconf 92' lang='lat' dir='ltr'><strong>popqu</strong></span> <span class='ocrx_word' id='word_1_607' title='bbox 2715 3788 2929 3844; x_wconf 82' lang='lat' dir='ltr'><strong>favente</strong></span> <span class='ocrx_word' id='word_1_608' title='bbox 2953 3828 2968 3856; x_wconf 93' lang='lat'><strong>,</strong></span> <span class='ocrx_word' id='word_1_609' title='bbox 3005 3803 3212 3844; x_wconf 91' lang='lat' dir='ltr'><strong>necnon</strong></span> <span class='ocrx_word' id='word_1_610' title='bbox 3241 3787 3586 3851; x_wconf 88' lang='lat' dir='ltr'><strong>Gisleberto,</strong></span> <span class='ocrx_word' id='word_1_611' title='bbox 3619 3799 3764 3856; x_wconf 89' lang='lat' dir='ltr'><strong>quem</strong></span> 
     </span>
    </p>
   </div>
   <div class='ocr_carea' id='block_1_93' title="bbox 2191 3880 3764 3957">
    <p class='ocr_par' dir='ltr' id='par_1_93' title="bbox 2191 3880 3764 3957">
     <span class='ocr_line' id='line_1_94' title="bbox 2191 3880 3764 3957; baseline -0.002 -17"><span class='ocrx_word' id='word_1_612' title='bbox 2191 3886 2410 3957; x_wconf 90' lang='lat' dir='ltr'><strong>plurimi</strong></span> <span class='ocrx_word' id='word_1_613' title='bbox 2440 3884 2824 3940; x_wconf 87' lang='lat' dir='ltr'><strong>Lotharienses</strong></span> <span class='ocrx_word' id='word_1_614' title='bbox 2845 3884 3165 3954; x_wconf 89' lang='lat' dir='ltr'><strong>principem,</strong></span> <span class='ocrx_word' id='word_1_615' title='bbox 3196 3882 3387 3938; x_wconf 89' lang='lat' dir='ltr'><strong>relicto</strong></span> <span class='ocrx_word' id='word_1_616' title='bbox 3407 3880 3606 3936; x_wconf 81' lang='lat' dir='ltr'><strong>Karolo</strong></span> <span class='ocrx_word' id='word_1_617' title='bbox 3632 3893 3764 3949; x_wconf 76' lang='lat' dir='ltr'><strong>rege.</strong></span> 
     </span>
    </p>
   </div>
   <div class='ocr_carea' id='block_1_94' title="bbox 2193 3972 3765 4049">
    <p class='ocr_par' dir='ltr' id='par_1_94' title="bbox 2193 3972 3765 4049">
     <span class='ocr_line' id='line_1_95' title="bbox 2193 3972 3765 4049; baseline -0.006 -15"><span class='ocrx_word' id='word_1_618' title='bbox 2193 3979 2503 4049; x_wconf 82' lang='lat' dir='ltr'><strong>delegerant</strong></span> <span class='ocrx_word' id='word_1_619' title='bbox 2524 3977 2565 4010; x_wconf 76' lang='lat'>”</span> <span class='ocrx_word' id='word_1_620' title='bbox 2598 3979 2889 4033; x_wconf 88' lang='lat' dir='ltr'><strong>ordinavit.</strong></span> <span class='ocrx_word' id='word_1_621' title='bbox 2934 3976 3164 4031; x_wconf 80' lang='lat' dir='ltr'><strong>Karolus</strong></span> <span class='ocrx_word' id='word_1_622' title='bbox 3194 3989 3325 4029; x_wconf 87' lang='lat' dir='ltr'><strong>vero</strong></span> <span class='ocrx_word' id='word_1_623' title='bbox 3369 3974 3601 4029; x_wconf 79' lang='lat' dir='ltr'><strong>reversis</strong></span> <span class='ocrx_word' id='word_1_624' title='bbox 3630 3972 3692 4025; x_wconf 84' lang='lat' dir='ltr'><strong>ad</strong></span> <span class='ocrx_word' id='word_1_625' title='bbox 3716 3984 3765 4024; x_wconf 80' lang='lat' dir='ltr'><strong>se</strong></span> 
     </span>
    </p>
   </div>
   <div class='ocr_carea' id='block_1_95' title="bbox 2192 4058 3761 4136">
    <p class='ocr_par' dir='ltr' id='par_1_95' title="bbox 2192 4058 3761 4136">
     <span class='ocr_line' id='line_1_96' title="bbox 2192 4058 3761 4136; baseline -0.008 -13"><span class='ocrx_word' id='word_1_626' title='bbox 2192 4067 2638 4123; x_wconf 85' lang='lat' dir='ltr'><strong>Lotharicnsibus</strong></span> <span class='ocrx_word' id='word_1_627' title='bbox 2667 4077 2720 4121; x_wconf 90' lang='lat' dir='ltr'><strong>et</strong></span> <span class='ocrx_word' id='word_1_628' title='bbox 2748 4067 2865 4136; x_wconf 88' lang='lat' dir='ltr'><strong>ipso</strong></span> <span class='ocrx_word' id='word_1_629' title='bbox 2893 4065 3199 4121; x_wconf 85' lang='lat' dir='ltr'><strong>Gisleberto</strong></span> <span class='ocrx_word' id='word_1_630' title='bbox 3217 4104 3232 4126; x_wconf 93' lang='lat'><strong>,</strong></span> <span class='ocrx_word' id='word_1_631' title='bbox 3264 4063 3523 4117; x_wconf 67' lang='lat' dir='ltr'><strong>ltichario</strong></span> <span class='ocrx_word' id='word_1_632' title='bbox 3564 4058 3761 4119; x_wconf 84' lang='lat' dir='ltr'><strong>abbati,</strong></span> 
     </span>
    </p>
   </div>
   <div class='ocr_carea' id='block_1_96' title="bbox 2193 4156 3763 4228">
    <p class='ocr_par' dir='ltr' id='par_1_96' title="bbox 2193 4156 3763 4228">
     <span class='ocr_line' id='line_1_97' title="bbox 2193 4156 3763 4228; baseline -0.01 -11"><span class='ocrx_word' id='word_1_633' title='bbox 2193 4176 2302 4217; x_wconf 86' lang='lat' dir='ltr'><strong>non</strong></span> <span class='ocrx_word' id='word_1_634' title='bbox 2332 4159 2584 4214; x_wconf 82' lang='lat' dir='ltr'><strong>llilduino</strong></span> <span class='ocrx_word' id='word_1_635' title='bbox 2614 4158 2866 4228; x_wconf 87' lang='lat' dir='ltr'><strong>episcopo</strong></span> <span class='ocrx_word' id='word_1_636' title='bbox 2891 4197 2905 4222; x_wconf 97' lang='lat'><strong>,</strong></span> <span class='ocrx_word' id='word_1_637' title='bbox 2941 4158 3113 4228; x_wconf 90' lang='lat' dir='ltr'><strong>ipsum</strong></span> <span class='ocrx_word' id='word_1_638' title='bbox 3143 4156 3520 4225; x_wconf 88' lang='lat' dir='ltr'><strong>episc0patum</strong></span> <span class='ocrx_word' id='word_1_639' title='bbox 3550 4166 3763 4208; x_wconf 83' lang='lat' dir='ltr'><strong>consen-</strong></span> 
     </span>
    </p>
   </div>
   <div class='ocr_carea' id='block_1_97' title="bbox 2196 4241 3766 4313">
    <p class='ocr_par' dir='ltr' id='par_1_97' title="bbox 2196 4241 3766 4313">
     <span class='ocr_line' id='line_1_98' title="bbox 2196 4241 3766 4313; baseline -0.008 -9"><span class='ocrx_word' id='word_1_640' title='bbox 2196 4249 2380 4306; x_wconf 85' lang='lat' dir='ltr'><strong>tiebat.</strong></span> <span class='ocrx_word' id='word_1_641' title='bbox 2407 4247 2589 4303; x_wconf 64' lang='lat' dir='ltr'><strong>[tentis</strong></span> <span class='ocrx_word' id='word_1_642' title='bbox 2613 4248 2666 4302; x_wconf 89' lang='lat' dir='ltr'><strong>in</strong></span> <span class='ocrx_word' id='word_1_643' title='bbox 2692 4247 3025 4302; x_wconf 86' lang='lat' dir='ltr'><strong>monasterio</strong></span> <span class='ocrx_word' id='word_1_644' title='bbox 3046 4246 3219 4303; x_wconf 87' lang='lat' dir='ltr'><strong>sancti</strong></span> <span class='ocrx_word' id='word_1_645' title='bbox 3250 4244 3395 4299; x_wconf 85' lang='lat' dir='ltr'><strong>Petri</strong></span> <span class='ocrx_word' id='word_1_646' title='bbox 3416 4243 3538 4313; x_wconf 73' lang='lat'><strong>(56)</strong></span> <span class='ocrx_word' id='word_1_647' title='bbox 3567 4241 3632 4295; x_wconf 85' lang='lat' dir='ltr'><strong>ad</strong></span> <span class='ocrx_word' id='word_1_648' title='bbox 3657 4254 3766 4309; x_wconf 64' lang='lat' dir='ltr'><strong>pero</strong></span> 
     </span>
    </p>
   </div>
   <div class='ocr_carea' id='block_1_98' title="bbox 502 4328 3764 4425">
    <p class='ocr_par' dir='ltr' id='par_1_98' title="bbox 502 4328 3764 4425">
     <span class='ocr_line' id='line_1_99' title="bbox 502 4328 3764 4425; baseline 0 -42"><span class='ocrx_word' id='word_1_649' title='bbox 502 4328 762 4384; x_wconf 78' lang='lat' dir='ltr'><strong>Castrum.</strong></span> <span class='ocrx_word' id='word_1_650' title='bbox 796 4331 1250 4402; x_wconf 84' lang='lat' dir='ltr'><strong>Archiepiscopus</strong></span> <span class='ocrx_word' id='word_1_651' title='bbox 1282 4344 1463 4388; x_wconf 89' lang='lat' dir='ltr'><strong>autem</strong></span> <span class='ocrx_word' id='word_1_652' title='bbox 1493 4344 1777 4406; x_wconf 89' lang='lat' dir='ltr'><strong>postquam</strong></span> <span class='ocrx_word' id='word_1_653' title='bbox 1811 4338 2088 4407; x_wconf 69' lang='lat' dir='ltr'><strong>prml‘atum</strong></span> <span class='ocrx_word' id='word_1_654' title='bbox 2122 4367 2167 4425; x_wconf 67' lang='grc' dir='ltr'><strong>Β</strong></span> <span class='ocrx_word' id='word_1_655' title='bbox 2197 4350 2307 4397; x_wconf 89' lang='lat' dir='ltr'><strong>tam</strong></span> <span class='ocrx_word' id='word_1_656' title='bbox 2329 4340 2667 4395; x_wconf 87' lang='lat' dir='ltr'><strong>basilicarem</strong></span> <span class='ocrx_word' id='word_1_657' title='bbox 2700 4354 2910 4402; x_wconf 89' lang='lat' dir='ltr'><strong>cereus,</strong></span> <span class='ocrx_word' id='word_1_658' title='bbox 2939 4353 3099 4407; x_wconf 86' lang='lat' dir='ltr'><strong>quem</strong></span> <span class='ocrx_word' id='word_1_659' title='bbox 3124 4337 3198 4390; x_wconf 84' lang='lat' dir='ltr'><strong>ibi</strong></span> <span class='ocrx_word' id='word_1_660' title='bbox 3228 4346 3527 4407; x_wconf 87' lang='lat' dir='ltr'><strong>posuerant</strong></span> <span class='ocrx_word' id='word_1_661' title='bbox 3554 4333 3608 4389; x_wconf 86' lang='lat' dir='ltr'><strong>hi</strong></span> <span class='ocrx_word' id='word_1_662' title='bbox 3633 4334 3764 4387; x_wconf 79' lang='lat' dir='ltr'><strong>cives</strong></span> 
     </span>
    </p>
   </div>
   <div class='ocr_carea' id='block_1_99' title="bbox 500 4423 2091 4503">
    <p class='ocr_par' dir='ltr' id='par_1_99' title="bbox 500 4423 2091 4503">
     <span class='ocr_line' id='line_1_100' title="bbox 500 4423 2091 4503; baseline 0.006 -25"><span class='ocrx_word' id='word_1_663' title='bbox 500 4423 807 4489; x_wconf 86' lang='lat' dir='ltr'><strong>castellum,</strong></span> <span class='ocrx_word' id='word_1_664' title='bbox 859 4424 910 4478; x_wconf 90' lang='lat' dir='ltr'><strong>id</strong></span> <span class='ocrx_word' id='word_1_665' title='bbox 951 4434 1034 4479; x_wconf 87' lang='lat' dir='ltr'><strong>est</strong></span> <span class='ocrx_word' id='word_1_666' title='bbox 1084 4424 1364 4491; x_wconf 86' lang='lat' dir='ltr'><strong>Macerias,</strong></span> <span class='ocrx_word' id='word_1_667' title='bbox 1407 4442 1530 4480; x_wconf 93' lang='lat' dir='ltr'><strong>cum</strong></span> <span class='ocrx_word' id='word_1_668' title='bbox 1577 4428 1688 4483; x_wconf 85' lang='lat' dir='ltr'><strong>suis</strong></span> <span class='ocrx_word' id='word_1_669' title='bbox 1718 4428 1965 4485; x_wconf 81' lang='lat' dir='ltr'><strong>ﬁdelibus</strong></span> <span class='ocrx_word' id='word_1_670' title='bbox 1990 4448 2091 4503; x_wconf 86' lang='lat' dir='ltr'><strong>per</strong></span> 
     </span>
    </p>
   </div>
   <div class='ocr_carea' id='block_1_100' title="bbox 504 4510 2077 4591">
    <p class='ocr_par' dir='ltr' id='par_1_100' title="bbox 504 4510 2077 4591">
     <span class='ocr_line' id='line_1_101' title="bbox 504 4510 2077 4591; baseline 0.008 -22"><span class='ocrx_word' id='word_1_671' title='bbox 504 4510 759 4587; x_wconf 86' lang='lat' dir='ltr'><strong>quattuor</strong></span> <span class='ocrx_word' id='word_1_672' title='bbox 788 4517 902 4573; x_wconf 82' lang='lat' dir='ltr'><strong>fere</strong></span> <span class='ocrx_word' id='word_1_673' title='bbox 930 4518 1262 4574; x_wconf 81' lang='lat' dir='ltr'><strong>ebdomadas</strong></span> <span class='ocrx_word' id='word_1_674' title='bbox 1295 4518 1621 4587; x_wconf 87' lang='lat' dir='ltr'><strong>obsedisset,</strong></span> <span class='ocrx_word' id='word_1_675' title='bbox 1655 4521 1942 4579; x_wconf 89' lang='lat' dir='ltr'><strong>deserente</strong></span> <span class='ocrx_word' id='word_1_676' title='bbox 1975 4532 2077 4591; x_wconf 28' lang='lat' dir='ltr'><strong>tau,</strong></span> 
     </span>
    </p>
   </div>
   <div class='ocr_carea' id='block_1_101' title="bbox 2195 4418 3761 4501">
    <p class='ocr_par' dir='ltr' id='par_1_101' title="bbox 2195 4418 3761 4501">
     <span class='ocr_line' id='line_1_102' title="bbox 2195 4418 3761 4501; baseline -0.01 -15"><span class='ocrx_word' id='word_1_677' title='bbox 2195 4432 2287 4501; x_wconf 86' lang='lat' dir='ltr'><strong>qui</strong></span> <span class='ocrx_word' id='word_1_678' title='bbox 2315 4430 2543 4485; x_wconf 80' lang='lat' dir='ltr'><strong>Romani</strong></span> <span class='ocrx_word' id='word_1_679' title='bbox 2573 4429 2639 4483; x_wconf 91' lang='lat' dir='ltr'><strong>ad</strong></span> <span class='ocrx_word' id='word_1_680' title='bbox 2666 4428 2931 4482; x_wconf 88' lang='lat' dir='ltr'><strong>visitanda</strong></span> <span class='ocrx_word' id='word_1_681' title='bbox 2956 4427 3321 4497; x_wconf 82' lang='lat' dir='ltr'><strong>apostolorum</strong></span> <span class='ocrx_word' id='word_1_682' title='bbox 3345 4424 3536 4479; x_wconf 78' lang='lat' dir='ltr'><strong>limina</strong></span> <span class='ocrx_word' id='word_1_683' title='bbox 3556 4418 3761 4494; x_wconf 70' lang='lat' dir='ltr'><strong>proiecti</strong></span> 
     </span>
    </p>
   </div>
   <div class='ocr_carea' id='block_1_102' title="bbox 2201 4506 3765 4589">
    <p class='ocr_par' dir='ltr' id='par_1_102' title="bbox 2201 4506 3765 4589">
     <span class='ocr_line' id='line_1_103' title="bbox 2201 4506 3765 4589; baseline -0.01 -13"><span class='ocrx_word' id='word_1_684' title='bbox 2201 4522 2436 4589; x_wconf 82' lang='lat' dir='ltr'><strong>fuerant,</strong></span> <span class='ocrx_word' id='word_1_685' title='bbox 2464 4535 2724 4577; x_wconf 89' lang='lat' dir='ltr'><strong>accensus</strong></span> <span class='ocrx_word' id='word_1_686' title='bbox 2750 4529 2835 4574; x_wconf 90' lang='lat' dir='ltr'><strong>est</strong></span> <span class='ocrx_word' id='word_1_687' title='bbox 2860 4517 2904 4549; x_wconf 84' lang='grc'><strong>¹⁸</strong></span> <span class='ocrx_word' id='word_1_688' title='bbox 2933 4519 3098 4574; x_wconf 82' lang='lat' dir='ltr'><strong>etiam</strong></span> <span class='ocrx_word' id='word_1_689' title='bbox 3127 4524 3208 4572; x_wconf 88' lang='lat' dir='ltr'><strong>ter</strong></span> <span class='ocrx_word' id='word_1_690' title='bbox 3231 4516 3353 4587; x_wconf 79' lang='lat' dir='ltr'><strong>igne</strong></span> <span class='ocrx_word' id='word_1_691' title='bbox 3382 4515 3424 4549; x_wconf 82' lang='grc'><strong>¹⁹</strong></span> <span class='ocrx_word' id='word_1_692' title='bbox 3457 4512 3674 4570; x_wconf 66' lang='lat' dir='ltr'><strong>caelesti.</strong></span> <span class='ocrx_word' id='word_1_693' title='bbox 3696 4506 3765 4563; x_wconf 78' lang='lat' dir='ltr'><strong>Ad</strong></span> 
     </span>
    </p>
   </div>
   <div class='ocr_carea' id='block_1_103' title="bbox 1794 4658 2470 4717">
    <p class='ocr_par' dir='ltr' id='par_1_103' title="bbox 1794 4658 2470 4717">
     <span class='ocr_line' id='line_1_104' title="bbox 1794 4658 2470 4717; baseline -0.001 -4"><span class='ocrx_word' id='word_1_694' title='bbox 1794 4659 1880 4713; x_wconf 71' lang='lat' dir='ltr'><strong>VA</strong></span> <span class='ocrx_word' id='word_1_695' title='bbox 1890 4660 2028 4717; x_wconf 66' lang='grc' dir='ltr'><strong>ηιίΕ</strong></span> <span class='ocrx_word' id='word_1_696' title='bbox 2068 4658 2470 4716; x_wconf 77' lang='lat' dir='ltr'><strong>LECTIONES.</strong></span> 
     </span>
    </p>
   </div>
   <div class='ocr_carea' id='block_1_104' title="bbox 576 4782 3762 4861">
    <p class='ocr_par' dir='ltr' id='par_1_104' title="bbox 576 4782 3762 4861">
     <span class='ocr_line' id='line_1_105' title="bbox 576 4782 3762 4861; baseline -0.003 -17"><span class='ocrx_word' id='word_1_697' title='bbox 576 4791 594 4822; x_wconf 84' lang='grc'>¹</span> <span class='ocrx_word' id='word_1_698' title='bbox 623 4791 858 4845; x_wconf 89' lang='lat' dir='ltr'><strong>remensi</strong></span> <span class='ocrx_word' id='word_1_699' title='bbox 889 4789 943 4845; x_wconf 85' lang='lat'><strong>2.</strong></span> <span class='ocrx_word' id='word_1_700' title='bbox 970 4793 1026 4847; x_wconf 88' lang='lat'><strong>5.</strong></span> <span class='ocrx_word' id='word_1_701' title='bbox 1060 4792 1081 4823; x_wconf 74' lang='grc'><em>³</em></span> <span class='ocrx_word' id='word_1_702' title='bbox 1112 4792 1185 4845; x_wconf 82' lang='lat' dir='ltr'><strong>ila</strong></span> <span class='ocrx_word' id='word_1_703' title='bbox 1217 4791 1268 4845; x_wconf 84' lang='grc'><strong>1.</strong></span> <span class='ocrx_word' id='word_1_704' title='bbox 1303 4791 1525 4845; x_wconf 78' lang='lat' dir='ltr'><strong>scribere</strong></span> <span class='ocrx_word' id='word_1_705' title='bbox 1551 4790 1701 4856; x_wconf 78' lang='lat' dir='ltr'><strong>solet,</strong></span> <span class='ocrx_word' id='word_1_706' title='bbox 1733 4793 1823 4845; x_wconf 73' lang='lat' dir='ltr'><strong>sed</strong></span> <span class='ocrx_word' id='word_1_707' title='bbox 1858 4803 1906 4847; x_wconf 86' lang='lat' dir='ltr'><strong>et</strong></span> <span class='ocrx_word' id='word_1_708' title='bbox 1941 4796 2297 4860; x_wconf 86' lang='lat' dir='ltr'><strong>nordmanni;</strong></span> <span class='ocrx_word' id='word_1_709' title='bbox 2328 4794 2382 4848; x_wconf 92' lang='lat'><strong>2.</strong></span> <span class='ocrx_word' id='word_1_710' title='bbox 2416 4794 2469 4847; x_wconf 93' lang='lat'><strong>5.</strong></span> <span class='ocrx_word' id='word_1_711' title='bbox 2499 4801 2799 4861; x_wconf 80' lang='lat' dir='ltr'><strong>utrumque.</strong></span> <span class='ocrx_word' id='word_1_712' title='bbox 2829 4789 3085 4861; x_wconf 74' lang='lat' dir='ltr'><strong>Richertrs</strong></span> <span class='ocrx_word' id='word_1_713' title='bbox 3111 4785 3431 4861; x_wconf 78' lang='lat' dir='ltr'><strong>Nortmanni</strong></span> <span class='ocrx_word' id='word_1_714' title='bbox 3458 4782 3762 4861; x_wconf 66' lang='grc' dir='ltr'><strong>ριςηιπιφις.</strong></span> 
     </span>
    </p>
   </div>
   <div class='ocr_carea' id='block_1_105' title="bbox 506 4852 3761 4931">
    <p class='ocr_par' dir='ltr' id='par_1_105' title="bbox 506 4852 3761 4931">
     <span class='ocr_line' id='line_1_106' title="bbox 506 4852 3761 4931; baseline -0.005 -15"><span class='ocrx_word' id='word_1_715' title='bbox 506 4856 529 4931; x_wconf 53' lang='grc' dir='ltr'><strong>ξ</strong></span> <span class='ocrx_word' id='word_1_716' title='bbox 555 4861 885 4931; x_wconf 84' lang='lat' dir='ltr'><strong>britanniam</strong></span> <span class='ocrx_word' id='word_1_717' title='bbox 910 4862 963 4913; x_wconf 89' lang='lat'><strong>2.</strong></span> <span class='ocrx_word' id='word_1_718' title='bbox 988 4863 1200 4930; x_wconf 72' lang='lat' dir='ltr'><strong>swpins.</strong></span> <span class='ocrx_word' id='word_1_719' title='bbox 1265 4861 1289 4893; x_wconf 68' lang='lat'><strong>‘</strong></span> <span class='ocrx_word' id='word_1_720' title='bbox 1315 4862 1563 4931; x_wconf 77' lang='lat' dir='ltr'><strong>hungarii</strong></span> <span class='ocrx_word' id='word_1_721' title='bbox 1590 4860 1643 4915; x_wconf 84' lang='lat'><strong>5.</strong></span> <span class='ocrx_word' id='word_1_722' title='bbox 1690 4852 1739 4893; x_wconf 58' lang='grc'><strong>’⁵</strong></span> <span class='ocrx_word' id='word_1_723' title='bbox 1768 4873 1973 4931; x_wconf 88' lang='lat' dir='ltr'><strong>partem</strong></span> <span class='ocrx_word' id='word_1_724' title='bbox 1997 4867 2050 4920; x_wconf 92' lang='lat'><strong>5.</strong></span> <span class='ocrx_word' id='word_1_725' title='bbox 2128 4868 2148 4898; x_wconf 82' lang='lat'><strong><em>°</em></strong></span> <span class='ocrx_word' id='word_1_726' title='bbox 2174 4852 2402 4919; x_wconf 69' lang='lat' dir='ltr'><strong>lodharii</strong></span> <span class='ocrx_word' id='word_1_727' title='bbox 2428 4866 2480 4918; x_wconf 90' lang='lat'><strong>5.</strong></span> <span class='ocrx_word' id='word_1_728' title='bbox 2550 4863 2570 4893; x_wconf 86' lang='lat'><strong>&quot;</strong></span> <span class='ocrx_word' id='word_1_729' title='bbox 2600 4852 2991 4916; x_wconf 77' lang='lat' dir='ltr'><strong>suessionieam</strong></span> <span class='ocrx_word' id='word_1_730' title='bbox 3024 4855 3340 4931; x_wconf 61' lang='lat' dir='ltr'><strong>l._sn&#39;p_itts;</strong></span> <span class='ocrx_word' id='word_1_731' title='bbox 3368 4852 3761 4931; x_wconf 53' lang='lat' dir='ltr'><strong>SuessionanS.</strong></span> 
     </span>
    </p>
   </div>
   <div class='ocr_carea' id='block_1_106' title="bbox 503 4930 1407 4999">
    <p class='ocr_par' dir='ltr' id='par_1_106' title="bbox 503 4930 1407 4999">
     <span class='ocr_line' id='line_1_107' title="bbox 503 4930 1407 4999; baseline 0 -15"><span class='ocrx_word' id='word_1_732' title='bbox 503 4930 530 4963; x_wconf 79' lang='lat'><strong>&#39;</strong></span> <span class='ocrx_word' id='word_1_733' title='bbox 557 4930 930 4999; x_wconf 87' lang='lat' dir='ltr'><strong>relinqucrunt</strong></span> <span class='ocrx_word' id='word_1_734' title='bbox 951 4931 1005 4983; x_wconf 81' lang='lat'><strong>2.</strong></span> <span class='ocrx_word' id='word_1_735' title='bbox 1076 4933 1097 4963; x_wconf 74' lang='grc' dir='ltr'><strong>ν</strong></span> <span class='ocrx_word' id='word_1_736' title='bbox 1124 4931 1244 4984; x_wconf 87' lang='lat' dir='ltr'><strong>villa</strong></span> <span class='ocrx_word' id='word_1_737' title='bbox 1267 4933 1322 4986; x_wconf 88' lang='lat'><strong>2.</strong></span> <span class='ocrx_word' id='word_1_738' title='bbox 1353 4931 1407 4984; x_wconf 82' lang='lat'><strong>5.</strong></span> 
     </span>
    </p>
   </div>
   <div class='ocr_carea' id='block_1_107' title="bbox 504 5000 1395 5068">
    <p class='ocr_par' dir='ltr' id='par_1_107' title="bbox 504 5000 1395 5068">
     <span class='ocr_line' id='line_1_108' title="bbox 504 5000 1395 5068; baseline -0.002 -11"><span class='ocrx_word' id='word_1_739' title='bbox 504 5011 556 5057; x_wconf 74' lang='lat' dir='ltr'><strong>et</strong></span> <span class='ocrx_word' id='word_1_740' title='bbox 583 5003 657 5056; x_wconf 81' lang='lat' dir='ltr'><strong>ila</strong></span> <span class='ocrx_word' id='word_1_741' title='bbox 687 5001 851 5068; x_wconf 75' lang='lat' dir='ltr'><strong>infra.</strong></span> <span class='ocrx_word' id='word_1_742' title='bbox 954 5000 997 5031; x_wconf 85' lang='grc'><strong>¹³</strong></span> <span class='ocrx_word' id='word_1_743' title='bbox 1031 5001 1309 5055; x_wconf 80' lang='lat' dir='ltr'><strong>henricum</strong></span> <span class='ocrx_word' id='word_1_744' title='bbox 1341 5003 1395 5057; x_wconf 81' lang='grc'><strong>5.</strong></span> 
     </span>
    </p>
   </div>
   <div class='ocr_carea' id='block_1_108' title="bbox 504 5069 1877 5142">
    <p class='ocr_par' dir='ltr' id='par_1_108' title="bbox 504 5069 1877 5142">
     <span class='ocr_line' id='line_1_109' title="bbox 504 5069 1877 5142; baseline 0 -16"><span class='ocrx_word' id='word_1_745' title='bbox 504 5087 647 5126; x_wconf 80' lang='lat' dir='ltr'><strong>corr.</strong></span> <span class='ocrx_word' id='word_1_746' title='bbox 682 5070 995 5142; x_wconf 81' lang='lat' dir='ltr'><strong>delegerant</strong></span> <span class='ocrx_word' id='word_1_747' title='bbox 1026 5070 1083 5125; x_wconf 82' lang='lat'><strong>2.</strong></span> <span class='ocrx_word' id='word_1_748' title='bbox 1163 5071 1207 5104; x_wconf 76' lang='lat'><strong>“</strong></span> <span class='ocrx_word' id='word_1_749' title='bbox 1236 5072 1376 5126; x_wconf 79' lang='lat' dir='ltr'><strong>deest</strong></span> <span class='ocrx_word' id='word_1_750' title='bbox 1413 5071 1466 5124; x_wconf 90' lang='grc'><strong>1.</strong></span> <span class='ocrx_word' id='word_1_751' title='bbox 1544 5069 1588 5102; x_wconf 72' lang='grc' dir='ltr'><strong>ι’</strong></span> <span class='ocrx_word' id='word_1_752' title='bbox 1615 5070 1796 5140; x_wconf 83' lang='lat' dir='ltr'><strong>igni2.</strong></span> <span class='ocrx_word' id='word_1_753' title='bbox 1823 5074 1877 5128; x_wconf 87' lang='lat'><strong>5.</strong></span> 
     </span>
    </p>
   </div>
   <div class='ocr_carea' id='block_1_109' title="bbox 1487 4932 2541 5002">
    <p class='ocr_par' dir='ltr' id='par_1_109' title="bbox 1487 4932 2541 5002">
     <span class='ocr_line' id='line_1_110' title="bbox 1487 4932 2541 5002; baseline 0 -17"><span class='ocrx_word' id='word_1_754' title='bbox 1487 4932 1528 4962; x_wconf 85' lang='grc'><strong>¹⁰</strong></span> <span class='ocrx_word' id='word_1_755' title='bbox 1557 4934 1850 4987; x_wconf 77' lang='lat' dir='ltr'><strong>carcasiria</strong></span> <span class='ocrx_word' id='word_1_756' title='bbox 1877 4935 1932 4990; x_wconf 61' lang='grc' dir='ltr'><strong>Ξ.</strong></span> <span class='ocrx_word' id='word_1_757' title='bbox 1956 4938 2007 4990; x_wconf 82' lang='lat'><strong>5.</strong></span> <span class='ocrx_word' id='word_1_758' title='bbox 2039 4936 2249 4990; x_wconf 85' lang='lat' dir='ltr'><strong>Carisia</strong></span> <span class='ocrx_word' id='word_1_759' title='bbox 2272 4933 2426 5002; x_wconf 85' lang='lat' dir='ltr'><strong>Hugo</strong></span> <span class='ocrx_word' id='word_1_760' title='bbox 2453 4932 2541 4985; x_wconf 87' lang='lat' dir='ltr'><strong>Fl.</strong></span> 
     </span>
    </p>
   </div>
   <div class='ocr_carea' id='block_1_110' title="bbox 1501 5002 2180 5062">
    <p class='ocr_par' dir='ltr' id='par_1_110' title="bbox 1501 5002 2180 5062">
     <span class='ocr_line' id='line_1_111' title="bbox 1501 5002 2180 5062; baseline 0.013 -11"><span class='ocrx_word' id='word_1_761' title='bbox 1501 5002 1544 5033; x_wconf 67' lang='grc' dir='ltr'>ιδ</span> <span class='ocrx_word' id='word_1_762' title='bbox 1579 5013 2015 5062; x_wconf 84' lang='lat' dir='ltr'><strong>transrenensem</strong></span> <span class='ocrx_word' id='word_1_763' title='bbox 2042 5007 2095 5060; x_wconf 84' lang='lat'><strong>2.</strong></span> <span class='ocrx_word' id='word_1_764' title='bbox 2126 5006 2180 5060; x_wconf 79' lang='grc'><strong>5.</strong></span> 
     </span>
    </p>
   </div>
   <div class='ocr_carea' id='block_1_111' title="bbox 2620 4920 3759 4986">
    <p class='ocr_par' dir='ltr' id='par_1_111' title="bbox 2620 4920 3759 4986">
     <span class='ocr_line' id='line_1_112' title="bbox 2620 4920 3759 4986; baseline -0.016 1"><span class='ocrx_word' id='word_1_765' title='bbox 2620 4931 2661 4962; x_wconf 84' lang='lat'>“</span> <span class='ocrx_word' id='word_1_766' title='bbox 2691 4932 2878 4986; x_wconf 81' lang='lat' dir='ltr'><strong>crusin</strong></span> <span class='ocrx_word' id='word_1_767' title='bbox 2909 4944 3064 4982; x_wconf 85' lang='lat' dir='ltr'><strong>acum</strong></span> <span class='ocrx_word' id='word_1_768' title='bbox 3085 4929 3140 4983; x_wconf 85' lang='lat'><strong>5.</strong></span> <span class='ocrx_word' id='word_1_769' title='bbox 3186 4920 3263 4958; x_wconf 72' lang='grc' dir='ltr'>ἠ</span> <span class='ocrx_word' id='word_1_770' title='bbox 3288 4926 3597 4980; x_wconf 85' lang='lat' dir='ltr'><strong>macherias</strong></span> <span class='ocrx_word' id='word_1_771' title='bbox 3615 4922 3662 4975; x_wconf 80' lang='lat'><strong>2.</strong></span> <span class='ocrx_word' id='word_1_772' title='bbox 3684 4920 3759 4973; x_wconf 85' lang='lat' dir='ltr'><strong>5a.</strong></span> 
     </span>
    </p>
   </div>
   <div class='ocr_carea' id='block_1_112' title="bbox 2287 4994 3763 5074">
    <p class='ocr_par' dir='ltr' id='par_1_112' title="bbox 2287 4994 3763 5074">
     <span class='ocr_line' id='line_1_113' title="bbox 2287 4994 3763 5074; baseline -0.013 -14"><span class='ocrx_word' id='word_1_773' title='bbox 2287 5004 2329 5035; x_wconf 79' lang='lat'><strong>“</strong></span> <span class='ocrx_word' id='word_1_774' title='bbox 2357 4994 2460 5059; x_wconf 69' lang='lat' dir='ltr'><strong>sibi</strong></span> <span class='ocrx_word' id='word_1_775' title='bbox 2484 5005 2627 5074; x_wconf 83' lang='lat' dir='ltr'><strong>regis</strong></span> <span class='ocrx_word' id='word_1_776' title='bbox 2656 5000 2710 5057; x_wconf 85' lang='lat'><strong>5.</strong></span> <span class='ocrx_word' id='word_1_777' title='bbox 2815 4999 2859 5032; x_wconf 80' lang='grc'><strong>⁸⁸</strong></span> <span class='ocrx_word' id='word_1_778' title='bbox 2884 5002 3200 5071; x_wconf 87' lang='lat' dir='ltr'><strong>episcopum</strong></span> <span class='ocrx_word' id='word_1_779' title='bbox 3228 4997 3286 5052; x_wconf 85' lang='lat'><strong>2.</strong></span> <span class='ocrx_word' id='word_1_780' title='bbox 3396 4997 3437 5029; x_wconf 85' lang='lat'><strong>&quot;</strong></span> <span class='ocrx_word' id='word_1_781' title='bbox 3473 4994 3763 5065; x_wconf 78' lang='lat' dir='ltr'><strong>delegerent</strong></span> 
     </span>
    </p>
   </div>
   <div class='ocr_carea' id='block_1_113' title="bbox 2017 5225 2225 5283">
    <p class='ocr_par' dir='ltr' id='par_1_113' title="bbox 2017 5225 2225 5283">
     <span class='ocr_line' id='line_1_114' title="bbox 2017 5225 2225 5283; baseline 0.01 -3"><span class='ocrx_word' id='word_1_782' title='bbox 2017 5225 2225 5283; x_wconf 61' lang='lat' dir='ltr'><strong>NOTJE</strong></span> 
     </span>
    </p>
   </div>
  </div>
