3872 5326
529 277 633 351 4ξῖ
1605 280 1872 333 I‘LUUUA
1883 282 1993 331 ιωι
2033 283 2098 331 (ul

2199 284 2347 334 LVlCI
2385 285 2725 340 REME'NSIS
3661 300 3742 359 ΕΒ

532 396 694 450 sunt;
724 384 810 476 pbi
843 398 964 437 cum
1007 384 1180 476 tribus
1209 385 1477 476 continuis
1516 391 1850 446 consedisset
1889 392 2107 456 diebus,
2142 409 2187 464 Α
2216 393 2299 447 Ius
2326 395 2659 453 obsidionem
2692 399 2919 469 reliquid
2940 401 2987 435 "
3015 410 3069 455 et
3100 400 3272 473 liugo,
3299 407 3531 476 acceptis
3568 411 3741 468 obsidi-

532 490 637 567 ψη
668 473 874 529 εοῖιέοοι
913 489 942 526 τι
974 473 1193 529 οίνῖιειιθ
1228 475 1396 567 leuga
1427 517 1442 541 ,
1473 488 1529 533 et
1571 480 1809 533 nonnulli
1849 496 1914 535 ex
1957 482 2111 549 cquis
2213 487 2368 543 bibus
2397 505 2425 542 a
2453 492 2773 560 quibusdam
2804 491 3268 560 Lotbarieusibus,
3311 497 3375 551 ad
3426 473 3635 567 patrem
3678 521 3744 561 re.

531 562 743 618 illorum
775 574 1098 631 caperentur
1128 581 1157 618 a
1191 566 1397 621 civibus
1429 566 1743 633 Remorum,
1770 586 1872 623 una
1901 579 2098 624 tantum

2214 583 2428 637 meavit.
2465 583 2648 639 Terra:
2683 593 2861 639 motus
2900 585 2953 639 in
2981 601 3117 656 pago
3157 589 3530 647 Cameracensi
3581 594 3729 652 factus

529 653 617 708 die
640 693 654 718 ,
693 653 961 734 dominica
1008 655 1258 709 videlicet
1287 667 1659 726 pentecostes,
1689 672 1876 714 contra
1923 662 2109 716 urbem
2212 683 2276 721 ex
2299 686 2406 738 quo
2426 671 2614 727 domus
2643 672 2773 726 inibi
2803 641 3080 729 nonnulla:
3093 641 3532 735 sufiversie‘sunvt.
3554 641 3745 756 tu};

528 759 832 817 pugnarunt
861 747 929 799 η.
967 747 1068 801 Ubi
1101 748 1370 804 nonnullis
1397 749 1590 805 occisis
1618 750 1661 781 °°
1693 766 1761 805 ex
1790 752 2108 806 Lotharicn-
2211 774 2424 830 quoque
2458 761 2752 827 Parisiaco,
2792 764 2843 817 in
2899 764 3019 818 villa
3068 782 3188 835 qua:
3226 768 3423 823 dicitur
3467 747 3663 829 Jesedis
3689 747 3728 809 ;'

528 837 699 899 sibus.
722 836 1129 907 vulneraisqpe
1147 837 1412 906 plurimis,
1438 854 1544 892 nox
1583 840 1825 908 praelium
1870 841 2105 894 diremit.
2210 849 2376 903 multa
2402 851 2656 906 miracula
2686 852 2740 906 in
2760 852 3001 908 mcclesia
3029 816 3200 910 saircti
3230 856 3371 911 Petri
3406 874 3437 911 a
3462 871 3645 928 quarto
3663 816 3745 919 su:

528 929 731 984 Audito
757 929 1027 998 denique,
1081 930 1222 999 quod
1265 930 1316 984 bi
1363 930 1452 999 qui
1488 946 1611 1023 cum
1656 932 1912 1023 Rotberto
1954 940 2110 986 erant
2207 940 2422 1006 periore
2448 956 2611 1003 anno,
2639 957 2704 996 ex
2733 957 2840 1011 quo
2871 944 3078 999 scilicet
3121 944 3365 1016 reliquiae
3391 948 3462 1002 de
3504 949 3655 1005 barba
3679 953 3744 1023 ip.

534 1023 857 1077 Laudunum
880 1031 1096 1092 captum
1129 1023 1418 1088 haberent,
1455 1030 1509 1077 et
1544 1022 1824 1078 thesauros
1855 1022 2106 1091 Hagano-
2208 1030 2319 1083 sius
2349 1030 2575 1099 apostoli
2606 1031 2731 1087 illuc
2773 1041 2899 1087 sunt
2947 1033 3151 1099 relatae,
3204 1033 3345 1089 facta
3388 1022 3741 1109 memorantur,

528 1112 615 1167 nis
645 1113 708 1178 εί,
741 1112 832 1183 qui
864 1112 994 1166 inibi
1022 1121 1201 1178 erant,
1231 1112 1494 1183 dispertiti
1518 1122 1695 1168 essent
1717 1154 1732 1180 ,
1764 1122 1818 1168 et
1843 1129 2006 1166 unum
2042 1114 2107 1170 de
2208 1118 2283 1173 ita
2317 1127 2374 1172 ut
2397 1120 2539 1174 inter
2564 1135 2736 1175 caecos
2784 1131 2840 1174 et
2869 1121 3088 1177 claudos
3117 1123 3164 1155 '”
3194 1124 3275 1178 vel
3316 1136 3619 1183 contractos
3650 1146 3744 1183 am-

532 1203 794 1259 fratribus
825 1202 941 1272 ejus
966 1204 1037 1257 ibi
1068 1203 1609 1272 comprehendissent
1636 1204 1703 1269 “,
1734 1204 1964 1259 Karolus
1983 1219 2104 1259 cum
2205 1211 2345 1280 plius
2402 1227 2561 1280 quam
2605 1221 2820 1267 centum
2857 1215 3192 1285 septuaginta
3242 1218 3476 1273 εεηίιεηε
3503 1220 3548 1251 τε
3590 1223 3742 1278 domu

532 1293 826 1364 liaganone
873 1292 1191 1347 Laudunum
1231 1293 1525 1347 contendit.
1579 1291 1962 1347 Lotharienses
1986 1292 2098 1360 qui-

2206 1299 2528 1354 referantur.
2581 1301 2905 1358 Dtemoniaci
2952 1318 3113 1368 vero,
3159 1314 3425 1375 quotquot
3486 1309 3572 1363 illo
3629 1313 3727 1367 αιερ

530 1388 655 1443 dam
680 1387 1055 1459 regrediunlur
1080 1387 1146 1441 ad
1178 1402 1316 1452 sua;
1355 1386 1571 1456 quidam
1604 1402 1726 1441 cum
1758 1385 1953 1439 Karolo
1983 1399 2105 1454 per-
2204 1399 2367 1456 runt,
2413 1406 2545 1445 sano
2596 1407 2756 1446 sensu
2777 1431 2792 1457 ,
2830 1393 3000 1463 pulsis
3052 1394 3385 1450 daemonibus
3410 1437 3425 1462 ,
3470 1400 3741 1466 redierunt,

529 1495 681 1556 gunt.
714 1482 1008 1539 Rotbertus
1032 1496 1194 1550 super
1219 1480 1463 1535 Axonam
1495 1480 1724 1534 tentoria
1756 1478 1889 1532 ﬁxit.
1933 1477 2105 1531 Karo-
2203 1489 2397 1549 praeter
2456 1480 2561 1535 alia
2609 1480 3017 1538 innumerabilia
3069 1499 3188 1554 qua:
3238 1485 3440 1541 ibidem
3489 1497 3607 1544 sunt
3629 1499 3739 1549 alta.

528 1574 636 1637 lus,
657 1573 919 1642 abnegato
944 1570 1045 1625 sibi
1070 1570 1291 1624 introitu
1310 1570 1571 1633 Lauduni,
1598 1571 1795 1625 resedit
1819 1585 1980 1639 super
2003 1569 2102 1622 llu-
2201 1572 2358 1628 Auno
2393 1592 2400 1603 ·

528 1665 673 1719 vium
698 1650 890 1719 Saram
922 1663 966 1694 θ’
999 1662 1138 1735 (Η),
1171 1671 1225 1717 et
1254 1661 1546 1717 Rotbertus
1568 1671 1745 1716 castra
1769 1669 1998 1716 ructatus
2022 1671 2103 1715 est
2780 1663 3162 1720 DCCCCXX!"

525 1765 688 1825 super
726 1754 913 1809 Aleum
965 1752 1099 1823 (i5).
1151 1752 1218 1806 Et
1249 1766 1370 1806 cum
1401 1750 1601 1805 cotidie
1643 1750 1813 1821 copiis
1856 1750 2097 1803 Rotberti
2132 1770 2175 1829 Β
2204 1749 2493 1806 Rotbertus
2531 1751 2583 1806 in
2618 1768 2841 1823 regnum
2890 1753 3240 1810 Lolhariense
3275 1757 3647 1827 proﬁciscitur,
3679 1762 3742 1818 lo-

524 1844 917 1907 crescentibus,
947 1843 1325 1897 decrescercnt
1355 1839 1557 1906 Kuroli,
1604 1839 1741 1895 clam
1771 1840 1983 1892 tandem
2016 1852 2101 1892 sc-
2204 1848 2426 1894 cuturus
2452 1857 2571 1895 cum
2600 1841 2871 1905 licini-ica,
2895 1845 2985 1913 qui
3013 1844 3060 1898 ei
3092 1846 3303 1900 obviam
3336 1849 3487 1903 venit
3511 1852 3560 1903 iu
3584 1867 3741 1923 pagum

525 1936 722 1990 cedens
770 1950 892 1989 cum
941 1931 1231 2003 Ιῐςιεηιιοιιε
1278 1942 1429 1985 trans
1474 1929 1676 1985 Mosam
1719 1929 2097 2001 proﬁciscitur.
2207 1927 2520 1983 Ribuarium
2554 1930 2601 1960 ⁷⁸
2634 1947 2794 2001 super
2823 1931 3044 1986 ﬂuvium
3072 1933 3308 2001 Ruram;
3341 1938 3432 1991 ubi
3465 1954 3523 1993 se
3550 1940 3740 1995 invicem

524 2024 722 2079 Franci
785 2024 1105 2078 Rotbertum
1150 2022 1419 2077 seniorem
1469 2020 1673 2091 eligunt
1723 2020 1930 2088 ipsique
1984 2033 2102 2073 sese
2204 2029 2491 2088 paverunt,
2530 2030 2582 2074 et
2627 2032 2782 2089 pacta
2839 2022 3094 2088 anicuia,
3132 2025 3379 2094 datisque
3426 2030 3494 2082 ab
3521 2029 3741 2086 alterutro

530 2117 896 2171 committunt.
924 2114 1218 2169 Rotbertus
1250 2113 1431 2181 itaque
1467 2126 1560 2166 rex
1589 2111 1772 2164 Remis
1806 2109 1946 2179 apud
1980 2125 2103 2164 san—
2206 2111 2537 2177 muneribus,
2574 2112 2953 2170 discesserunt.
2986 2114 3084 2171 Ubi
3129 2119 3291 2171 ct’am
3316 2119 3538 2189 quidam
3576 2121 3740 2177 Lollia-

525 2218 672 2265 ctum
706 2208 1012 2277 Remigium
1061 2207 1128 2261 ab
1165 2205 1437 2274 episcopis
1486 2213 1541 2258 et
1586 2203 1906 2273 primatibus
1953 2200 2102 2271 regni
2207 2201 2412 2256 ricnses
2442 2203 2702 2257 dederunt
2728 2204 2962 2269 obsides,
2992 2214 3045 2260 et
3075 2207 3320 2261 inducias
3352 2224 3383 2261 a
3413 2209 3740 2266 Rotbertocc~

527 2284 898 2355 constituitur.
941 2297 1204 2352 lleriveus
1225 2294 1272 2326 “
1300 2297 1316 2314 ⁶
1347 2294 1639 2348 Remorum
1666 2292 2103 2362 archiepiscopus
2204 2302 2462 2363 ceperunt
2487 2309 2654 2362 usque
2681 2295 2731 2348 in
2753 2296 2797 2327 ⁷⁷
2819 2294 3086 2351 Kalendas
3105 2295 3380 2354 Octobris.
3400 2298 3740 2355 Nortmanni"

525 2389 661 2445 obiit
727 2388 884 2444 tertia
936 2387 1022 2442 die
1071 2394 1194 2455 post
1240 2383 1699 2438 consecrationem
1758 2381 1802 2412 ⁸⁸
1856 2380 2102 2436 Rotbcrti
2203 2386 2547 2455 Aquitaniam
2577 2387 3739 2457 Arvcrniamquedepraudabanlur”;contra

527 2483 704 2552 regis,
735 2480 945 2537 scilicet
972 2482 1005 2533 6
1035 2477 1214 2533 Nonas
1261 2475 1423 2541 Julii,
1455 2484 1649 2546 quarto
1692 2474 1779 2530 die
1807 2484 2100 2546 antequam
2204 2491 2339 2546 quos
2382 2476 2682 2534 Willclmus
2710 2479 2754 2509 ⁸ο
2798 2479 2903 2534 dux
2954 2480 3363 2549 Aquitaniorum
3416 2483 3460 2515 ⁸⁸
3500 2494 3552 2540 ει
3601 2485 3740 2555 uage.

524 2572 837 2627 vicesimum
855 2568 1149 2626 secundum
1165 2568 1249 2623 sui
1265 2569 1603 2638 episcopatus
1618 2566 2097 2636 expleretannum.
2204 2566 2435 2620 mutulos
2458 2577 2854 2636 pugnaverunt,
2882 2578 2937 2623 et
2973 2585 3111 2623 erasa
3140 2580 3265 2625 sunt
3307 2572 3378 2627 ibi
3407 2588 3473 2628 ex
3498 2573 3740 2629 Norunan-

523 2661 637 2727 Cui
681 2662 943 2718 successit
998 2661 1049 2715 in
1113 2660 1481 2730 episc0patum
1529 2656 1779 2722 Seull‘us,
1837 2657 1927 2727 qui
1978 2665 2104 2710 tune
2207 2657 2289 2711 nis
2315 2657 2594 2713 duodecim
2638 2658 2802 2712 milia.
2859 2658 2997 2713 Boso
3029 2660 3167 2714 ﬁlius
3205 2661 3739 2720 Riciiardincuinum

522 2751 676 2807 urbis
715 2751 759 2783 “
805 2750 1046 2820 ejusdem
1097 2747 1393 2803 ministerio
1425 2746 1743 2817 fungebatur
1770 2745 2104 2801 archidiaco-
2202 2745 2258 2800 in
2292 2745 2433 2800 lecto
2481 2746 2820 2817 languentem
2850 2748 3064 2803 occidit.
3111 2748 3339 2803 Karolus
3386 2767 3510 2807 cum
3542 2752 3739 2807 suisLo-

528 2852 709 2898 “Mus.
738 2904 741 2905 ν
2207 2835 2588 2900 tharicnsibus.
2623 2837 2866 2891 inducias
2892 2853 3026 2906 quas
3066 2854 3236 2909 nuper
3261 2856 3292 2893 a
3331 2840 3593 2897 Rotberto
3619 2859 3737 2898 acce-

2203 2937 2395 2998 perant
2423 2927 2467 2958 ⁸²
2508 2927 2942 2998 infringentibus,
2973 2929 3173 2984 Mosam
3204 2932 3500 2997 transiens,
3550 2935 3610 2987 ad
3655 2932 3739 2985 Ati-

2206 3019 2418 3074 niacum
2453 3019 2618 3084 venit,
2657 3028 2712 3073 et
2758 3029 3044 3089 antequam
3094 3020 3390 3077 Rotbcrtus
3429 3038 3554 3077 suos
3589 3024 3738 3077 fideles

2203 3110 2439 3164 adunare
2468 3111 2748 3180 potuisset,
2789 3125 2950 3178 super
2993 3111 3236 3165 Axonam
3292 3112 3567 3181 insperate
3588 3114 3647 3178 ⁸³,
3670 3113 3737 3165 ubi

586 2931 639 3006 ,[⁶
662 2932 801 2986 Hist.
827 2931 969 2987 Rem.
998 2947 1072 3006 iv,
1099 2930 1183 3006 l7.
1212 2929 1571 3006 Excrescente
1586 2927 1814 2997 denique
1836 2926 2102 2982 discordia

596 3000 739 3058 inter
790 3017 969 3074 regem
1023 3001 1277 3056 Karolum
1336 3011 1391 3074 et
1437 3000 1781 3074 Rolbertuui,
1817 3014 1937 3053 cum
1967 3012 2103 3067 pene

592 3074 775 3127 cuncti
828 3069 975 3144 regni
1026 3085 1278 3144 proceres
1325 3071 1391 3123 ad
1443 3069 1877 3144 constituendum
1918 3084 2097 3144 regem
2128 3076 2171 3135 (ζ

550 3138 913 3198 ⁶”οιῖυιὶ)131“ῑυῐιῖ
965 3138 1103 3212 apud
1138 3151 1394 3212 sanctum
1442 3140 1747 3212 Remigium
1788 3138 2097 3212 congregati

593 3222 797 3277 essent,
830 3214 969 3266 idem
1001 3208 1459 3281 archiepiscopus,
1486 3211 1758 3281 languore
1785 3208 2095 3281 depressus,

592 3283 702 3336 vita
748 3282 1016 3346 decessit,
1047 3278 1207 3335 tertia
1260 3278 1358 3334 diei
1384 3280 1587 3333 scilicet
1633 3286 1914 3347 postquam
1966 3278 2097 3331 Rot-

590 3352 778 3405 bertus
828 3366 918 3405 rex
980 3350 1155 3404 factus
1199 3348 1396 3412 fuerat,
1427 3357 1622 3417 quarto
1654 3363 1783 3400 vero
1812 3347 1898 3399 die
1948 3357 2099 3402 ante-

592 3437 754 3491 quam
779 3420 1101 3491 vicesimum
1145 3420 1436 3491 secundum
1486 3420 1568 3491 sui
1598 3417 1951 3491 episcopatus
1986 3431 2099 3491 cx-

552 3523 569 3539 .
594 3487 769 3561 pleret
810 3506 1030 3544 annum.
1066 3488 1304 3561 Contigit
1340 3497 1517 3561 autem
1552 3488 1734 3558 (deest.
1773 3487 1867 3555 c.),
1896 3496 1956 3561 ut
1986 3487 2098 3561 ipsa

596 3556 683 3614 die
722 3561 803 3615 sui
842 3562 1097 3615 decessus
1142 3556 1323 3628 plures
1371 3559 1461 3628 qui
1508 3556 1838 3628 advenerant
1864 3556 2098 3628 episcopi

582 3630 915 3687 ’Remensem
966 3625 1630 3700 ingrederentur'urbem,
1690 3627 1887 3694 quique
1938 3625 2098 3700 limus

594 3701 763 3772 ipsius
790 3700 967 3772 dignis
991 3697 1262 3769 eiseqniis
1306 3699 1664 3772 celebrantes,
1692 3711 1814 3772 cum
1863 3697 2097 3772 maximo

597 3766 815 3827 s'tiorurn
843 3766 937 3824 sed
968 3778 1021 3824 et
1051 3766 1230 3839 (decu.
1255 3770 1324 3837 ο.)
1352 3777 1659 3824 exterorum
1690 3766 1857 3832 luctu,
1885 3766 2095 3820 decenti

593 3841 862 3896 tradidere
890 3837 1224 3910 sepultura]

594 3936 749 4008 Apud
778 3936 1131 3990 Cameracum
1163 3931 1207 3966 ⁸⁷
1232 3931 1332 3987 visi
1376 3940 1503 3986 sunt
1525 3930 1569 3963 ⁸⁸
1604 3929 1759 4000 quasi
1802 3939 1911 3983 tres
1955 3928 2098 3983 soles

523 4043 808 4099 apparere,
836 4025 917 4079 vel
957 4025 1036 4079 sol
1074 4033 1185 4078 tres
1214 4025 1372 4077 orbes
1402 4037 1431 4076 a
1485 4036 1543 4077 se
1569 4022 1797 4095 invicem
1834 4021 2097 4074 distantes

524 4122 747 4182 habere,
777 4119 903 4171 item
952 4115 1058 4169 duo
1103 4115 1156 4169 in
1187 4114 1325 4169 cozlo
1359 4112 1560 4183 Spicula
1597 4120 1784 4166 contra
1810 4125 1869 4165 se
1906 4110 2096 4163 utrim-

522 4223 628 4277 que
664 4204 1097 4276 propinquantia,
1151 4202 1322 4256 donec
1369 4202 1508 4255 nube
1548 4202 1590 4234 δ’
1640 4209 1766 4253 sunt
1808 4208 2093 4267 cooperta,

525 4299 656 4354 item
686 4296 791 4349 duo
818 4294 1030 4362 stipites
1077 4292 1295 4346 sibimet
1332 4291 1392 4345 .in
1441 4290 1579 4346 coelo
1636 4290 2093 4359 propinquantes,

525 4400 804 4457 quousque
841 4381 1088 4437 similiter
1133 4381 1303 4452 operti
1337 4387 1464 4434 sunt
1494 4379 1653 4433 nube.
1695 4379 1982 4432 Rotbertus
2033 4380 2094 4432 ﬁ—

524 4474 657 4531 lium
685 4487 840 4529 suum
867 4470 1141 4541 Hugonem
1182 4469 1235 4523 in
1268 4483 1490 4536 regnum
1517 4466 1755 4520 Lotharii
1784 4468 1947 4521 mittit
1966 4483 2087 4521 cum

525 4567 708 4637 aliquo
722 4565 1051 4619 Francorum
1063 4560 1109 4592 "°
1125 4559 1335 4630 agmine
1355 4566 1568 4626 prOpter
1582 4557 2003 4627 Capracmontem
2021 4563 2040 4594 τ
2050 4558 2085 4622 ί,

523 4656 812 4717 Gisleberti
869 4662 1142 4718 castrum,
1199 4649 1477 4707 obsidione
1526 4648 1891 4713 liberandum,
1948 4651 2092 4718 quod

523 4749 753 4806 Karolus
791 4746 1072 4819 premebat
1106 4744 1403 4799 obsessum.
1454 4739 1571 4808 Quo
1595 4752 1892 4811 comperto,
1921 4741 2092 4797 Raro-

2201 3200 2518 3254 Rotbertum
2560 3202 2660 3255 sub
2689 3202 2818 3256 urbe
2842 3201 3162 3257 Suessonica
3196 3205 3389 3259 sedere
3419 3212 3736 3276 corriperent,

2200 3290 2351 3345 adiit.
2378 3291 2443 3344 Et
2472 3290 2525 3344 in
2549 3292 2867 3357 crastinum,
2897 3292 2983 3345 die
3012 3293 3305 3357 dominica,
3329 3295 3464 3349 hora
3493 3296 3598 3366 jam
3615 3302 3737 3350 sexta

2201 3382 2493 3450 praeterita,
2520 3381 2745 3436 Francis
2772 3382 2967 3437 dehinc
2996 3382 3084 3436 illa
3108 3383 3195 3436 die
3230 3384 3477 3453 praelium
3516 3401 3614 3439 non
3641 3400 3739 3454 διιε-

2201 3472 2475 3536 rantibus,
2520 3472 2765 3540 plurimis
2808 3475 3020 3542 quoque
3061 3475 3499 3543 prandentibus,
3551 3476 3738 3530 Karolus

2199 3560 2443 3615 Axonam
2476 3561 2523 3595 ⁸³
2555 3562 2786 3628 transiit,
2821 3571 2870 3616 et
2894 3578 3055 3633 super
3091 3562 3414 3618 Rotbertum
3443 3581 3562 3620 cum
3588 3581 3735 3618 arma-

2203 3652 2270 3707 tis
2322 3652 2764 3708 Lolharicnsibus
2806 3654 2968 3709 venit.
3001 3653 3291 3709 Rotbertus
3320 3655 3364 3687 ⁸⁸
3398 3672 3525 3712 vero
3552 3657 3736 3710 armatis

2201 3744 2286 3799 his
2316 3745 2405 3814 qui
2430 3758 2611 3798 secum
2636 3743 2681 3775 ⁸⁸
2712 3753 2885 3809 erant,
2916 3754 3104 3799 contra
3136 3746 3436 3815 processit;
3460 3747 3737 3801 commisso-

2199 3852 2303 3905 que
2335 3836 2542 3906 praelia,
2583 3836 2768 3891 multis
2824 3851 2891 3890 ex
2950 3847 3176 3906 utraque
3229 3848 3382 3906 parte
3435 3838 3732 3897 cadentibus,

2200 3927 2493 3982 Rotbcrtus
2521 3942 2732 3997 quoque
2762 3941 2857 3981 rex
2880 3926 3082 3982 lanceis
3128 3926 3405 3996 perfossus
3446 3928 3645 3983 cecidit.
3683 3924 3733 3979 iii

2202 4031 2398 4084 tamen,
2422 4020 2513 4089 qui
2564 4028 2809 4074 erantex
2856 4027 3008 4088 parte
3064 4019 3328 4082 Rotberti,
3368 4018 3523 4090 [iugo
3566 4018 3736 4073 scilicet

2200 4112 2369 4180 ipsius
2396 4109 2440 4142 ⁸⁷
2471 4110 2633 4174 ﬁlius,
2680 4117 2734 4164 et
2764 4108 3080 4163 lleribertus
3109 4107 3157 4141 ⁸⁸
3184 4124 3306 4162 cum
3337 4111 3567 4173 ceteris,
3600 4108 3732 4162 victo-

2201 4202 2280 4255 ria
2311 4201 2489 4271 potiti,
2518 4200 2770 4255 liarolum
2800 4216 2921 4255 cum
2951 4199 3404 4253 Lothariensibus
3434 4199 3478 4235 ⁸⁸
3512 4199 3561 4252 in
3582 4196 3731 4264 fugam

2198 4300 2509 4356 verterunt;
2543 4292 2634 4345 sed
2672 4292 2741 4345 ob
2792 4299 3021 4344 mortem
3064 4290 3204 4359 regis
3247 4289 3329 4342 sui
3376 4287 3613 4343 Rotberti
3657 4297 3733 4338 cos

2199 4380 2449 4450 persequi
2480 4380 2829 4442 destiterunt,
2863 4393 3111 4447 campum
3167 4393 3296 4432 vero
3342 4379 3668 4432 obtinuerunl
3693 4371 3733 4403 ”

2193 4475 2470 4544 spoliaque
2500 4473 2567 4527 ab
2595 4473 2694 4534 eis.
2718 4472 2949 4525 maxime
2975 4480 3152 4525 autem
3174 4484 3203 4522 a
3233 4470 3278 4503 ”
3312 4469 3591 4523 rusticanis
3613 4474 3658 4521 et
3678 4476 3727 4515 ex

2194 4562 2529 4619 Suessonicze
2540 4561 2686 4616 urbis
2707 4560 2962 4615 suburbio
2980 4558 3390 4623 conﬂuentibus,
3405 4559 3601 4626 direpta
3613 4560 3725 4610 sunt

2195 4654 2571 4710 Lotharienscs
2599 4651 2848 4719 denique,
2881 4648 3106 4719 perditis
3127 4648 3310 4702 multis
3337 4646 3589 4718 auguriis,
3620 4653 3728 4711 quas

2195 4741 2520 4813 Bothgarius
2549 4739 2594 4771 θ’
2616 4753 2796 4794 comes
2816 4738 3085 4807 accipiens
3114 4737 3166 4791 in
3189 4736 3505 4792 Laudunum
3528 4739 3726 4786 castrum

1900 4901 2132 4957 VARhE
2174 4897 2572 4958 LECTIONES.

589 5047 641 5081 ιθ
668 5049 1039 5115 pugnaverunt
1062 5043 1140 5115 5._
1212 5041 1256 5115 ‘_°
1283 5040 1421 5115 deos}
1457 5038 1505 5091 Ι.
1604 5038 1644 5069 ⁸⁸
1679 5041 1938 5115 aganonis
1967 5043 2017 5095 l.

524 5110 692 5172 tione'.
725 5110 776 5169 1⁷.
871 5110 916 5144 ⁸⁵
936 5124 987 5165 e.
1024 5112 1193 5165 urbis.
1214 5112 1276 5165 ἵ».

2093 5043 2138 5075 ⁸³
2167 5058 2332 5112 conp.
2352 5041 2407 5095 2.

1376 5109 1417 5139 ⁸⁷
1446 5121 1784 5181 camaracnm
1829 5112 1882 5181 5.
1931 5122 1977 5165 et
2026 5112 2185 5181 infra.

2483 5042 2755 5096 "isaram
2783 5041 2838 5095 2.
2913 5038 3335 5111 “heiuricusi.
3385 5036 3724 5111 _f'_consecr§f

2297 5111 2341 5143 ⁸⁸
2368 5112 2463 5164 visi
2503 5120 2627 5165 sunt
2654 5118 2836 5165 desunt
2869 5111 2923 5164 3.
2998 5110 3041 5144 ⁸⁸
3060 5110 3222 5162 deest.
3262 5109 3309 5160 Ι.
3384 5107 3430 5140 ⁷⁸
3453 5106 3720 5170 frangoruin

526 5165 700 5241 itm“
727 5165 1182 5253 capne‘mortem“
1204 5180 1251 5231 1.
1303 5177 1368 5253 ,τ’
1389 5175 1674 5253 _rclinquid_
1688 5179 1742 5253 Ξῖ
1772 5180 2026 5253 relinquit
2054 5165 2115 5253 5'.
2180 5182 2235 5253 ’ξ
2249 5181 2465 5253 Αςοεὲιίίε
2508 5181 2573 5253 2(
2610 5182 2906 5253 εθδεςΙΑἰςᾷδ.
2978 5180 3025 5253 7f
3049 5179 3273 5253 claudus
3297 5192 3433 5253 corr.
3461 5165 3659 5253 claudos

523 5257 575 5290 ⁷³
599 5244 881 5309 sanitatem
910 5249 964 5303 2.
1038 5248 1085 5281 ⁷⁸
1124 5244 1512 5320 ribuariajiuiu
1543 5246 1595 5296 5.
1645 5246 1679 5299 5
1726 5248 1779 5301 b.

1853 5236 2059 5319 "deest
2090 5250 2147 5303 2.
2218 5236 2576 5304 ’δυιιυινιιιθηιιὶ
2610 5236 2660 5303 ἴ.
2736 5250 2781 5281 ⁷⁸
2810 5250 3182 5320 depraedantur
3203 5247 3258 5300 2.
3334 5246 3381 5279 ⁶⁰
3408 5244 3649 5299 willemus
