3872 5326
58 271 150 328 ω
1456 260 1794 317 manes.

3173 265 3279 322 450

57 377 278 441 abduxit,
310 375 597 446 relictoque
626 375 764 431 infra
790 375 836 407 "
868 390 1085 447 regnum
1114 376 1357 435 Francia:
1379 378 1599 445 Karolo,
1631 385 1678 443 Α
1708 377 1954 434 fortibus.
2000 378 2100 433 ltta
2132 380 2200 411 ¹¹⁰
2226 379 2360 451 (i9),
2407 379 2569 436 ﬂuvio
2616 383 2861 451 transito,
2892 381 3166 455 ingressus
3195 396 3283 441 est

59 477 382 529 revertuntur
422 467 487 520 ad
537 483 654 524 sua.
691 467 917 522 Karolus
963 468 1157 524 dehinc
1182 470 1226 503 ’³
1268 469 1606 526 lleribertnm

59 565 288 621 comitem
313 560 382 625 ’⁸,
406 559 645 614 Seulfum
669 560 1150 630 archiepiscopum,
1176 572 1491 633 ceterosque
1525 577 1612 617 re-

62 654 138 725 gni
161 652 436 722 primates,
475 649 659 701 multis
685 648 1039 717 legationibus
1075 652 1219 704 utad
1245 667 1301 705 se
1330 660 1608 705 revertan-

65 753 141 799 tur
163 750 377 804 exorat;
416 739 558 808 quod
608 738 679 791 illi
731 747 1049 802 renuentes,
1076 755 1173 807 pro
1211 739 1501 794 Roduli'o"
1555 741 1609 795 in

65 830 400 900 Burgundiam
433 828 867 889 transmiserunt,
894 828 982 895 qui
1015 826 1158 881 otius
1184 827 1227 858 ’⁷
1265 844 1386 880 cum
1442 827 1608 882 multa

65 937 254 977 suorum
289 935 452 974 manu
488 918 591 973 illis
617 918 875 973 occurrit.
903 918 1207 987 Auditoque
1234 918 1450 984 Franci,
1468 920 1611 989 quod

68 1012 269 1067 Karolus
306 1011 672 1065 Nortmannos
700 1010 745 1041 ’⁸
772 1011 837 1063 ad
880 1024 938 1064 se
966 1013 1150 1064 venire
1178 1016 1508 1076 mandasset,
1546 1028 1612 1066 ne

72 1105 133 1156 illi
158 1101 624 1172 conjungerenlur,
655 1102 794 1156 inter
822 1101 1075 1156 Karolum
1123 1111 1285 1173 atque
1322 1103 1611 1158 Nurlmano

68 1208 150 1248 nos
184 1208 335 1262 super
386 1194 590 1247 lsaram
654 1192 872 1246 fluvium
924 1209 1044 1248 cum
1102 1194 1330 1249 Rodulfo
1368 1196 1529 1250 medii
1567 1197 1611 1229 ⁹⁹

73 1283 374 1339 resederunt.
407 1283 655 1352 Tumque
687 1283 754 1316 ¹⁰⁶
785 1283 981 1339 Karolo
1012 1295 1160 1339 trans
1212 1284 1413 1340 Mosam
1471 1286 1614 1340 refu-

76 1374 244 1443 giente,
270 1372 556 1428 Rodulfum
579 1375 759 1429 cuncti
786 1389 964 1445 regem
990 1376 1054 1407 ¹⁰¹
1085 1377 1310 1445 eligunt.
1352 1376 1616 1432 llodull’us

77 1467 193 1521 filius
211 1466 459 1521 Ricbardi
492 1483 586 1521 rex
611 1469 751 1537 apud
785 1470 971 1522 urbem
1004 1468 1381 1524 Suessonicam
1411 1472 1616 1525 '“con-

77 1560 283 1612 stituitur
335 1558 471 1629 (46).
538 1561 603 1613 Ει
652 1559 963 1615 lleribertus
1020 1576 1203 1617 comes
1249 1562 1613 1628 Ben-nardum,

79 1650 423 1704 consobrinum
485 1666 668 1715 suum,
707 1666 829 1706 cum
890 1653 1008 1707 aliis
1060 1653 1286 1721 legatis,
1330 1655 1612 1709 consilium

1714 478 1934 533 terram,
1976 485 2095 538 qua:
2147 470 2342 524 dudum
2398 469 2743 527 Nortmannis
2769 471 2836 526 ad
2887 472 3045 529 fidem
3077 474 3279 531 Christi

1711 559 2066 622 venientibus,
2094 569 2153 613 ut
2199 561 2339 615 hanc
2362 562 2520 615 fidem
2549 562 2784 617 colerent
2811 574 2866 619 et
2896 580 3082 634 pacem
3110 567 3280 622 habe-

1711 656 1850 712 rent,
1894 648 2067 702 fuerat
2094 651 2236 704 data.
2280 650 2495 705 Partem
2535 668 2747 722 quoque
2789 655 2958 724 ipsius
2993 664 3150 713 tcrrte
3186 672 3282 713 rex

1711 752 1833 789 cum
1874 736 2118 802 Francis,
2146 740 2268 808 quia
2315 741 2414 809 ipsi
2440 740 2505 772 ¹¹¹
2536 741 2853 798 Nortmanni
2886 761 3069 815 pacem
3121 762 3283 816 quam

1712 829 2044 897 pepigerant,
2090 840 2310 899 propter
2348 833 2735 901 promissiones
2758 834 2961 901 liaroli,
2984 839 3073 907 qui
3096 839 3177 894 eis
3200 836 3282 893 la-

1713 920 1996 976 titudinem
2026 931 2184 976 terra:
2213 923 2482 992 pollicitus
2526 925 2719 989 fuerat,
2751 927 3018 999 infregere
3041 931 3129 997 ω,
3172 948 3281 987 σω..

1713 1012 1870 1066 dibus
1904 1021 1957 1065 et
2010 1012 2134 1082 igne
2177 1014 2442 1067 devastat.
2497 1013 2593 1070 llis
2619 1032 2747 1071 vero
2779 1019 2939 1073 rebus
2971 1020 3037 1052 ⁸¹³
3065 1036 3187 1076 eum
3210 1023 3288 1077 in-

1721 1111 1924 1154 tentum
1972 1100 2128 1169 legati
2159 1103 2837 1174 adeuntLolharieusium,
2860 1124 2918 1164 se
2961 1125 3163 1183 suaque
3187 1113 3288 1181 ipsi

1713 1191 1943 1245 subdere
1969 1192 2368 1260 spon..’eutium.
2400 1193 2638 1261 Quorum
2695 1195 2960 1267 legatione
3003 1211 3288 1257 revocatus

1716 1282 1785 1336 ab
1842 1283 1941 1337 hac
2001 1283 2398 1349 devastatione,
2448 1300 2570 1340 cum
2621 1288 2909 1356 primatum
2965 1292 3058 1362 qui
3105 1308 3289 1347 secum

1718 1374 1943 1427 aderant
1969 1374 2195 1427 consilio
2229 1374 2671 1431 Lotharieusilms
2698 1377 2911 1433 obviam
2951 1381 3145 1452 pergit,
3178 1381 3289 1436 llu-

1716 1483 1853 1536 gone
1897 1477 1951 1521 et
1997 1466 2281 1522 lleriberto
2311 1469 2598 1523 comitibus
2641 1471 2706 1523 ad
2758 1473 3063 1539 praesidium
3102 1475 3291 1545 patria:

1719 1568 1866 1611 trans
1893 1557 2092 1610 lsaram
2141 1558 2359 1611 relictis.
2386 1558 2771 1614 Lotharienses
2800 1562 2871 1615 illi
2894 1562 3105 1617 obviam
3131 1563 3287 1632 juxta

1720 1646 2014 1700 Mosomum
2043 1647 2297 1713 veniunt,
2334 1655 2387 1700 et
2430 1662 2565 1702 uxor
2600 1647 2766 1716 ipsius
2805 1650 3020 1704 nomine
3044 1652 3245 1725 Enimn
3269 1695 3285 1719 ,

79 1741 191 1808 quod
217 1757 303 1811 per
330 1741 450 1795 illos
477 1743 759 1811 agebatur,
793 1751 850 1795 ut
897 1743 1086 1809 fertur,
1114 1745 1483 1815 ignorantibus
1506 1787 1520 1811 ,
1547 1747 1612 1800 ad
1648 1723 1691 1782 Β
1721 1739 1862 1807 regis
1890 1738 2132 1792 Rotlzerti
2160 1738 2289 1802 ﬁlia,
2322 1738 2505 1793 Remis
2544 1739 2761 1794 interim
2790 1742 2856 1794 ab
2886 1741 3070 1798 Seulfo
3109 1744 3282 1797 archi-

82 1831 295 1885 Karolum
316 1832 521 1902 dirigit.
547 1832 647 1898 Qui
669 1834 737 1887 ab
764 1834 966 1887 eisdem
998 1838 1352 1890 sacramentis
1394 1852 1617 1905 persna-

91 1937 182 1986 sus,
206 1922 264 1974 ad
290 1920 631 1976 Ileribertutn
664 1938 783 1976 cum
804 1924 989 1991 paucis
1013 1926 1391 1993 proficiscitur,
1420 1929 1620 1996 quique

86 2026 181 2065 eum
222 2013 271 2066 in
306 2013 531 2068 castello
562 2029 659 2067 suo
698 2030 860 2083 super
890 2016 1142 2070 Somnam
1175 2019 1314 2088 apud
1364 2018 1619 2072 Sanctum

90 2100 358 2166 Quintilium
396 2104 513 2174 (47)
547 2106 804 2176 suscepit,
855 2106 1084 2175 indeque
1141 2109 1223 2163 bis
1253 2110 1343 2179 qui
1392 2125 1512 2164 cum
1555 2124 1622 2164 eo

88 2203 304 2246 venerant
332 2194 595 2258 remissis,
617 2194 869 2249 Karolum
894 2197 944 2250 in
971 2198 1236 2265 quandam
1269 2201 1619 2254 munitionem

91 2298 226 2349 suam,
250 2301 361 2355 qum
381 2298 610 2342 vocatur
629 2287 918 2341 Castellum
950 2286 1266 2344 Theoderici
1297 2291 1430 2360 (58).
1461 2305 1623 2358 super

95 2371 340 2428 Maternum
393 2376 615 2430 fluvium
672 2376 865 2431 deduci
898 2376 1046 2443 fecit,
1066 2362 1253 2448 ibique
1279 2380 1450 2444 illum,
1496 2382 1626 2435 sub-

99 2464 371 2539 ministratis
397 2468 567 2522 victui
601 2468 939 2532 necessariis,
964 2469 1062 2522 sub
1090 2470 1333 2523 custodia
1363 2471 1618 2535 detinuit;

99 2562 142 2605 et
166 2555 231 2608 sic
255 2556 356 2625 ipse
384 2557 673 2612 Rodalfum
721 2574 900 2629 regem
949 2559 1002 2612 in
1038 2558 1397 2629 linrgundiaxn
1437 2577 1624 2631 prose-

104 2653 224 2699 tutus
255 2656 348 2702 est.

154 2734 330 2790 Interea
358 2736 722 2808 Ragcnolslus.
756 2738 1004 2809 princeps
1050 2739 1502 2796 Nortmatmorum
1532 2743 1623 2813 qui

102 2824 142 2879 ia
185 2824 323 2882 ﬂuvio
365 2826 543 2898 Ligeri
598 2831 972 2895 versabantur,
1018 2832 1197 2886 liaroli
1256 2834 1626 2903 frequentibus

102 2918 240 2972 missis
275 2919 596 2989 jampridem
624 2923 862 2985 excitus,
894 2924 1180 2979 Franciatn
1228 2935 1375 2979 trans
1403 2926 1623 2992 lsaram,

104 3010 348 3078 majuuctis
369 3013 468 3068 sibi
499 3012 748 3081 plurimis
774 3030 840 3068 ex
875 3014 1132 3080 Rudomo,
1167 3017 1504 3093 depratdatur
1535 3018 1623 3071 ¹⁰³.

106 3095 230 3166 Cujus
245 3105 423 3158 castris
443 3105 891 3175 supervenientes
914 3107 1095 3162 fideles
1128 3108 1392 3163 lleriberti
1414 3111 1503 3179 qui
1533 3126 1629 3179 per

110 3191 284 3244 castella
310 3204 698 3258 remanserant,
721 3210 753 3248 a
777 3195 988 3260 ljuuctis
1009 3198 1108 3251 sibi
1134 3197 1358 3251 liodull‘o
1387 3200 1631 3271 privigno

111 3275 283 3350 Rotgeri
305 3293 355 3337 et
380 3284 722 3354 lngobranuo
749 3288 817 3317 ὀδ
841 3290 1150 3354 comitibus,
1180 3291 1417 3358 przedam
1447 3291 1630 3361 iugen-

116 3375 195 3421 lem
213 3373 506 3442 eripuerunt
543 3376 637 3439 ωδ,
667 3386 724 3429 et
761 3378 956 3445 captivi
987 3380 1130 3434 mille
1184 3380 1379 3435 ibidem
1419 3382 1631 3441 liberati

112 3469 221 3513 sunt.
240 3464 343 3529 Quo
368 3468 604 3535 cognito,
650 3466 990 3537 llagenohlus
1021 3472 1321 3540 exrgitatus
1348 3472 1549 3539 furore,
1578 3476 1629 3530 in

111 3561 262 3617 pagum
304 3555 713 3612 AtraLatcnsem
774 3561 1069 3629 praedatum
1122 3565 1499 3633 progreditur;
1544 3568 1630 3622 cui

112 3638 260 3696 obvius
297 3643 461 3700 factus
503 3662 690 3703 comes
735 3649 1065 3716 Adclchnus,
1107 3664 1390 3708 sexcentos
1435 3671 1502 3709 ex
1553 3658 1632 3712 eis

114 3730 278 3816 stravit,
310 3736 496 3790 ceteris
526 3736 648 3807 fuga
672 3738 952 3809 prolapsis.
986 3740 1118 3795 Cum
1149 3744 1340 3811 quibus
1368 3744 1632 3816 Ragenol-

114 3814 191 3871 dus
228 3822 283 3874 ad
317 3826 673 3880 munitionum
710 3842 928 3882 suorum
955 3842 1208 3899 properat
1232 3814 1632 3903 rcl'ttgia,vindeo

116 3921 194 3973 que
230 3925 440 3979 quantas
481 3926 661 3986 potest
692 3934 946 3976 exercere
974 3938 1078 3975 non
1108 3922 1307 3977 desinit
1353 3928 1558 3994 prtedas
1578 3936 1632 3982 et

115 3994 361 4058 latrocinia.
388 4005 592 4072 Quibus
636 4011 950 4078 urgentibus
974 4013 1183 4078 causis,
1216 4030 1305 4069 rex
1338 4016 1404 4048 ¹⁰⁶
1440 4017 1632 4073 Rodul-

117 4082 180 4178 ius
199 4088 256 4144 ab
283 4091 342 4125 ¹⁰⁷
367 4093 589 4165 liugone
631 4096 740 4152 [ilio
768 4097 1011 4154 Rotberti
1037 4103 1265 4167 accitus,
1296 4104 1362 4159 de
1391 4106 1633 4178 Burgun-

118 4173 181 4228 dia
218 4183 343 4236 venit
382 4186 446 4238 ad
468 4186 856 4256 Compendium
893 4191 960 4223 ²⁰⁸
996 4208 1156 4261 super
1183 4193 1411 4261 lsaram;
1441 4173 1629 4252 etvau—

119 4260 203 4357 (lito
226 4273 347 4337 quod
371 4272 685 4331 Nortmanni
707 4279 773 4310 ¹⁰⁹
797 4294 990 4351 pagum
1021 4260 1405 4339 Belvacensem
1434 4289 1635 4357 depne-

120 4350 356 4446 «labantur,
390 4364 480 4420 illo
508 4367 725 4420 transiit
752 4384 872 4423 cum
927 4370 1111 4426 Seulfo
1151 4350 1552 4446 archiepiscopo
1577 4386 1630 4432 et

122 4438 352 4507 lleriberto
370 4456 568 4510 comite
605 4456 831 4529 aliisque
872 4462 1192 4530 quibusdam
1216 4473 1269 4518 et
1294 4438 1632 4524 electis-viris

1720 1831 1949 1901 praesule
1970 1841 2320 1885 consecratur
2345 1832 2546 1900 regina.
2579 1828 2837 1885 liodulfus
2861 1847 2891 1885 a
2918 1831 3160 1899 plurimis
3181 1832 3274 1888 Lo-

1722 1921 2077 1975 tharicusinm
2106 1931 2386 1988 susceptus
2413 1922 2465 1974 in
2491 1935 2674 1990 regno.
2701 1922 2897 1989 petitur
2930 1938 2958 1976 a
2992 1921 3290 1989 Wigcrieo.

1720 2010 2037 2066 Meteusium
2065 2011 2131 2043 ηδ
2157 2012 2430 2080 episcopo,
2464 2021 2737 2079 receptmn
2782 2011 2858 2065 ire
2900 2013 3168 2080 quoddam
3203 2028 3293 2067 ca-

1721 2110 1893 2157 strum
1945 2104 1996 2156 in
2046 2119 2237 2174 pagum
2271 2103 2549 2157 Elisatinm
2589 2104 2803 2157 nomine
2830 2103 3125 2157 Zabrenam
3159 2103 3292 2175 (50).

1722 2194 1824 2250 Ubi
1855 2204 1967 2249 toto
1993 2209 2126 2261 pene
2149 2196 2458 2249 demoratus
2479 2205 2738 2248 autumno
2768 2194 2855 2257 1",
2881 2195 3293 2260 castellanis”,

1722 2283 1847 2351 quia
1879 2283 2353 2337 Trausrhenenscs
2402 2292 2581 2347 erant,
2615 2283 2872 2337 auxilium
2919 2285 2986 2339 ab
3039 2285 3295 2340 lleiurieo

1724 2374 1923 2428 frustra
1961 2374 2386 2442 expectantibus,
2418 2375 2630 2428 tandem
2659 2375 2935 2429 obsidibus
2964 2375 3029 2431 ab
3067 2376 3146 2429 eis
3201 2392 3295 2430 ac-

1724 2466 1915 2534 ceptis,
1962 2463 2278 2518 Laudunum
2312 2466 2378 2518 ad
2419 2479 2641 2519 uxorem
2685 2480 2837 2518 suam
2870 2466 3176 2519 revertitur.
3209 2466 3289 2520 ln-

1727 2566 1873 2611 terea
1896 2554 2249 2610 Nortmannis
2276 2554 2533 2624 quosdam
2564 2570 2732 2625 pagos
2769 2565 2981 2609 nostros
3019 2564 3167 2609 trans
3185 2555 3296 2611 18³--

1727 2663 1863 2711 ram,
1893 2656 1947 2700 et
1992 2647 2323 2711 nostratibus
2347 2662 2533 2700 eorum
2588 2656 2785 2700 terram
2840 2645 3295 2715 depracdau'tibus,

1727 2738 1931 2793 crebris
1961 2737 2268 2793 alternatim
2312 2737 2531 2790 directis
2563 2736 2942 2806 legationibus,
2971 2752 3155 2805 pacem
3189 2734 3298 2791 lic-

1728 2830 1932 2885 riberto
1959 2831 2141 2885 comiti
2188 2839 2242 2884 et
2284 2827 2465 2883 Seulfo
2510 2821 2934 2899 archiepiscopo
2962 2829 3298 2898 pollicentur,

1729 2923 2034 2992 ceterisque
2060 2921 2281 2975 Francis
2300 2921 2387 2990 qui
2417 2936 2537 2974 cum
2568 2920 2697 2989 ipsis
2725 2930 2910 2975 contra
2939 2921 3301 2976 Nortmannos

1732 3010 2011 3073 sedebant,
2039 3010 2084 3063 si
2117 3018 2292 3063 tamen
2324 3010 2404 3062 eis
2440 3018 2580 3063 terra
2608 3009 2847 3074 daretur,
2882 3026 3042 3079 quam
3091 3011 3303 3078 spacio-

1730 3116 1846 3155 sam
1870 3100 2123 3170 petebant
2153 3097 2291 3152 ultra
2315 3097 2640 3166 Sequanam.
2674 3097 2902 3153 Rodulfo
2924 3099 3125 3152 interea
3154 3114 3300 3168 rege,

1729 3200 1790 3245 ut
1819 3190 2021 3245 dictum
2057 3196 2160 3252 est,
2206 3186 2526 3241 Laudunum
2571 3200 2808 3254 reverso,
2839 3187 3055 3242 obsides
3086 3187 3158 3241 illi
3186 3188 3306 3242 mit-

1732 3292 1873 3347 tunt,
1904 3291 1958 3338 et
1998 3280 2241 3337 inducias
2283 3279 2352 3335 ab
2396 3293 2461 3334 eo
2506 3293 2676 3348 usque
2718 3278 2787 3334 ad
2832 3279 3065 3334 medium
3106 3279 3303 3335 Maium

1730 3374 2021 3445 accipiunt.

1802 3468 1936 3521 Dum
1985 3468 2097 3521 lucc
2151 3474 2432 3538 geruntur,
2483 3465 2787 3529 lleinricus,
2848 3463 3202 3519 invitantibus
3246 3478 3304 3519 se

1730 3560 2036 3615 Gislebertn
2063 3560 2259 3615 comite
2289 3566 2344 3612 et
2394 3557 2654 3627 Rotgario
2681 3555 3027 3610 Trevirorum
3052 3554 3302 3623 praesule,

1732 3654 1823 3722 qui
1876 3653 2104 3707 necdum
2145 3666 2205 3704 se
2252 3648 2483 3704 Rodulfo
2525 3648 2898 3712 subdiderant,
2964 3647 3210 3702 Rhenum
3238 3646 3303 3681 ¹¹¹

1734 3742 2098 3796 transmisisse
2135 3753 2466 3809 regnumque
2504 3738 2743 3792 Lotharii
2770 3736 3067 3806 deprtedari
3099 3736 3309 3789 nuntia-

1734 3843 1820 3887 tur
1848 3832 1934 3886 ³³⁸.
1962 3831 2323 3901 Depopulatns
2357 3838 2440 3884 est
2466 3839 2643 3883 autem
2692 3830 2833 3898 quod
2886 3827 3028 3880 inter
3057 3825 3302 3880 Rhenum

1730 3935 1784 3979 et
1808 3922 2080 3978 Mosellam
2111 3917 2411 3988 interiacet,
2442 3934 2663 3989 gregum
2714 3930 3187 3986 armentorumque
3211 3922 3307 3970 ab-

1733 4015 1987 4070 ductione
2019 4014 2085 4045 “9
2108 4028 2170 4067 ac
2206 4021 2509 4066 ceterarum
2539 4025 2699 4080 opum
2726 4010 3015 4073 exhausto,
3044 4021 3164 4062 cum
3190 4006 3307 4076 plu-

1733 4106 1993 4161 rimorum
2021 4116 2232 4172 quoque.
2270 4101 2568 4170 iuventutis
2606 4099 2930 4170 captivitate.
2956 4098 3183 4166 Quique,
3208 4113 3305 4151 au-

1734 4198 1845 4251 dito
1870 4195 2010 4266 quod
2038 4192 2299 4247 Rodulfus
2319 4191 2614 4246 exercitum
2633 4192 2697 4224 ¹²⁰
2719 4206 2824 4246 non
2847 4189 3305 4251 modoeFrancia.

1735 4286 1862 4355 quin
1885 4301 1947 4339 ex
1977 4282 2123 4338 omni
2153 4291 2407 4352 congerat
2432 4282 2497 4313 ¹¹¹
2545 4281 2869 4352 Bnrgundia,
2900 4281 2951 4334 in
2982 4295 3077 4335 suo
3127 4296 3185 4335 se
3225 4296 3313 4334 re-

1735 4391 1840 4448 gno
1866 4377 2087 4444 recepit,
2114 4375 2254 4428 datis
2282 4373 2508 4429 induciis
2544 4372 2984 4426 Lothariensibus
3008 4386 3174 4439 usque
3205 4369 3313 4422 Ka-

1737 4468 1922 4522 lendas
1944 4465 2193 4521 Octobris
2222 4464 2347 4518 anni
2372 4462 2749 4533 scquentis‘”.
2782 4462 2906 4519 Otto
2922 4460 2989 4493 m
3014 4469 3215 4514 tantum
3241 4476 3309 4513 ex

1375 4574 1606 4630 VARIE
1646 4576 2043 4634 LECTIONES.

169 4663 213 4741 .”
232 4666 285 4741 ῖῐὶ
306 4670 354 4724 ἳ·
425 4673 472 4705 ’⁵
495 4674 656 4728 dehin
683 4677 731 4729 l.
807 4680 852 4712 "
878 4680 1127 4737 comitem
1160 4685 1209 4737 1.

128 4728 223 4809 ᾕιὶξο.
246 4736 381 4809 Hngo
406 4740 492 4796 Fl.
570 4744 615 4776 "
642 4728 793 4802 ocius

130 4798 393 4863 Νάβιδιίὲ
434 4812 486 4865 5.
567 4814 633 4844 ¹⁰¹

130 4874 235 4946 ᾳέυά
255 4874 507 4946 "ngattem
548 4881 593 4934 V
623 4874 905 4943 habentur.
974 4890 1042 4922 m

134 4937 183 5015 Ϊ⁹⁸
203 4937 485 5015 CpIHpEudia
518 4953 565 5005 Ι.
672 4955 738 4986 ¹⁰⁹
759 4937 1167 5015 νᾶέίῖιίίιιπηάηἷξ.

134 5012 316 5067 tensium
334 5016 386 5070 2.
461 5021 526 5052 ⁸³⁸

135 5082 391 5139 nuntiantur
411 5087 567 5153 (corr.
596 5082 972 5170 nuntiaturi.)
995 5099 1049 5153 2.
1082 5082 1479 5157 Inutile—latitans;

136 5145 300 5204 a.2.5.
367 5156 430 5187 ω
458 5158 599 5204 οιιιη
617 5162 670 5204 3-

165 5158 231 5199 .2.
251 5158 300 5204 5.
367 5158 430 5187 ’⁸³
458 5158 599 5213 Otho
617 5162 671 5214 5.

1077 4895 1349 4960 praedatur
1367 4893 1421 4947 2.
1447 4895 1500 4946 5.

1557 5105 1621 5136 ’³³
1644 5106 1962 5162 adduetione
1980 5106 2036 5159 Ξ.

1284 4684 1329 4715 ⁹⁶
1357 4684 1421 4737 Ρ.
1459 4685 1709 4742 Riehardi
1743 4688 2026 4744 Justitiarii
2060 4687 2188 4743 lilio.
2225 4686 2380 4755 Ilugo
2416 4684 2474 4737 V.
2507 4684 2721 4755 lticarrdi
2755 4684 2821 4738 Β.
2848 4684 3024 4755 magni
3056 4680 3314 4755 principis

1028 4751 1074 4783 ⁸⁸
1100 4754 1166 4806 ad
1197 4768 1253 4808 se
1279 4771 1327 4812 ν.
1364 4771 1686 4810 normannos
1707 4759 1741 4811 2
1768 4762 1833 4811 ad
1863 4774 1907 4812 s.
1936 4776 1984 4811 v.
2010 4775 2061 4811 n.
2092 4756 2140 4809 5.

2220 4756 2264 4787 ⁹⁹
2293 4750 2454 4807 medii
2487 4754 2645 4806 medii
2669 4755 2721 4807 l.
2797 4754 2862 4785 ¹⁰⁰
2892 4750 3149 4821 Tuncque
3172 4752 3227 4804 2.
3254 4750 3308 4805 5.

665 4815 720 4890 S_.
754 4819 803 4872 in
833 4823 1160 4875 monasterio
1189 4824 1359 4877 sancti
1389 4825 1622 4879 Medurdi
1649 4844 1697 4882 c.
1732 4826 1964 4882 PII/atrus
2001 4826 2262 4880 asteriscis
2305 4834 2503 4876 notata.
2548 4821 2657 4874 Nec
2696 4824 2835 4890 apud
2858 4815 3130 4875 Richerdm
3156 4834 3318 4887 neque

1579 4896 1645 4927 ³⁸⁵
1672 4897 2004 4965 ingrobanno
2017 4898 2071 4950 2.

1272 4962 1337 4993 “"
1363 4963 1436 5016 lla
1461 4963 1514 5017 2.
1546 4966 1579 5020 5
1608 4982 1659 5019 a.

558 5030 838 5083 anttumm
865 5045 1002 5083 corr.
1033 5040 1289 5085 autumno
1313 5032 1362 5084 1.
1390 5044 1630 5088 autuunu
1653 5036 1707 5090 2.

2709 4894 2775 4925 ¹⁰⁶
2805 4894 2869 4945 ιι.
2902 4907 2948 4944 r.
2976 4891 3030 4944 2.
3108 4892 3173 4923 ⁸⁰⁷
3202 4905 3230 4941 a
3262 4891 3313 4944 l.

2729 4964 2795 4995 “3
2820 4979 2867 5015 e.
2894 4978 2939 5013 r.
2959 4961 3015 5014 2.
3096 4961 3163 4994 ιη
3189 4970 3323 5011 mct-

2513 5032 2578 5065 “7
2653 5046 2847 5087 renunt
2877 5030 2929 5083 5.
2954 5048 3172 5098 semper.
3238 5028 3320 5098 γ¹¹⁸

2117 5102 2182 5132 ³²⁰
2206 5097 2481 5160 exercitus
2506 5103 2557 5156 5.
2639 5102 2707 5133 “‘
2735 5111 2949 5173 cogeret
2974 5102 3026 5154 9..
3053 5097 3110 5154 '5.
3188 5097 3251 5128 “’
3273 5112 3319 5149 s.

2150 4896 2215 4932 ¹⁰⁸
2247 4893 2547 4959 eripierunt
2575 4893 2625 4946 1.

1758 4969 1821 4999 m
1854 4968 2020 5035 ipsius
2052 4966 2120 5045 1,.
2177 4964 2245 4994 ¹¹²
2268 4964 2565 5044 infringere
2593 4961 2647 5014 2.

1786 5036 1852 5068 ¹¹⁶
1877 5037 2152 5089 eatellams
2189 5048 2279 5099 qm
2306 5035 2340 5087 5
2383 5050 2434 5088 a.
2513 5032 2578 5065 ⁸⁸⁷

1566 5252 1771 5309 NOTAE
