3872 5326
506 293 602 352 651

1558 288 1945 351 FLODOARDI
1985 287 2303 347 CANONICI
2344 286 2684 345 RESIENSIS

3645 294 3737 350 I52

504 409 590 464 his
609 404 701 479 qui
729 420 787 461 se
819 402 1046 461 Rodulfo
1073 402 1457 460 commiserant
1484 447 1498 471 ,
1540 408 1606 461 ad
1643 407 1951 461 Iieinricum
1979 413 2070 461 ue-
2100 413 2144 467 Α
2177 402 2374 459 reversi
2401 404 2542 458 circa
2570 401 2835 473 quoddam
2866 400 3144 457 castellum
3186 404 3451 474 venimus,
3499 411 3637 476 quod
3672 414 3739 465 di-

506 495 655 552 fecit.
678 495 978 565 Wigericus
1012 493 1080 527 "l’
1098 493 1381 564 episcopus
1404 493 1705 550 Zabrenam
1747 506 1805 549 ut
1848 497 2068 566 recepit,

503 586 717 640 evertit.
750 585 1075 640 Camaracus
1104 585 1244 639 male
1266 586 1478 655 proviso
1501 585 1848 657 conflagravit
1886 588 2071 641 incen-

503 678 610 731 dio.
638 677 787 732 Alter
812 675 1074 733 Itodulfus
1094 677 1380 748 Cisalpinae
1408 679 1593 734 Galliae
1624 696 1738 745 rex,
1766 695 1924 749 quem
1970 681 2073 735 Ita-

503 765 590 820 Iici
635 765 847 834 abjecto
877 767 945 799 ¹²³
975 782 1101 837 rege
1145 782 1244 822 suo
1281 769 1608 840 Bcreugario
1654 769 1707 824 in
1737 770 1803 801 ¹¹⁶
1849 787 2070 842 regnum

501 864 840 922 receperant,
864 872 984 911 cum
1041 857 1157 928 ipso
1198 857 1526 929 Bcrcngario
1554 860 1813 924 conflixit,
1841 876 2071 930 eumque

501 946 726 1012 devicit;
756 945 846 1001 ubi
882 946 1025 1001 mille
1063 942 1341 1017 quingenti
1377 948 1475 1003 viri
1514 950 1773 1006 cecidisse
1797 952 2068 1006 dicuntur.

501 1035 686 1090 Sculfo
733 1035 1143 1107 archiepiscopo
1187 1039 1662 1109 archiepiscopalis
1711 1040 1899 1107 infula,
1946 1058 2066 1112 qua:

503 1126 719 1196 pallium
759 1128 1090 1193 nominatur,
1116 1129 1184 1183 ab
1209 1126 1455 1187 Iohanne
1487 1132 1550 1162 ¹¹⁷
1581 1148 1712 1202 papa
1757 1135 2072 1188 transmitti-

504 1226 611 1271 tur.
663 1216 944 1273 Multitudo
988 1218 1279 1289 Anglorum
1312 1220 1494 1275 limina
1543 1223 1732 1278 sancti
1762 1223 1902 1279 Petri
1944 1240 2067 1278 ora-

498 1307 664 1362 tionis
706 1307 874 1378 gratia
903 1308 1194 1376 petentium
1242 1310 1381 1363 inter
1407 1310 1567 1380 Alpes
1604 1326 1634 1365 a
1666 1312 1980 1368 Sarracenis
2004 1313 2071 1344 ¹²⁸

501 1395 800 1450 trucidatur
847 1395 935 1449 ¹²⁹.
977 1395 1125 1450 Dado
1170 1396 1583 1453 Virduncusium
1631 1399 1915 1469 cpiscopus
1958 1400 2073 1455 obi-

498 1484 540 1538 it
569 1484 698 1556 tb’I).
732 1494 784 1539 et
814 1485 1156 1555 episcopatus
1194 1487 1309 1557 ejus
1347 1487 1554 1560 Hugoni
1584 1488 1651 1542 ab
1679 1487 1912 1543 Rodulfo
1949 1505 2071 1559 rege

494 1577 828 1645 conceditur,
851 1578 1048 1648 quique
1074 1580 1343 1649 presbiter
1371 1581 1553 1634 Itemis
1582 1580 1650 1635 ab
1677 1581 1743 1612 ¹³⁰
1773 1581 1952 1637 Scalfo
1982 1597 2069 1636 ar-

493 1668 833 1737 chiepiscopo
866 1668 931 1699 "‘
963 1680 1332 1724 consecratur.
1366 1671 1523 1726 Anno

1070 1759 1453 1816 DCCCCXXIV

488 1848 807 1919 incipiente,
843 1848 903 1903 fit
928 1851 1140 1905 exactio
1168 1866 1265 1921 per
1295 1851 1568 1907 Frantiam
1600 1853 1667 1885 η’
1697 1853 1935 1924 pecuniae
1963 1854 2067 1910 col-

488 1938 711 1998 laticizn,
765 1954 883 2008 quae
926 1938 1272 1995 Nortmannis
1313 1952 1471 2011 pacto
1513 1943 1661 2013 pacis
1709 1944 1957 2009 daretur;
2012 1955 2069 2001 et

488 2029 751 2084 ltodnlfus
784 2046 876 2084 rex
907 2031 1295 2101 profectionem
1333 2035 1559 2104 parabat
1598 2035 1650 2089 in
1692 2035 2065 2104 Aquitaniam,

488 2123 615 2191 quia
640 2121 939 2178 Willelmus
962 2124 1046 2184 ¹³⁸,
1073 2123 1311 2193 ejusdem
1343 2126 1575 2196 regionis
1603 2127 1879 2197 princeps,
1911 2129 2066 2183 subdi

468 2214 588 2268 sibi
636 2213 937 2270 differebat.
1008 2217 1106 2283 Qui
1141 2256 1155 2280 ,
1198 2228 1473 2286 comperto
1519 2219 1662 2288 quod
1708 2218 1967 2273 Itodulfus
2014 2220 2067 2274 in

472 2304 830 2373 Aquitaniam
880 2321 1001 2359 cum
1058 2306 1236 2360 hostili
1291 2323 1450 2361 manu
1498 2317 1831 2377 properaret,
1876 2309 1924 2363 ei
1967 2309 2067 2363 ob-

485 2393 626 2447 viam
675 2408 840 2462 super
878 2394 1107 2465 Ligerim
1150 2396 1313 2459 venit,
1358 2407 1411 2451 et
1458 2397 1941 2453 intercurrentibus
1991 2399 2068 2452 al-

470 2485 738 2539 ternatim
782 2486 991 2555 legatis,
1041 2488 1254 2542 tandem
1302 2488 1368 2543 ad
1417 2488 1742 2559 colloquium
1785 2505 1950 2560 super
1989 2491 2068 2561 ip-

483 2588 604 2630 sum
655 2573 852 2630 ﬂumen
899 2576 1129 2647 Ligerim
1196 2576 1334 2633 infra
1393 2596 1586 2651 pagum
1635 2580 2069 2653 Angustidnncn-

468 2680 597 2719 sem
632 2664 699 2696 ‘“
724 2681 1044 2721 convenere.
1104 2666 1205 2724 Ubi
1240 2676 1347 2723 tota
1395 2670 1482 2724 die
1524 2670 1797 2726 immorati
1841 2672 1927 2738 ‘3‘,
1964 2672 2069 2729 Ro-

486 2754 665 2809 dnlfus
685 2770 750 2809 ex
773 2758 890 2819 hac,
923 2755 1222 2813 Willchnus
1244 2774 1308 2812 cx
1339 2759 1425 2812 illa
1454 2757 1691 2815 fluminis
1712 2777 1806 2815 ora
1829 2802 1842 2827 ,
1867 2763 2070 2818 nuntiis

485 2847 758 2916 utrimque
801 2849 1267 2918 progredientibus
1295 2891 1309 2915 ,
1355 2852 1541 2920 sicque
1587 2852 1672 2906 die
1725 2863 2068 2923 consumpta,

488 2934 683 2991 llmnen
716 2939 927 2991 tandem
958 2937 1256 2994 Willelmus
1280 2943 1564 3005 transiens,
1581 2943 1644 2996 ad
1662 2942 2069 3014 Itodnlfumjam

487 3036 648 3081 noctu
687 3028 950 3098 pervenit,
989 3039 1040 3084 et
1063 3045 1199 3100 equo
1226 3031 1496 3097 desilens,
1527 3034 1593 3087 ad
1625 3048 1803 3103 regem
1834 3050 1973 3104 equo
2004 3035 2072 3068 ⁵³⁸

2174 498 2313 551 citur
2340 496 2490 551 Mons
2516 496 2685 550 sancti
2712 494 2988 549 Johannis.
3029 494 3140 550 Iloc
3164 494 3499 565 Raginardus
3524 499 3591 530 ‘“
3612 500 3736 556 iuva.

2173 595 2337 651 serat,
2363 595 2419 640 et
2446 586 2512 618 ¹⁵⁸
2539 587 2819 642 retinebat.
2872 586 3095 641 Hortatu
3136 595 3311 640 tamen
3343 598 3601 658 nepotum
3630 607 3736 646 suo-

2174 676 2313 741 rum,
2342 675 2583 731 Walonis
2609 689 2663 730 et
2694 675 3003 739 Gisleberti,
3034 689 3443 746 ceterorumque
3492 695 3627 749 quos
3661 699 3738 737 rex

2173 765 2240 819 ad
2290 766 2339 820 id
2384 766 2795 837 expugnandum
2845 767 3095 829 miserat,
3143 765 3388 820 obsidem
3437 770 3549 838 regi
3597 769 3738 823 lilium

2172 870 2325 907 suum
2352 854 2667 909 transmisit.
2722 853 2891 921 Quem
2932 871 3046 919 rex,
3088 865 3342 911 exoratus
3373 872 3405 910 a
3450 859 3740 930 prepinquis

2171 944 2474 1014 Itagenardi
2514 945 2581 976 m
2612 954 2666 1000 et
2692 944 2913 1017 I‘Ingone
2935 945 3100 1001 fratre
3125 962 3243 1012 suo,
3287 948 3451 1019 recipi
3485 948 3662 1017 jttSsil,
3696 962 3739 1005 et

2172 1034 2492 1104 Ragunardo
2548 1036 2790 1089 inducias
2831 1036 3013 1101 dedit,
3064 1047 3380 1107 ceterosque
3428 1053 3619 1093 omnes
3659 1040 3737 1109 qui

2171 1142 2292 1180 cum
2329 1124 2645 1195 Ragcnardo
2677 1134 2849 1189 erant,
2882 1126 3173 1181 obstrictos
3198 1128 3264 1159 ¹’⁸⁷
3294 1138 3633 1183 sacramento
3661 1146 3728 1184 re-

2171 1216 2356 1285 liquid.
2408 1216 2611 1271 Interea
2642 1216 2999 1271 Gislebertum
3026 1216 3093 1248 ¹³⁸
3119 1217 3501 1288 Bercngarius,
3543 1220 3629 1288 qni
3662 1236 3735 1273 so-

2172 1322 2344 1361 rorem
2379 1307 2545 1376 ipsins
2574 1322 2792 1361 uxorem
2827 1305 2891 1338 ¹⁸⁹
2920 1307 3187 1371 habebat,
3221 1310 3627 1378 comprehendit
3661 1311 3737 1374 ⁸⁸⁸,

2171 1410 2437 1466 quemque
2466 1395 2659 1450 oblatis
2686 1396 2961 1450 obsidibus
2993 1396 3059 1427 ³⁸⁸
3097 1398 3196 1451 sibi
3244 1413 3347 1466 pro
3384 1412 3450 1452 eo
3501 1399 3624 1454 filiis
3650 1399 3740 1453 Ita-

2170 1488 2396 1558 genarii,
2442 1486 2622 1541 fratris
2658 1486 2823 1556 ipsius
2874 1487 2942 1518 "'
2985 1485 3292 1553 Gisleherti,
3332 1489 3565 1545 dimisit.
3614 1490 3736 1548 Idem

2170 1594 2299 1634 vero
2335 1576 2663 1633 Gislehertus
2693 1576 2979 1644 dimissus,
3014 1586 3212 1632 terram
3244 1577 3563 1650 Berengarii
3588 1581 3737 1652 Bage-

2173 1672 2420 1741 nariique
2452 1662 2638 1724 frafris
2670 1670 2751 1725 sui
2782 1681 2835 1724 et
2859 1669 3009 1724 Isaac
3038 1672 3250 1725 comitis
3273 1672 3740 1741 depraedationibus

2094 1768 2140 1829 Β
2168 1763 2413 1833 plurimis
2441 1771 2632 1816 vastat.
2672 1761 2801 1816 Post
2837 1762 2950 1816 hazc
2979 1761 3088 1833 regi
3152 1762 3377 1817 Itodulfo
3435 1764 3509 1794 ⁸³⁸
3541 1764 3740 1833 legatos,

2169 1864 2228 1911 ut
2258 1857 2324 1910 ab
2352 1872 2416 1910 eo
2441 1857 2784 1926 reciperetur,
2825 1856 3025 1926 dirigit.
3069 1856 3220 1922 Quod
3250 1873 3338 1911 rex
3369 1856 3608 1915 fidelium
3633 1873 3740 1912 suo.

2169 1963 2286 2000 rum
2318 1946 2561 2010 consilio,
2594 1945 2761 2015 ipsius
2791 1944 3131 2001 abominatus
3155 1945 3221 1977 ³⁸³
3244 1946 3486 2017 perjnria
3515 1956 3569 2001 et
3597 1947 3737 2001 insta-

2168 2034 2453 2101 biiitatem,
2487 2034 2660 2089 facere
2688 2035 3026 2103 contempsit.

2240 2126 2478 2194 IIungari
2524 2125 2684 2179 ductu
2738 2125 2877 2195 regis
2935 2125 3276 2195 lterengarii,
3334 2143 3499 2197 quem
3547 2128 3735 2200 Lango-

2169 2216 2323 2271 bardi
2356 2216 2423 2249 ¹⁸⁸
2453 2214 2793 2285 reppulerant
2833 2214 2920 2282 ’5‘,
2955 2215 3159 2270 Italiam
3191 2216 3619 2286 depopulantur;
3650 2220 3735 2273 Pa-

2169 2308 2310 2375 piam
2336 2321 2571 2377 quoqnc,
2607 2307 2794 2359 urbem
2828 2305 3294 2377 populosissimam
3331 2307 3397 2339 ⁸⁸⁷
3437 2317 3603 2379 atque
3630 2325 3740 2380 opu-

2170 2397 2545 2464 lentissimam,
2569 2398 2690 2469 igne
2714 2397 3077 2464 sucCendunt;
3107 2399 3192 2451 ubi
3223 2415 3352 2468 opes
3372 2402 3589 2470 pereo
3610 2402 3741 2456 innu-

2170 2491 2486 2558 merabiles;
2537 2491 2791 2547 zecclesize
2832 2490 2901 2544 Η
2942 2491 3010 2523 ¹⁵⁸
3053 2508 3345 2557 succensa),
3391 2494 3547 2547 urbis
3598 2492 3739 2563 ipsius

2169 2583 2452 2652 episcopus
2487 2597 2606 2637 cum
2639 2582 2889 2652 episcopo
2919 2580 3265 2644 Vercellensi,
3289 2583 3380 2651 qui
3411 2597 3597 2637 secum
3620 2592 3738 2645 erat,

2171 2673 2293 2743 igne
2321 2671 2572 2741 fumoque
2601 2682 2853 2738 necatur;
2893 2683 3053 2741 atque
3076 2689 3139 2726 ex
3167 2673 3251 2725 illa
3279 2688 3415 2742 pene
3447 2674 3736 2727 innumera-

2168 2764 2262 2819 bili
2314 2764 2653 2818 multitudine
2688 2763 2904 2818 ducenti
2955 2773 3159 2817 tantutn
3198 2764 3538 2832 superfuisse
3565 2781 3739 2820 memo-

2172 2865 2380 2920 rantur,
2411 2855 2500 2924 qui
2529 2870 2593 2908 ex
2641 2853 2883 2924 reliquiis
2933 2856 3081 2910 urbis
3136 2853 3388 2915 incensa),
3435 2873 3578 2925 quas
3622 2857 3741 2910 inter

2171 2945 2380 3001 cineres
2414 2945 2673 3014 legerant,
2714 2944 2918 3016 argenti
2968 2944 3173 2999 modios
3218 2945 3286 2977 η’
3328 2955 3454 3000 octo
3506 2948 3741 3001 dederunt

2171 3035 2457 3104 Iqugaris,
2488 3036 2650 3089 vitam
2673 3050 2957 3104 murosque
2991 3034 3221 3090 civitatis
3265 3051 3447 3091 vacuae
3502 3037 3741 3090 redimen-

481 3118 801 3175 insidentem
852 3121 1075 3189 pedibus
1129 3122 1394 3187 accessit;
1445 3139 1602 3193 quem
1655 3135 1934 3194 postquam
1975 3141 2065 3181 rex
2096 3126 2142 3188 C
2175 3137 2276 3182 tes.
2331 3126 2426 3182 IIis
2482 3127 2745 3195 expletis,
2798 3126 3029 3196 llungari
3071 3143 3165 3196 per
3203 3126 3429 3199 abrupta
3476 3129 3546 3160 ¹⁴³⁵
3587 3140 3740 3183 trans-

482 3207 757 3263 osculatus
804 3218 915 3274 est,
951 3210 1219 3281 utrimque
1256 3211 1569 3266 discessum.
1616 3214 1674 3267 In
1715 3214 1950 3269 crastino
1999 3216 2067 3269 ad

482 3311 664 3368 regem
724 3300 1024 3369 regreditur
1067 3300 1421 3369 Willelmus,~
1448 3314 1501 3358 et
1545 3313 1668 3359 octo
1711 3304 1917 3360 dierum
1975 3322 2067 3362 ac-

478 3388 650 3457 ceptis
693 3388 941 3454 induciis,
982 3400 1099 3459 post
1141 3393 1342 3447 finitam
1384 3395 1735 3450 ebdomadam
1786 3411 1906 3451 sese
1950 3397 2062 3467 regi

480 3478 787 3534 comniittit.
811 3478 877 3532 Et
897 3496 989 3535 rex
1011 3481 1084 3535 illi
1105 3472 1491 3552 Biturigeusem
1508 3485 1572 3520 ¹³⁷
1591 3501 1784 3558 pagum
1810 3486 2063 3552 restituit,

485 3584 643 3636 quem
674 3570 749 3623 illi
785 3587 973 3639 nuper,
1006 3573 1207 3627 auxilio
1247 3572 1417 3629 fretus
1454 3576 1697 3631 Itotberti
1727 3577 1952 3632 necdum
1980 3586 2062 3631 ta-

483 3677 606 3716 men
650 3662 810 3732 regis,
851 3664 902 3718 vi
950 3665 1261 3734 dempserat
1287 3667 1352 3699 ¹³⁸
1375 3685 1497 3723 cum
1535 3669 1754 3725 civitate
1780 3670 2056 3739 Biturigis.

478 3750 764 3808 IIeriberto
795 3755 1022 3826 denique
1048 3755 1313 3812 Peronam
1342 3758 1439 3826 “9,
1470 3769 1524 3815 et
1552 3760 1757 3831 Ilugoni
1788 3760 1897 3814 ﬁlio
1927 3761 2056 3816 Rot-

479 3845 615 3898 berti
642 3844 986 3902 Cinomannis
1014 3848 1177 3904 dedit.
1217 3849 1432 3906 Seulfus
1453 3866 1664 3924 quoque
1693 3852 2054 3923 archiepisco-

477 3950 578 4003 pus
613 3935 677 3966 “°
710 3947 905 3991 terram
928 3938 1099 3994 sancti
1122 3939 1348 4012 Remigii
1373 3941 1736 4011 conjacentem
1769 3943 1822 3997 in
1846 3942 2064 4014 Lugdu-

480 4028 634 4081 nensi
688 4028 752 4061 ’δι
803 4032 1112 4100 provintia,
1173 4034 1238 4089 de
1290 4051 1396 4105 qua
1459 4034 1718 4091 Heriveus
1782 4035 2061 4106 episcopus

480 4118 611 4172 nihil
646 4120 924 4189 habuerat,
958 4124 1025 4178 ab
1053 4123 1273 4193 Iiugone
1313 4129 1377 4182 de
1417 4127 1618 4182 Vienna
1666 4126 1802 4198 (32),
1844 4128 1933 4195 qui
1977 4128 2053 4181 ei—

478 4207 599 4261 dem
643 4208 711 4240 ¹’⁸¹
751 4210 1014 4283 colloquio
1046 4213 1325 4282 intererat,
1368 4217 1734 4288 rcimpetravit
1789 4215 1875 4270 ιδ’.
1933 4216 2057 4270 Inde

2168 3228 2356 3273 euntes
2378 3218 2585 3289 Alpium
2604 3219 2750 3289 jnga,
2776 3218 2997 3272 veniunt
3021 3219 3073 3273 in
3095 3218 3338 3272 Galliam.
3371 3218 3637 3274 Rodulfus
3664 3217 3735 3283 ⁸⁵⁸,

2166 3308 2470 3379 Cilsalpinte
2499 3324 2591 3362 rex
2628 3307 2694 3339 ⁸⁸⁸
2722 3305 2939 3372 Gallia},
2972 3317 3026 3362 et
3056 3307 3203 3379 [Iugo
3248 3308 3579 3363 Viennens's
3617 3308 3740 3362 Iiua-

2168 3416 2326 3471 garos
2361 3401 2427 3432 ¹⁶³
2459 3402 2600 3454 inter
2620 3399 2895 3467 angustias
2922 3399 3134 3454 collium
3164 3399 3485 3469 Alpinorum
3519 3401 3588 3432 ¹⁶⁸
3611 3399 3736 3453 clau-

2167 3495 2338 3556 dunt;
2373 3495 2510 3549 unde
2540 3494 2814 3562 inopinato
2841 3493 2957 3548 loco
2987 3507 3083 3563 per
3102 3493 3252 3547 devia
3285 3492 3484 3546 montis
3524 3493 3737 3546 evaden-

2169 3592 2266 3647 tes,
2289 3581 2539 3637 Gothiam
2566 3582 2631 3613 ¹⁶⁸
2653 3583 2950 3651 impetunt;
2980 3597 3115 3652 quos
3138 3581 3485 3650 insequentes
3514 3576 3735 3653 praedicti

2163 3674 2350 3739 duces,
2398 3682 2643 3728 sternunt
2684 3689 2750 3728 ex
2797 3674 2876 3728 eis
2922 3688 3058 3743 quos
3090 3673 3326 3743 reperire
3365 3673 3433 3705 ‘“
3479 3680 3730 3744 poterant.

2161 3763 2366 3819 Interea
2416 3764 2796 3836 Bercugarius,
2858 3764 3019 3819 Italiae
3066 3778 3180 3831 rex,
3238 3778 3270 3818 a
3319 3764 3433 3819 suis
3486 3764 3734 3820 interirei-

2163 3863 2248 3910 tur
2302 3849 2411 3908 “7..

2238 3945 2494 4002 Rodnlfns
2534 3963 2627 4002 rex
2672 3946 2906 4001 Frantiae
2953 3944 3208 4015 placitum
3260 3945 3432 3999 tenuit
3490 3944 3562 3976 ³⁸⁸
3608 3941 3732 4013 apud

2162 4038 2489 4093 Atiniacum.
2543 4038 2695 4093 'I‘unc
2741 4038 2865 4092 inde
2894 4035 3280 4107 profectionem
3331 4034 3403 4086 .¹⁶¹
3440 4047 3644 4105 parans
3684 4032 3730 4085 in

2162 4144 2386 4198 regnum
2409 4127 2669 4195 Lotharii,
2701 4128 3018 4200 gravissimo
3047 4126 3301 4198 languore
3323 4126 3391 4157 ¹⁷⁰
3422 4125 3729 4197 corripitur;

2165 4218 2317 4289 cujus
2345 4218 2395 4272 vi
2434 4218 2685 4283 recidiva,
2717 4218 2841 4272 dum
2866 4217 2976 4288 jam
3020 4215 3399 4272 convalescere
3429 4216 3728 4286 putabatur,

1760 4348 1992 4404 VARIAE
2032 4349 2434 4408 LECTIO‘NES.

556 4482 623 4515 ⁸³⁸
654 4481 924 4553 unigerius
954 4484 1002 4538 I.
1028 4485 1357 4557 uuitgcricus
1388 4484 1443 4538 2.
1477 4483 1779 4554 wilgericus
1799 4483 1852 4538 5.
1925 4484 1995 4517 η’
2015 4496 2237 4554 accepto
2259 4485 2347 4540 5a.
2424 4486 2487 4517 ⁸⁸⁸

612 4552 680 4587 ¹²⁸
708 4555 981 4609 saracenis
1013 4556 1062 4608 I.
1090 4556 1142 4609 5.
1220 4558 1286 4596 η’
1319 4556 1654 4611 trucidantur
1674 4554 1728 4608 2.
1802 4555 1871 4587 ¹³⁰
1899 4571 1929 4608 a
1966 4556 2017 4609 1.
2097 4556 2162 4587 ³³³
2189 4557 2487 4611 enisconol

1803 4571 1871 4622 τ’·
1899 4571 1929 4608 a
1966 4571 2017 4609 1.
2189 4571 2441 4627 episcopo
2462 4571 2514 4611 1.

1753 4624 1819 4657 ¹³⁸
1852 4626 2099 4680 inmorati
2128 4627 2183 4680 2.
2273 4627 2340 4657 ¹³⁶
2370 4642 2514 4680 aeaut]

479 4550 537 4608 1.
612 4552 680 4587 ¹²⁸
708 4550 981 4609 Saracenis
1013 4556 1062 4608 I.
1090 4550 1173 4609 5.’
1220 4558 1286 4596 η’
1319 4550 1654 4611 trucidantur
1674 4554 1728 4608 2.
1802 4555 1871 4587 ¹³⁰
1899 4571 1929 4608 a
1966 4556 2017 4609 1.

477 4637 603 4695 Inus
634 4624 679 4676 I.
708 4626 916 4694 smpius.
1001 4624 1070 4657 ⁸³⁸
1097 4627 1584 4695 angustidinensem
1615 4625 1665 4695 1.

479 4691 549 4726 ⁸⁸³
571 4691 927 4765 perruuam2.
951 4691 1238 4765 parronmn
1263 4696 1315 4750 5.
1335 4691 1610 4765 paronam.
1635 4693 1791 4764 [Iugo
1821 4693 1906 4748 Fl.

515 4765 685 4835 eravit
718 4765 767 4817 1.
845 4764 911 4797 ίδδ
945 4764 1260 4820 raienardus
1284 4767 1339 4819 2.
1370 4776 1685 4820 constanter.
1726 4764 2057 4835 ragenardus

505 4829 549 4901 δέ
577 4833 896 4901 gislebertus
926 4851 1065 4888 corr.
1096 4865 1168 4875 —-—
1197 4851 1283 4888 um
1318 4836 1366 4888 I.
1446 4835 1510 4866 ⁸⁵⁸
1543 4835 1683 4888 deest
1706 4839 1758 4887 ‘6.

478 4900 547 4972 tot
575 4900 768 4972 ,ggbturi."
797 4902 852 4955 2.
930 4905 997 4936 *⁸⁸
1023 4904 1348 4972 lamgobardi
1396 4904 1450 4958 2.

478 4968 658 5023 XLIII.
690 4971 742 5023 5.
802 4971 869 5003 ³³⁵
894 4972 1022 5033 mit.
1057 4974 1077 5026 1
1109 4968 1175 5004 ίδο
1202 4976 1390 5027 abruta
1420 4976 1468 5027 I.

1985 4696 2053 4728 “°
2078 4696 2363 4799 episcopus
2386 4695 2449 4751 5.
2510 4697 2575 4727 ίδί
2599 4695 2881 4750 ludunensi
2902 4695 2956 4748 2.

1985 4766 2054 4799 Inc
2243 4767 2311 4799 188
2364 4780 2426 4799 lin
2473 4766 2507 4799 ο
2582 4767 2615 4799 π
2711 4764 2779 4796 ιιι
2825 4766 2956 4799 ...ιηῇ

1840 4766 2057 4821 ξηςινᾶιιε
2110 4766 2163 4819 5.
2243 4767 2311 4799 ³⁵⁸
2363 4780 2427 4820 ac
2472 4766 2530 4827 2.
2582 4767 2634 4821 5.

1840 4834 1905 4864 “‘°
1936 4851 2093 4904 conp.
2129 4836 2185 4889 2.
2257 4836 2323 4868 ³⁵⁸
2351 4837 2472 4892 obs.
2505 4836 2609 4890 obl.
2637 4834 2692 4887 2.

1533 4904 1602 4935 ¹⁵⁸
1645 4903 1963 4973 pepulerant
2009 4903 2063 4958 2’.
2113 4907 2168 4961 5.

1549 4973 1612 5005 ¹⁶¹
1640 4971 1868 5041 (Equos
1892 4973 1957 5027 It.
1990 4975 2041 5028 2.
2069 4975 2123 5029 5.
2197 4976 2264 5007 “’
2288 4992 2337 5032 c.
2368 4976 2434 5031 G.

2424 4486 2494 4517 ¹¹⁸
2528 4485 2564 4540 i.
2604 4501 2651 4540 r.
2683 4501 2725 4540 r.
2766 4500 2817 4539 c.
2852 4485 2886 4539 i.
2917 4483 2977 4539 Β.
3003 4484 3186 4538 desunt
3212 4481 3266 4536 2.
3344 4483 3415 4515 “"
3463 4481 3725 4536 iohhanne

2589 4558 2655 4594 ¹³²
2686 4556 2947 4611 franciam
2981 4554 3036 4608 2.
3066 4554 3119 4608 5.
3149 4553 3361 4622 σωρίτας.
3443 4553 3509 4584 ⁸³³
3544 4550 3726 4622 nuille-

2681 4626 2745 4657 ¹³⁷
2770 4625 3154 4680 bituricensem
3178 4621 3232 4676 2.
3313 4623 3382 4656 ’³³
3404 4625 3657 4679 deuserat
3682 4621 3723 4672 I.

2681 4695 2881 4748 lunensi
2902 4695 2956 4748 2.
3036 4693 3102 4725 ¹⁸¹
3134 4693 3320 4748 eodem
3342 4694 3398 4748 2.
3478 4691 3545 4722 “'
3572 4693 3724 4743 rcim-

3257 4729 3321 4794 ἱέν
3345 4729 3631 4816 “(instricta
3672 4757 3721 4811 ε.

3312 4833 3382 4864 ¹⁸³
3431 4827 3636 4927 rfttltgfo
3664 4829 3725 4927 ιζ’ζὶ

2273 4627 2340 4657 ¹³⁶
2370 4642 2525 4696 aequo
2549 4626 2603 4680 2.

2711 4764 2779 4796 ¹⁸⁶
2825 4764 3093 4832 raginardi
3127 4765 3181 4817 5.

2769 4834 2835 4866 ¹⁵²
2865 4834 3018 4887 fratri
3063 4834 3144 4888 sui
3180 4833 3233 4886 2.

2225 4905 2289 4938 “‘7
2336 4907 2448 4960 voci
2490 4906 2956 4976 populnsissitnam
3002 4902 3400 4976 sitperseribitur
3435 4902 3499 4953 de
3534 4899 3591 4951 2.

2490 4922 2559 4976 ρο
2598 4922 2955 4959 ιιιοειεδιηιιιιη
3002 4922 3400 4973 superscribitur
3435 4922 3499 4953 (Ic
3536 4922 3591 4951 Ζ.
3664 4922 3721 4927 -ν-

2466 4992 2511 5028 r.
2682 4975 2748 5006 ¹⁶³
2768 4975 2906 5027 deest
2932 4973 2986 5026 2.
3017 4973 3070 5028 5.
3144 4971 3211 5002 ³⁸⁸
3260 4972 3565 5039 alpinarum
3598 4969 3647 5039 1.
3672 4966 3721 5019 5.

478 5038 553 5070 ¹⁶⁶
577 5039 898 5112 Tolosanam
929 5042 1249 5109 provintiam
1284 5054 1464 5110 petere
1487 5037 1878 5112 compulerunt.
1938 5044 2015 5097 Illi
2049 5055 2227 5099 autem
2261 5047 2456 5101 ibidem
2484 5047 2577 5100 Dei
2609 5044 2997 5112 onmipotentia
3024 5037 3725 5112 pt‘epedili;disscnleriaet

477 5108 631 5190 varia
650 5109 800 5191 clade
830 5108 1167 5192 postulandum
1195 5108 1422 5192 periere.
1450 5108 1917 5192 Ilitgo‘lj'lor.;_cl'.
1940 5115 2094 5192 [imm
2130 5115 2287 5192 hujus
2332 5116 2476 5192 anni.
2547 5115 2612 5146 ¹⁶⁸
2637 5108 2916 5192 repperire
2958 5108 3040 5166 2f
3096 5108 3158 5142 ¹έ⁷
3208 5110 3548 5191 interemitnr
3586 5121 3721 5192 ferr:
