3872 5326
162 293 255 354 ιόὅ

154 501 208 553 ad
231 505 456 552 sanctum
484 495 783 565 Remigium
804 510 865 551 se
888 494 1102 551 deferre
1129 496 1285 566 petiit
1313 496 1403 551 ω.
1435 495 1540 553 Ubi
1567 512 1697 553 non-

152 589 276 646 nulla
298 588 360 619 ¹⁷¹
389 586 524 641 dona
552 585 796 655 largitus,
828 594 1089 650 ceterum,
1126 595 1324 656 prater
1359 587 1545 642 uxoris
1573 602 1700 657 par-

151 690 260 740 tem,
291 676 524 747 quicquit
560 675 628 707 ¹⁷³
674 675 776 731 sibi
824 678 1198 732 thesaurorum
1241 684 1562 746 supererat,
1602 691 1699 748 per

153 767 447 824 monasteria
478 766 720 821 Francia:
744 766 1170 836 Burgundizeque
1208 766 1437 832 direxit;
1465 776 1519 823 et
1544 775 1700 837 quat-

154 870 256 912 tuor
278 855 654 911 dadomadibus
679 858 820 925 apud
855 864 1101 913 sanctum
1122 855 1422 926 Remigium
1444 856 1695 913 demora-

153 959 242 1012 tus,
269 945 472 1001 tandem
504 947 862 1013 redintegrata
894 946 1129 1001 sanitate
1149 987 1164 1011 ,
1196 943 1577 1002 Suessonicam
1607 961 1702 1018 pe-

152 1042 233 1096 ciit
250 1038 424 1094 urbem
449 1038 535 1103 ‘7‘,
560 1038 788 1107 indeque
808 1038 1113 1109 regreditur
1137 1038 1188 1091 in
1220 1037 1287 1070 ¹¹¹⁸
1314 1037 1696 1108 Bnrgnndiam.

152 1126 403 1184 Heioricus
427 1140 581 1195 atque
612 1127 664 1179 iu
694 1125 826 1194 ipsis
853 1124 1220 1180 Sarmatarum
1249 1126 1317 1159 ⁸⁷⁸
1346 1128 1541 1182 ﬁnibus
1567 1125 1702 1180 vali-

154 1221 312 1276 tudine
344 1218 589 1288 corporis
618 1225 725 1271 tota
760 1218 1031 1272 detinetur
1056 1226 1263 1273 testate.
1321 1218 1537 1273 Interim
1567 1232 1700 1272 con-

153 1316 296 1365 tentio
324 1309 385 1341 ¹¹⁷
413 1309 557 1364 inter
599 1307 957 1363 Gislebertum
985 1317 1040 1363 et
1075 1308 1412 1379 Ragenerum
1456 1309 1546 1377 ⁸⁷⁸,
1592 1307 1703 1364 fra-

155 1411 267 1455 trem
284 1400 415 1470 ejus,
440 1414 543 1454 nec
565 1398 739 1453 minor
769 1397 909 1452 inter
932 1397 1197 1453 Bosonem
1229 1410 1283 1454 et
1308 1398 1574 1456 Othonem
1608 1400 1699 1467 ¹⁷⁹,

153 1490 374 1557 aedibus,
402 1490 668 1544 incendiis
694 1505 756 1544 ac
772 1489 1256 1559 deprazdationibus
1286 1491 1574 1563 utrobique
1609 1507 1704 1562 pa-

156 1590 316 1635 tratur.
369 1578 689 1635 Nortmauni
734 1595 857 1635 cum
903 1580 1128 1635 Francis
1164 1597 1349 1651 pacem
1397 1582 1582 1637 ineunt
1611 1599 1701 1638 sa-

154 1670 409 1723 cramentis
444 1686 544 1740 per
573 1668 848 1739 llugouem
882 1669 947 1700 ¹⁸⁰
978 1679 1034 1723 et
1067 1668 1409 1725 Heribertmu
1453 1670 1702 1738 comites,

1584 288 1918 348 ANNALES.

154 406 461 481 opprnnitur,
506 414 563 462 et
603 419 739 476 pene
788 403 1103 476 desperatus
1129 419 1161 460 a
1196 402 1463 476 pluribus,
1509 403 1695 462 Remis
1720 414 1773 475 Α

3267 286 3387 343 455’

2395 402 2755 463 DCCCCXXV

1794 497 2208 568 redintegrantc,
2237 494 2569 565 Raginoldus
2609 498 2675 531 ¹⁹¹
2724 511 2846 552 cum
2883 497 2995 552 suis
3025 495 3374 552 Nortmanu‘is

1794 587 2158 658 Burgundiatu
2186 586 2607 657 depopulabatur
2636 588 2722 642 ¹”.
2758 586 2892 644 Cum
2918 602 3024 657 quo
3054 586 3375 643 Warnerius

1794 688 1851 734 et
1902 678 2180 734 Manasses
2225 678 2471 742 comites,
2514 677 2807 746 Ansegisus
2858 685 2917 732 et
2964 676 3271 733 Gotselinus
3306 676 3376 711 ¹⁹⁵

1796 768 2072 838 prtesules,
2099 768 2376 838 congressi
2405 768 2544 839 apud
2585 776 2821 822 montem
2844 767 3064 821 Caluum
3097 767 3184 831 m,
3216 766 3374 821 Nort-

1798 873 2115 913 mannorum
2146 858 2427 930 plusquam
2454 859 2793 931 octingentos
2824 868 3090 914 sternunt.
3149 858 3380 914 \Varne—

1800 950 1911 1005 rius
1935 964 2116 1005 comes
2140 950 2239 1018 ibi,
2260 967 2400 1023 equo
2423 952 2489 984 ¹⁹⁸
2518 953 2602 1007 cui
2633 952 2852 1007 sedebat
2879 952 3077 1016 occiso,
3110 959 3296 1020 captus
3323 960 3378 1005 et

1799 1042 2308 1112 interemptus‘est,
2344 1052 2400 1098 et
2444 1044 2737 1114 Ansegisus
2778 1044 3083 1100 Trecasinac
3124 1043 3190 1074 η’
3234 1043 3381 1096 urbis

1797 1131 2080 1201 episcopus
2108 1131 2417 1187 vulneratus
2441 1131 2529 1187 ¹⁹⁸.
2555 1132 2671 1198 Quo
2691 1132 2952 1187 Bodull'us
2968 1148 3060 1195 rex
3080 1140 3376 1201 comperto,

1801 1223 1854 1278 in
1885 1221 2247 1292 Burgundiam
2278 1238 2397 1279 cum
2424 1222 2737 1293 quibusdam
2755 1239 2820 1280 ex
2838 1224 3062 1280 Francia
3081 1264 3097 1287 ,
3122 1223 3380 1281 militibus

1800 1312 2009 1368 scilicet
2049 1312 2329 1369 Remensis
2368 1313 2626 1370 (ecclesia:
2671 1322 2727 1369 et
2772 1314 2995 1370 Abbone
3030 1315 3096 1347 ²⁹⁹
3130 1313 3380 1370 Suessio-

1802 1403 1953 1457 nensi
1979 1404 2248 1473 episcOpo,
2281 1402 2465 1472 paucis
2493 1404 2654 1457 etiam
2694 1402 2816 1458 aliis
2849 1417 3030 1458 secmn
3069 1402 3374 1458 comitanti.-

1801 1490 1924 1555 bus,
1959 1490 2339 1560 proﬁciscitur,
2371 1490 2653 1547 Heriberto
2689 1506 2901 1562 quoque
2921 1493 3139 1548 .coznite
3165 1508 3224 1546 se
3255 1506 3376 1562 pro-

1802 1592 2080 1652 sequente.
2133 1582 2475 1652 Colleetaque.
2511 1596 2575 1636 ex
2620 1580 2921 1651 Burgundia
2964 1581 3191 1637 militum
3218 1596 3393 1635 mann-

1804 1672 1911 1728 non
1952 1688 2142 1743 pauca,
2187 1674 2336 1728 venit
2375 1688 2544 1743 usque
2589 1674 2656 1727 ad
2705 1680 2881 1727 castra
2928 1670 3382 1726 Nortmannorum

156 1757 362 1813 Seull'ntn
400 1773 616 1828 quoque
652 1759 1143 1829 archiepiscopum;
1192 1760 1414 1816 absente
1460 1759 1528 1793 ⁸⁸⁸
1576 1775 1702 1831 rege
1732 1771 1777 1830 Β
1806 1779 1964 1834 super
2006 1763 2346 1834 Sequanam;
2381 1763 2560 1834 ibique
2586 1763 2764 1817 abhis
2801 1762 2871 1794 '°°
2908 1761 3000 1832 qui
3042 1776 3109 1816 ex
3153 1760 3382 1816 Francia

156 1847 368 1913 Rodulfo,
400 1849 517 1919 ejus
560 1858 737 1903 tamen
781 1864 1068 1915 consensu,
1108 1859 1251 1905 terra
1287 1849 1390 1905 illis
1417 1860 1593 1914 aucta,
1617 1851 1709 1906 Ci-

158 1940 407 1997 taimannis
430 1952 484 1996 et
508 1941 722 2011 Bajocze
755 1952 911 2012 pacto
940 1944 1090 2013 pacis
1113 1943 1193 1999 eis
1221 1960 1512 2001 concessae.
1561 1944 1709 2001 lsaac

152 2046 333 2102 quoque
362 2047 548 2087 comes
570 2034 835 2102 quoddam
858 2032 1134 2087 castellum
1165 2034 1423 2104 Stephani
1453 2035 1712 2091 Camara-

153 2123 303 2175 cerasis
326 2122 564 2193 episc0pi
608 2121 791 2177 dolosa
836 2122 1182 2178 iut'estationc
1220 2126 1707 2197 comprehenderis,

159 2210 378 2265 incendit.
414 2212 662 2268 Pnesidii
704 2213 868 2268 etiam
911 2213 1178 2269 Heriberti
1211 2217 1371 2270 turris
1401 2232 1563 2286 super
1594 2217 1705 2270 Ma-

159 2312 332 2357 ternam
351 2305 591 2364 ﬂuvium.
619 2305 707 2359 ubi
730 2303 957 2360 Karolus
980 2307 1400 2372 custodiebatur,
1424 2306 1709 2367 subitaneo

158 2391 462 2464 conﬂagravit
489 2396 764 2451 incendio.
816 2398 1141 2468 liaginoldus
1166 2401 1232 2432 ’"
1259 2418 1380 2455 cmn
1412 2402 1524 2457 suis
1554 2402 1714 2458 Nort-

160 2486 380 2550 maunis,
424 2487 558 2554 quia
603 2489 838 2542 nondum
884 2491 1278 2559 possessionem
1320 2496 1460 2546 intra
1512 2492 1713 2549 Gallias

161 2584 421 2643 accc-perat,
452 2583 660 2631 terram
694 2576 933 2648 llugonis
962 2580 1097 2635 inter
1127 2579 1365 2652 Ligerim
1405 2593 1463 2638 et
1502 2584 1711 2655 Sequa-

163 2676 264 2716 nam
296 2663 668 2734 depopulatur.
725 2665 972 2737 Synndus
1013 2669 1387 2739 episcoporum
1435 2671 1715 2728 Bernensis

162 2750 399 2809 dioceseos
439 2754 586 2825 apud
634 2756 935 2813 Trosleium
983 2759 1202 2816 Octobri
1249 2779 1432 2818 mense
1488 2765 1669 2819 habita
1699 2805 1714 2831 ,

163 2842 313 2897 Seull'o
337 2846 748 2917 archiepiscopo
777 2850 1116 2919 prmsideute,
1143 2852 1194 2906 in
1221 2868 1326 2923 qua
1354 2852 1502 2907 Isaac
1534 2866 1716 2908 comes

161 2932 214 2985 ad
243 2935 668 2991 emendationem
705 2945 759 2991 et
796 2938 1218 2995 satisfactionem
1270 2943 1453 3005 venit,
1494 2958 1593 3013 pro
1631 2944 1715 3000 bis

160 3035 256 3089 qute
280 3039 434 3093 prave
461 3027 729 3083 adversus
759 3030 1058 3086 azcclesiam
1097 3033 1545 3091 Camaracensem
1593 3053 1717 3108 per-

1807 1864 2162 1925 perrexerant
2190 1854 2422 1924 pedestri
2452 1868 2629 1923 pugna
2657 1861 2919 1908 certatum
2950 1850 3017 1905 ad
3047 1862 3245 1905 castra.
3294 1846 3384 1907 Vi-

1808 1946 1996 2003 dentes
2023 1959 2171 2011 vero,
2200 1944 2342 2015 quod
2370 1944 2442 1998 illi
2462 1943 2553 2014 qui
2576 1951 2874 1999 erantcum
2904 1955 3049 2011 rege,
3078 1954 3205 2010 pars
3239 1939 3386 1995 scili-

1808 2046 1896 2092 cet
1931 2037 2201 2091 exercitus
2241 2035 2496 2101 maxima,
2548 2048 2722 2104 neque
2773 2040 2951 2088 castra
2999 2032 3249 2086 invadere
3292 2046 3390 2084 ne-

1807 2142 1912 2197 que
1937 2127 2006 2158 ⁹⁰¹
2033 2126 2186 2195 equis
2211 2125 2428 2180 desilire
2449 2132 2790 2194 temptarent,
2817 2122 3106 2192 compulsis
3135 2121 3187 2176 in
3212 2130 3389 2175 castra

1810 2216 2157 2273 Nortmannis
2204 2217 2296 2287 qui
2356 2214 2569 2270 fuerant
2622 2214 2692 2247 ³⁸⁸
2747 2212 2814 2267 ad
2868 2209 3274 2281 repugnandum
3321 2207 3391 2241 ⁸⁰³

1809 2311 2036 2381 egressi,
2066 2310 2385 2381 quibusdam
2417 2308 2487 2340 ὀδ
2520 2318 2733 2377 quoque
2761 2302 3065 2373 prostratis,
3115 2316 3147 2355 a
3188 2307 3393 2353 castro-

1812 2418 1932 2457 rum
1988 2399 2307 2471 pervasione
2350 2398 2675 2458 discedunt,
2722 2401 3009 2463 castraque
3053 2389 3258 2446 duobus
3310 2389 3392 2443 rei

1814 2493 1985 2547 tribus
2017 2491 2230 2545 milibus
2256 2505 2285 2543 a
2314 2487 2765 2542 Norlmannorutn
2792 2483 2987 2538 castris
3026 2489 3294 2536 metantur
3338 2478 3390 2532 in

1813 2582 2011 2654 girum,
2044 2579 2265 2650 llugone
2295 2576 2535 2633 llotberti
2564 2575 2672 2629 lilio
2703 2581 2924 2631 econtra
2963 2586 3123 2641 supra
3167 2571 3236 2602 ²⁰⁸
3294 2568 3393 2623 Se-

1814 2688 2046 2745 quanam
2071 2674 2171 2727 bac
2190 2686 2257 2727 ex
2285 2677 2435 2741 parte
2463 2677 2639 2722 castra
2663 2674 2884 2721 metato.
2922 2665 3017 2720 Ubi
3043 2661 3391 2734 propinquio-

1817 2780 1932 2822 rem
1952 2774 2255 2819 castrorum
2277 2760 2609 2816 obsidionem
2632 2756 3148 2829 procrastiuantibns
3171 2751 3393 2807 Francis

1816 2865 1873 2911 et
1900 2856 1967 2909 de
2001 2855 2085 2909 die
2115 2854 2168 2908 in
2199 2853 2339 2906 diem
2367 2850 2737 2905 differentibus
2780 2848 2874 2913 ‘°‘,
2915 2862 3079 2902 naves
3121 2861 3149 2898 a
3187 2843 3396 2898 Parisio

1817 2953 2075 2998 venturas
2107 2941 2458 3010 expectando,
2489 2939 2769 3008 eruptione
2790 2936 2928 2991 clam
2959 2935 3096 2990 facta
3115 2974 3130 2996 ,
3158 2949 3398 3002 quorun-

1820 3034 1941 3090 dam
1973 3041 2277 3087 nostrorum
2302 3029 2463 3084 veluti
2490 3027 2660 3082 fertur
2690 3041 2938 3091 assensu,
2975 3022 3292 3079 Nortmanni
3325 3021 3393 3052 ¹⁰⁷

160 3126 447 3184 pett-avent,
488 3128 552 3173 el
583 3123 806 3175 vadatus
844 3124 1052 3193 argenti
1083 3124 1235 3180 libris
1265 3126 1331 3158 ¹⁸³
1358 3136 1594 3191 centum,
1623 3144 1714 3199 pa-
1742 3116 1785 3175 C
1818 3141 1912 3178 sua
1937 3132 2112 3177 castra
2143 3120 2469 3191 linquentes,
2496 3126 2549 3174 et
2572 3117 2766 3173 saltum
2809 3114 3080 3185 quendam
3114 3113 3215 3166 iter
3240 3126 3395 3167 suum

160 3219 287 3262 catur
329 3225 446 3264 cum
487 3211 773 3282 Stephano
812 3213 1047 3284 prmium:
1092 3217 1241 3273 urbis
1278 3218 1551 3289 episcopo,
1583 3235 1717 3290 pra:-

162 3299 628 3373 scnte[satagente,
670 3303 812 3358 llist.
857 3304 1035 3379 liene]
1076 3308 1355 3365 lleriberto
1380 3320 1434 3365 et
1474 3312 1716 3380 pluribus

163 3386 365 3447 Frantia:
406 3396 721 3450 comitibus.

222 3479 464 3540 Rodull’us
494 3503 589 3540 rex
624 3488 899 3543 castellum
931 3492 1125 3547 montis
1153 3494 1323 3549 sancti
1357 3492 1638 3560 Johannis,
1666 3495 1717 3549 id

163 3566 450 3641 Rageuardo
502 3576 676 3630 invito
735 3578 856 3633 licet
901 3580 1206 3646 deserente,
1255 3585 1480 3653 recepit,
1535 3586 1718 3654 sicque

165 3658 405 3718 Primiani
431 3668 629 3735 repetit
660 3667 748 3721 ⁸⁸⁸.
787 3669 1088 3729 Willelmus
1116 3680 1171 3725 et
1204 3672 1355 3742 [Iugo
1383 3673 1626 3728 liotbcrti
1653 3675 1718 3706 ¹⁸³

166 3749 286 3806 filius
310 3770 425 3809 cum
467 3756 781 3826 Ragenoldo
821 3760 887 3813 de
932 3775 1027 3814 sua
1079 3770 1221 3816 terra
1266 3764 1607 3819 securitatem
1653 3764 1720 3796 ¹⁸⁶

165 3844 511 3911 paciscuntur,
547 3857 606 3903 et
634 3848 971 3917 Ragenoldus
999 3866 1122 3906 cum
1149 3853 1261 3907 suis
1291 3852 1637 3908 Nortmannis
1668 3855 1721 3908 in

167 3929 500 4002 Burgnndiatn
555 3938 938 4006 proﬁciscitur.
996 3940 1420 4009 llluminationes
1478 3942 1723 3997 candela—

168 4038 267 4078 rnm
299 4027 395 4082 hoc
415 4043 563 4084 anno
593 4030 774 4084 multa:
803 4046 898 4100 per
924 4032 1134 4087 diversa
1174 4032 1408 4088 Frantize
1429 4034 1564 4099 loca,
1603 4044 1724 4090 orto

169 4125 361 4183 repente
380 4119 605 4182 lumine.
627 4119 807 4181 factae.
838 4130 892 4176 et
918 4123 1153 4179 visiones
1178 4134 1484 4179 sanctorum
1511 4126 1723 4181 cuidam

171 4208 454 4278 presbytero
498 4212 720 4266 nomine
767 4211 991 4268 Ebrnlfo
1031 4213 1082 4266 in
1131 4213 1302 4268 villari
1334 4214 1574 4269 Musonio
1603 4231 1727 4286 pro-

171 4297 295 4352 anno
319 4303 663 4357 comnanenti
692 4302 757 4334 ⁸⁸⁷
788 4312 1018 4357 ostensa:
1039 4302 1127 4357 ⁸⁸⁸.
1178 4305 1358 4360 ltemis
1399 4305 1450 4359 in
1482 4307 1724 4361 :ecclesia

170 4398 342 4445 sancte
366 4392 551 4448 Mariae
586 4394 982 4466 sollempnitate
1010 4396 1251 4451 omnium
1273 4408 1582 4453 sanctorum
1610 4400 1728 4468 qui-

1819 3213 2023 3269 tutandi
2071 3208 2243 3285 gratia
2286 3220 2566 3283 petentes,
2607 3210 2870 3275 evadunt;
2916 3216 3226 3262 nostrorum
3276 3218 3416 3257 vero.

1817 3305 2015 3374 quique
2060 3303 2435 3376 regrediuntur
2473 3302 2539 3356 ad
2574 3316 2691 3354 sua.
2729 3298 2956 3369 Jejuniis
2987 3297 3171 3367 itaque
3208 3293 3415 3361 emptis

1818 3391 2390 3464 quadragesimalibus,
2414 3390 2752 3454 Heribertus,
2776 3403 2896 3442 cum
2918 3385 3219 3443 Gisleberto
3251 3381 3403 3436 inde-

1817 3500 1924 3554 que
1974 3499 2094 3537 cmn
2143 3482 2363 3553 llugnne
2409 3482 2639 3544 locutus,
2689 3494 2865 3549 regem
2915 3474 3168 3530 accersiit
3216 3472 3287 3504 ³⁸⁸
3335 3486 3403 3527 ex

1819 3573 2157 3642 Burgundia;
2193 3572 2284 3640 qui
2326 3570 2641 3625 festinanter
2680 3567 2970 3622 adveniens
2996 3604 3011 3628 ,
3047 3563 3401 3618 Camaracum

1818 3662 2261 3717 Lothariensibus
2317 3672 2477 3731 atque
2538 3660 2843 3715 Gisleberto
2895 3654 3251 3726 proﬁciscitur
3300 3653 3400 3706 ob-

1821 3754 1984 3807 viam.
2026 3752 2235 3821 Quique
2274 3753 2373 3806 boc
2417 3750 2666 3821 placitum
2711 3749 3045 3809 omittentcs,
3091 3757 3251 3812 super
3292 3740 3402 3795 Illo-

1822 3860 1935 3900 sam
1976 3844 2041 3897 ad
2078 3858 2201 3897 eum
2242 3841 2494 3905 veniunt,
2525 3839 2716 3908 suique
2742 3835 3077 3891 Gislebertus
3100 3840 3154 3887 et
3175 3830 3307 3886 Otto
3331 3826 3403 3864 ³⁸³

1821 3934 2030 3992 elﬁciun
2040 3942 2146 3992 tur.

1892 4025 2207 4083 Nortmanni
2232 4026 2295 4080 de
2318 4024 2560 4079 Rodomo
2582 4021 2757 4076 ftedus
2777 4018 2920 4091 quod
2939 4017 3066 4073 olim
3090 4020 3405 4088 pepigerant

1824 4119 2203 4189 irrttmpentes,
2247 4132 2438 4189 pagum
2465 4114 2847 4171 Belvacensem
2875 4121 3037 4183 atque
3078 4110 3404 4165 Ambianeu-

1825 4224 1935 4266 sem
1986 4206 2395 4277 depopulantur.
2440 4204 2717 4259 Ambianis
2766 4203 2962 4258 civitas
3006 4199 3144 4256 male
3186 4197 3404 4270 proviso

1825 4300 2245 4371 confugiendum
2293 4298 2415 4367 igne
2454 4312 2709 4351 succensa
2756 4304 2873 4361 est;
2922 4294 3001 4349 sie
3041 4301 3096 4348 et
3131 4287 3408 4347 Atrahatis

1826 4393 2002 4448 subito
2022 4399 2210 4445 exorto
2233 4386 2577 4458 conflagravit
2606 4386 2870 4441 incendio.
2897 4382 3211 4439 Nortmanni
3234 4391 3405 4447 usque

170 4475 273 4531 dam
312 4481 399 4536 diu
444 4464 793 4550 contractus,
830 4483 983 4552 cujus
1022 4501 1171 4541 coma
1215 4489 1466 4543 cruribus
1505 4464 1725 4545 inhzese-
1753 4464 1803 4522 D
1831 4482 1897 4538 ad
1927 4481 2312 4549 Nnviomagum
2356 4480 2649 4547 praedatum
2702 4477 2920 4530 veniunt
2943 4514 2958 4537 ,
3002 4480 3057 4528 et
3097 4469 3406 4526 suburbana

173 4580 275 4623 rant
306 4572 369 4609 ιε’
390 4572 598 4639 junctae
627 4573 886 4646 poplitum
915 4576 981 4607 "°
1011 4576 1191 4630 nervis
1219 4576 1289 4629 ita
1317 4578 1583 4640 retractis,
1615 4578 1725 4631 vir-

174 4666 269 4715 tute
299 4663 475 4720 divina
511 4666 722 4721 solutus
750 4675 805 4721 et
828 4676 1042 4721 erectus
1084 4666 1150 4698 ⁸⁹¹
1190 4675 1292 4721 est.
1351 4666 1589 4737 llungari
1633 4669 1723 4738 qui

173 4745 394 4808 Gothiam
418 4756 722 4817 vastabant,
760 4764 962 4826 pestem
991 4758 1256 4826 quandam
1286 4758 1549 4828 perpessi,
1580 4758 1725 4826 capi-

177 4844 269 4892 tntn
311 4841 585 4900 inﬂatione
632 4860 697 4900 ac
743 4844 1050 4900 dissinteria
1092 4861 1232 4915 pene
1287 4846 1489 4911 cuncti,
1541 4847 1725 4915 paucis

175 4931 521 4999 cudentibus,
581 4935 895 4991 nuntiantur
939 4949 1060 4989 esse
1118 4937 1441 5007 consumpti.
1499 4940 1655 4991 Anno

1831 4573 2180 4629 succendunt.
2209 4567 2516 4625 Castelliani
2542 4567 2610 4599 ²¹⁹
2631 4582 2752 4621 cum
2776 4561 3098 4618 suburbanis
3125 4557 3407 4629 egredien-

1834 4674 1934 4727 tes,
1962 4662 2321 4717 Nortmannos
2355 4657 2636 4727 repellunt,
2678 4662 2924 4709 sternunt
2949 4666 3088 4722 quos
3129 4654 3403 4720 poterant,

1828 4762 2039 4823 partem
2068 4751 2307 4806 suburbii
2341 4748 2590 4803 liberant.
2614 4746 2934 4814 Bajucenses
2961 4740 3175 4796 interim
3205 4747 3404 4794 terram

1831 4843 2285 4898 Nortmannorum
2332 4839 2473 4895 ultra
2516 4838 2822 4908 Sequanam
2864 4835 3259 4906 deprzedantur.
3293 4831 3410 4898 Quo

1832 4946 2109 5005 comperto
2138 4931 2395 4989 Parisiaci
2422 4932 2517 5003 ³η,
2563 4939 2619 4986 et
2663 4931 2766 5002 ipsi
2800 4943 3015 5000 quoque
3037 4925 3105 4957 ’³³
3135 4941 3259 4981 cum
3294 4920 3413 4993 qui-

1413 5046 1644 5103 VARIJE
1676 5043 1968 5102 LECTION
1976 5046 2081 5102 ES.

240 5134 298 5167 ¹⁷¹
324 5135 444 5192 fecit
470 5139 526 5192 2.
566 5137 619 5191 5.

174 5212 409 5274 malarum
461 5208 515 5261 2.
624 5209 692 5242 ⁸⁷⁷
744 5206 1069 5274 contemptio
1114 5208 1170 5261 2.

723 5138 792 5171 ¹⁷²
826 5153 930 5191 non
957 5134 1123 5190 multa
1143 5137 1228 5193 5a.
1292 5136 1360 5170 ⁸⁷³
1379 5135 1634 5206 quicquid
1658 5136 1711 5189 2.
1741 5136 1794 5206 5.
1854 5134 1922 5206 ‘_"
1945 5136 2222 5190 civitatem
2248 5132 2304 5186 2.
2367 5131 2442 5206 ξπ
2474 5131 2626 5206 linere
2650 5128 3055 5206 suprascriptum
3084 5124 3153 5206 l._
3197 5124 3418 5206 mpnf.

1272 5207 1340 5240 ¹⁷⁸
1386 5203 1581 5275 rageua
1591 5206 1725 5275 rium
1749 5204 1823 5275 Δ⁸2..
1856 5203 1909 5275 3.

170 5270 225 5307 ¹⁸²
249 5276 509 5326 rainnldtts
560 5277 623 5326 I-
679 5270 984 5326 rainnnltlus
1033 5274 1088 5326 ‘2.
1139 5270 1545 5326 rauennlt'lus'5.
1620 5275 1688 5307 ⁸⁸³
1709 5272 1871 5326 libras
1892 5273 1983 5326 3a.
2054 5275 2118 5309 ηδ
2150 5272 2362 5326 renetiit
2387 5270 2443 5324 '5.

2983 5194 3047 5226 ¹⁸¹
3102 5194 3328 5249 absenté
3370 5193 3415 5242 1ο

2500 5201 2567 5234 ²⁸¹
2601 5198 2811 5267 lingune
2861 5198 2909 5255 Ι,
2944 5260 2949 5265 ο
2983 5198 3047 5226 ¹⁸¹
3102 5198 3328 5249 absente
3370 5198 3385 5241 Ι

2525 5268 2592 5301 1³⁸
2622 5268 2658 5316 l‘.
2688 5267 2753 5316 Ιί.
2782 5266 2835 5316 2.
2863 5266 2916 5316 5.
2998 5260 3066 5294 ³⁸⁸
3098 5260 3329 5316 deesi‘i.
3362 5260 3394 5314 5

2525 5268 2592 5301 ¹⁸⁸
2622 5260 2753 5320 ΐβΙί.
2782 5266 2835 5319 2.
2863 5266 2916 5317 5.
2944 5260 2949 5265 ’

2002 5207 2070 5239 ¹⁷⁹
2101 5213 2338 5258 οιῑοωιη
2367 5201 2424 5255 5.
