3872 5326
459 336 571 399 439

1536 335 1922 393 FLODOARDI
1960 330 2279 389 CANONIG!
2320 328 2657 385 REMENSlS

3618 320 3713 373 ιω

462 449 749 506 Rodull’um
770 456 823 504 et
848 443 1190 502 lleribertum
1230 444 1484 503 comitem
1527 452 1805 516 sequester
1843 454 1897 499 et
1927 456 2038 497 me-
2063 445 2116 504 Α
2142 439 2338 503 reddit,
2381 439 2502 492 data
2545 436 2648 492 sibi
2701 434 2803 489 alia
2850 429 3364 500 recompensationis
3412 429 3488 468 ’³ο
3517 423 3708 498 gratia;

461 540 584 595 dius
630 539 748 603 fuit,
793 548 848 593 et
894 539 964 594 ab
1015 537 1296 593 Heriberto
1343 538 1560 593 obsides
1601 536 1827 604 accepit,
1867 534 2041 588 donec

462 631 657 685 iterum
679 628 1177 684 ad°denominatmn
1218 629 1471 699 placitum
1518 627 1889 683 convenirent.
1922 622 2041 690 Quo

462 723 623 780 laeto.
640 720 902 776 Rodull'us
925 721 978 775 in
1000 720 1366 790 Burgundiam
1394 721 1701 781 revertitur,
1729 733 1833 772 non
1858 716 2043 770 valens

461 813 688 864 suadere
733 809 946 881 coniugi
993 824 1105 865 sua:
1148 810 1407 864 Lauduno
1448 810 1749 865 discedere.
1783 807 1854 862 At
1888 805 2041 861 lleri-

463 900 651 954 hertus
679 914 862 954 comes
884 899 1068 955 Remis
1090 914 1209 954 cum
1232 899 1428 954 Karolo
1458 900 1624 965 venit,
1648 899 1875 967 indeque
1897 896 2042 950 litte-

461 1005 556 1045 ras
591 990 753 1044 mittit
805 989 1027 1044 Romam
1073 988 1302 1045 Johanni
1336 1005 1510 1059 papae,
1556 988 1864 1059 signiﬁcans
1890 987 1936 1039 ci
1972 992 2041 1025 *θ’

462 1082 532 1136 de
559 1080 898 1135 restitutione
931 1088 987 1134 et
1034 1081 1238 1136 honore
1262 1079 1462 1140 Karoli,
1501 1088 1561 1135 ut
1608 1080 1697 1134 ille
1739 1079 1838 1132 sibi
1876 1077 2041 1131 etiam

469 1174 571 1229 sub
595 1174 1170 1229 excommunicationis
1220 1175 1656 1232 interminatione
1696 1174 2044 1228 mandaverat

468 1280 530 1321 se
558 1280 655 1335 pro
684 1266 886 1321 ria-ibus
910 1264 1209 1319 decertare.
1238 1263 1499 1319 Rodult'us
1535 1279 1625 1319 rex
1651 1274 1704 1319 et
1727 1260 2044 1318 Reribertus

466 1373 651 1414 comes
679 1358 874 1413 iterum
899 1356 965 1411 ad
993 1356 1246 1427 piacitum
1267 1357 1377 1426 jam
1405 1355 1545 1411 infra
1574 1355 2040 1426 quadragesimam

463 1448 709 1503 veniunt.
762 1447 965 1518 Regina
1032 1462 1170 1501 uxor
1226 1446 1436 1502 Rodulﬁ
1501 1446 1818 1502 Laudunnm
1880 1445 2043 1499 relin-

463 1538 584 1607 quit.
609 1537 701 1601 "°,
726 1545 779 1591 et
810 1536 862 1589 in
895 1535 1254 1604 Burgundiam
1298 1536 1457 1590 redit.
1498 1534 1817 1590 Ileribertus
1861 1547 2043 1588 cernes

462 1626 725 1682 Lauduno
754 1626 978 1696 potitur,
1004 1634 1061 1681 et
1088 1626 1282 1681 eximie
1306 1626 1559 1696 placitum
1603 1642 1724 1681 cum
1756 1624 2044 1678 Nortman-

463 1715 549 1769 nis
596 1715 815 1779 habuit,
865 1714 1085 1783 ipseque
1111 1715 1179 1746 ³⁷⁸
1225 1724 1279 1769 et
1332 1714 1484 1785 [Iugo
1522 1716 1590 1747 ’7'
1631 1714 1928 1769 amicieiam
1969 1713 2041 1746 ³⁷³

461 1822 585 1861 cum
634 1806 714 1861 eis
762 1805 1098 1877 pepigerunt.
1148 1806 1314 1860 Filius
1364 1816 1542 1862 tamen
1587 1806 1858 1861 Heriberti
1904 1805 2042 1870 Odo,
2074 1819 2118 1877 Β

461 1913 623 1967 quem
664 1896 819 1951 Rullo
864 1898 1097 1953 habebat
1149 1899 1430 1964 obsidem,
1489 1914 1594 1954 non
1659 1899 1901 1953 redditur
1948 1898 2044 1963 illi,

462 1990 637 2044 donec
679 2003 737 2043 se
780 1988 1069 2043 committit
1093 1988 1287 2043 Karulo
1314 2000 1467 2060 pater
1502 2005 1625 2044 cum
1672 1990 1791 2044 aliis
1821 1990 2041 2058 quihus-

462 2080 586 2134 dam
634 2079 879 2134 Francire
926 2080 1213 2135 comitibus
1253 2088 1308 2134 et
1344 2081 1628 2151 episcopis.
1676 2080 2046 2151 Tempestates

459 2173 632 2228 varia
668 2172 895 2227 diversis
921 2172 1052 2229 locis
1078 2172 1260 2227 ell'usze
1280 2174 1372 2226 ³⁷⁸.
1418 2171 1668 2242 Otgarius
1719 2171 2048 2226 Ambianen-

464 2264 607 2318 sium
638 2263 850 2333 pnesul,
883 2264 966 2318 vir
1000 2272 1225 2318 sanctus
1274 2273 1328 2319 et
1378 2264 1567 2334 plenus
1608 2264 1840 2327 dierum,
1880 2262 2042 2326 obiit;

462 2354 617 2423 cuius
652 2356 763 2410 vita
791 2369 960 2426 usque
1000 2355 1067 2411 ad
1106 2371 1275 2409 annos
1323 2364 1537 2411 centum
1575 2364 1630 2410 ct
1664 2355 1896 2424 amplius
1923 2369 2046 2424 pro-

462 2445 625 2501 telita
674 2447 743 2480 ³⁷⁸
786 2445 1039 2503 refertur.
1088 2445 1405 2501 lleribertus
1431 2461 1614 2502 comes
1636 2447 1902 2515 quandam
1937 2463 2047 2499 mu-

460 2535 724 2592 nitionem
753 2537 982 2592 ﬁliorum
1020 2537 1261 2609 Rotgarii
1303 2539 1397 2601 m,
1426 2553 1592 2607 quam
1622 2539 1807 2593 dicunt
1831 2538 2044 2592 Morita-

465 2626 612 2680 niam
643 2627 713 2660 ’τ’
735 2626 871 2696 (58),
901 2642 1063 2695 super
1105 2627 1355 2682 Scaldum
1384 2628 1601 2681 [luvium
1626 2628 1695 2660 ³⁷⁸
1718 2630 1768 2681 vi
1807 2628 1952 2697 cepit
1992 2635 2049 2681 et

466 2714 655 2768 «ii-ruit.
692 2714 898 2769 Interea
924 2716 1118 2768 missus
1146 2713 1409 2770 lleribcrti
1440 2715 1653 2771 comitis
1676 2715 1846 2769 Ruina
1875 2730 2056 2770 rever-

474 2801 627 2866 titur,
675 2802 929 2858 nuntians
969 2803 1267 2859 Iohannem
1309 2820 1500 2874 papam
1532 2821 1560 2859 a
1584 2805 1836 2871 Widonc,
1884 2805 2050 2861 fratre

467 2891 709 2963 Bugonis
732 2893 802 2926 ⁸⁷⁸
831 2894 991 2965 regis,
1022 2902 1240 2964 propter
1264 2894 1590 2949 simultatem
1615 2896 1884 2965 quandam
1909 2896 2050 2950 inter

467 2986 589 3041 illos
614 2996 859 3041 exortam
898 2997 1165 3042 retrusum
1197 2989 1265 3028 ’⁸ο
1305 2987 1358 3041 in
1386 3002 1684 3043 carcerem.

539 3077 826 3136 Odalricus
867 3079 935 3113 ’⁸⁸
978 3080 1244 3150 Aquensis
1287 3079 1402 3151 (59)
1447 3080 1665 3149 quidam
1711 3080 1991 3150 episcopus
2017 3080 2049 3115 ‘

2143 535 2473 598 pacatorque
2504 533 2614 579 tam
2651 524 2765 593 ipse
2803 537 2963 592 quam
3017 520 3349 591 Ragenarius
3387 533 3513 574 cum
3551 516 3717 598 Gisie-,

2143 594 2299 672 berto
2325 594 2603 672 eticeteris
2631 610 3101 668 Lothariensibus.
3132 607 3284 678 Hugo
3311 615 3365 661 et
3404 594 3723 701 Heribcrtus:

2143 706 2212 762 ad
2245 705 2551 761 lleinricum
2577 704 2643 737 ’⁸⁷
2675 702 2925 772 colloquii
2968 715 3128 755 causa
3177 696 3613 767 proﬁciscuntur.
3642 697 3712 749 in-

2143 799 2315 867 deque
2362 804 2723 859 revertentes,
2774 794 2985 850 obviam
3029 800 3254 861 pergunt
3305 788 3418 858 regi
3472 786 3709 839 Badull'o.

2148 887 2460 957 Rursusque
2491 885 2804 940 lleribertus
2843 899 2901 938 se
2946 882 3021 937 illi
3055 879 3365 940 committit,
3416 878 3609 930 iterum
3639 891 3714 929 re-

2144 978 2301 1033 dacto
2343 976 2443 1031 sub
2487 975 2731 1032 custodia
2789 972 3019 1037 Karolo;
3075 969 3270 1025 deinde
3322 982 3450 1022 cum
3498 964 3713 1019 Rodult'o

2145 1068 2508 1138 proﬁciscitur
2540 1069 2593 1123 in
2642 1065 3003 1137 Burgundiam
3031 1062 3261 1118 .obviam
3302 1058 3517 1129 llugoni
3562 1057 3715 1112 italia:

2147 1162 2281 1232 regi.
2317 1158 2609 1215 Vindemiae
2645 1174 2780 1228 pene
2817 1166 3149 1227 peraguntur
3190 1153 3328 1208 infra
3361 1165 3602 1205 mensem
3625 1147 3714 1203 Au-

2145 1259 2380 1318 gustum.
2409 1248 2561 1318 llugo
2588 1262 2684 1302 rex
2720 1246 2924 1303 habens
2957 1244 3281 1313 colloquium
3320 1256 3445 1295 cum
3478 1238 3711 1300 Rtnlulfo,

2145 1339 2291 1394 dedit
2341 1338 2625 1394 lleriberto
2661 1336 2843 1391 comiti
2894 1333 3214 1404 provintiam
3250 1330 3612 1384 Viennensem
3652 1329 3713 1359 ’³⁸

2145 1430 2261 1484 vice
2291 1428 2384 1483 ﬁlii
2414 1429 2495 1483 sui
2519 1426 2740 1482 Odonis.
2784 1425 2969 1479 Benno
3014 1422 3291 1476 Mettensis
3320 1419 3393 1452 ³⁸⁸
3415 1418 3710 1488 episcopus,

2146 1519 2355 1576 insidiis
2400 1522 2702 1588 appetitus,
2748 1516 2990 1570 eviratus
3043 1512 3442 1579 luminibusque
3488 1508 3715 1588 privatus

2143 1618 2244 1665 est.
2278 1607 2536 1663 Rodulfus
2594 1622 2684 1660 rex
2718 1604 2907 1660 Remis
2949 1603 3202 1666 veniens,
3241 1613 3431 1670 pacem
3458 1576 3583 1651 fecit
3606 1610 3712 1651 cum

2145 1698 2339 1754 Karolo
2357 1699 2409 1762 ‘,
2455 1697 2679 1752 reddens
2706 1695 2783 1749 illi
2816 1694 2886 1727 ²⁹⁰
2929 1692 3233 1747 Atiniacum
3255 1730 3270 1756 ,
3298 1688 3709 1754 muneribusque

2145 1792 2417 1846 honoraus
2463 1787 2634 1841 illum.
2655 1786 2814 1841 Anno

2222 1879 2275 1951 [⁵
2301 1879 2442 1934 Ibid.
2479 1878 2679 1933 Karolo
2698 1919 2714 1943 ,
2742 1876 3033 1951 humilians
3056 1890 3115 1930 se
3139 1885 3265 1930 ante
3291 1874 3471 1944 ipsius
3499 1886 3715 1942 praesen-

2226 1945 2356 2006 iiam
2385 1958 2447 2005 et
2476 1950 2726 2013 reddens,
2759 1945 2889 2017 etc.]

2754 2021 3146 2080 DCCCCXXIX
3660 2057 3663 2060 ι

2145 2108 2462 2164 Heribertus
2497 2114 2551 2162 et
2589 2105 2742 2177 [Iugo
2786 2104 3013 2158 comites
3059 2110 3245 2157 contra
3290 2101 3582 2165 Bosonem,
3620 2097 3714 2152 Ro-

2149 2199 2277 2254 dulﬁ
2309 2199 2448 2268 regis
2480 2198 2725 2261 fratrem,
2756 2197 3190 2266 proﬁciscuntur,
3225 2202 3451 2264 propter
3474 2192 3715 2261 quosdam

2148 2291 2419 2346 Rotbildis
2448 2291 2628 2344 alodcs
2660 2303 2829 2358 nuper
2851 2287 3135 2351 defuncta‘,
3167 2301 3301 2354 quos
3322 2300 3351 2337 a
3375 2284 3583 2338 Bosone
3614 2298 3715 2352 per-

2148 2395 2304 2434 vasus
2349 2381 2622 2449 repetebat
2667 2377 2838 2447 llugo,
2894 2392 3058 2446 gener
3103 2375 3269 2444 ipsius
3321 2372 3612 2427 Rothildis.
3654 2374 3713 2424 At

2148 2469 2461 2523 Hcriherltts
2490 2483 2672 2523 comes
2707 2465 3064 2521 Victoriacum
3102 2463 3234 2535 (6|),
3266 2462 3497 2516 Bosonis
3530 2460 3713 2516 castel‘

2148 2561 2280 2622 lum,
2313 2560 2474 2628 cepit,
2505 2568 2559 2614 et
2587 2558 2808 2628 posthac
2839 2557 2905 2587 ³³³
2951 2554 3192 2609 inducias
3229 2552 3361 2606 dant
3397 2551 3587 2605 Bosoni
3636 2565 3711 2602 uso

2147 2670 2252 2724 que
2278 2654 2342 2706 ad
2375 2652 2533 2706 ﬁnem
2564 2651 2687 2705 Maii
2715 2650 2936 2703 mensis.
2969 2648 3105 2700 Boso
3147 2649 3213 2699 ad
3261 2643 3572 2697 Hcinricum
3604 2655 3713 2710 pro-

2148 2746 2342 2810 fectus,
2372 2760 2557 2813 pacem
2588 2741 2799 2812 publice
2831 2740 2899 2772 ²⁹²
2923 2740 3110 2807 jurare
3145 2734 3507 2805 compellitur.
3544 2730 3714 2784 Dcrol-

2150 2840 2249 2891 dus
2288 2836 2523 2891 medicus
2550 2835 2913 2903 episcopatum
2947 2829 3359 2883 Ambianensem
3389 2824 3460 2859 ’⁸³
3488 2820 3714 2891 adipisci-

2154 2934 2261 2990 tur,
2305 2926 2501 2980 Albcro
2552 2924 2898 2988 Metteuscm;
2950 2920 3186 2974 Bennoni
3233 2917 3468 2987 quadam
3520 2910 3711 2967 abbatia

2151 3032 2409 3072 concessa
2458 3014 2866 3071 snstentationis
2920 3022 3105 3068 tenore
3154 3009 3244 3063 ’9‘.
3302 3007 3617 3062 lleribertus
3670 3012 3715 3057 et

2152 3106 2305 3175 liupo
2337 3105 2768 3161 Monasteriolum
2803 3104 2934 3175 (62),
2969 3102 3247 3157 castellum
3279 3098 3488 3153 Erluini
3516 3095 3606 3158 m,
3636 3093 3713 3147 ﬁlii

498 3203 509 3213 '
547 3187 605 3260 ι*
632 3186 774 3264 Hist.
796 3188 941 3242 Rem.
967 3205 1039 3253 Iv,
1061 3189 1150 3243 2‘2.
1181 3186 1499 3264 Episcopus,
1526 3190 1616 3257 qui
1637 3190 1705 3241 ob
1725 3189 2051 3264 persecutio-
2078 3167 2121 3228 Ο
2156 3167 2401 3264 Ηίιξςειυάί
2426 3194 2661 3257 comitis,
2687 3167 2955 3258 obsident,
2987 3193 3310 3258 tandemque
3336 3187 3572 3256 acceptis
3593 3181 3714 3237 obsi-

548 3258 670 3313 iiem
701 3258 1125 3313 Sarracenorum
1155 3275 1184 3311 a
1217 3260 1343 3314 sede
1372 3258 1469 3313 Sua
1505 3258 1856 3329 recesserat.]

473 3371 528 3427 in
555 3371 797 3427 acclesia
850 3369 1106 3425 Rcmensi
1132 3371 1201 3404 ¹³¹
1243 3370 1499 3440 recipitur
1542 3370 1610 3425 ab
1638 3369 1919 3424 Heriberto
1964 3385 2052 3423 co-

474 3462 607 3518 mite
638 3461 706 3516 ad
734 3461 1128 3523 celebrandum,
1153 3459 1456 3530 episcopale
1496 3462 1773 3514 dumtaxat
1819 3459 2057 3513 ministe-

476 3553 616 3608 rium
641 3553 760 3609 vice
785 3551 1044 3624 Hugonis,
1077 3552 1244 3621 ipsius
1265 3552 1476 3607 comitis
1501 3551 1593 3605 lilii
1622 3552 1797 3605 adhuc
1828 3551 2054 3619 parvuli,

477 3644 900 3713 concediturque
942 3644 1041 3714 ipsi
1075 3643 1328 3700 Odalrico
1372 3644 1584 3699 abbatia
1627 3653 1834 3697 tantum
1884 3644 2056 3698 sancti

476 3735 746 3792 Timothei
774 3751 893 3791 cum
925 3736 1211 3807 prrebenda
1260 3736 1541 3791 canonica.
1585 3735 1889 3799 lleinricus,
1918 3736 2056 3790 Ger-

476 3826 672 3881 mania:
701 3825 772 3858 ⁸⁸³
796 3826 1067 3897 princeps,
1117 3842 1238 3882 cum
1286 3826 1627 3880 multitudine
1666 3825 2057 3881 Germanorum

478 3916 726 3970 Rhenum
754 3917 990 3982 transiit,
1022 3926 1076 3971 et
1122 3932 1281 3987 supra
1326 3916 1526 3971 Mosam
1560 3916 1803 3979 veniens,
1848 3915 2059 3969 obsidet

480 4006 750 4074 quoddam
781 4015 1020 4060 castrum
1049 4005 1273 4061 Bosonis
1313 4007 1526 4061 comitis
1568 4006 1785 4061 nomine
1835 4003 2063 4060 Durol‘o-

457 4095 623 4148 'stum
651 4092 784 4163 (60),
814 4109 910 4162 pro
936 4110 1002 4148 eo
1029 4097 1170 4165 quod
1220 4096 1358 4151 Boso
1397 4098 1464 4150 ad
1496 4096 1666 4165 legem
1703 4095 1887 4150 venire
1920 4095 2063 4150 nole-

480 4180 576 4235 bat
617 4183 683 4236 de
729 4184 1049 4252 quibusdam
1104 4185 1334 4239 abbatiis
1378 4195 1432 4239 et
1476 4195 1619 4238 terra
1672 4185 1742 4217 ¹⁸⁸
1786 4185 2062 4254 episcopa-

483 4278 634 4326 tltum
673 4273 764 4336 ³⁸³,
811 4290 971 4343 quam
1016 4276 1300 4345 potestatis
1343 4276 1665 4328 auctoritate
1720 4285 1958 4344 ceperat,
2008 4285 2063 4330 et

483 4364 836 4431 pertinaciter
871 4364 1106 4418 lleinrici
1149 4374 1416 4434 praecepta
1457 4378 1718 4433 spernens
1755 4365 2058 4429 detinebat;

485 4452 814 4523 mittensque
858 4456 925 4509 ad
976 4455 1260 4522 Bosouetn,
1312 4470 1498 4525 pacem
1540 4456 1789 4524 Spondet,
1830 4457 1874 4509 si
1908 4457 1972 4510 ad
2004 4471 2062 4510 se

481 4543 686 4600 Veniat.
719 4544 818 4611 Qui
867 4546 1103 4616 acceptis
1142 4547 1418 4602 obsidibus
1463 4556 1617 4616 pacto
1662 4549 1965 4602 securitatis
1996 4551 2062 4604 ab

488 4629 762 4699 lleiurico,
787 4636 936 4690 venit
959 4637 1025 4691 ad
1053 4651 1202 4701 eum,
1229 4637 1385 4707 eique
1428 4637 1733 4692 ﬁdelitatem
1779 4647 1833 4692 et
1875 4655 2058 4708 pacem

486 4737 655 4793 regno
673 4722 982 4793 iuramento
1010 4728 1296 4797 promittit,
1334 4737 1531 4783 terram
1574 4743 1734 4799 quam
1767 4728 1819 4782 vi
1847 4738 2062 4798 ceperat

2155 3284 2309 3339 dibus
2347 3292 2703 3337 revertuntur.
2749 3283 3022 3338 Iohannes
3054 3296 3211 3350 papa,
3260 3279 3387 3333 dum
3426 3296 3455 3329 a
3505 3273 3712 3346 quadam

2156 3377 2360 3446 potenti
2392 3375 2591 3428 femina
2620 3376 2937 3445 Cognomine
2968 3372 3196 3427 Marocia
3228 3370 3532 3439 principatu
3556 3365 3713 3436 priva-

2161 3475 2243 3519 tus
2269 3464 2368 3518 sub
2392 3465 2631 3519 custodia
2663 3465 3012 3525 detineretur,
3042 3471 3100 3515 ut
3120 3460 3336 3530 quidam
3363 3458 3442 3520 vi,
3473 3468 3528 3510 ut
3553 3452 3713 3524 plures

2157 3567 2425 3623 astruunl,
2456 3561 2606 3611 uetus
2637 3571 2859 3626 angore,
2891 3553 3217 3624 defungitur.
3263 3547 3497 3604 liarulus
3522 3555 3713 3615 quoque

2161 3665 2249 3703 rex
2287 3650 2354 3680 ""
2381 3648 2519 3717 ame
2552 3648 2841 3702 Perronam
2874 3649 2942 3682 "7
2970 3647 3121 3700 obiit.
3170 3643 3430 3699 Simultas
3466 3642 3601 3696 inter
3623 3637 3713 3691 ﬂu-

2159 3755 2347 3809 goncm
2396 3748 2450 3793 et
2496 3738 2836 3793 llerihertum
2890 3737 3116 3792 comites
3164 3734 3457 3797 exoritur,
3521 3734 3713 3797 recepto

2162 3827 2417 3881 lietluiuo
2447 3829 2513 3883 ab
2546 3829 2766 3897 I‘lugonc
2805 3842 2925 3880 cum
2956 3836 3101 3879 terra
3145 3820 3275 3887 sua,
3316 3831 3372 3877 et
3409 3819 3649 3874 Hilduino
3668 3816 3713 3878 ⁸,

2231 3919 2279 3994 ί*
2313 3920 2386 3975 II.
2415 3920 2477 3974 It.
2504 3937 2576 3985 iv,
2607 3920 2698 3982 9.3,
2728 3919 2943 3974 Necnon
2975 3930 3029 3974 et
3056 3914 3339 3988 Arnaldo.]

2158 4013 2247 4083 qui
2278 4020 2391 4065 erat
2422 4011 2676 4082 Hugonis,
2707 4010 2775 4066 ab
2807 4012 3110 4066 ller'rhcrto.
3146 4006 3256 4063 Vite
3298 4006 3514 4076 Alpium
3552 4018 3579 4057 a
3604 4002 3711 4056 Sar-

2160 4101 2371 4156 raeeuis
2402 4100 2656 4165 obscssm,
2692 4116 2722 4154 a
2770 4101 2963 4170 quibus
2996 4099 3147 4153 multi
3196 4095 3424 4152 Romam
3467 4087 3712 4167 proﬁcisci

2161 4194 2422 4260 volentes,
2454 4194 2691 4266 impediti
2722 4198 3085 4248 revertuntur.
3116 4192 3272 4244 Anno

2758 4280 3123 4338 DCCCCXXX

2160 4374 2420 4429 liodull’us
2448 4391 2539 4429 rex
2590 4375 2914 4428 Nortmanos
2956 4373 3020 4426 de
3060 4368 3372 4440 Ligeri,qui
3396 4362 3707 4435 Aquitaniam

2166 4464 2659 4532 deprzulalionibus
2719 4463 2789 4495 ’⁸⁸
2852 4460 3222 4524 infestabant,
3276 4458 3330 4512 in
3367 4472 3506 4527 pago
3545 4454 3709 4508 Lemo-

2169 4553 2347 4608 vicino
2394 4553 2508 4587 ⁸³⁸*
2542 4569 2649 4607 uno
2684 4551 2876 4622 prmlio
2923 4566 3058 4621 pene
3087 4547 3305 4608 delevit,
3338 4556 3394 4599 et
3438 4542 3709 4612 Aquitanos

2238 4641 2291 4715 [³οι
2319 4641 2393 4697 Η.
2416 4641 2479 4695 R.
2505 4658 2579 4705 tv,
2610 4642 2699 4696 9.5.
2732 4642 2791 4696 C.
2825 4640 2995 4694 sancti
3043 4635 3282 4707 Rcmegii
3332 4622 3707 4699 municipium]

2169 4731 2272 4785 sibi
2321 4733 2567 4787 subditos
2606 4731 2749 4786 fecit.
2794 4730 3114 4785 lleribcrlus
3155 4724 3456 4781 Arnoldum
3503 4720 3588 4785 ³⁸⁸,
3634 4715 3709 4786 qui

1791 4820 2023 4876 VARle
2065 4822 2462 4879 LECTIONES.

564 4924 796 4997 "’“deest
838 4927 886 4997 l.
993 4929 1065 4962 ’⁷ο
1094 4929 1306 4997 reliquit
1334 4930 1389 4982 ’5.
1420 4927 1846 4995 τοι-νμτριίηεμιῐι
1884 4928 1937 4981 2.

493 4994 567 5025 ηδ
592 4993 841 5028 amr-leuam
860 4996 893 5028 ο
986 4998 1057 5028 1⁸18
1082 4993 1286 5028 πηιιιζο..
1319 4999 1353 5028 0
1405 5001 1435 5028 ’π
1543 4998 1648 5028 ’τοι

2033 4931 2100 5028 I’“
2130 4931 2248 5028 ipie
2270 4932 2321 4985 :2.
2381 4936 2450 4965 ’⁷³
2488 4932 2551 4986 ll.
2586 4932 2727 4987 ﬁlius
2749 4931 2996 5028 Ro’tli’erti
3022 4929 3077 5028 ζ’),Ἰ

1690 4999 1898 5028 Ιηοηηίῖω
1947 4998 2124 5028 ...ΙΙ-σι-

3158 4926 3229 4957 ²⁷³
3255 4925 3643 4993 amicitiamque
3661 4921 3704 4970 Ξ.

3158 5010 3268 5028 mm.
3298 4996 3321 5028 ι
3433 4996 3503 5027 ιη
3531 4986 3689 5028 dum).

3565 5009 3648 5028 Δδιῐ
3662 5009 3689 5028 V.

2831 5000 2899 5028 2⁸17
2933 4999 3268 5028 ..ιηκῖιηιηιὶηι
3298 4996 3321 5028 Ι
