3872 5326
135 336 218 392 ιιι
1569 329 1907 387 ΑΝΝΑιεδ.

3249 332 3353 389 ΗΞ

137 457 238 509 mt
268 442 524 517 llugonis,
556 441 779 513 recepit.
811 441 1019 499 Diversi
1053 447 1230 496 motus
1251 441 1526 511 agitantur
1559 443 1672 499 bel-
1703 459 1746 514 Α
1779 457 1863 502 tus
1892 446 2126 516 obriguit
2158 447 2337 503 nervis
2368 450 2438 481 m
2470 457 2577 503 tam
2622 462 2876 502 manuum
2907 461 3069 516 quam
3116 445 3350 511 basium,

137 544 287 595 lorum
312 552 405 608 per
433 534 717 590 Franciam
742 534 885 588 inter
916 532 1195 602 llogonem
1230 542 1282 587 et
1306 531 1672 589 lleribertum.

139 629 374 687 Bodulfus
403 642 499 681 rex
525 627 579 680 in
603 624 890 680 Franciam
918 625 1164 685 veniens,
1191 640 1376 695 pacem
1405 625 1551 680 inter
1576 636 1673 680 eos

140 732 278 790 atque
300 719 366 751 ³⁸³
394 717 659 779 Bosonem
690 715 862 771 multo
894 714 1080 770 labore
1115 731 1213 786 per
1239 714 1449 770 diversa
1477 715 1674 785 placita

141 811 412 881 componit;
470 817 523 863 et
576 799 913 863 lleribertus
952 805 1313 863 Vietoriaenm
1357 807 1427 839 ³⁶¹
1480 807 1675 862 Bosnui

142 904 312 959 reddit.
336 899 616 955 Adelelmo
654 899 1093 953 Laudunensium
1136 897 1364 967 praesule
1396 896 1676 963 defuncto,

141 998 414 1066 Calpenus
439 995 511 1026 ⁸⁸³
548 1008 716 1063 nepos
742 993 859 1063 ejus
885 992 1217 1063 episcopium
1243 991 1315 1023 m
1341 992 1673 1061 adipiscitur.

144 1090 427 1144 lleribertus
473 1086 750 1140 Auscllum
786 1084 1011 1140 Bosonis
1044 1084 1328 1151 vaSallum,
1369 1084 1460 1154 qui
1491 1084 1674 1139 Victo-

146 1180 321 1235 riacurn
367 1177 435 1210 ⁸⁸⁸
483 1176 722 1240 tenebat,
766 1191 887 1230 eum
935 1176 1052 1244 ipso
1091 1174 1316 1229 castello
1365 1174 1578 1243 recipit,
1624 1182 1681 1227 et

150 1270 462 1325 Codiciacum
512 1267 587 1321 illi
619 1281 741 1321 cum
788 1264 891 1318 alia
938 1274 1081 1320 terra
1130 1263 1397 1318 concedit.
1455 1261 1680 1317 Bodulfo

147 1374 250 1430 rege
274 1359 321 1411 in
347 1352 708 1428 Burgundiam
736 1369 1003 1425 regresso,
1027 1354 1412 1409 Lotbarienses
1434 1353 1485 1408 in
1514 1352 1682 1406 Fran-

151 1452 264 1505 ciam
290 1463 403 1501 cum
433 1446 740 1502 Gisleberto
771 1446 984 1499 obviam
1013 1445 1223 1516 Hugoni
1254 1444 1327 1477 ³ο·
1362 1440 1601 1509 veniunt,
1627 1453 1683 1498 et

150 1542 363 1617 oppidan
386 1540 655 1609 quoddam
686 1539 900 1593 nomine
938 1539 1197 1607 Duagium
1242 1537 1376 1609 (63),
1406 1536 1544 1605 quod
1577 1537 1683 1589 Ar-

151 1634 311 1688 noldus
338 1634 577 1697 tenebat,
603 1633 852 1688 adactum
883 1632 1163 1686 obsidione
1189 1632 1426 1702 capiunt.
1474 1630 1683 1685 Interea

152 1724 362 1779 homines
381 1723 610 1777 Bosonis
646 1722 1008 1778 Victoriacum
1039 1723 1341 1792 proditione
1390 1722 1679 1790 recipiunt,

1779 538 2063 607 ruentiquc
2086 538 2187 593 sibi
2215 539 2504 607 pavimenti
2531 554 2594 594 os
2620 539 2795 592 visura
2820 545 2903 592 est
2944 537 3238 591 adbaasisse
3267 537 3350 591 la-

1778 629 1921 699 pidi;
1951 644 2058 699 quo
2084 629 2243 700 paulo
2268 637 2389 699 post
2437 629 2694 691 resoluto,
2744 638 2852 683 tam
2902 629 3149 683 manibus
3186 644 3349 698 quam

1778 721 2026 776 cruribus
2059 721 2235 791 rigore
2278 721 2610 784 constrictis,
2652 717 2894 774 defertur
2923 719 3214 773 immobilis
3245 719 3350 783 m;

1779 822 1943 883 atque
1965 821 2085 881 post
2125 812 2309 882 quinta
2340 813 2426 867 die
2455 811 2724 866 dominica
2752 811 2821 843 ⁸⁵³
2850 821 3041 864 manus
3080 810 3129 865 ei
3180 808 3353 863 resol-

1778 914 1979 959 vuntur
2025 906 2093 959 ad
2132 905 2376 969 missam,
2407 914 2463 959 et
2513 920 2672 958 crura
2717 902 2971 957 similiter
3016 902 3082 955 ad
3133 902 3357 955 missam

1779 995 2197 1065 quintadecima.
2220 996 2318 1051 Cui
2348 1009 2436 1050 res
2463 995 2655 1050 similis
2681 994 2769 1048 die
2796 992 3226 1047 circnmcisioais
3254 993 3356 1046 Do-

1781 1086 1911 1141 tnini
1942 1094 2068 1140 ante
2096 1086 2336 1155 quinque
2368 1100 2539 1139 annos
2568 1084 2619 1138 in
2647 1083 2833 1138 eadem
2866 1081 3140 1136 acciderat
3169 1080 3357 1136 accele-

1780 1176 1881 1240 sia,
1912 1185 1966 1230 et
1991 1175 2258 1230 resolutus
2288 1176 2488 1230 ibidem
2518 1184 2639 1243 post
2671 1174 2893 1243 triginta
2922 1173 3039 1228 dies
3067 1172 3137 1204 ³³³
3162 1172 3215 1227 in
3240 1172 3359 1243 ipsa

1780 1267 2171 1338 purificatiouis
2200 1266 2377 1320 fuerat
2403 1266 2787 1321 sollemnitate.
2916 1284 2923 1290 ·
3332 1266 3339 1271 ’

1851 1358 2165 1422 Rotbertus,
2197 1358 2637 1426 archiepiscopus
2683 1355 2754 1388 “"
2796 1354 3132 1411 Turonensis
3176 1354 3366 1409 tecele-

1782 1450 1897 1513 siae,
1928 1449 2099 1502 Roma
2126 1463 2394 1509 remeans,
2437 1447 2537 1501 sub
2582 1445 2808 1514 Alpibus
2844 1452 3007 1501 noctu
3061 1443 3197 1497 infra
3250 1453 3365 1497 ten-

1784 1542 1920 1596 toria
1948 1556 2071 1595 cmn
2097 1539 2479 1594 comitantibus
2508 1554 2690 1593 secum
2716 1536 3048 1591 interimitur
3075 1552 3104 1587 a
3138 1533 3364 1589 latroni-

1784 1634 1905 1687 bus.
1934 1630 2288 1694 Gislebertus,
2318 1630 2459 1683 filius
2482 1629 2752 1691 .‘ilanasse,
2774 1644 2802 1679 a
2835 1642 2959 1696 rege
2989 1624 3218 1679 ltodulfo
3245 1625 3364 1678 des-

1786 1724 1945 1777 ciscit
1969 1723 2041 1754 ³¹⁵
2071 1733 2289 1793 propter
2316 1720 2618 1776 Avalonum
2651 1719 2720 1752 ³³⁵
2752 1718 2866 1789 (64)
2907 1727 3170 1782 castrmn,
3224 1717 3365 1785 quod

154 1822 196 1867 et
216 1811 485 1867 Mosnnmm
517 1812 706 1866 fraude
741 1812 1059 1883 pervadunt.
1105 1810 1263 1873 Boso,
1319 1810 1521 1864 relictis
1565 1811 1687 1879 qui-
1715 1804 1760 1864 Β
1791 1816 1858 1869 ab
1886 1832 1951 1871 eo
1981 1816 2168 1870 Emma
2199 1815 2378 1883 regina
2406 1813 2724 1876 abstulerat,
2757 1810 3025 1880 simulque
3054 1809 3254 1864 recedit
3274 1808 3368 1871 Ri;-

153 1902 339 1957 busdain
366 1902 611 1957 lldelibus
640 1903 752 1957 suis
779 1902 845 1956 ad
887 1902 1184 1957 custodiam
1234 1900 1475 1965 Mosomi,
1524 1899 1687 1969 proli-

102 2028 105 2031 λ
157 1993 340 2048 eiscitur
360 1993 425 2047 ad
452 1992 787 2047 obsidionem
810 1992 975 2047 castri
1006 1979 1419 2061 prmnteinorati.
1445 1990 1513 2043 At
1539 1988 1690 2043 lleri-

159 2084 327 2149 bertus,
370 2100 399 2138 a
450 2083 777 2153 quibusdam
828 2083 1261 2138 Mosomensibus
1298 2082 1367 2114 ⁸⁸⁷
1408 2089 1686 2142 evocatus,

158 2178 418 2248 supervenit
434 2177 765 2247 insperatus,
789 2175 1216 2243 transmissaque
1230 2172 1375 2227 Mosa
1400 2172 1551 2225 vadis
1576 2171 1690 2223 inu-

159 2268 334 2337 pinatis.
363 2277 413 2322 et
441 2268 656 2321 intrans
681 2267 955 2337 oppidum,
986 2275 1140 2335 porta
1172 2266 1403 2319 latenter
1428 2278 1456 2316 a
1490 2262 1687 2317 eaStel-

161 2355 269 2409 laais
292 2355 309 2429 Ι
326 2356 392 2409 II.
417 2355 503 2422 R.,
535 2354 786 2427 civibus]
817 2364 1022 2424 aperta,
1049 2353 1306 2409 vassallos
1330 2352 1573 2414 Bosonis,
1599 2352 1689 2420 qni

161 2447 217 2502 ibi
239 2446 297 2480 ⁸⁸⁸
323 2448 484 2503 relicti
513 2449 586 2502 ad
615 2449 886 2502 munimen
923 2447 1024 2501 loci
1054 2445 1289 2511 fuerant,
1311 2458 1500 2498 clunes
1522 2443 1689 2511 capit.

164 2534 349 2593 Remis“
375 2538 512 2593 infra
527 2549 583 2593 et
603 2540 746 2594 circa
760 2537 1055 2593 acclesiam
1080 2545 1282 2590 saneta:
1303 2533 1485 2589 Maria:
1513 2533 1690 2586 lumen

219 2648 387 2724 [ηοω.
406 2651 609 2706 Eodem
628 2662 867 2720 tempore
879 2660 1004 2724 ante
1019 2649 1250 2705 natalem
1266 2646 1474 2701 Domini
1491 2644 1692 2724 Remis,

217 2717 520 2801 etc—appa
521 2736 659 2863 1reus
688 2717 754 2775 ad
782 2720 1073 2775 australem
1105 2728 1310 2789 partem
1332 2717 1692 2773 pertransisse

220 2804 368 2845 risum
395 2802 494 2846 est.

220 2804 368 2845 Visum
395 2802 494 2846 85L

168 2913 374 2970 magnum
400 2902 465 2955 ab
496 2898 804 2969 aquilonari
846 2906 901 2953 et
930 2898 1178 2955 orientali
1207 2906 1360 2969 parte
1383 2895 1544 2969 paulo
1572 2906 1696 2951 ante

172 2991 343 3046 initium
368 2992 466 3048 diei
487 3006 588 3062 ap;
600 2991 760 3046 aruit.
791 2989 950 3046 Anno

719 3117 1106 3175 DCCCCXXXI

171 3250 386 3309 Rodulfus
417 3272 506 3311 rex
546 3257 618 3289 ³⁸⁵
649 3255 909 3311 Viennam
933 3255 1229 3326 profectus,
1262 3255 1424 3311 Karlo
1439 3255 1507 3288 ³¹⁰
1531 3256 1701 3311 Cons-

174 3345 360 3413 tantino,
382 3346 686 3403 Lucdowici
709 3348 776 3380 ³¹¹
802 3348 929 3403 Orbi
955 3349 1022 3380 ³⁸·
1051 3349 1181 3412 filio,
1206 3348 1295 3418 qui
1319 3363 1437 3401 eam
1463 3347 1696 3412 tenebat,

172 3437 512 3507 subiectionem
561 3440 919 3511 pollicitante,
964 3442 1276 3506 revertitur,
1329 3450 1385 3496 et
1422 3441 1696 3496 Turonum

174 3530 225 3584 ad
248 3542 467 3589 sanctum
494 3534 784 3589 Martinum
810 3535 1072 3590 orationis
1119 3536 1290 3601 gratia
1315 3535 1695 3604 proficiscitur.

172 3619 507 3682 Letharienses
534 3628 741 3681 interea
773 3626 1068 3697 Duvagium
1097 3627 1164 3657 "3
1188 3627 1432 3694 capiunt,
1461 3635 1517 3680 et
1548 3625 1699 3693 Hugo

176 3712 278 3767 illud
317 3715 565 3788 Rotgario
622 3717 733 3771 filio
783 3717 1020 3785 ltotgarii
1062 3717 1330 3771 concedit.
1382 3715 1699 3771 lleribertus

174 3818 276 3858 vero
289 3818 506 3861 rastrum
536 3809 711 3863 sancti
728 3807 968 3873 Quintini
992 3807 1228 3861 Arnoldo
1248 3823 1346 3876 pro
1361 3824 1425 3861 co
1443 3807 1617 3861 reddit
1632 3806 1701 3837 ⁸¹’⁶

175 3890 314 3950 Caeci
366 3900 693 3954 Sarracenos
742 3899 810 3930 ³³⁵
861 3914 959 3968 per
1005 3915 1156 3955 mare
1203 3900 1549 3967 insequentes
1607 3915 1699 3953 us-

176 3999 257 4051 que
280 3986 338 4018 ³¹⁶
361 3989 412 4042 in
436 3989 787 4045 Fraxinidum
818 3990 1034 4054 saltum,
1068 3990 1158 4045 ubi
1188 3998 1307 4044 erat
1330 3989 1590 4059 refugium
1618 3989 1700 4057 ip-

176 4092 343 4145 sorum,
370 4092 419 4133 et
446 4085 586 4136 unde
616 4084 954 4153 egredientes
997 4081 1202 4137 Italiam
1247 4081 1446 4135 sedulis
1495 4082 1701 4150 praeda-

178 4165 338 4221 bantur
364 4172 685 4236 incursibus,
718 4171 941 4241 Alpibus
988 4171 1158 4226 eciam
1202 4171 1499 4240 oceupatis,
1542 4170 1702 4241 celeri

181 4252 496 4330 Deoprupitio
542 4263 901 4317 interneiione
930 4261 996 4292 '"
1026 4270 1329 4331 proterunt,
1368 4261 1605 4330 quietam
1635 4261 1703 4295 ³¹³

181 4346 420 4405 reddeatcs
445 4352 667 4422 Alpibus
693 4352 922 4408 Italiam.
956 4352 1051 4405 Die
1116 4352 1507 4421 purilicationis
1533 4352 1705 4407 beata:

183 4433 535 4507 Deigeuitricis
566 4438 874 4509 Mariam,
921 4444 1106 4498 Remis
1152 4446 1205 4501 in
1250 4444 1492 4499 :Jecclesia
1538 4446 1704 4514 ipsius

181 4525 358 4590 quidam
377 4535 750 4587 canonieorum
779 4533 1040 4597 famulus,
1054 4543 1233 4588 custos
1253 4534 1701 4588 tUCClCSltE'SﬂllCli

178 4612 381 4700 pictus]
407 4635 460 4679 et
484 4628 656 4682 sancti
682 4626 910 4685 Tedulli.
932 4625 1111 4682 subito
1136 4626 1435 4690 perculsus,
1457 4612 1706 4680 contrac-

1787 1909 1981 1963 cardus
2009 1907 2100 1968 "7,
2135 1907 2275 1962 filius
2298 1906 2573 1960 Warnarii
2605 1905 2677 1937 ³³⁸
2703 1902 2773 1958 ob
2803 1903 3028 1957 eandem
3074 1901 3365 1957 rationem.

1786 1999 1918 2054 ltem
1945 1999 2085 2052 inter
2107 1997 2471 2052 Gislebertum
2502 1995 2909 2049 Lntbariensem
2932 2001 2987 2046 et
3005 1990 3269 2045 Bosouem
3291 1988 3367 2042 si-

1790 2091 1987 2146 multas
2016 2091 2280 2152 exoritnr,
2310 2098 2503 2157 pacato
2524 2089 2733 2142 Bosone
2758 2101 2882 2141 eum
2908 2083 3221 2146 Heriberto;
3250 2096 3371 2135 cas-

1792 2191 2042 2249 trmnque
2069 2178 2295 2234 Bosouis
2334 2178 2678 2232 Durofostum
2708 2192 2737 2229 a
2786 2174 3090 2229 Gisleberto
3136 2172 3370 2241 capitur,

1793 2272 2028 2340 itemque
2058 2269 2157 2323 sub
2190 2268 2320 2337 ipsis
2346 2267 2537 2322 diebus
2568 2265 2852 2319 Moritania
2884 2263 2976 2327 ³³³,
3023 2261 3250 2316 munitio
3301 2260 3369 2313 li-

1793 2361 1985 2415 liornm
2016 2359 2281 2428 Rotgarii,
2308 2358 2377 2413 ab
2403 2355 2647 2421 Arnnlfo,
2676 2354 2785 2408 lilio
2818 2353 3081 2407 Balduini.
3118 2352 3186 2406 Et
3215 2350 3370 2406 lleri-

1793 2450 1981 2505 bertus
2030 2448 2335 2502 amiciciam
2380 2445 2669 2501 Gislcberti
2723 2442 3095 2497 Lolbarieusis
3144 2439 3363 2507 accipit.

1795 2540 1954 2602 Bosa,
1986 2539 2174 2594 relicto
2204 2537 2479 2601 lleinrieo,
2511 2535 2578 2588 ad
2605 2531 2894 2588 Ilodulfum
2952 2545 3131 2601 regem
3178 2530 3367 2594 vadit;

1786 2633 2025 2701 indeque
2048 2632 2280 2693 rediens,
2309 2627 2677 2683 Catalonicutn
2709 2625 2777 2658 ³³³
2808 2631 3048 2679 castrum
3098 2621 3146 2675 vi
3203 2620 3374 2685 cepit,

1796 2723 2004 2779 exussit
2029 2731 2190 2790 atque
2213 2719 2502 2782 subvertit,
2523 2717 2594 2772 ob
2620 2715 2944 2770 inimicicias
2992 2712 3229 2767 Bovonis
3252 2712 3372 2780 epi—

1798 2812 1970 2882 scopi,
2007 2808 2163 2878 cujus
2208 2809 2455 2864 ltomines
2484 2806 2746 2877 quosdam
2776 2803 3002 2861 Bosonis
3023 2802 3281 2857 membris
3304 2800 3371 2855 ³⁸.¹

1802 2910 2207 2957 lruncavcrant.

1870 2992 2133 3049 Rodulfus
2167 3008 2260 3046 rex
2284 2991 2336 3045 in
2366 2989 2651 3044 Franctam
2681 2996 2989 3051 revertitur,
3013 2993 3068 3042 et
3089 2983 3376 3039 Heriberto

1801 3084 2001 3140 comite
2021 3084 2090 3138 ab
2116 3081 2207 3137 illo
2256 3081 2564 3146 deficiente,
2609 3094 2725 3143 rex,
2758 3078 2948 3147 juucto
2985 3076 3087 3131 sibi
3130 3072 3372 3149 linguae,

1726 3155 1774 3218 (ἶ
1804 3176 2070 3245 quoddam
2093 3182 2332 3228 castrum
2357 3172 2423 3204 ²³²
2450 3170 2743 3234 lleriberti,
2795 3168 3116 3245 Domincum
3143 3164 3212 3198 ³³³
3259 3163 3377 3235 (65)

1800 3243 2040 3330 nonnae,
2069 3266 2214 3334 capit
2241 3246 2311 3318 ac.
2329 3262 2530 3327 diruit;
2555 3260 2752 3315 deinde
2781 3243 3095 3313 Atrebatem
3141 3254 3372 3309 obsidet.

1799 3358 2118 3413 lleribertus
2140 3371 2340 3423 comes,
2372 3353 2642 3424 adiunctis
2664 3352 2766 3406 sibi
2796 3367 2890 3420 per
2918 3349 2985 3381 ³³⁵
3013 3346 3377 3403 Gislebertum

1797 3452 1987 3505 ducem
2018 3446 2484 3508 Lotbariensibus.
2517 3453 2705 3498 contra
2736 3455 2912 3512 regem
2952 3438 3131 3500 vadit;
3171 3436 3376 3508 pactis-

1799 3561 1903 3615 que
1926 3541 2154 3596 induciis
2178 3555 2351 3608 usque
2374 3536 2645 3591 Kalendas
2674 3532 2944 3594 Octobris,
2975 3530 3245 3598 utrimque
3268 3527 3378 3585 dis-

1799 3637 2025 3690 ceditur.
2068 3633 2284 3685 lnterim
2318 3629 2536 3698 quidam
2566 3625 2798 3679 fidelium
2829 3621 3116 3685 lieriberti,
3145 3618 3377 3693 Remen-

1800 3727 1843 3780 si
1872 3726 1939 3757 ³⁸⁸
1964 3740 2030 3778 ex
2056 3724 2189 3777 urbe
2211 3719 2457 3791 profecti,
2476 3717 2744 3787 quoddam
2763 3712 3001 3785 llugonis
3017 3718 3254 3765 castrqu
3279 3724 3373 3761 su-

1799 3832 1897 3887 per
1928 3814 2177 3870 V’idulam
2208 3812 2368 3865 situm
2401 3809 2492 3871 ‘3‘,
2522 3806 2740 3863 noniine
2769 3804 3021 3859 Braiuam
3055 3800 3190 3871 (66),
3221 3808 3278 3852 et
3306 3798 3372 3830 ³³⁷

1801 3906 1942 3977 quod
1975 3906 2087 3975 ipse
2134 3903 2288 3973 Hugo
2328 3902 2395 3955 ab
2431 3899 2682 3967 episcopo
2731 3891 3112 3962 Rotomagensi
3160 3888 3376 3951 tulerat,

1802 3995 2022 4065 capiunt
2052 4003 2213 4062 atque
2241 3988 2578 4044 subvertant.
2618 3983 2874 4039 ltodnlfus
2908 3997 2998 4034 rex
3032 3978 3242 4033 litteras
3276 3977 3377 4030 Re-

1792 4074 1907 4139 ~mis
1931 4081 2097 4136 mittit
2127 4080 2192 4134 ad
2222 4079 2424 4134 clerum
2453 4085 2506 4130 et
2557 4073 2809 4145 populum
2858 4086 2954 4142 pro
2994 4067 3200 4139 agenda
3231 4065 3381 4133 ele-

1804 4173 1950 4228 tioue
1980 4170 2253 4241 prmsulis;
2285 4170 2350 4222 ad
2378 4185 2497 4239 qua;
2542 4167 2614 4221 illi
2649 4163 2998 4235 respondent,
3024 4177 3082 4215 se
3126 4158 3178 4213 id
3219 4171 3389 4226 agere

1806 4282 1912 4319 non
1944 4278 2122 4333 posse,
2150 4262 2299 4317 salvo
2325 4278 2425 4316 suo
2471 4260 2663 4323 elcc10,
2713 4267 2769 4312 et
2816 4255 3083 4311 electione
3130 4258 3389 4306 manente

1806 4373 1966 4427 quam
1998 4355 2257 4411 fecerant.
2286 4353 2602 4409 lleribertus
2626 4365 2807 4405 cernes
2832 4348 2897 4401 ad
2926 4343 3236 4400 lleinricum
3262 4354 3391 4410 pro—

1809 4450 2091 4513 fieiseitur,
2118 4448 2276 4518 eique
2301 4461 2419 4501 sese
2444 4443 2774 4506 committit;
2823 4448 2879 4494 et
2909 4437 2978 4468 ³³⁸
3004 4434 3273 4490 exercitus
3300 4444 3393 4484 re—

1810 4541 1891 4610 gis
1917 4550 2077 4609 atque
2104 4538 2343 4608 Ilngonis
2372 4536 2784 4589 Laudumnsezn
2813 4540 2867 4584 et
2914 4528 3237 4593 Remcnsem
3282 4536 3389 4589 pa-

1805 4609 1937 4699 ’έυηι
1964 4628 2360 4699 ἀεβκὲάτιιιῑυτ.
2391 4621 2653 4679 Rodulfus
2682 4638 2771 4675 rex
2818 4631 3048 4689 pergens
3077 4614 3144 4668 ad
3174 4609 3389 4699 Atinia.-

1413 4758 1645 4814 V'Alile
1691 4759 2089 4813 LECTIONES.

241 4866 298 4943 θ’*
325 4886 368 4943 ᾳ.
387 4874 523 4928 inter
555 4880 607 4929 b.
632 4881 689 4931 Ξ.
763 4880 833 4911 ⁸⁵³
856 4882 1211 4932 uictoriarum
1242 4879 1296 4930 ‘2.
1360 4876 1430 4907 ’°'
1458 4876 1742 4943 gnzbcrtus
1772 4875 1825 4926 Ξ.
1853 4873 1907 4927 5.

1342 4946 1411 4978 ³⁸³
1435 4963 1488 5013 q.
1525 4946 1745 4998 idem”!
1774 4944 1830 4996 9..

266 5010 327 5087 ita
374 5014 439 5087 ι,
561 5000 923 5087 Ιιιςιίοκίίἐῖνὸί
958 5000 1043 5048 ν³¹¹
1065 5015 1211 5087 orbis
1228 5018 1283 5070 '2.
1316 5019 1369 5069 5.
1444 5000 1515 5047 δί’
1543 5017 1794 5081 duagttm
1820 5015 1877 5087 3.
1946 5013 2016 5046 ³¹¹⁵
2046 5011 2278 5087 reddidit
2303 5011 2357 5065 ‘2.
2382 5012 2436 5064 5.
2513 5008 2905 5087 ’ίξηετιςςωιοιιρδ
2923 5000 3123 5087 ἷκε-’.³³⁸
3150 5003 3287 5087 dces}
3335 5000 3387 5047 5-

1286 5087 1354 5119 ³²⁸
1382 5087 1471 5153 qui
1522 5103 1641 5138 eam
1668 5087 1719 5137 ‘2.
1752 5083 1968 5151 quidam
1995 5081 2229 5153 Pliilld‘a
2261 5097 2308 5135 r.
2345 5082 2383 5135 I.
2412 5083 2466 5136 ὅ.

1054 5153 1122 5185 ³¹¹
1154 5150 1412 5211 immobili
1440 5159 1492 5211 l.
1526 5155 1595 5184 ³³³
1627 5172 1697 5208 m.
1725 5150 1781 5205 ei
1806 5153 1857 5205 d.
1892 5168 1935 5203 r.
1966 5153 2023 5207 ἓ.
2099 5150 2169 5181 ³²³
2196 5151 2337 5204 ἀθεεὶ
2368 5153 2424 5207 9--

192 4932 246 4967 ”
269 4955 310 4993 v.
338 4942 387 4994 b.
416 4944 464 4996 2.
498 4946 546 4998 3.
648 4947 715 4979 ²⁰⁷
744 4946 1173 5003 ιηοεηιιιωιςίὺιις
1197 4945 1253 4999 2.

194 5073 245 5106 ἠ
271 5078 592 5138 internitione
620 5073 691 5139 νεὶ.
747 5088 1103 5143 interuicione
1139 5085 1191 5139 3.

194 5153 440 5222 contractis
461 5155 686 5222 obriguit
721 5161 894 5213 nervis
919 5157 974 5211 2.

1969 4878 2039 4910 ""
2067 4889 2116 4927 e.
2150 4887 2205 4924 n.
2231 4887 2347 4925 eius
2373 4885 2422 4924 a.
2450 4871 2486 4925 2
2544 4862 3051 4920 ’“uicturiacumﬁ.
3069 4866 3387 4931 constanter.

1918 4943 1988 4978 ³⁰⁹
2017 4926 2154 4997 deest
2210 4943 2262 4995 5.
2311 4942 2501 4994 ibidem
2531 4938 2801 4991 vienuem.
2890 4935 2957 4967 ³¹⁰
3011 4930 3200 4986 karolo
3248 4926 3303 4981 ‘2.
3335 4928 3395 4997 ἦ.

3335 4992 3372 5009 θ

2554 5077 2622 5108 ³⁸³
2662 5077 2807 5130 dves:
2846 5079 2902 5131 ‘2,
2988 5072 3056 5106 ³²⁰
3095 5068 3397 5138 perculsus,

2522 5147 2593 5180 m
2619 5146 2907 5216 episcopus
2931 5144 2984 5198 2.
3015 5142 3068 5193 5.
3089 5136 3110 5214 ξ
3161 5137 3232 5169 ³⁸⁸
3268 5136 3393 5214 des-‘-
