  <div class='ocr_page' id='page_1' title='image "/cluster/home/n/w/nwhite01/storage/ocr_20150623/135/hvd.32044015471758/229.png"; bbox 0 0 3872 5326; ppageno 0'>
   <div class='ocr_carea' id='block_1_1' title="bbox 547 376 651 431">
    <p class='ocr_par' dir='ltr' id='par_1_1' title="bbox 547 376 651 431">
     <span class='ocr_line' id='line_1_1' title="bbox 547 376 651 431; baseline 0.029 -4"><span class='ocrx_word' id='word_1_1' title='bbox 547 376 651 431; x_wconf 67' lang='lat'><strong>“3</strong></span> 
     </span>
    </p>
   </div>
   <div class='ocr_carea' id='block_1_2' title="bbox 1570 362 2689 432">
    <p class='ocr_par' dir='ltr' id='par_1_2' title="bbox 1570 362 2689 432">
     <span class='ocr_line' id='line_1_2' title="bbox 1570 362 2689 432; baseline -0.005 -1"><span class='ocrx_word' id='word_1_2' title='bbox 1570 368 1960 432; x_wconf 77' lang='lat' dir='ltr'><strong>FLODOARDI</strong></span> <span class='ocrx_word' id='word_1_3' title='bbox 1998 364 2313 429; x_wconf 79' lang='lat' dir='ltr'><strong>CANONICI</strong></span> <span class='ocrx_word' id='word_1_4' title='bbox 2351 362 2689 427; x_wconf 71' lang='lat' dir='ltr'><strong>REMENSIS</strong></span> 
     </span>
    </p>
   </div>
   <div class='ocr_carea' id='block_1_3' title="bbox 3691 362 3779 424">
    <p class='ocr_par' dir='ltr' id='par_1_3' title="bbox 3691 362 3779 424">
     <span class='ocr_line' id='line_1_3' title="bbox 3691 362 3779 424; baseline -0.011 -1"><span class='ocrx_word' id='word_1_5' title='bbox 3691 362 3779 424; x_wconf 71' lang='grc' dir='ltr'><strong>ιιι</strong></span> 
     </span>
    </p>
   </div>
   <div class='ocr_carea' id='block_1_4' title="bbox 549 456 3776 560">
    <p class='ocr_par' dir='ltr' id='par_1_4' title="bbox 549 456 3776 560">
     <span class='ocr_line' id='line_1_4' title="bbox 549 456 3776 560; baseline 0 -18"><span class='ocrx_word' id='word_1_6' title='bbox 549 456 671 543; x_wconf 74' lang='lat' dir='ltr'><strong>eam</strong></span> <span class='ocrx_word' id='word_1_7' title='bbox 700 492 786 554; x_wconf 67' lang='grc' dir='ltr'><strong>ω,</strong></span> <span class='ocrx_word' id='word_1_8' title='bbox 817 489 1090 559; x_wconf 78' lang='lat' dir='ltr'><strong>llugoncm</strong></span> <span class='ocrx_word' id='word_1_9' title='bbox 1117 490 1182 544; x_wconf 87' lang='lat' dir='ltr'><strong>ad</strong></span> <span class='ocrx_word' id='word_1_10' title='bbox 1210 490 1519 546; x_wconf 80' lang='lat' dir='ltr'><strong>lleiuricum</strong></span> <span class='ocrx_word' id='word_1_11' title='bbox 1549 492 1744 557; x_wconf 92' lang='lat' dir='ltr'><strong>mittit;</strong></span> <span class='ocrx_word' id='word_1_12' title='bbox 1774 507 1802 546; x_wconf 83' lang='lat' dir='ltr'><strong>a</strong></span> <span class='ocrx_word' id='word_1_13' title='bbox 1831 506 1939 560; x_wconf 93' lang='lat' dir='ltr'><strong>quo</strong></span> <span class='ocrx_word' id='word_1_14' title='bbox 1962 489 2124 546; x_wconf 75' lang='lat' dir='ltr'><strong>Iletn-</strong></span> <span class='ocrx_word' id='word_1_15' title='bbox 2151 490 2201 547; x_wconf 76' lang='grc' dir='ltr'>Α</span> <span class='ocrx_word' id='word_1_16' title='bbox 2229 493 2528 549; x_wconf 86' lang='lat' dir='ltr'><strong>Ebrardum</strong></span> <span class='ocrx_word' id='word_1_17' title='bbox 2566 492 2634 524; x_wconf 79' lang='grc'><strong>³⁸⁸</strong></span> <span class='ocrx_word' id='word_1_18' title='bbox 2660 464 2856 544; x_wconf 85' lang='lat' dir='ltr'><strong>fratem</strong></span> <span class='ocrx_word' id='word_1_19' title='bbox 2889 488 3096 544; x_wconf 85' lang='lat' dir='ltr'><strong>Erluini</strong></span> <span class='ocrx_word' id='word_1_20' title='bbox 3135 482 3225 555; x_wconf 67' lang='grc'><strong>⁸⁸⁸,</strong></span> <span class='ocrx_word' id='word_1_21' title='bbox 3258 490 3346 559; x_wconf 91' lang='lat' dir='ltr'><strong>qui</strong></span> <span class='ocrx_word' id='word_1_22' title='bbox 3398 489 3528 544; x_wconf 90' lang='lat' dir='ltr'><strong>illud</strong></span> <span class='ocrx_word' id='word_1_23' title='bbox 3555 498 3776 553; x_wconf 63' lang='lat' dir='ltr'><strong>(enimat,</strong></span> 
     </span>
    </p>
   </div>
   <div class='ocr_carea' id='block_1_5' title="bbox 550 582 2124 652">
    <p class='ocr_par' dir='ltr' id='par_1_5' title="bbox 550 582 2124 652">
     <span class='ocr_line' id='line_1_5' title="bbox 550 582 2124 652; baseline 0.002 -18"><span class='ocrx_word' id='word_1_24' title='bbox 550 585 693 635; x_wconf 77' lang='lat' dir='ltr'><strong>ricus</strong></span> <span class='ocrx_word' id='word_1_25' title='bbox 714 582 953 651; x_wconf 78' lang='lat' dir='ltr'><strong>acceptis</strong></span> <span class='ocrx_word' id='word_1_26' title='bbox 973 582 1250 637; x_wconf 81' lang='lat' dir='ltr'><strong>obsidibus</strong></span> <span class='ocrx_word' id='word_1_27' title='bbox 1275 583 1364 647; x_wconf 68' lang='grc'><strong>³³⁰,</strong></span> <span class='ocrx_word' id='word_1_28' title='bbox 1387 592 1441 637; x_wconf 90' lang='lat' dir='ltr'><strong>et</strong></span> <span class='ocrx_word' id='word_1_29' title='bbox 1466 592 1622 652; x_wconf 86' lang='lat' dir='ltr'><strong>pacta</strong></span> <span class='ocrx_word' id='word_1_30' title='bbox 1637 583 1949 647; x_wconf 74' lang='lat' dir='ltr'><strong>securitate,</strong></span> <span class='ocrx_word' id='word_1_31' title='bbox 1976 592 2124 637; x_wconf 86' lang='lat' dir='ltr'><strong>trans</strong></span> 
     </span>
    </p>
   </div>
   <div class='ocr_carea' id='block_1_6' title="bbox 550 660 2125 746">
    <p class='ocr_par' dir='ltr' id='par_1_6' title="bbox 550 660 2125 746">
     <span class='ocr_line' id='line_1_6' title="bbox 550 660 2125 746; baseline 0.005 -25"><span class='ocrx_word' id='word_1_32' title='bbox 550 670 793 725; x_wconf 74' lang='lat' dir='ltr'><strong>ltbcuum</strong></span> <span class='ocrx_word' id='word_1_33' title='bbox 828 674 1045 728; x_wconf 54' lang='lat' dir='ltr'><strong>recedit.</strong></span> <span class='ocrx_word' id='word_1_34' title='bbox 1074 660 1280 728; x_wconf 82' lang='lat' dir='ltr'><strong>Interea</strong></span> <span class='ocrx_word' id='word_1_35' title='bbox 1310 674 1606 740; x_wconf 71' lang='lat' dir='ltr'><strong>Brittones,</strong></span> <span class='ocrx_word' id='word_1_36' title='bbox 1630 675 1721 746; x_wconf 88' lang='lat' dir='ltr'><strong>qui</strong></span> <span class='ocrx_word' id='word_1_37' title='bbox 1743 684 2125 730; x_wconf 77' lang='lat' dir='ltr'><strong>remanserant</strong></span> 
     </span>
    </p>
   </div>
   <div class='ocr_carea' id='block_1_7' title="bbox 547 757 2122 835">
    <p class='ocr_par' dir='ltr' id='par_1_7' title="bbox 547 757 2122 835">
     <span class='ocr_line' id='line_1_7' title="bbox 547 757 2122 835; baseline 0.004 -23"><span class='ocrx_word' id='word_1_38' title='bbox 547 757 898 817; x_wconf 48' lang='lat' dir='ltr'><strong>Ntn&#39;tmaunis</strong></span> <span class='ocrx_word' id='word_1_39' title='bbox 953 764 1004 816; x_wconf 88' lang='lat' dir='ltr'><strong>in</strong></span> <span class='ocrx_word' id='word_1_40' title='bbox 1052 762 1335 835; x_wconf 67' lang='lat' dir='ltr'><strong>Cornu,8M</strong></span> <span class='ocrx_word' id='word_1_41' title='bbox 1385 764 1571 819; x_wconf 71' lang='lat' dir='ltr'><strong>Gallia:</strong></span> <span class='ocrx_word' id='word_1_42' title='bbox 1616 764 1848 831; x_wconf 87' lang='lat' dir='ltr'><strong>subditi,</strong></span> <span class='ocrx_word' id='word_1_43' title='bbox 1895 780 2122 820; x_wconf 86' lang='lat' dir='ltr'><strong>consur-</strong></span> 
     </span>
    </p>
   </div>
   <div class='ocr_carea' id='block_1_8' title="bbox 544 853 2123 924">
    <p class='ocr_par' dir='ltr' id='par_1_8' title="bbox 544 853 2123 924">
     <span class='ocr_line' id='line_1_8' title="bbox 544 853 2123 924; baseline 0.003 -22"><span class='ocrx_word' id='word_1_44' title='bbox 544 862 735 917; x_wconf 80' lang='lat' dir='ltr'><strong>gentes</strong></span> <span class='ocrx_word' id='word_1_45' title='bbox 764 853 1024 908; x_wconf 88' lang='lat' dir='ltr'><strong>adversus</strong></span> <span class='ocrx_word' id='word_1_46' title='bbox 1052 869 1145 907; x_wconf 89' lang='lat' dir='ltr'><strong>eos</strong></span> <span class='ocrx_word' id='word_1_47' title='bbox 1172 854 1262 924; x_wconf 88' lang='lat' dir='ltr'><strong>qui</strong></span> <span class='ocrx_word' id='word_1_48' title='bbox 1291 870 1351 908; x_wconf 91' lang='lat' dir='ltr'><strong>se</strong></span> <span class='ocrx_word' id='word_1_49' title='bbox 1379 855 1745 920; x_wconf 80' lang='lat' dir='ltr'><strong>obtinuerant,</strong></span> <span class='ocrx_word' id='word_1_50' title='bbox 1774 855 1828 908; x_wconf 91' lang='lat' dir='ltr'><strong>in</strong></span> <span class='ocrx_word' id='word_1_51' title='bbox 1860 855 1989 923; x_wconf 82' lang='lat' dir='ltr'><strong>ipsis</strong></span> <span class='ocrx_word' id='word_1_52' title='bbox 2020 854 2123 909; x_wconf 88' lang='lat' dir='ltr'><strong>sol-</strong></span> 
     </span>
    </p>
   </div>
   <div class='ocr_carea' id='block_1_9' title="bbox 542 938 2121 998">
    <p class='ocr_par' dir='ltr' id='par_1_9' title="bbox 542 938 2121 998">
     <span class='ocr_line' id='line_1_9' title="bbox 542 938 2121 998; baseline 0.004 -7"><span class='ocrx_word' id='word_1_53' title='bbox 542 938 758 995; x_wconf 89' lang='lat' dir='ltr'><strong>lemniis</strong></span> <span class='ocrx_word' id='word_1_54' title='bbox 785 940 852 972; x_wconf 72' lang='grc'><strong>³⁸²</strong></span> <span class='ocrx_word' id='word_1_55' title='bbox 882 943 1052 996; x_wconf 80' lang='lat' dir='ltr'><strong>sancti</strong></span> <span class='ocrx_word' id='word_1_56' title='bbox 1086 944 1401 998; x_wconf 80' lang='lat' dir='ltr'><strong>Michahelis</strong></span> <span class='ocrx_word' id='word_1_57' title='bbox 1447 959 1636 998; x_wconf 90' lang='lat' dir='ltr'><strong>omnes</strong></span> <span class='ocrx_word' id='word_1_58' title='bbox 1668 943 2009 998; x_wconf 79' lang='lat' dir='ltr'><strong>interemisse</strong></span> <span class='ocrx_word' id='word_1_59' title='bbox 2037 943 2121 998; x_wconf 87' lang='lat' dir='ltr'><strong>di-</strong></span> 
     </span>
    </p>
   </div>
   <div class='ocr_carea' id='block_1_10' title="bbox 542 1032 2119 1100">
    <p class='ocr_par' dir='ltr' id='par_1_10' title="bbox 542 1032 2119 1100">
     <span class='ocr_line' id='line_1_10' title="bbox 542 1032 2119 1100; baseline 0.004 -18"><span class='ocrx_word' id='word_1_60' title='bbox 542 1040 742 1083; x_wconf 88' lang='lat' dir='ltr'><strong>cuntur</strong></span> <span class='ocrx_word' id='word_1_61' title='bbox 766 1032 854 1100; x_wconf 90' lang='lat' dir='ltr'><strong>qui</strong></span> <span class='ocrx_word' id='word_1_62' title='bbox 894 1033 1034 1087; x_wconf 89' lang='lat' dir='ltr'><strong>inter</strong></span> <span class='ocrx_word' id='word_1_63' title='bbox 1061 1048 1154 1088; x_wconf 90' lang='lat' dir='ltr'><strong>eos</strong></span> <span class='ocrx_word' id='word_1_64' title='bbox 1179 1034 1529 1087; x_wconf 87' lang='lat' dir='ltr'><strong>morabantur</strong></span> <span class='ocrx_word' id='word_1_65' title='bbox 1557 1033 1942 1099; x_wconf 79' lang='lat' dir='ltr'><strong>Norlmannos,</strong></span> <span class='ocrx_word' id='word_1_66' title='bbox 1975 1047 2119 1088; x_wconf 76' lang='lat' dir='ltr'><strong>caeso</strong></span> 
     </span>
    </p>
   </div>
   <div class='ocr_carea' id='block_1_11' title="bbox 542 1122 1792 1188">
    <p class='ocr_par' dir='ltr' id='par_1_11' title="bbox 542 1122 1792 1188">
     <span class='ocr_line' id='line_1_11' title="bbox 542 1122 1792 1188; baseline 0.004 -15"><span class='ocrx_word' id='word_1_67' title='bbox 542 1124 775 1188; x_wconf 78' lang='lat' dir='ltr'><strong>primum</strong></span> <span class='ocrx_word' id='word_1_68' title='bbox 806 1127 939 1179; x_wconf 88' lang='lat' dir='ltr'><strong>duce</strong></span> <span class='ocrx_word' id='word_1_69' title='bbox 970 1125 1178 1179; x_wconf 91' lang='lat' dir='ltr'><strong>illorum</strong></span> <span class='ocrx_word' id='word_1_70' title='bbox 1206 1125 1420 1179; x_wconf 88' lang='lat' dir='ltr'><strong>nomine</strong></span> <span class='ocrx_word' id='word_1_71' title='bbox 1442 1124 1670 1179; x_wconf 84' lang='lat' dir='ltr'><strong>Felecan</strong></span> <span class='ocrx_word' id='word_1_72' title='bbox 1700 1122 1792 1178; x_wconf 66' lang='lat'><strong>“3.</strong></span> 
     </span>
    </p>
   </div>
   <div class='ocr_carea' id='block_1_12' title="bbox 536 1213 2118 1293">
    <p class='ocr_par' dir='ltr' id='par_1_12' title="bbox 536 1213 2118 1293">
     <span class='ocr_line' id='line_1_12' title="bbox 536 1213 2118 1293; baseline 0.003 -27"><span class='ocrx_word' id='word_1_73' title='bbox 536 1290 539 1293; x_wconf 79' lang='lat'><em>_</em></span> <span class='ocrx_word' id='word_1_74' title='bbox 621 1213 885 1270; x_wconf 69' lang='lat' dir='ltr'><strong>Rndulfus</strong></span> <span class='ocrx_word' id='word_1_75' title='bbox 916 1231 1004 1270; x_wconf 79' lang='lat' dir='ltr'><strong>rex</strong></span> <span class='ocrx_word' id='word_1_76' title='bbox 1036 1233 1156 1270; x_wconf 89' lang='lat' dir='ltr'><strong>cum</strong></span> <span class='ocrx_word' id='word_1_77' title='bbox 1190 1214 1409 1286; x_wconf 82' lang='lat' dir='ltr'><strong>llugone</strong></span> <span class='ocrx_word' id='word_1_78' title='bbox 1452 1224 1506 1271; x_wconf 93' lang='lat' dir='ltr'><strong>et</strong></span> <span class='ocrx_word' id='word_1_79' title='bbox 1555 1215 1765 1271; x_wconf 87' lang='lat' dir='ltr'><strong>Bosone</strong></span> <span class='ocrx_word' id='word_1_80' title='bbox 1811 1215 2118 1287; x_wconf 86' lang='lat' dir='ltr'><strong>celerisque</strong></span> 
     </span>
    </p>
   </div>
   <div class='ocr_carea' id='block_1_13' title="bbox 543 1302 2121 1376">
    <p class='ocr_par' dir='ltr' id='par_1_13' title="bbox 543 1302 2121 1376">
     <span class='ocr_line' id='line_1_13' title="bbox 543 1302 2121 1376; baseline -0.001 -15"><span class='ocrx_word' id='word_1_81' title='bbox 543 1308 657 1361; x_wconf 77' lang='lat' dir='ltr'><strong>suis</strong></span> <span class='ocrx_word' id='word_1_82' title='bbox 686 1307 971 1360; x_wconf 77' lang='lat' dir='ltr'><strong>ltemorum</strong></span> <span class='ocrx_word' id='word_1_83' title='bbox 1003 1306 1253 1360; x_wconf 75' lang='lat' dir='ltr'><strong>obsident</strong></span> <span class='ocrx_word' id='word_1_84' title='bbox 1284 1302 1352 1337; x_wconf 71' lang='lat'><strong>&#39;“</strong></span> <span class='ocrx_word' id='word_1_85' title='bbox 1377 1306 1600 1371; x_wconf 83' lang='lat' dir='ltr'><strong>urbem;</strong></span> <span class='ocrx_word' id='word_1_86' title='bbox 1630 1321 1790 1376; x_wconf 90' lang='lat' dir='ltr'><strong>quam</strong></span> <span class='ocrx_word' id='word_1_87' title='bbox 1819 1305 1976 1360; x_wconf 90' lang='lat' dir='ltr'><strong>tertia</strong></span> <span class='ocrx_word' id='word_1_88' title='bbox 2006 1315 2121 1359; x_wconf 89' lang='lat' dir='ltr'><strong>tan-</strong></span> 
     </span>
    </p>
   </div>
   <div class='ocr_carea' id='block_1_14' title="bbox 544 1394 2115 1466">
    <p class='ocr_par' dir='ltr' id='par_1_14' title="bbox 544 1394 2115 1466">
     <span class='ocr_line' id='line_1_14' title="bbox 544 1394 2115 1466; baseline 0.001 -17"><span class='ocrx_word' id='word_1_89' title='bbox 544 1398 664 1450; x_wconf 86' lang='lat' dir='ltr'><strong>dem</strong></span> <span class='ocrx_word' id='word_1_90' title='bbox 698 1396 994 1450; x_wconf 73' lang='lat' dir='ltr'><strong>ebdomada</strong></span> <span class='ocrx_word' id='word_1_91' title='bbox 1021 1405 1139 1463; x_wconf 88' lang='lat' dir='ltr'><strong>post</strong></span> <span class='ocrx_word' id='word_1_92' title='bbox 1163 1394 1494 1449; x_wconf 83' lang='lat' dir='ltr'><strong>obsidionem</strong></span> <span class='ocrx_word' id='word_1_93' title='bbox 1547 1396 1821 1466; x_wconf 87' lang='lat' dir='ltr'><strong>ingressus</strong></span> <span class='ocrx_word' id='word_1_94' title='bbox 1848 1394 1938 1461; x_wconf 63' lang='lat'><strong>“5,</strong></span> <span class='ocrx_word' id='word_1_95' title='bbox 1987 1412 2115 1466; x_wconf 86' lang='lat' dir='ltr'><strong>ape-</strong></span> 
     </span>
    </p>
   </div>
   <div class='ocr_carea' id='block_1_15' title="bbox 528 1485 2118 1563">
    <p class='ocr_par' dir='ltr' id='par_1_15' title="bbox 528 1485 2118 1563">
     <span class='ocr_line' id='line_1_15' title="bbox 528 1485 2118 1563; baseline -0.001 -20"><span class='ocrx_word' id='word_1_96' title='bbox 528 1488 805 1563; x_wconf 73' lang='lat' dir='ltr'><strong>rientibus</strong></span> <span class='ocrx_word' id='word_1_97' title='bbox 834 1488 934 1541; x_wconf 91' lang='lat' dir='ltr'><strong>sibi</strong></span> <span class='ocrx_word' id='word_1_98' title='bbox 961 1487 1038 1541; x_wconf 90' lang='lat' dir='ltr'><strong>eis</strong></span> <span class='ocrx_word' id='word_1_99' title='bbox 1064 1487 1317 1556; x_wconf 80' lang='lat' dir='ltr'><strong>quierant</strong></span> <span class='ocrx_word' id='word_1_100' title='bbox 1348 1488 1400 1541; x_wconf 90' lang='lat' dir='ltr'><strong>in</strong></span> <span class='ocrx_word' id='word_1_101' title='bbox 1427 1485 1647 1542; x_wconf 84' lang='lat' dir='ltr'><strong>civitate</strong></span> <span class='ocrx_word' id='word_1_102' title='bbox 1661 1488 1708 1549; x_wconf 72' lang='lat'><strong>&quot;.</strong></span> <span class='ocrx_word' id='word_1_103' title='bbox 1737 1489 1973 1543; x_wconf 90' lang='lat' dir='ltr'><strong>ordinari</strong></span> <span class='ocrx_word' id='word_1_104' title='bbox 1990 1487 2118 1543; x_wconf 89' lang='lat' dir='ltr'><strong>facit</strong></span> 
     </span>
    </p>
   </div>
   <div class='ocr_carea' id='block_1_16' title="bbox 610 1576 2116 1663">
    <p class='ocr_par' dir='ltr' id='par_1_16' title="bbox 610 1576 2116 1663">
     <span class='ocr_line' id='line_1_16' title="bbox 610 1576 2116 1663; baseline 0.003 -32"><span class='ocrx_word' id='word_1_105' title='bbox 610 1579 723 1663; x_wconf 53' lang='lat'><strong>1&quot;]!</strong></span> <span class='ocrx_word' id='word_1_106' title='bbox 732 1622 742 1631; x_wconf 92' lang='lat'><strong>.</strong></span> <span class='ocrx_word' id='word_1_107' title='bbox 779 1579 855 1663; x_wconf 47' lang='grc' dir='ltr'><strong>Β..</strong></span> <span class='ocrx_word' id='word_1_108' title='bbox 876 1597 947 1662; x_wconf 65' lang='lat' dir='ltr'><strong>tv,</strong></span> <span class='ocrx_word' id='word_1_109' title='bbox 979 1580 1066 1634; x_wconf 66' lang='lat'><strong>24.</strong></span> <span class='ocrx_word' id='word_1_110' title='bbox 1090 1580 1201 1663; x_wconf 61' lang='lat' dir='ltr'><strong>Sibi</strong></span> <span class='ocrx_word' id='word_1_111' title='bbox 1231 1580 1488 1663; x_wconf 72' lang='lat' dir='ltr'><strong>militibus</strong></span> <span class='ocrx_word' id='word_1_112' title='bbox 1509 1581 1771 1663; x_wconf 64' lang='lat' dir='ltr'><strong>ecclesiae.</strong></span> <span class='ocrx_word' id='word_1_113' title='bbox 1792 1576 2116 1663; x_wconf 44' lang='lat' dir='ltr'><strong>.Conjun‘ctis</strong></span> 
     </span>
    </p>
   </div>
   <div class='ocr_carea' id='block_1_17' title="bbox 609 1649 2116 1720">
    <p class='ocr_par' dir='ltr' id='par_1_17' title="bbox 609 1649 2116 1720">
     <span class='ocr_line' id='line_1_17' title="bbox 609 1649 2116 1720; baseline 0 -17"><span class='ocrx_word' id='word_1_114' title='bbox 609 1649 773 1720; x_wconf 78' lang='lat' dir='ltr'><strong>igitur</strong></span> <span class='ocrx_word' id='word_1_115' title='bbox 795 1649 892 1703; x_wconf 87' lang='lat' dir='ltr'><strong>sibi</strong></span> <span class='ocrx_word' id='word_1_116' title='bbox 934 1651 1204 1704; x_wconf 84' lang='lat' dir='ltr'><strong>nonnullis</strong></span> <span class='ocrx_word' id='word_1_117' title='bbox 1224 1651 1494 1719; x_wconf 82' lang='lat' dir='ltr'><strong>episcopis</strong></span> <span class='ocrx_word' id='word_1_118' title='bbox 1520 1667 1583 1704; x_wconf 79' lang='lat' dir='ltr'><strong>ex</strong></span> <span class='ocrx_word' id='word_1_119' title='bbox 1612 1649 1838 1705; x_wconf 84' lang='lat' dir='ltr'><strong>Francia</strong></span> <span class='ocrx_word' id='word_1_120' title='bbox 1868 1649 1952 1706; x_wconf 80' lang='lat' dir='ltr'><strong>vel</strong></span> <span class='ocrx_word' id='word_1_121' title='bbox 1978 1649 2116 1705; x_wconf 79' lang='lat' dir='ltr'><strong>Bur-</strong></span> 
     </span>
    </p>
   </div>
   <div class='ocr_carea' id='block_1_18' title="bbox 606 1720 2076 1792">
    <p class='ocr_par' dir='ltr' id='par_1_18' title="bbox 606 1720 2076 1792">
     <span class='ocr_line' id='line_1_18' title="bbox 606 1720 2076 1792; baseline 0 -19"><span class='ocrx_word' id='word_1_122' title='bbox 606 1721 801 1791; x_wconf 88' lang='lat' dir='ltr'><strong>gundia</strong></span> <span class='ocrx_word' id='word_1_123' title='bbox 833 1720 962 1775; x_wconf 88' lang='lat' dir='ltr'><strong>facit</strong></span> <span class='ocrx_word' id='word_1_124' title='bbox 984 1720 1223 1775; x_wconf 90' lang='lat' dir='ltr'><strong>ordinari</strong></span> <span class='ocrx_word' id='word_1_125' title='bbox 1256 1722 1307 1774; x_wconf 93' lang='lat' dir='ltr'><strong>in</strong></span> <span class='ocrx_word' id='word_1_126' title='bbox 1327 1721 1425 1775; x_wconf 90' lang='lat' dir='ltr'><strong>hac</strong></span> <span class='ocrx_word' id='word_1_127' title='bbox 1453 1724 1580 1776; x_wconf 84' lang='lat' dir='ltr'><strong>sede</strong></span> <span class='ocrx_word' id='word_1_128' title='bbox 1609 1722 1911 1791; x_wconf 65' lang='lat' dir='ltr'><strong>praesulem,</strong></span> <span class='ocrx_word' id='word_1_129' title='bbox 1943 1720 2076 1792; x_wconf 88' lang='lat' dir='ltr'><strong>etc.]</strong></span> 
     </span>
    </p>
   </div>
   <div class='ocr_carea' id='block_1_19' title="bbox 2225 581 3777 663">
    <p class='ocr_par' dir='ltr' id='par_1_19' title="bbox 2225 581 3777 663">
     <span class='ocr_line' id='line_1_19' title="bbox 2225 581 3777 663; baseline -0.002 -23"><span class='ocrx_word' id='word_1_130' title='bbox 2225 585 2392 656; x_wconf 85' lang='lat' dir='ltr'><strong>capit.</strong></span> <span class='ocrx_word' id='word_1_131' title='bbox 2425 584 2693 641; x_wconf 83' lang='lat' dir='ltr'><strong>Rodulfus</strong></span> <span class='ocrx_word' id='word_1_132' title='bbox 2720 597 2813 663; x_wconf 73' lang='lat' dir='ltr'><strong>rex</strong></span> <span class='ocrx_word' id='word_1_133' title='bbox 2842 597 2962 637; x_wconf 85' lang='lat' dir='ltr'><strong>cum</strong></span> <span class='ocrx_word' id='word_1_134' title='bbox 3008 581 3229 653; x_wconf 81' lang='lat' dir='ltr'><strong>Hugone</strong></span> <span class='ocrx_word' id='word_1_135' title='bbox 3254 582 3489 649; x_wconf 80' lang='lat' dir='ltr'><strong>locutus,</strong></span> <span class='ocrx_word' id='word_1_136' title='bbox 3526 581 3777 637; x_wconf 80' lang='lat' dir='ltr'><strong>Bovouem</strong></span> 
     </span>
    </p>
   </div>
   <div class='ocr_carea' id='block_1_20' title="bbox 2225 671 3781 744">
    <p class='ocr_par' dir='ltr' id='par_1_20' title="bbox 2225 671 3781 744">
     <span class='ocr_line' id='line_1_20' title="bbox 2225 671 3781 744; baseline -0.001 -17"><span class='ocrx_word' id='word_1_137' title='bbox 2225 675 2539 744; x_wconf 79' lang='lat' dir='ltr'><strong>episcopum</strong></span> <span class='ocrx_word' id='word_1_138' title='bbox 2575 673 2626 727; x_wconf 93' lang='lat' dir='ltr'><strong>in</strong></span> <span class='ocrx_word' id='word_1_139' title='bbox 2657 673 2886 743; x_wconf 79' lang='lat' dir='ltr'><strong>gratiam</strong></span> <span class='ocrx_word' id='word_1_140' title='bbox 2916 671 3129 740; x_wconf 86' lang='lat' dir='ltr'><strong>recipit,</strong></span> <span class='ocrx_word' id='word_1_141' title='bbox 3159 672 3316 740; x_wconf 91' lang='lat' dir='ltr'><strong>eique</strong></span> <span class='ocrx_word' id='word_1_142' title='bbox 3340 688 3521 736; x_wconf 88' lang='lat' dir='ltr'><strong>suum,</strong></span> <span class='ocrx_word' id='word_1_143' title='bbox 3552 672 3781 726; x_wconf 79' lang='lat' dir='ltr'><strong>Catalau-</strong></span> 
     </span>
    </p>
   </div>
   <div class='ocr_carea' id='block_1_21' title="bbox 2224 761 3775 832">
    <p class='ocr_par' dir='ltr' id='par_1_21' title="bbox 2224 761 3775 832">
     <span class='ocr_line' id='line_1_21' title="bbox 2224 761 3775 832; baseline -0.001 -16"><span class='ocrx_word' id='word_1_144' title='bbox 2224 778 2389 818; x_wconf 85' lang='lat' dir='ltr'><strong>nense</strong></span> <span class='ocrx_word' id='word_1_145' title='bbox 2428 764 2656 827; x_wconf 90' lang='lat' dir='ltr'><strong>scilicet,</strong></span> <span class='ocrx_word' id='word_1_146' title='bbox 2701 763 3031 832; x_wconf 88' lang='lat' dir='ltr'><strong>episcopium</strong></span> <span class='ocrx_word' id='word_1_147' title='bbox 3082 763 3275 818; x_wconf 84' lang='lat' dir='ltr'><strong>reddit.</strong></span> <span class='ocrx_word' id='word_1_148' title='bbox 3330 761 3666 817; x_wconf 83' lang='lat' dir='ltr'><strong>Waltbertus</strong></span> <span class='ocrx_word' id='word_1_149' title='bbox 3702 763 3775 825; x_wconf 78' lang='grc'><strong>³⁸⁸,</strong></span> 
     </span>
    </p>
   </div>
   <div class='ocr_carea' id='block_1_22' title="bbox 2221 851 3779 922">
    <p class='ocr_par' dir='ltr' id='par_1_22' title="bbox 2221 851 3779 922">
     <span class='ocr_line' id='line_1_22' title="bbox 2221 851 3779 922; baseline -0.001 -14"><span class='ocrx_word' id='word_1_150' title='bbox 2221 852 2564 908; x_wconf 77' lang='lat' dir='ltr'><strong>Corlreiensis</strong></span> <span class='ocrx_word' id='word_1_151' title='bbox 2606 854 2803 914; x_wconf 87' lang='lat' dir='ltr'><strong>abbas,</strong></span> <span class='ocrx_word' id='word_1_152' title='bbox 2867 852 3310 907; x_wconf 85' lang='lat' dir='ltr'><strong>Noviomeusibus</strong></span> <span class='ocrx_word' id='word_1_153' title='bbox 3357 851 3641 906; x_wconf 80' lang='lat' dir='ltr'><strong>ordinatur</strong></span> <span class='ocrx_word' id='word_1_154' title='bbox 3683 854 3779 922; x_wconf 85' lang='lat' dir='ltr'><strong>epi-</strong></span> 
     </span>
    </p>
   </div>
   <div class='ocr_carea' id='block_1_23' title="bbox 2221 940 3779 1013">
    <p class='ocr_par' dir='ltr' id='par_1_23' title="bbox 2221 940 3779 1013">
     <span class='ocr_line' id='line_1_23' title="bbox 2221 940 3779 1013; baseline 0.001 -18"><span class='ocrx_word' id='word_1_155' title='bbox 2221 957 2436 1012; x_wconf 82' lang='lat' dir='ltr'><strong>scopus.</strong></span> <span class='ocrx_word' id='word_1_156' title='bbox 2470 940 2732 996; x_wconf 83' lang='lat' dir='ltr'><strong>Rodulfus</strong></span> <span class='ocrx_word' id='word_1_157' title='bbox 2766 958 2879 1008; x_wconf 82' lang='lat' dir='ltr'><strong>rex,</strong></span> <span class='ocrx_word' id='word_1_158' title='bbox 2901 942 3201 997; x_wconf 84' lang='lat' dir='ltr'><strong>Gisleberto</strong></span> <span class='ocrx_word' id='word_1_159' title='bbox 3230 952 3469 1012; x_wconf 89' lang='lat' dir='ltr'><strong>recepto,</strong></span> <span class='ocrx_word' id='word_1_160' title='bbox 3498 959 3530 994; x_wconf 90' lang='lat' dir='ltr'><strong>a</strong></span> <span class='ocrx_word' id='word_1_161' title='bbox 3557 941 3779 1013; x_wconf 53' lang='lat' dir='ltr'><strong>Burguu.</strong></span> 
     </span>
    </p>
   </div>
   <div class='ocr_carea' id='block_1_24' title="bbox 2212 1018 3777 1101">
    <p class='ocr_par' dir='ltr' id='par_1_24' title="bbox 2212 1018 3777 1101">
     <span class='ocr_line' id='line_1_24' title="bbox 2212 1018 3777 1101; baseline 0.001 -15"><span class='ocrx_word' id='word_1_162' title='bbox 2212 1018 2308 1086; x_wconf 80' lang='lat' dir='ltr'><strong>dia</strong></span> <span class='ocrx_word' id='word_1_163' title='bbox 2338 1033 2631 1087; x_wconf 88' lang='lat' dir='ltr'><strong>revertitur</strong></span> <span class='ocrx_word' id='word_1_164' title='bbox 2658 1033 2710 1087; x_wconf 94' lang='lat' dir='ltr'><strong>in</strong></span> <span class='ocrx_word' id='word_1_165' title='bbox 2744 1032 3051 1098; x_wconf 84' lang='lat' dir='ltr'><strong>Franciam,</strong></span> <span class='ocrx_word' id='word_1_166' title='bbox 3079 1032 3257 1101; x_wconf 90' lang='lat' dir='ltr'><strong>ibique</strong></span> <span class='ocrx_word' id='word_1_167' title='bbox 3281 1032 3499 1086; x_wconf 89' lang='lat' dir='ltr'><strong>abhatia</strong></span> <span class='ocrx_word' id='word_1_168' title='bbox 3532 1032 3597 1063; x_wconf 73' lang='grc'><strong>³⁸³</strong></span> <span class='ocrx_word' id='word_1_169' title='bbox 3626 1034 3777 1089; x_wconf 84' lang='lat' dir='ltr'><strong>sancti</strong></span> 
     </span>
    </p>
   </div>
   <div class='ocr_carea' id='block_1_25' title="bbox 2162 1118 3775 1192">
    <p class='ocr_par' dir='ltr' id='par_1_25' title="bbox 2162 1118 3775 1192">
     <span class='ocr_line' id='line_1_25' title="bbox 2162 1118 3775 1192; baseline 0 -15"><span class='ocrx_word' id='word_1_170' title='bbox 2162 1170 2167 1177; x_wconf 81' lang='lat'>.</span> <span class='ocrx_word' id='word_1_171' title='bbox 2221 1118 2476 1185; x_wconf 83' lang='lat' dir='ltr'><strong>Medardi,</strong></span> <span class='ocrx_word' id='word_1_172' title='bbox 2510 1138 2671 1191; x_wconf 90' lang='lat' dir='ltr'><strong>quam</strong></span> <span class='ocrx_word' id='word_1_173' title='bbox 2707 1122 3026 1178; x_wconf 78' lang='lat' dir='ltr'><strong>lleribertus</strong></span> <span class='ocrx_word' id='word_1_174' title='bbox 3056 1123 3292 1188; x_wconf 85' lang='lat' dir='ltr'><strong>tenebat,</strong></span> <span class='ocrx_word' id='word_1_175' title='bbox 3338 1122 3565 1192; x_wconf 91' lang='lat' dir='ltr'><strong>potitus,</strong></span> <span class='ocrx_word' id='word_1_176' title='bbox 3612 1137 3775 1192; x_wconf 81' lang='lat' dir='ltr'><strong>regre-</strong></span> 
     </span>
    </p>
   </div>
   <div class='ocr_carea' id='block_1_26' title="bbox 2222 1210 2864 1284">
    <p class='ocr_par' dir='ltr' id='par_1_26' title="bbox 2222 1210 2864 1284">
     <span class='ocr_line' id='line_1_26' title="bbox 2222 1210 2864 1284; baseline 0 -18"><span class='ocrx_word' id='word_1_177' title='bbox 2222 1211 2369 1266; x_wconf 88' lang='lat' dir='ltr'><strong>ditur</strong></span> <span class='ocrx_word' id='word_1_178' title='bbox 2391 1212 2443 1267; x_wconf 91' lang='lat' dir='ltr'><strong>iu</strong></span> <span class='ocrx_word' id='word_1_179' title='bbox 2474 1210 2864 1284; x_wconf 85' lang='lat' dir='ltr'><strong>Burgundiam.</strong></span> 
     </span>
    </p>
   </div>
   <div class='ocr_carea' id='block_1_27' title="bbox 2290 1299 3778 1372">
    <p class='ocr_par' dir='ltr' id='par_1_27' title="bbox 2290 1299 3778 1372">
     <span class='ocr_line' id='line_1_27' title="bbox 2290 1299 3778 1372; baseline 0 -16"><span class='ocrx_word' id='word_1_180' title='bbox 2290 1299 2443 1372; x_wconf 76' lang='lat' dir='ltr'><strong>llugo</strong></span> <span class='ocrx_word' id='word_1_181' title='bbox 2490 1301 2907 1356; x_wconf 83' lang='lat' dir='ltr'><strong>Ambianeusem</strong></span> <span class='ocrx_word' id='word_1_182' title='bbox 2961 1317 3083 1357; x_wconf 91' lang='lat' dir='ltr'><strong>cum</strong></span> <span class='ocrx_word' id='word_1_183' title='bbox 3145 1300 3468 1372; x_wconf 77' lang='lat' dir='ltr'><strong>quibusdam</strong></span> <span class='ocrx_word' id='word_1_184' title='bbox 3533 1300 3778 1371; x_wconf 80' lang='lat' dir='ltr'><strong>episcOpis</strong></span> 
     </span>
    </p>
   </div>
   <div class='ocr_carea' id='block_1_28' title="bbox 2219 1391 3777 1463">
    <p class='ocr_par' dir='ltr' id='par_1_28' title="bbox 2219 1391 3777 1463">
     <span class='ocr_line' id='line_1_28' title="bbox 2219 1391 3777 1463; baseline 0 -16"><span class='ocrx_word' id='word_1_185' title='bbox 2219 1391 2461 1448; x_wconf 67' lang='lat' dir='ltr'><strong>Francire</strong></span> <span class='ocrx_word' id='word_1_186' title='bbox 2490 1393 2744 1449; x_wconf 84' lang='lat' dir='ltr'><strong>obsidens</strong></span> <span class='ocrx_word' id='word_1_187' title='bbox 2778 1394 3079 1459; x_wconf 87' lang='lat' dir='ltr'><strong>civitatem,</strong></span> <span class='ocrx_word' id='word_1_188' title='bbox 3106 1408 3270 1463; x_wconf 89' lang='lat' dir='ltr'><strong>quam</strong></span> <span class='ocrx_word' id='word_1_189' title='bbox 3318 1393 3583 1447; x_wconf 88' lang='lat' dir='ltr'><strong>tenebant</strong></span> <span class='ocrx_word' id='word_1_190' title='bbox 3616 1392 3777 1447; x_wconf 82' lang='lat' dir='ltr'><strong>ﬁdeles</strong></span> 
     </span>
    </p>
   </div>
   <div class='ocr_carea' id='block_1_29' title="bbox 2219 1480 3776 1553">
    <p class='ocr_par' dir='ltr' id='par_1_29' title="bbox 2219 1480 3776 1553">
     <span class='ocr_line' id='line_1_29' title="bbox 2219 1480 3776 1553; baseline -0.003 -16"><span class='ocrx_word' id='word_1_191' title='bbox 2219 1483 2511 1547; x_wconf 84' lang='lat' dir='ltr'><strong>lleriherti,</strong></span> <span class='ocrx_word' id='word_1_192' title='bbox 2534 1484 2834 1553; x_wconf 89' lang='lat' dir='ltr'><strong>crebroque</strong></span> <span class='ocrx_word' id='word_1_193' title='bbox 2856 1484 3105 1553; x_wconf 88' lang='lat' dir='ltr'><strong>quatiens</strong></span> <span class='ocrx_word' id='word_1_194' title='bbox 3135 1482 3290 1546; x_wconf 86' lang='lat' dir='ltr'><strong>bello,</strong></span> <span class='ocrx_word' id='word_1_195' title='bbox 3321 1481 3556 1551; x_wconf 87' lang='lat' dir='ltr'><strong>sumptis</strong></span> <span class='ocrx_word' id='word_1_196' title='bbox 3581 1480 3776 1535; x_wconf 85' lang='lat' dir='ltr'><strong>tandem</strong></span> 
     </span>
    </p>
   </div>
   <div class='ocr_carea' id='block_1_30' title="bbox 2218 1568 3776 1644">
    <p class='ocr_par' dir='ltr' id='par_1_30' title="bbox 2218 1568 3776 1644">
     <span class='ocr_line' id='line_1_30' title="bbox 2218 1568 3776 1644; baseline -0.002 -17"><span class='ocrx_word' id='word_1_197' title='bbox 2218 1568 2474 1644; x_wconf 85' lang='lat' dir='ltr'><strong>relinquit</strong></span> <span class='ocrx_word' id='word_1_198' title='bbox 2502 1573 2568 1605; x_wconf 69' lang='grc'><strong>³⁸⁸</strong></span> <span class='ocrx_word' id='word_1_199' title='bbox 2591 1573 2888 1640; x_wconf 86' lang='lat' dir='ltr'><strong>obsidibus,</strong></span> <span class='ocrx_word' id='word_1_200' title='bbox 2910 1582 2963 1627; x_wconf 91' lang='lat' dir='ltr'><strong>et</strong></span> <span class='ocrx_word' id='word_1_201' title='bbox 2987 1573 3266 1628; x_wconf 89' lang='lat' dir='ltr'><strong>obsidione</strong></span> <span class='ocrx_word' id='word_1_202' title='bbox 3286 1582 3528 1627; x_wconf 87' lang='lat' dir='ltr'><strong>castrum</strong></span> <span class='ocrx_word' id='word_1_203' title='bbox 3566 1571 3776 1626; x_wconf 84' lang='lat' dir='ltr'><strong>circum-</strong></span> 
     </span>
    </p>
   </div>
   <div class='ocr_carea' id='block_1_31' title="bbox 2218 1648 3777 1731">
    <p class='ocr_par' dir='ltr' id='par_1_31' title="bbox 2218 1648 3777 1731">
     <span class='ocr_line' id='line_1_31' title="bbox 2218 1648 3777 1731; baseline -0.003 -13"><span class='ocrx_word' id='word_1_204' title='bbox 2218 1663 2502 1718; x_wconf 89' lang='lat' dir='ltr'><strong>datsancti</strong></span> <span class='ocrx_word' id='word_1_205' title='bbox 2529 1662 2791 1728; x_wconf 85' lang='lat' dir='ltr'><strong>Quintiui.</strong></span> <span class='ocrx_word' id='word_1_206' title='bbox 2828 1663 2972 1728; x_wconf 86' lang='lat' dir='ltr'><strong>Milo,</strong></span> <span class='ocrx_word' id='word_1_207' title='bbox 3022 1662 3111 1731; x_wconf 91' lang='lat' dir='ltr'><strong>qui</strong></span> <span class='ocrx_word' id='word_1_208' title='bbox 3159 1662 3559 1716; x_wconf 83' lang='lat' dir='ltr'><strong>Catalannense</strong></span> <span class='ocrx_word' id='word_1_209' title='bbox 3578 1648 3777 1726; x_wconf 60' lang='grc' dir='ltr'><strong>’ἀρρη-</strong></span> 
     </span>
    </p>
   </div>
   <div class='ocr_carea' id='block_1_32' title="bbox 2219 1748 3775 1821">
    <p class='ocr_par' dir='ltr' id='par_1_32' title="bbox 2219 1748 3775 1821">
     <span class='ocr_line' id='line_1_32' title="bbox 2219 1748 3775 1821; baseline -0.003 -15"><span class='ocrx_word' id='word_1_210' title='bbox 2219 1752 2447 1806; x_wconf 86' lang='lat' dir='ltr'><strong>dabatur</strong></span> <span class='ocrx_word' id='word_1_211' title='bbox 2471 1752 2827 1821; x_wconf 80' lang='lat' dir='ltr'><strong>episcopium,</strong></span> <span class='ocrx_word' id='word_1_212' title='bbox 2855 1750 3356 1806; x_wconf 79' lang='lat' dir='ltr'><strong>exeommunicatur</strong></span> <span class='ocrx_word' id='word_1_213' title='bbox 3384 1748 3454 1804; x_wconf 88' lang='lat' dir='ltr'><strong>ab</strong></span> <span class='ocrx_word' id='word_1_214' title='bbox 3483 1748 3699 1804; x_wconf 72' lang='lat' dir='ltr'><strong>Artoldo</strong></span> <span class='ocrx_word' id='word_1_215' title='bbox 3722 1750 3775 1780; x_wconf 73' lang='grc'><strong>⁸⁸³</strong></span> 
     </span>
    </p>
   </div>
   <div class='ocr_carea' id='block_1_33' title="bbox 536 1830 2114 1923">
    <p class='ocr_par' dir='ltr' id='par_1_33' title="bbox 536 1830 2114 1902">
     <span class='ocr_line' id='line_1_33' title="bbox 536 1830 2114 1902; baseline 0.001 -17"><span class='ocrx_word' id='word_1_216' title='bbox 536 1831 608 1886; x_wconf 87' lang='lat' dir='ltr'><strong>ibi</strong></span> <span class='ocrx_word' id='word_1_217' title='bbox 643 1833 922 1902; x_wconf 71' lang='lat' dir='ltr'><strong>prtesulem</strong></span> <span class='ocrx_word' id='word_1_218' title='bbox 955 1831 1235 1886; x_wconf 80' lang='lat' dir='ltr'><strong>Artoldum</strong></span> <span class='ocrx_word' id='word_1_219' title='bbox 1282 1830 1350 1863; x_wconf 62' lang='grc'><strong>⁸⁸⁸</strong></span> <span class='ocrx_word' id='word_1_220' title='bbox 1381 1832 1700 1886; x_wconf 88' lang='lat' dir='ltr'><strong>monaclmm</strong></span> <span class='ocrx_word' id='word_1_221' title='bbox 1752 1846 1816 1886; x_wconf 86' lang='lat' dir='ltr'><strong>ex</strong></span> <span class='ocrx_word' id='word_1_222' title='bbox 1868 1832 2114 1887; x_wconf 73' lang='lat' dir='ltr'><strong>emnobio</strong></span> 
     </span>
    </p>
   </div>
   <div class='ocr_carea' id='block_1_34' title="bbox 2219 1830 3778 1923">
    <p class='ocr_par' dir='ltr' id='par_1_34' title="bbox 2220 1840 3778 1913">
     <span class='ocr_line' id='line_1_34' title="bbox 2220 1840 3778 1913; baseline -0.003 -17"><span class='ocrx_word' id='word_1_223' title='bbox 2220 1842 2622 1913; x_wconf 64' lang='lat' dir='ltr'><strong>archiepiscopo</strong></span> <span class='ocrx_word' id='word_1_224' title='bbox 2676 1843 2977 1913; x_wconf 87' lang='lat' dir='ltr'><strong>ceterisque</strong></span> <span class='ocrx_word' id='word_1_225' title='bbox 3029 1842 3308 1895; x_wconf 80' lang='lat' dir='ltr'><strong>Remensis</strong></span> <span class='ocrx_word' id='word_1_226' title='bbox 3353 1840 3635 1894; x_wconf 88' lang='lat' dir='ltr'><strong>dioceseos</strong></span> <span class='ocrx_word' id='word_1_227' title='bbox 3685 1840 3778 1908; x_wconf 79' lang='lat' dir='ltr'><strong>cpi-</strong></span> 
     </span>
    </p>
   </div>
   <div class='ocr_carea' id='block_1_35' title="bbox 537 1922 2107 1994">
    <p class='ocr_par' dir='ltr' id='par_1_35' title="bbox 537 1922 2107 1994">
     <span class='ocr_line' id='line_1_35' title="bbox 537 1922 2107 1994; baseline -0.001 -15"><span class='ocrx_word' id='word_1_228' title='bbox 537 1927 710 1979; x_wconf 86' lang='lat' dir='ltr'><strong>sancti</strong></span> <span class='ocrx_word' id='word_1_229' title='bbox 744 1924 995 1994; x_wconf 79' lang='lat' dir='ltr'><strong>Remigii,</strong></span> <span class='ocrx_word' id='word_1_230' title='bbox 1027 1924 1116 1993; x_wconf 92' lang='lat' dir='ltr'><strong>qui</strong></span> <span class='ocrx_word' id='word_1_231' title='bbox 1143 1922 1253 1991; x_wconf 86' lang='lat' dir='ltr'><strong>jam</strong></span> <span class='ocrx_word' id='word_1_232' title='bbox 1299 1923 1526 1993; x_wconf 88' lang='lat' dir='ltr'><strong>pridem,</strong></span> <span class='ocrx_word' id='word_1_233' title='bbox 1560 1924 1675 1993; x_wconf 88' lang='lat' dir='ltr'><strong>ipso</strong></span> <span class='ocrx_word' id='word_1_234' title='bbox 1720 1931 1898 1976; x_wconf 89' lang='lat' dir='ltr'><strong>tamen</strong></span> <span class='ocrx_word' id='word_1_235' title='bbox 1946 1938 2107 1988; x_wconf 91' lang='lat' dir='ltr'><strong>anno,</strong></span> 
     </span>
    </p>
   </div>
   <div class='ocr_carea' id='block_1_36' title="bbox 534 2011 2109 2083">
    <p class='ocr_par' dir='ltr' id='par_1_36' title="bbox 534 2011 2109 2083">
     <span class='ocr_line' id='line_1_36' title="bbox 534 2011 2109 2083; baseline -0.001 -15"><span class='ocrx_word' id='word_1_236' title='bbox 534 2014 829 2083; x_wconf 84' lang='lat' dir='ltr'><strong>reliquerat</strong></span> <span class='ocrx_word' id='word_1_237' title='bbox 864 2013 1207 2067; x_wconf 88' lang='lat' dir='ltr'><strong>Heribertmn</strong></span> <span class='ocrx_word' id='word_1_238' title='bbox 1255 2024 1311 2067; x_wconf 92' lang='lat' dir='ltr'><strong>et</strong></span> <span class='ocrx_word' id='word_1_239' title='bbox 1352 2013 1643 2067; x_wconf 89' lang='lat' dir='ltr'><strong>transierat</strong></span> <span class='ocrx_word' id='word_1_240' title='bbox 1692 2013 1759 2067; x_wconf 89' lang='lat' dir='ltr'><strong>ad</strong></span> <span class='ocrx_word' id='word_1_241' title='bbox 1808 2011 2109 2081; x_wconf 74' lang='lat' dir='ltr'><strong>llugoncm.</strong></span> 
     </span>
    </p>
   </div>
   <div class='ocr_carea' id='block_1_37' title="bbox 537 2102 2109 2173">
    <p class='ocr_par' dir='ltr' id='par_1_37' title="bbox 537 2102 2109 2173">
     <span class='ocr_line' id='line_1_37' title="bbox 537 2102 2109 2173; baseline -0.003 -15"><span class='ocrx_word' id='word_1_242' title='bbox 537 2104 809 2158; x_wconf 84' lang='lat' dir='ltr'><strong>Bovouem</strong></span> <span class='ocrx_word' id='word_1_243' title='bbox 839 2118 1054 2173; x_wconf 88' lang='lat' dir='ltr'><strong>quoque</strong></span> <span class='ocrx_word' id='word_1_244' title='bbox 1100 2102 1548 2157; x_wconf 86' lang='lat' dir='ltr'><strong>Catalaunensem</strong></span> <span class='ocrx_word' id='word_1_245' title='bbox 1596 2102 1929 2171; x_wconf 89' lang='lat' dir='ltr'><strong>episc0pum,</strong></span> <span class='ocrx_word' id='word_1_246' title='bbox 1962 2102 2051 2170; x_wconf 89' lang='lat' dir='ltr'><strong>qui</strong></span> <span class='ocrx_word' id='word_1_247' title='bbox 2081 2116 2109 2154; x_wconf 88' lang='lat' dir='ltr'><strong>a</strong></span> 
     </span>
    </p>
   </div>
   <div class='ocr_carea' id='block_1_38' title="bbox 540 2191 2109 2262">
    <p class='ocr_par' dir='ltr' id='par_1_38' title="bbox 540 2191 2109 2262">
     <span class='ocr_line' id='line_1_38' title="bbox 540 2191 2109 2262; baseline -0.002 -17"><span class='ocrx_word' id='word_1_248' title='bbox 540 2207 599 2245; x_wconf 90' lang='lat' dir='ltr'><strong>se</strong></span> <span class='ocrx_word' id='word_1_249' title='bbox 625 2193 1062 2246; x_wconf 86' lang='lat' dir='ltr'><strong>desciveratcum</strong></span> <span class='ocrx_word' id='word_1_250' title='bbox 1093 2192 1399 2255; x_wconf 85' lang='lat' dir='ltr'><strong>Heriberto,</strong></span> <span class='ocrx_word' id='word_1_251' title='bbox 1420 2207 1508 2245; x_wconf 80' lang='lat' dir='ltr'><strong>rex</strong></span> <span class='ocrx_word' id='word_1_252' title='bbox 1527 2194 1768 2262; x_wconf 82' lang='lat' dir='ltr'><strong>capiens,</strong></span> <span class='ocrx_word' id='word_1_253' title='bbox 1796 2192 2012 2245; x_wconf 87' lang='lat' dir='ltr'><strong>tradidit</strong></span> <span class='ocrx_word' id='word_1_254' title='bbox 2041 2191 2109 2224; x_wconf 68' lang='lat'><strong>&quot;7</strong></span> 
     </span>
    </p>
   </div>
   <div class='ocr_carea' id='block_1_39' title="bbox 542 2280 2110 2352">
    <p class='ocr_par' dir='ltr' id='par_1_39' title="bbox 542 2280 2110 2352">
     <span class='ocr_line' id='line_1_39' title="bbox 542 2280 2110 2352; baseline -0.001 -16"><span class='ocrx_word' id='word_1_255' title='bbox 542 2281 952 2336; x_wconf 88' lang='lat' dir='ltr'><strong>custodiendum</strong></span> <span class='ocrx_word' id='word_1_256' title='bbox 987 2281 1217 2352; x_wconf 84' lang='lat' dir='ltr'><strong>llugoni,</strong></span> <span class='ocrx_word' id='word_1_257' title='bbox 1242 2291 1295 2336; x_wconf 92' lang='lat' dir='ltr'><strong>et</strong></span> <span class='ocrx_word' id='word_1_258' title='bbox 1324 2282 1691 2352; x_wconf 83' lang='lat' dir='ltr'><strong>episcopatum</strong></span> <span class='ocrx_word' id='word_1_259' title='bbox 1727 2280 1895 2351; x_wconf 88' lang='lat' dir='ltr'><strong>ipsius</strong></span> <span class='ocrx_word' id='word_1_260' title='bbox 1921 2281 1988 2313; x_wconf 68' lang='grc'><strong>⁸⁵⁸</strong></span> <span class='ocrx_word' id='word_1_261' title='bbox 2016 2280 2110 2335; x_wconf 78' lang='grc' dir='ltr'><strong>Μὶ-</strong></span> 
     </span>
    </p>
   </div>
   <div class='ocr_carea' id='block_1_40' title="bbox 541 2369 2109 2441">
    <p class='ocr_par' dir='ltr' id='par_1_40' title="bbox 541 2369 2109 2441">
     <span class='ocr_line' id='line_1_40' title="bbox 541 2369 2109 2441; baseline 0.001 -19"><span class='ocrx_word' id='word_1_262' title='bbox 541 2369 649 2423; x_wconf 91' lang='lat' dir='ltr'><strong>loni</strong></span> <span class='ocrx_word' id='word_1_263' title='bbox 686 2370 885 2424; x_wconf 85' lang='lat' dir='ltr'><strong>clerico</strong></span> <span class='ocrx_word' id='word_1_264' title='bbox 920 2369 1108 2424; x_wconf 86' lang='lat' dir='ltr'><strong>tribuit</strong></span> <span class='ocrx_word' id='word_1_265' title='bbox 1145 2371 1243 2436; x_wconf 66' lang='lat'><strong>“9;</strong></span> <span class='ocrx_word' id='word_1_266' title='bbox 1295 2371 1480 2439; x_wconf 86' lang='lat' dir='ltr'><strong>sicque</strong></span> <span class='ocrx_word' id='word_1_267' title='bbox 1513 2386 1743 2441; x_wconf 85' lang='lat' dir='ltr'><strong>pergens</strong></span> <span class='ocrx_word' id='word_1_268' title='bbox 1769 2370 2109 2435; x_wconf 91' lang='lat' dir='ltr'><strong>Laudunnm,</strong></span> 
     </span>
    </p>
   </div>
   <div class='ocr_carea' id='block_1_41' title="bbox 535 2460 2114 2530">
    <p class='ocr_par' dir='ltr' id='par_1_41' title="bbox 535 2460 2114 2530">
     <span class='ocr_line' id='line_1_41' title="bbox 535 2460 2114 2530; baseline 0.001 -16"><span class='ocrx_word' id='word_1_269' title='bbox 535 2460 747 2515; x_wconf 88' lang='lat' dir='ltr'><strong>obsidet</strong></span> <span class='ocrx_word' id='word_1_270' title='bbox 778 2460 907 2514; x_wconf 91' lang='lat' dir='ltr'><strong>inihi</strong></span> <span class='ocrx_word' id='word_1_271' title='bbox 939 2461 1304 2526; x_wconf 89' lang='lat' dir='ltr'><strong>lleribertum,</strong></span> <span class='ocrx_word' id='word_1_272' title='bbox 1335 2463 1423 2530; x_wconf 90' lang='lat' dir='ltr'><strong>qui</strong></span> <span class='ocrx_word' id='word_1_273' title='bbox 1458 2462 1653 2516; x_wconf 89' lang='lat' dir='ltr'><strong>ibidem</strong></span> <span class='ocrx_word' id='word_1_274' title='bbox 1685 2476 1806 2516; x_wconf 90' lang='lat' dir='ltr'><strong>sese</strong></span> <span class='ocrx_word' id='word_1_275' title='bbox 1832 2460 2114 2515; x_wconf 88' lang='lat' dir='ltr'><strong>concluse-</strong></span> 
     </span>
    </p>
   </div>
   <div class='ocr_carea' id='block_1_42' title="bbox 532 2552 2112 2623">
    <p class='ocr_par' dir='ltr' id='par_1_42' title="bbox 532 2552 2112 2623">
     <span class='ocr_line' id='line_1_42' title="bbox 532 2552 2112 2623; baseline -0.003 -15"><span class='ocrx_word' id='word_1_276' title='bbox 532 2563 620 2609; x_wconf 87' lang='lat' dir='ltr'><strong>rat</strong></span> <span class='ocrx_word' id='word_1_277' title='bbox 651 2570 770 2607; x_wconf 91' lang='lat' dir='ltr'><strong>eum</strong></span> <span class='ocrx_word' id='word_1_278' title='bbox 803 2554 934 2607; x_wconf 90' lang='lat' dir='ltr'><strong>suis.</strong></span> <span class='ocrx_word' id='word_1_279' title='bbox 962 2552 1072 2608; x_wconf 88' lang='lat' dir='ltr'><strong>Nec</strong></span> <span class='ocrx_word' id='word_1_280' title='bbox 1109 2554 1199 2607; x_wconf 89' lang='lat' dir='ltr'><strong>diu</strong></span> <span class='ocrx_word' id='word_1_281' title='bbox 1232 2554 1554 2623; x_wconf 80' lang='lat' dir='ltr'><strong>persistens,</strong></span> <span class='ocrx_word' id='word_1_282' title='bbox 1583 2553 1758 2608; x_wconf 93' lang='lat' dir='ltr'><strong>locum</strong></span> <span class='ocrx_word' id='word_1_283' title='bbox 1788 2553 1924 2623; x_wconf 88' lang='lat' dir='ltr'><strong>petit</strong></span> <span class='ocrx_word' id='word_1_284' title='bbox 1952 2566 2112 2623; x_wconf 80' lang='lat' dir='ltr'><strong>egre-</strong></span> 
     </span>
    </p>
   </div>
   <div class='ocr_carea' id='block_1_43' title="bbox 536 2646 2113 2715">
    <p class='ocr_par' dir='ltr' id='par_1_43' title="bbox 536 2646 2113 2715">
     <span class='ocr_line' id='line_1_43' title="bbox 536 2646 2113 2715; baseline 0 -15"><span class='ocrx_word' id='word_1_285' title='bbox 536 2647 747 2711; x_wconf 90' lang='lat' dir='ltr'><strong>diendi;</strong></span> <span class='ocrx_word' id='word_1_286' title='bbox 795 2647 1026 2715; x_wconf 89' lang='lat' dir='ltr'><strong>datoque</strong></span> <span class='ocrx_word' id='word_1_287' title='bbox 1072 2646 1174 2701; x_wconf 77' lang='lat' dir='ltr'><strong>sibi</strong></span> <span class='ocrx_word' id='word_1_288' title='bbox 1209 2647 1401 2715; x_wconf 82' lang='lat' dir='ltr'><strong>spatio,</strong></span> <span class='ocrx_word' id='word_1_289' title='bbox 1434 2647 1654 2710; x_wconf 63' lang='lat' dir='ltr'><strong>recedit,</strong></span> <span class='ocrx_word' id='word_1_290' title='bbox 1688 2646 1909 2700; x_wconf 89' lang='lat' dir='ltr'><strong>dimissa</strong></span> <span class='ocrx_word' id='word_1_291' title='bbox 1942 2660 2113 2700; x_wconf 83' lang='lat' dir='ltr'><strong>uxore</strong></span> 
     </span>
    </p>
   </div>
   <div class='ocr_carea' id='block_1_44' title="bbox 534 2736 2115 2806">
    <p class='ocr_par' dir='ltr' id='par_1_44' title="bbox 534 2736 2115 2806">
     <span class='ocr_line' id='line_1_44' title="bbox 534 2736 2115 2806; baseline -0.001 -15"><span class='ocrx_word' id='word_1_292' title='bbox 534 2752 631 2791; x_wconf 87' lang='lat' dir='ltr'><strong>sua</strong></span> <span class='ocrx_word' id='word_1_293' title='bbox 665 2738 716 2790; x_wconf 92' lang='lat' dir='ltr'><strong>in</strong></span> <span class='ocrx_word' id='word_1_294' title='bbox 749 2751 894 2801; x_wconf 77' lang='lat' dir='ltr'><strong>arce,</strong></span> <span class='ocrx_word' id='word_1_295' title='bbox 921 2752 1081 2806; x_wconf 88' lang='lat' dir='ltr'><strong>quam</strong></span> <span class='ocrx_word' id='word_1_296' title='bbox 1114 2736 1251 2790; x_wconf 89' lang='lat' dir='ltr'><strong>infra</strong></span> <span class='ocrx_word' id='word_1_297' title='bbox 1285 2736 1603 2790; x_wconf 86' lang='lat' dir='ltr'><strong>Laudunum</strong></span> <span class='ocrx_word' id='word_1_298' title='bbox 1636 2737 1750 2805; x_wconf 90' lang='lat' dir='ltr'><strong>ipse</strong></span> <span class='ocrx_word' id='word_1_299' title='bbox 1795 2744 2115 2790; x_wconf 81' lang='lat' dir='ltr'><strong>construxe-</strong></span> 
     </span>
    </p>
   </div>
   <div class='ocr_carea' id='block_1_45' title="bbox 533 2825 2115 2897">
    <p class='ocr_par' dir='ltr' id='par_1_45' title="bbox 533 2825 2115 2897">
     <span class='ocr_line' id='line_1_45' title="bbox 533 2825 2115 2897; baseline 0 -15"><span class='ocrx_word' id='word_1_300' title='bbox 533 2835 635 2882; x_wconf 81' lang='lat' dir='ltr'><strong>rat.</strong></span> <span class='ocrx_word' id='word_1_301' title='bbox 670 2826 749 2881; x_wconf 85' lang='lat' dir='ltr'><strong>Ad</strong></span> <span class='ocrx_word' id='word_1_302' title='bbox 773 2843 931 2896; x_wconf 83' lang='lat' dir='ltr'><strong>quant</strong></span> <span class='ocrx_word' id='word_1_303' title='bbox 963 2837 1144 2896; x_wconf 90' lang='lat' dir='ltr'><strong>postea</strong></span> <span class='ocrx_word' id='word_1_304' title='bbox 1170 2828 1489 2897; x_wconf 88' lang='lat' dir='ltr'><strong>capiendam</strong></span> <span class='ocrx_word' id='word_1_305' title='bbox 1537 2825 1760 2894; x_wconf 85' lang='lat' dir='ltr'><strong>majoris</strong></span> <span class='ocrx_word' id='word_1_306' title='bbox 1809 2826 2010 2881; x_wconf 87' lang='lat' dir='ltr'><strong>laboris</strong></span> <span class='ocrx_word' id='word_1_307' title='bbox 2059 2836 2115 2882; x_wconf 92' lang='lat' dir='ltr'><strong>et</strong></span> 
     </span>
    </p>
   </div>
   <div class='ocr_carea' id='block_1_46' title="bbox 539 2916 2113 2987">
    <p class='ocr_par' dir='ltr' id='par_1_46' title="bbox 539 2916 2113 2987">
     <span class='ocr_line' id='line_1_46' title="bbox 539 2916 2113 2987; baseline 0.001 -18"><span class='ocrx_word' id='word_1_308' title='bbox 539 2931 705 2971; x_wconf 71' lang='lat' dir='ltr'><strong>mora:</strong></span> <span class='ocrx_word' id='word_1_309' title='bbox 733 2917 800 2948; x_wconf 78' lang='grc'><strong><em>³⁵⁸³</em></strong></span> <span class='ocrx_word' id='word_1_310' title='bbox 827 2932 961 2987; x_wconf 87' lang='lat' dir='ltr'><strong>opus</strong></span> <span class='ocrx_word' id='word_1_311' title='bbox 990 2918 1099 2986; x_wconf 83' lang='lat' dir='ltr'><strong>regi</strong></span> <span class='ocrx_word' id='word_1_312' title='bbox 1130 2917 1257 2981; x_wconf 87' lang='lat' dir='ltr'><strong>fuit;</strong></span> <span class='ocrx_word' id='word_1_313' title='bbox 1286 2932 1389 2985; x_wconf 89' lang='lat' dir='ltr'><strong>qua</strong></span> <span class='ocrx_word' id='word_1_314' title='bbox 1421 2916 1505 2970; x_wconf 83' lang='lat' dir='ltr'><strong>vix</strong></span> <span class='ocrx_word' id='word_1_315' title='bbox 1544 2916 1755 2970; x_wconf 88' lang='lat' dir='ltr'><strong>tandem</strong></span> <span class='ocrx_word' id='word_1_316' title='bbox 1789 2916 1990 2986; x_wconf 84' lang='lat' dir='ltr'><strong>potitus</strong></span> <span class='ocrx_word' id='word_1_317' title='bbox 2022 2918 2113 2982; x_wconf 75' lang='grc'><strong>³⁸³,</strong></span> 
     </span>
    </p>
   </div>
   <div class='ocr_carea' id='block_1_47' title="bbox 534 3007 2115 3079">
    <p class='ocr_par' dir='ltr' id='par_1_47' title="bbox 534 3007 2115 3079">
     <span class='ocr_line' id='line_1_47' title="bbox 534 3007 2115 3079; baseline 0.001 -17"><span class='ocrx_word' id='word_1_318' title='bbox 534 3008 589 3062; x_wconf 89' lang='lat' dir='ltr'><strong>in</strong></span> <span class='ocrx_word' id='word_1_319' title='bbox 622 3009 979 3079; x_wconf 82' lang='lat' dir='ltr'><strong>Burgundiam</strong></span> <span class='ocrx_word' id='word_1_320' title='bbox 1012 3010 1320 3072; x_wconf 75' lang='lat' dir='ltr'><strong>revertitur,</strong></span> <span class='ocrx_word' id='word_1_321' title='bbox 1351 3008 1635 3077; x_wconf 85' lang='lat' dir='ltr'><strong>Aquitanis</strong></span> <span class='ocrx_word' id='word_1_322' title='bbox 1675 3007 2115 3063; x_wconf 80' lang='lat' dir='ltr'><strong>discordantibus</strong></span> 
     </span>
    </p>
   </div>
   <div class='ocr_carea' id='block_1_48' title="bbox 532 3096 2117 3166">
    <p class='ocr_par' dir='ltr' id='par_1_48' title="bbox 532 3096 2117 3166">
     <span class='ocr_line' id='line_1_48' title="bbox 532 3096 2117 3166; baseline 0.001 -18"><span class='ocrx_word' id='word_1_323' title='bbox 532 3098 745 3151; x_wconf 89' lang='lat' dir='ltr'><strong>obviam</strong></span> <span class='ocrx_word' id='word_1_324' title='bbox 776 3100 1146 3165; x_wconf 75' lang='lat' dir='ltr'><strong>proficiscens.</strong></span> <span class='ocrx_word' id='word_1_325' title='bbox 1177 3097 1337 3153; x_wconf 88' lang='lat' dir='ltr'><strong>lncon</strong></span> <span class='ocrx_word' id='word_1_326' title='bbox 1368 3096 1755 3163; x_wconf 83' lang='lat' dir='ltr'><strong>Nortmannus,</strong></span> <span class='ocrx_word' id='word_1_327' title='bbox 1788 3097 1881 3166; x_wconf 93' lang='lat' dir='ltr'><strong>qui</strong></span> <span class='ocrx_word' id='word_1_328' title='bbox 1935 3112 2117 3150; x_wconf 89' lang='lat' dir='ltr'><strong>mora-</strong></span> 
     </span>
    </p>
   </div>
   <div class='ocr_carea' id='block_1_49' title="bbox 2218 1932 3776 2006">
    <p class='ocr_par' dir='ltr' id='par_1_49' title="bbox 2218 1932 3776 2006">
     <span class='ocr_line' id='line_1_49' title="bbox 2218 1932 3776 2006; baseline -0.003 -18"><span class='ocrx_word' id='word_1_329' title='bbox 2218 1935 2411 2004; x_wconf 68' lang='lat' dir='ltr'><strong>s:opis.</strong></span> <span class='ocrx_word' id='word_1_330' title='bbox 2430 1933 2582 2006; x_wconf 84' lang='lat' dir='ltr'><strong>llugo</strong></span> <span class='ocrx_word' id='word_1_331' title='bbox 2596 1932 2872 1989; x_wconf 87' lang='lat' dir='ltr'><strong>castellum</strong></span> <span class='ocrx_word' id='word_1_332' title='bbox 2897 1934 3066 1988; x_wconf 88' lang='lat' dir='ltr'><strong>sancti</strong></span> <span class='ocrx_word' id='word_1_333' title='bbox 3093 1932 3331 2000; x_wconf 89' lang='lat' dir='ltr'><strong>Quintiui</strong></span> <span class='ocrx_word' id='word_1_334' title='bbox 3356 1942 3644 2002; x_wconf 80' lang='lat' dir='ltr'><strong>postquam</strong></span> <span class='ocrx_word' id='word_1_335' title='bbox 3667 1934 3776 1986; x_wconf 56' lang='lat' dir='ltr'><strong>duo</strong></span> 
     </span>
    </p>
   </div>
   <div class='ocr_carea' id='block_1_50' title="bbox 2215 2022 3779 2093">
    <p class='ocr_par' dir='ltr' id='par_1_50' title="bbox 2215 2022 3779 2093">
     <span class='ocr_line' id='line_1_50' title="bbox 2215 2022 3779 2093; baseline -0.002 -16"><span class='ocrx_word' id='word_1_336' title='bbox 2215 2023 2316 2078; x_wconf 90' lang='lat' dir='ltr'><strong>bus</strong></span> <span class='ocrx_word' id='word_1_337' title='bbox 2348 2024 2625 2079; x_wconf 89' lang='lat' dir='ltr'><strong>mensibus</strong></span> <span class='ocrx_word' id='word_1_338' title='bbox 2653 2023 2960 2087; x_wconf 84' lang='lat' dir='ltr'><strong>obsederat,</strong></span> <span class='ocrx_word' id='word_1_339' title='bbox 2993 2023 3382 2093; x_wconf 79' lang='lat' dir='ltr'><strong>Oppidanorttm</strong></span> <span class='ocrx_word' id='word_1_340' title='bbox 3408 2023 3629 2077; x_wconf 87' lang='lat' dir='ltr'><strong>tandem</strong></span> <span class='ocrx_word' id='word_1_341' title='bbox 3650 2022 3779 2075; x_wconf 71' lang='lat' dir='ltr'><strong>dedi-</strong></span> 
     </span>
    </p>
   </div>
   <div class='ocr_carea' id='block_1_51' title="bbox 2216 2111 3775 2184">
    <p class='ocr_par' dir='ltr' id='par_1_51' title="bbox 2216 2111 3775 2184">
     <span class='ocr_line' id='line_1_51' title="bbox 2216 2111 3775 2184; baseline -0.003 -15"><span class='ocrx_word' id='word_1_342' title='bbox 2216 2115 2360 2170; x_wconf 91' lang='lat' dir='ltr'><strong>tione</strong></span> <span class='ocrx_word' id='word_1_343' title='bbox 2386 2115 2548 2184; x_wconf 86' lang='lat' dir='ltr'><strong>capit.</strong></span> <span class='ocrx_word' id='word_1_344' title='bbox 2583 2114 2636 2167; x_wconf 94' lang='lat' dir='ltr'><strong>lu</strong></span> <span class='ocrx_word' id='word_1_345' title='bbox 2669 2115 2961 2168; x_wconf 89' lang='lat' dir='ltr'><strong>crastinum</strong></span> <span class='ocrx_word' id='word_1_346' title='bbox 3007 2123 3289 2184; x_wconf 87' lang='lat' dir='ltr'><strong>postquam</strong></span> <span class='ocrx_word' id='word_1_347' title='bbox 3341 2111 3473 2165; x_wconf 89' lang='lat' dir='ltr'><strong>illud</strong></span> <span class='ocrx_word' id='word_1_348' title='bbox 3524 2112 3775 2181; x_wconf 79' lang='lat' dir='ltr'><strong>ingressus</strong></span> 
     </span>
    </p>
   </div>
   <div class='ocr_carea' id='block_1_52' title="bbox 2212 2198 3772 2276">
    <p class='ocr_par' dir='ltr' id='par_1_52' title="bbox 2212 2198 3772 2276">
     <span class='ocr_line' id='line_1_52' title="bbox 2212 2198 3772 2276; baseline -0.003 -15"><span class='ocrx_word' id='word_1_349' title='bbox 2212 2198 2328 2270; x_wconf 87' lang='lat' dir='ltr'><strong>est,</strong></span> <span class='ocrx_word' id='word_1_350' title='bbox 2358 2224 2495 2262; x_wconf 84' lang='lat' dir='ltr'><strong>unus</strong></span> <span class='ocrx_word' id='word_1_351' title='bbox 2527 2206 2594 2238; x_wconf 66' lang='grc'><strong>³⁶⁴</strong></span> <span class='ocrx_word' id='word_1_352' title='bbox 2635 2216 2947 2262; x_wconf 85' lang='lat' dir='ltr'><strong>contractus</strong></span> <span class='ocrx_word' id='word_1_353' title='bbox 2994 2207 3046 2260; x_wconf 90' lang='lat' dir='ltr'><strong>in</strong></span> <span class='ocrx_word' id='word_1_354' title='bbox 3093 2206 3337 2259; x_wconf 68' lang='grc' dir='ltr'><strong>αδοιιιρειει</strong></span> <span class='ocrx_word' id='word_1_355' title='bbox 3386 2198 3522 2276; x_wconf 62' lang='lat' dir='ltr'><strong>ipsa:</strong></span> <span class='ocrx_word' id='word_1_356' title='bbox 3551 2206 3772 2272; x_wconf 87' lang='lat' dir='ltr'><strong>erigitur.</strong></span> 
     </span>
    </p>
   </div>
   <div class='ocr_carea' id='block_1_53' title="bbox 2215 2290 3769 2366">
    <p class='ocr_par' dir='ltr' id='par_1_53' title="bbox 2215 2290 3769 2366">
     <span class='ocr_line' id='line_1_53' title="bbox 2215 2290 3769 2366; baseline -0.003 -15"><span class='ocrx_word' id='word_1_357' title='bbox 2215 2297 2596 2366; x_wconf 73' lang='lat' dir='ltr'><strong>Ragemunlus</strong></span> <span class='ocrx_word' id='word_1_358' title='bbox 2621 2307 2675 2352; x_wconf 90' lang='lat' dir='ltr'><strong>et</strong></span> <span class='ocrx_word' id='word_1_359' title='bbox 2721 2296 3114 2366; x_wconf 81' lang='lat' dir='ltr'><strong>Ermingaudus</strong></span> <span class='ocrx_word' id='word_1_360' title='bbox 3143 2292 3232 2359; x_wconf 64' lang='grc'><strong>⁸³³,</strong></span> <span class='ocrx_word' id='word_1_361' title='bbox 3278 2295 3553 2364; x_wconf 90' lang='lat' dir='ltr'><strong>principes</strong></span> <span class='ocrx_word' id='word_1_362' title='bbox 3582 2290 3650 2325; x_wconf 69' lang='grc'><strong>⁸⁵³</strong></span> <span class='ocrx_word' id='word_1_363' title='bbox 3678 2294 3769 2348; x_wconf 83' lang='lat' dir='ltr'><strong>Go—</strong></span> 
     </span>
    </p>
   </div>
   <div class='ocr_carea' id='block_1_54' title="bbox 2217 2383 3775 2457">
    <p class='ocr_par' dir='ltr' id='par_1_54' title="bbox 2217 2383 3775 2457">
     <span class='ocr_line' id='line_1_54' title="bbox 2217 2383 3775 2457; baseline -0.005 -14"><span class='ocrx_word' id='word_1_364' title='bbox 2217 2389 2363 2453; x_wconf 82' lang='lat' dir='ltr'><strong>thiae,</strong></span> <span class='ocrx_word' id='word_1_365' title='bbox 2417 2389 2525 2457; x_wconf 80' lang='lat' dir='ltr'><strong>regi</strong></span> <span class='ocrx_word' id='word_1_366' title='bbox 2572 2404 2629 2442; x_wconf 90' lang='lat' dir='ltr'><strong>se</strong></span> <span class='ocrx_word' id='word_1_367' title='bbox 2661 2387 2890 2443; x_wconf 81' lang='lat' dir='ltr'><strong>Rodulfo</strong></span> <span class='ocrx_word' id='word_1_368' title='bbox 2934 2387 3310 2451; x_wconf 89' lang='lat' dir='ltr'><strong>committunt;</strong></span> <span class='ocrx_word' id='word_1_369' title='bbox 3354 2383 3542 2454; x_wconf 88' lang='lat' dir='ltr'><strong>Lupus</strong></span> <span class='ocrx_word' id='word_1_370' title='bbox 3583 2397 3775 2453; x_wconf 86' lang='lat' dir='ltr'><strong>quoque</strong></span> 
     </span>
    </p>
   </div>
   <div class='ocr_carea' id='block_1_55' title="bbox 2214 2477 3777 2550">
    <p class='ocr_par' dir='ltr' id='par_1_55' title="bbox 2214 2477 3777 2550">
     <span class='ocr_line' id='line_1_55' title="bbox 2214 2477 3777 2550; baseline -0.004 -15"><span class='ocrx_word' id='word_1_371' title='bbox 2214 2480 2502 2535; x_wconf 82' lang='lat' dir='ltr'><strong>Aciuarius</strong></span> <span class='ocrx_word' id='word_1_372' title='bbox 2532 2481 2599 2512; x_wconf 71' lang='grc'><strong>³⁸⁷</strong></span> <span class='ocrx_word' id='word_1_373' title='bbox 2653 2482 2845 2545; x_wconf 84' lang='lat' dir='ltr'><strong>Vasco,</strong></span> <span class='ocrx_word' id='word_1_374' title='bbox 2895 2481 2984 2550; x_wconf 93' lang='lat' dir='ltr'><strong>qui</strong></span> <span class='ocrx_word' id='word_1_375' title='bbox 3035 2494 3229 2549; x_wconf 89' lang='lat' dir='ltr'><strong>equum</strong></span> <span class='ocrx_word' id='word_1_376' title='bbox 3279 2477 3557 2532; x_wconf 83' lang='lat' dir='ltr'><strong>ferebatur</strong></span> <span class='ocrx_word' id='word_1_377' title='bbox 3602 2478 3777 2531; x_wconf 71' lang='lat' dir='ltr'><strong>habere</strong></span> 
     </span>
    </p>
   </div>
   <div class='ocr_carea' id='block_1_56' title="bbox 2216 2562 3774 2644">
    <p class='ocr_par' dir='ltr' id='par_1_56' title="bbox 2216 2562 3774 2644">
     <span class='ocr_line' id='line_1_56' title="bbox 2216 2562 3774 2644; baseline -0.004 -17"><span class='ocrx_word' id='word_1_378' title='bbox 2216 2589 2477 2629; x_wconf 88' lang='lat' dir='ltr'><strong>annorum</strong></span> <span class='ocrx_word' id='word_1_379' title='bbox 2503 2574 2621 2642; x_wconf 89' lang='lat' dir='ltr'><strong>plus</strong></span> <span class='ocrx_word' id='word_1_380' title='bbox 2649 2590 2810 2644; x_wconf 88' lang='lat' dir='ltr'><strong>quam</strong></span> <span class='ocrx_word' id='word_1_381' title='bbox 2836 2562 3279 2634; x_wconf 10' lang='lat' dir='ltr'><strong>eentum,radhuc</strong></span> <span class='ocrx_word' id='word_1_382' title='bbox 3318 2580 3498 2625; x_wconf 80' lang='lat' dir='ltr'><strong>tamen</strong></span> <span class='ocrx_word' id='word_1_383' title='bbox 3527 2567 3774 2623; x_wconf 63' lang='lat' dir='ltr'><strong>validissio</strong></span> 
     </span>
    </p>
   </div>
   <div class='ocr_carea' id='block_1_57' title="bbox 2217 2662 3776 2727">
    <p class='ocr_par' dir='ltr' id='par_1_57' title="bbox 2217 2662 3776 2727">
     <span class='ocr_line' id='line_1_57' title="bbox 2217 2662 3776 2727; baseline -0.004 -8"><span class='ocrx_word' id='word_1_384' title='bbox 2217 2681 2383 2719; x_wconf 91' lang='lat' dir='ltr'><strong>mum.</strong></span> <span class='ocrx_word' id='word_1_385' title='bbox 2417 2664 2750 2720; x_wconf 87' lang='lat' dir='ltr'><strong>Gislebertus</strong></span> <span class='ocrx_word' id='word_1_386' title='bbox 2773 2681 2893 2719; x_wconf 92' lang='lat' dir='ltr'><strong>eum</strong></span> <span class='ocrx_word' id='word_1_387' title='bbox 2928 2664 3393 2727; x_wconf 89' lang='lat' dir='ltr'><strong>Lothariensibus,</strong></span> <span class='ocrx_word' id='word_1_388' title='bbox 3435 2662 3693 2715; x_wconf 85' lang='lat' dir='ltr'><strong>invitante</strong></span> <span class='ocrx_word' id='word_1_389' title='bbox 3728 2674 3776 2712; x_wconf 83' lang='lat' dir='ltr'><strong>se</strong></span> 
     </span>
    </p>
   </div>
   <div class='ocr_carea' id='block_1_58' title="bbox 2219 2750 3775 2824">
    <p class='ocr_par' dir='ltr' id='par_1_58' title="bbox 2219 2750 3775 2824">
     <span class='ocr_line' id='line_1_58' title="bbox 2219 2750 3775 2824; baseline -0.003 -16"><span class='ocrx_word' id='word_1_390' title='bbox 2219 2753 2459 2824; x_wconf 80' lang='lat' dir='ltr'><strong>llugone,</strong></span> <span class='ocrx_word' id='word_1_391' title='bbox 2493 2756 2781 2810; x_wconf 81' lang='lat' dir='ltr'><strong>Perronam</strong></span> <span class='ocrx_word' id='word_1_392' title='bbox 2806 2755 2875 2787; x_wconf 68' lang='lat'><strong>3“</strong></span> <span class='ocrx_word' id='word_1_393' title='bbox 2901 2755 3144 2818; x_wconf 88' lang='lat' dir='ltr'><strong>obsidet;</strong></span> <span class='ocrx_word' id='word_1_394' title='bbox 3170 2753 3259 2807; x_wconf 89' lang='lat' dir='ltr'><strong>ubi</strong></span> <span class='ocrx_word' id='word_1_395' title='bbox 3282 2752 3665 2822; x_wconf 85' lang='lat' dir='ltr'><strong>congressione</strong></span> <span class='ocrx_word' id='word_1_396' title='bbox 3688 2750 3775 2804; x_wconf 80' lang='lat' dir='ltr'><strong>fre-</strong></span> 
     </span>
    </p>
   </div>
   <div class='ocr_carea' id='block_1_59' title="bbox 2218 2842 3749 2915">
    <p class='ocr_par' dir='ltr' id='par_1_59' title="bbox 2218 2842 3749 2915">
     <span class='ocr_line' id='line_1_59' title="bbox 2218 2842 3749 2915; baseline -0.003 -17"><span class='ocrx_word' id='word_1_397' title='bbox 2218 2846 2403 2914; x_wconf 90' lang='lat' dir='ltr'><strong>quenti</strong></span> <span class='ocrx_word' id='word_1_398' title='bbox 2426 2845 2614 2915; x_wconf 85' lang='lat' dir='ltr'><strong>plures</strong></span> <span class='ocrx_word' id='word_1_399' title='bbox 2642 2846 2963 2900; x_wconf 88' lang='lat' dir='ltr'><strong>occiduntur</strong></span> <span class='ocrx_word' id='word_1_400' title='bbox 2987 2843 3405 2909; x_wconf 89' lang='lat' dir='ltr'><strong>Lotharienses;</strong></span> <span class='ocrx_word' id='word_1_401' title='bbox 3457 2842 3648 2911; x_wconf 84' lang='lat' dir='ltr'><strong>reliqui</strong></span> <span class='ocrx_word' id='word_1_402' title='bbox 3676 2858 3749 2896; x_wconf 86' lang='lat' dir='ltr'><strong>mu</strong></span> 
     </span>
    </p>
   </div>
   <div class='ocr_carea' id='block_1_60' title="bbox 2219 2930 3774 3003">
    <p class='ocr_par' dir='ltr' id='par_1_60' title="bbox 2219 2930 3774 3003">
     <span class='ocr_line' id='line_1_60' title="bbox 2219 2930 3774 3003; baseline -0.005 -14"><span class='ocrx_word' id='word_1_403' title='bbox 2219 2935 2476 2989; x_wconf 91' lang='lat' dir='ltr'><strong>nitionem</strong></span> <span class='ocrx_word' id='word_1_404' title='bbox 2505 2949 2697 3003; x_wconf 87' lang='lat' dir='ltr'><strong>capere</strong></span> <span class='ocrx_word' id='word_1_405' title='bbox 2729 2950 2832 2989; x_wconf 91' lang='lat' dir='ltr'><strong>non</strong></span> <span class='ocrx_word' id='word_1_406' title='bbox 2865 2934 3106 2987; x_wconf 88' lang='lat' dir='ltr'><strong>valentes</strong></span> <span class='ocrx_word' id='word_1_407' title='bbox 3138 2932 3418 2992; x_wconf 87' lang='lat' dir='ltr'><strong>recedunt,</strong></span> <span class='ocrx_word' id='word_1_408' title='bbox 3448 2930 3626 2984; x_wconf 90' lang='lat' dir='ltr'><strong>locuto</strong></span> <span class='ocrx_word' id='word_1_409' title='bbox 3649 2931 3774 2997; x_wconf 84' lang='lat' dir='ltr'><strong>prius</strong></span> 
     </span>
    </p>
   </div>
   <div class='ocr_carea' id='block_1_61' title="bbox 2218 3016 3754 3090">
    <p class='ocr_par' dir='ltr' id='par_1_61' title="bbox 2218 3016 3754 3090">
     <span class='ocr_line' id='line_1_61' title="bbox 2218 3016 3754 3090; baseline -0.005 -12"><span class='ocrx_word' id='word_1_410' title='bbox 2218 3021 2520 3078; x_wconf 88' lang='lat' dir='ltr'><strong>Gisleberto</strong></span> <span class='ocrx_word' id='word_1_411' title='bbox 2547 3024 2682 3078; x_wconf 89' lang='lat' dir='ltr'><strong>duce</strong></span> <span class='ocrx_word' id='word_1_412' title='bbox 2712 3038 2832 3077; x_wconf 89' lang='lat' dir='ltr'><strong>cum</strong></span> <span class='ocrx_word' id='word_1_413' title='bbox 2862 3022 3094 3076; x_wconf 81' lang='lat' dir='ltr'><strong>Rodulfo</strong></span> <span class='ocrx_word' id='word_1_414' title='bbox 3123 3020 3189 3053; x_wconf 81' lang='grc'><strong>³⁶⁹</strong></span> <span class='ocrx_word' id='word_1_415' title='bbox 3217 3035 3363 3090; x_wconf 82' lang='lat' dir='ltr'><strong>rege,</strong></span> <span class='ocrx_word' id='word_1_416' title='bbox 3390 3018 3661 3073; x_wconf 89' lang='lat' dir='ltr'><strong>mediante</strong></span> <span class='ocrx_word' id='word_1_417' title='bbox 3684 3016 3754 3071; x_wconf 92' lang='lat' dir='ltr'><strong>llu</strong></span> 
     </span>
    </p>
   </div>
   <div class='ocr_carea' id='block_1_62' title="bbox 2218 3107 3776 3182">
    <p class='ocr_par' dir='ltr' id='par_1_62' title="bbox 2218 3107 3776 3182">
     <span class='ocr_line' id='line_1_62' title="bbox 2218 3107 3776 3182; baseline -0.003 -17"><span class='ocrx_word' id='word_1_418' title='bbox 2218 3126 2372 3182; x_wconf 79' lang='lat' dir='ltr'><strong>gone.</strong></span> <span class='ocrx_word' id='word_1_419' title='bbox 2406 3112 2669 3166; x_wconf 81' lang='lat' dir='ltr'><strong>Rodulfus</strong></span> <span class='ocrx_word' id='word_1_420' title='bbox 2699 3127 2791 3166; x_wconf 72' lang='lat' dir='ltr'><strong>rex</strong></span> <span class='ocrx_word' id='word_1_421' title='bbox 2820 3128 2942 3165; x_wconf 92' lang='lat' dir='ltr'><strong>cum</strong></span> <span class='ocrx_word' id='word_1_422' title='bbox 2977 3110 3200 3179; x_wconf 86' lang='lat' dir='ltr'><strong>llugone</strong></span> <span class='ocrx_word' id='word_1_423' title='bbox 3246 3108 3536 3162; x_wconf 82' lang='lat' dir='ltr'><strong>llammum</strong></span> <span class='ocrx_word' id='word_1_424' title='bbox 3582 3107 3652 3138; x_wconf 65' lang='grc' dir='ltr'><strong>’τ’</strong></span> <span class='ocrx_word' id='word_1_425' title='bbox 3678 3122 3776 3161; x_wconf 82' lang='lat' dir='ltr'><strong>cas-</strong></span> 
     </span>
    </p>
   </div>
   <div class='ocr_carea' id='block_1_63' title="bbox 533 3187 2114 3271">
    <p class='ocr_par' dir='ltr' id='par_1_63' title="bbox 533 3187 2113 3259">
     <span class='ocr_line' id='line_1_63' title="bbox 533 3187 2113 3259; baseline 0.001 -18"><span class='ocrx_word' id='word_1_426' title='bbox 533 3187 692 3241; x_wconf 87' lang='lat' dir='ltr'><strong>batur</strong></span> <span class='ocrx_word' id='word_1_427' title='bbox 721 3190 772 3242; x_wconf 88' lang='lat' dir='ltr'><strong>in</strong></span> <span class='ocrx_word' id='word_1_428' title='bbox 804 3189 999 3257; x_wconf 73' lang='lat' dir='ltr'><strong>Ligeri,</strong></span> <span class='ocrx_word' id='word_1_429' title='bbox 1025 3205 1146 3243; x_wconf 90' lang='lat' dir='ltr'><strong>cum</strong></span> <span class='ocrx_word' id='word_1_430' title='bbox 1171 3190 1284 3244; x_wconf 86' lang='lat' dir='ltr'><strong>suis</strong></span> <span class='ocrx_word' id='word_1_431' title='bbox 1313 3189 1669 3244; x_wconf 84' lang='lat' dir='ltr'><strong>Brittanniam</strong></span> <span class='ocrx_word' id='word_1_432' title='bbox 1703 3189 1969 3259; x_wconf 81' lang='lat' dir='ltr'><strong>pervadit,</strong></span> <span class='ocrx_word' id='word_1_433' title='bbox 2001 3189 2113 3243; x_wconf 82' lang='lat' dir='ltr'><strong>vic-</strong></span> 
     </span>
    </p>
   </div>
   <div class='ocr_carea' id='block_1_64' title="bbox 2219 3187 3771 3271">
    <p class='ocr_par' dir='ltr' id='par_1_64' title="bbox 2219 3197 3771 3270">
     <span class='ocr_line' id='line_1_64' title="bbox 2219 3197 3771 3270; baseline -0.006 -12"><span class='ocrx_word' id='word_1_434' title='bbox 2219 3203 2399 3258; x_wconf 86' lang='lat' dir='ltr'><strong>tellum</strong></span> <span class='ocrx_word' id='word_1_435' title='bbox 2426 3203 2690 3256; x_wconf 85' lang='lat' dir='ltr'><strong>lleriberti</strong></span> <span class='ocrx_word' id='word_1_436' title='bbox 2720 3203 2977 3266; x_wconf 76' lang='lat' dir='ltr'><strong>obsidet,</strong></span> <span class='ocrx_word' id='word_1_437' title='bbox 3006 3201 3351 3270; x_wconf 86' lang='lat' dir='ltr'><strong>acceptisque</strong></span> <span class='ocrx_word' id='word_1_438' title='bbox 3399 3198 3676 3253; x_wconf 66' lang='lat' dir='ltr'><strong>obsidibus</strong></span> <span class='ocrx_word' id='word_1_439' title='bbox 3714 3197 3771 3249; x_wconf 80' lang='lat' dir='ltr'><strong>ita</strong></span> 
     </span>
    </p>
   </div>
   <div class='ocr_carea' id='block_1_65' title="bbox 536 3279 2114 3353">
    <p class='ocr_par' dir='ltr' id='par_1_65' title="bbox 536 3279 2114 3353">
     <span class='ocr_line' id='line_1_65' title="bbox 536 3279 2114 3353; baseline 0.002 -20"><span class='ocrx_word' id='word_1_440' title='bbox 536 3280 709 3348; x_wconf 88' lang='lat' dir='ltr'><strong>tisqne</strong></span> <span class='ocrx_word' id='word_1_441' title='bbox 735 3279 811 3351; x_wconf 91' lang='lat' dir='ltr'><strong>[et</strong></span> <span class='ocrx_word' id='word_1_442' title='bbox 838 3282 1076 3349; x_wconf 81' lang='lat' dir='ltr'><strong>pervasis</strong></span> <span class='ocrx_word' id='word_1_443' title='bbox 1104 3281 1195 3353; x_wconf 71' lang='grc'><strong>³³⁸]</strong></span> <span class='ocrx_word' id='word_1_444' title='bbox 1227 3292 1281 3335; x_wconf 88' lang='lat' dir='ltr'><strong>et</strong></span> <span class='ocrx_word' id='word_1_445' title='bbox 1308 3283 1462 3336; x_wconf 68' lang='lat' dir='ltr'><strong>exesis</strong></span> <span class='ocrx_word' id='word_1_446' title='bbox 1492 3280 1601 3353; x_wconf 87' lang='lat' dir='ltr'><strong>[vel</strong></span> <span class='ocrx_word' id='word_1_447' title='bbox 1625 3282 1812 3352; x_wconf 89' lang='lat' dir='ltr'><strong>ejectis</strong></span> <span class='ocrx_word' id='word_1_448' title='bbox 1839 3281 1936 3313; x_wconf 70' lang='lat' dir='ltr'><strong>&#39;m</strong></span> <span class='ocrx_word' id='word_1_449' title='bbox 1968 3281 2114 3336; x_wconf 84' lang='lat' dir='ltr'><strong>Brit-</strong></span> 
     </span>
    </p>
   </div>
   <div class='ocr_carea' id='block_1_66' title="bbox 538 3369 1455 3439">
    <p class='ocr_par' dir='ltr' id='par_1_66' title="bbox 538 3369 1455 3439">
     <span class='ocr_line' id='line_1_66' title="bbox 538 3369 1455 3439; baseline 0.005 -20"><span class='ocrx_word' id='word_1_450' title='bbox 538 3369 773 3434; x_wconf 71' lang='lat' dir='ltr'><strong>tonlhus,</strong></span> <span class='ocrx_word' id='word_1_451' title='bbox 804 3369 1018 3439; x_wconf 85' lang='lat' dir='ltr'><strong>regione</strong></span> <span class='ocrx_word' id='word_1_452' title='bbox 1046 3370 1265 3438; x_wconf 89' lang='lat' dir='ltr'><strong>potitur.</strong></span> <span class='ocrx_word' id='word_1_453' title='bbox 1300 3370 1455 3424; x_wconf 81' lang='lat' dir='ltr'><strong>Anno</strong></span> 
     </span>
    </p>
   </div>
   <div class='ocr_carea' id='block_1_67' title="bbox 1113 3476 1524 3532">
    <p class='ocr_par' dir='ltr' id='par_1_67' title="bbox 1113 3476 1524 3532">
     <span class='ocr_line' id='line_1_67' title="bbox 1113 3476 1524 3532; baseline 0 0"><span class='ocrx_word' id='word_1_454' title='bbox 1113 3476 1524 3532; x_wconf 77' lang='lat' dir='ltr'><strong>DCCCCXXXII</strong></span> 
     </span>
    </p>
   </div>
   <div class='ocr_carea' id='block_1_68' title="bbox 537 3565 2117 3639">
    <p class='ocr_par' dir='ltr' id='par_1_68' title="bbox 537 3565 2117 3639">
     <span class='ocr_line' id='line_1_68' title="bbox 537 3565 2117 3639; baseline 0.004 -20"><span class='ocrx_word' id='word_1_455' title='bbox 537 3580 633 3620; x_wconf 86' lang='lat' dir='ltr'><strong>rex</strong></span> <span class='ocrx_word' id='word_1_456' title='bbox 663 3565 927 3621; x_wconf 80' lang='lat' dir='ltr'><strong>Rodulfus</strong></span> <span class='ocrx_word' id='word_1_457' title='bbox 956 3567 1008 3621; x_wconf 91' lang='lat' dir='ltr'><strong>in</strong></span> <span class='ocrx_word' id='word_1_458' title='bbox 1034 3566 1398 3637; x_wconf 79' lang='lat' dir='ltr'><strong>Burgundiam</strong></span> <span class='ocrx_word' id='word_1_459' title='bbox 1430 3585 1700 3634; x_wconf 74' lang='lat' dir='ltr'><strong>reversus,</strong></span> <span class='ocrx_word' id='word_1_460' title='bbox 1726 3570 1968 3639; x_wconf 58' lang='lat' dir='ltr'><strong>quaedam</strong></span> <span class='ocrx_word' id='word_1_461' title='bbox 1999 3587 2117 3626; x_wconf 84' lang='lat' dir='ltr'><strong>cas-</strong></span> 
     </span>
    </p>
   </div>
   <div class='ocr_carea' id='block_1_69' title="bbox 542 3655 2114 3726">
    <p class='ocr_par' dir='ltr' id='par_1_69' title="bbox 542 3655 2114 3726">
     <span class='ocr_line' id='line_1_69' title="bbox 542 3655 2114 3726; baseline 0.003 -17"><span class='ocrx_word' id='word_1_462' title='bbox 542 3656 662 3709; x_wconf 89' lang='lat' dir='ltr'><strong>tella</strong></span> <span class='ocrx_word' id='word_1_463' title='bbox 689 3655 973 3710; x_wconf 83' lang='lat' dir='ltr'><strong>Gislcberti</strong></span> <span class='ocrx_word' id='word_1_464' title='bbox 997 3669 1050 3712; x_wconf 91' lang='lat' dir='ltr'><strong>et</strong></span> <span class='ocrx_word' id='word_1_465' title='bbox 1079 3656 1356 3722; x_wconf 80' lang='lat' dir='ltr'><strong>Richardi,</strong></span> <span class='ocrx_word' id='word_1_466' title='bbox 1383 3657 1473 3726; x_wconf 92' lang='lat' dir='ltr'><strong>qui</strong></span> <span class='ocrx_word' id='word_1_467' title='bbox 1506 3675 1534 3711; x_wconf 91' lang='lat' dir='ltr'><strong>a</strong></span> <span class='ocrx_word' id='word_1_468' title='bbox 1567 3674 1626 3713; x_wconf 87' lang='lat' dir='ltr'><strong>se</strong></span> <span class='ocrx_word' id='word_1_469' title='bbox 1652 3659 1990 3714; x_wconf 86' lang='lat' dir='ltr'><strong>desciverant</strong></span> <span class='ocrx_word' id='word_1_470' title='bbox 2022 3660 2114 3726; x_wconf 61' lang='lat'><strong>3”,</strong></span> 
     </span>
    </p>
   </div>
   <div class='ocr_carea' id='block_1_70' title="bbox 540 3743 2115 3819">
    <p class='ocr_par' dir='ltr' id='par_1_70' title="bbox 540 3743 2115 3819">
     <span class='ocr_line' id='line_1_70' title="bbox 540 3743 2115 3819; baseline 0.004 -22"><span class='ocrx_word' id='word_1_471' title='bbox 540 3753 798 3812; x_wconf 88' lang='lat' dir='ltr'><strong>receptat.</strong></span> <span class='ocrx_word' id='word_1_472' title='bbox 830 3743 1094 3799; x_wconf 84' lang='lat' dir='ltr'><strong>Airardus</strong></span> <span class='ocrx_word' id='word_1_473' title='bbox 1119 3745 1490 3801; x_wconf 84' lang='lat' dir='ltr'><strong>Noviomcusis</strong></span> <span class='ocrx_word' id='word_1_474' title='bbox 1517 3746 1589 3777; x_wconf 80' lang='lat'><strong>&quot;&quot;</strong></span> <span class='ocrx_word' id='word_1_475' title='bbox 1615 3747 1901 3819; x_wconf 88' lang='lat' dir='ltr'><strong>episcopus</strong></span> <span class='ocrx_word' id='word_1_476' title='bbox 1928 3749 2115 3804; x_wconf 84' lang='lat' dir='ltr'><strong>defun-</strong></span> 
     </span>
    </p>
   </div>
   <div class='ocr_carea' id='block_1_71' title="bbox 537 3832 2117 3911">
    <p class='ocr_par' dir='ltr' id='par_1_71' title="bbox 537 3832 2117 3911">
     <span class='ocr_line' id='line_1_71' title="bbox 537 3832 2117 3911; baseline 0.006 -25"><span class='ocrx_word' id='word_1_477' title='bbox 537 3832 702 3904; x_wconf 83' lang='lat' dir='ltr'><strong>gitur,</strong></span> <span class='ocrx_word' id='word_1_478' title='bbox 734 3843 788 3887; x_wconf 92' lang='lat' dir='ltr'><strong>et</strong></span> <span class='ocrx_word' id='word_1_479' title='bbox 817 3835 1033 3903; x_wconf 89' lang='lat' dir='ltr'><strong>quidam</strong></span> <span class='ocrx_word' id='word_1_480' title='bbox 1063 3836 1295 3891; x_wconf 90' lang='lat' dir='ltr'><strong>clericus</strong></span> <span class='ocrx_word' id='word_1_481' title='bbox 1320 3835 1439 3903; x_wconf 85' lang='lat' dir='ltr'><strong>ejus</strong></span> <span class='ocrx_word' id='word_1_482' title='bbox 1467 3837 1635 3903; x_wconf 90' lang='lat' dir='ltr'><strong>urbis,</strong></span> <span class='ocrx_word' id='word_1_483' title='bbox 1665 3838 1757 3908; x_wconf 91' lang='lat' dir='ltr'><strong>qui</strong></span> <span class='ocrx_word' id='word_1_484' title='bbox 1792 3838 1905 3893; x_wconf 83' lang='lat' dir='ltr'><strong>fieri</strong></span> <span class='ocrx_word' id='word_1_485' title='bbox 1935 3840 2117 3911; x_wconf 85' lang='lat' dir='ltr'><strong>cupie-</strong></span> 
     </span>
    </p>
   </div>
   <div class='ocr_carea' id='block_1_72' title="bbox 539 3925 2114 3996">
    <p class='ocr_par' dir='ltr' id='par_1_72' title="bbox 539 3925 2114 3996">
     <span class='ocr_line' id='line_1_72' title="bbox 539 3925 2114 3996; baseline 0.004 -16"><span class='ocrx_word' id='word_1_486' title='bbox 539 3926 631 3980; x_wconf 88' lang='lat' dir='ltr'><strong>bat</strong></span> <span class='ocrx_word' id='word_1_487' title='bbox 674 3925 975 3996; x_wconf 87' lang='lat' dir='ltr'><strong>episcopus,</strong></span> <span class='ocrx_word' id='word_1_488' title='bbox 1014 3927 1346 3983; x_wconf 84' lang='lat' dir='ltr'><strong>Adelelmum</strong></span> <span class='ocrx_word' id='word_1_489' title='bbox 1393 3930 1647 3984; x_wconf 89' lang='lat' dir='ltr'><strong>comitem</strong></span> <span class='ocrx_word' id='word_1_490' title='bbox 1690 3942 1852 3985; x_wconf 92' lang='lat' dir='ltr'><strong>noctu</strong></span> <span class='ocrx_word' id='word_1_491' title='bbox 1882 3932 1935 3986; x_wconf 94' lang='lat' dir='ltr'><strong>in</strong></span> <span class='ocrx_word' id='word_1_492' title='bbox 1984 3933 2114 3988; x_wconf 80' lang='lat' dir='ltr'><strong>ciri-</strong></span> 
     </span>
    </p>
   </div>
   <div class='ocr_carea' id='block_1_73' title="bbox 539 4015 2117 4093">
    <p class='ocr_par' dir='ltr' id='par_1_73' title="bbox 539 4015 2117 4093">
     <span class='ocr_line' id='line_1_73' title="bbox 539 4015 2117 4093; baseline 0.004 -24"><span class='ocrx_word' id='word_1_493' title='bbox 539 4022 651 4069; x_wconf 87' lang='lat' dir='ltr'><strong>tate</strong></span> <span class='ocrx_word' id='word_1_494' title='bbox 677 4015 768 4079; x_wconf 79' lang='lat'><strong>”°,</strong></span> <span class='ocrx_word' id='word_1_495' title='bbox 801 4016 1031 4070; x_wconf 85' lang='lat' dir='ltr'><strong>latenter</strong></span> <span class='ocrx_word' id='word_1_496' title='bbox 1079 4033 1236 4071; x_wconf 92' lang='lat' dir='ltr'><strong>muro</strong></span> <span class='ocrx_word' id='word_1_497' title='bbox 1283 4033 1603 4085; x_wconf 89' lang='lat' dir='ltr'><strong>conscenso,</strong></span> <span class='ocrx_word' id='word_1_498' title='bbox 1655 4021 1878 4089; x_wconf 89' lang='lat' dir='ltr'><strong>recipit;</strong></span> <span class='ocrx_word' id='word_1_499' title='bbox 1925 4037 1954 4075; x_wconf 92' lang='lat' dir='ltr'><strong>a</strong></span> <span class='ocrx_word' id='word_1_500' title='bbox 2008 4038 2117 4093; x_wconf 92' lang='lat' dir='ltr'><strong>quo</strong></span> 
     </span>
    </p>
   </div>
   <div class='ocr_carea' id='block_1_74' title="bbox 540 4106 2120 4180">
    <p class='ocr_par' dir='ltr' id='par_1_74' title="bbox 540 4106 2120 4180">
     <span class='ocr_line' id='line_1_74' title="bbox 540 4106 2120 4180; baseline 0.006 -21"><span class='ocrx_word' id='word_1_501' title='bbox 540 4120 700 4159; x_wconf 88' lang='lat' dir='ltr'><strong>mane</strong></span> <span class='ocrx_word' id='word_1_502' title='bbox 725 4106 828 4161; x_wconf 90' lang='lat' dir='ltr'><strong>loci</strong></span> <span class='ocrx_word' id='word_1_503' title='bbox 857 4108 1054 4163; x_wconf 91' lang='lat' dir='ltr'><strong>milites</strong></span> <span class='ocrx_word' id='word_1_504' title='bbox 1077 4111 1208 4164; x_wconf 90' lang='lat' dir='ltr'><strong>urbe</strong></span> <span class='ocrx_word' id='word_1_505' title='bbox 1234 4110 1493 4180; x_wconf 89' lang='lat' dir='ltr'><strong>propulsi,</strong></span> <span class='ocrx_word' id='word_1_506' title='bbox 1520 4111 1744 4166; x_wconf 86' lang='lat' dir='ltr'><strong>collecta</strong></span> <span class='ocrx_word' id='word_1_507' title='bbox 1768 4128 1951 4167; x_wconf 89' lang='lat' dir='ltr'><strong>secum</strong></span> <span class='ocrx_word' id='word_1_508' title='bbox 1982 4130 2120 4168; x_wconf 89' lang='lat' dir='ltr'><strong>non-</strong></span> 
     </span>
    </p>
   </div>
   <div class='ocr_carea' id='block_1_75' title="bbox 540 4187 2113 4273">
    <p class='ocr_par' dir='ltr' id='par_1_75' title="bbox 540 4187 2113 4273">
     <span class='ocr_line' id='line_1_75' title="bbox 540 4187 2113 4273; baseline 0.006 -24"><span class='ocrx_word' id='word_1_509' title='bbox 540 4187 684 4249; x_wconf 70' lang='lat' dir='ltr'><strong>tﬁllla</strong></span> <span class='ocrx_word' id='word_1_510' title='bbox 714 4198 1144 4252; x_wconf 87' lang='lat' dir='ltr'><strong>suburbanornm</strong></span> <span class='ocrx_word' id='word_1_511' title='bbox 1176 4217 1360 4264; x_wconf 87' lang='lat' dir='ltr'><strong>manu,</strong></span> <span class='ocrx_word' id='word_1_512' title='bbox 1400 4202 1671 4255; x_wconf 83' lang='lat' dir='ltr'><strong>civitatem</strong></span> <span class='ocrx_word' id='word_1_513' title='bbox 1708 4205 2113 4273; x_wconf 74' lang='lat' dir='ltr'><strong>aggrediuntur,</strong></span> 
     </span>
    </p>
   </div>
   <div class='ocr_carea' id='block_1_76' title="bbox 544 4287 2118 4358">
    <p class='ocr_par' dir='ltr' id='par_1_76' title="bbox 544 4287 2118 4358">
     <span class='ocr_line' id='line_1_76' title="bbox 544 4287 2118 4358; baseline 0.006 -18"><span class='ocrx_word' id='word_1_514' title='bbox 544 4287 1014 4358; x_wconf 77' lang='lat' dir='ltr'><strong>annitentihusque</strong></span> <span class='ocrx_word' id='word_1_515' title='bbox 1042 4292 1130 4358; x_wconf 90' lang='lat' dir='ltr'><strong>qui</strong></span> <span class='ocrx_word' id='word_1_516' title='bbox 1161 4291 1298 4345; x_wconf 87' lang='lat' dir='ltr'><strong>infra</strong></span> <span class='ocrx_word' id='word_1_517' title='bbox 1347 4308 1529 4348; x_wconf 90' lang='lat' dir='ltr'><strong>muros</strong></span> <span class='ocrx_word' id='word_1_518' title='bbox 1571 4304 1943 4350; x_wconf 88' lang='lat' dir='ltr'><strong>remanserant</strong></span> <span class='ocrx_word' id='word_1_519' title='bbox 1987 4297 2118 4350; x_wconf 67' lang='lat' dir='ltr'><strong>civi-</strong></span> 
     </span>
    </p>
   </div>
   <div class='ocr_carea' id='block_1_77' title="bbox 532 4378 2114 4457">
    <p class='ocr_par' dir='ltr' id='par_1_77' title="bbox 532 4378 2114 4457">
     <span class='ocr_line' id='line_1_77' title="bbox 532 4378 2114 4457; baseline 0.008 -28"><span class='ocrx_word' id='word_1_520' title='bbox 532 4378 667 4457; x_wconf 81' lang='lat' dir='ltr'><strong>bus,</strong></span> <span class='ocrx_word' id='word_1_521' title='bbox 703 4381 919 4448; x_wconf 86' lang='lat' dir='ltr'><strong>quidam</strong></span> <span class='ocrx_word' id='word_1_522' title='bbox 949 4391 1136 4434; x_wconf 80' lang='lat' dir='ltr'><strong>exusta</strong></span> <span class='ocrx_word' id='word_1_523' title='bbox 1172 4391 1349 4449; x_wconf 86' lang='lat' dir='ltr'><strong>porta,</strong></span> <span class='ocrx_word' id='word_1_524' title='bbox 1380 4384 1598 4451; x_wconf 89' lang='lat' dir='ltr'><strong>quidam</strong></span> <span class='ocrx_word' id='word_1_525' title='bbox 1630 4400 1725 4453; x_wconf 88' lang='lat' dir='ltr'><strong>per</strong></span> <span class='ocrx_word' id='word_1_526' title='bbox 1748 4386 2005 4442; x_wconf 71' lang='lat' dir='ltr'><strong>:ecclesia:</strong></span> <span class='ocrx_word' id='word_1_527' title='bbox 2036 4387 2114 4442; x_wconf 86' lang='lat' dir='ltr'><strong>fe-</strong></span> 
     </span>
    </p>
   </div>
   <div class='ocr_carea' id='block_1_78' title="bbox 550 4470 2115 4536">
    <p class='ocr_par' dir='ltr' id='par_1_78' title="bbox 550 4470 2115 4536">
     <span class='ocr_line' id='line_1_78' title="bbox 550 4470 2115 4536; baseline 0.01 -18"><span class='ocrx_word' id='word_1_528' title='bbox 550 4477 787 4521; x_wconf 87' lang='lat' dir='ltr'><strong>nestram</strong></span> <span class='ocrx_word' id='word_1_529' title='bbox 822 4470 1214 4536; x_wconf 74' lang='lat' dir='ltr'><strong>ingrediuntur.</strong></span> <span class='ocrx_word' id='word_1_530' title='bbox 1240 4471 1544 4527; x_wconf 82' lang='lat' dir='ltr'><strong>Adelehuus</strong></span> <span class='ocrx_word' id='word_1_531' title='bbox 1574 4474 1625 4527; x_wconf 91' lang='lat' dir='ltr'><strong>in</strong></span> <span class='ocrx_word' id='word_1_532' title='bbox 1655 4475 1953 4530; x_wconf 74' lang='lat' dir='ltr'><strong>mcclesiam</strong></span> <span class='ocrx_word' id='word_1_533' title='bbox 1987 4495 2115 4533; x_wconf 90' lang='lat' dir='ltr'><strong>eon-</strong></span> 
     </span>
    </p>
   </div>
   <div class='ocr_carea' id='block_1_79' title="bbox 2220 3287 3775 3366">
    <p class='ocr_par' dir='ltr' id='par_1_79' title="bbox 2220 3287 3775 3366">
     <span class='ocr_line' id='line_1_79' title="bbox 2220 3287 3775 3366; baseline -0.007 -15"><span class='ocrx_word' id='word_1_534' title='bbox 2220 3296 2490 3366; x_wconf 85' lang='lat' dir='ltr'><strong>relinquit.</strong></span> <span class='ocrx_word' id='word_1_535' title='bbox 2525 3294 2793 3365; x_wconf 81' lang='lat' dir='ltr'><strong>GOZpel‘lO</strong></span> <span class='ocrx_word' id='word_1_536' title='bbox 2824 3294 2889 3326; x_wconf 74' lang='grc'><strong>³⁷⁸</strong></span> <span class='ocrx_word' id='word_1_537' title='bbox 2938 3291 3383 3347; x_wconf 88' lang='lat' dir='ltr'><strong>Lauduneusium</strong></span> <span class='ocrx_word' id='word_1_538' title='bbox 3430 3288 3658 3360; x_wconf 65' lang='lat' dir='ltr'><strong>praesule</strong></span> <span class='ocrx_word' id='word_1_539' title='bbox 3697 3287 3775 3341; x_wconf 83' lang='lat' dir='ltr'><strong>de—</strong></span> 
     </span>
    </p>
   </div>
   <div class='ocr_carea' id='block_1_80' title="bbox 2218 3378 3774 3458">
    <p class='ocr_par' dir='ltr' id='par_1_80' title="bbox 2218 3378 3774 3458">
     <span class='ocr_line' id='line_1_80' title="bbox 2218 3378 3774 3458; baseline -0.007 -16"><span class='ocrx_word' id='word_1_540' title='bbox 2218 3388 2420 3452; x_wconf 90' lang='lat' dir='ltr'><strong>functo,</strong></span> <span class='ocrx_word' id='word_1_541' title='bbox 2446 3387 2766 3458; x_wconf 84' lang='lat' dir='ltr'><strong>lngramuus</strong></span> <span class='ocrx_word' id='word_1_542' title='bbox 2789 3385 2857 3418; x_wconf 81' lang='grc'><strong>³”</strong></span> <span class='ocrx_word' id='word_1_543' title='bbox 2886 3385 3123 3440; x_wconf 87' lang='lat' dir='ltr'><strong>decanus</strong></span> <span class='ocrx_word' id='word_1_544' title='bbox 3153 3382 3467 3437; x_wconf 89' lang='lat' dir='ltr'><strong>monasterii</strong></span> <span class='ocrx_word' id='word_1_545' title='bbox 3487 3380 3660 3435; x_wconf 86' lang='lat' dir='ltr'><strong>sancti</strong></span> <span class='ocrx_word' id='word_1_546' title='bbox 3687 3378 3774 3431; x_wconf 65' lang='lat' dir='ltr'><strong>ile-</strong></span> 
     </span>
    </p>
   </div>
   <div class='ocr_carea' id='block_1_81' title="bbox 2216 3471 3775 3548">
    <p class='ocr_par' dir='ltr' id='par_1_81' title="bbox 2216 3471 3775 3548">
     <span class='ocr_line' id='line_1_81' title="bbox 2216 3471 3775 3548; baseline -0.008 -15"><span class='ocrx_word' id='word_1_547' title='bbox 2216 3479 2394 3542; x_wconf 86' lang='lat' dir='ltr'><strong>dardi,</strong></span> <span class='ocrx_word' id='word_1_548' title='bbox 2427 3480 2710 3548; x_wconf 84' lang='lat' dir='ltr'><strong>episc0pus</strong></span> <span class='ocrx_word' id='word_1_549' title='bbox 2737 3476 2979 3530; x_wconf 89' lang='lat' dir='ltr'><strong>Lauduni</strong></span> <span class='ocrx_word' id='word_1_550' title='bbox 3016 3475 3320 3529; x_wconf 89' lang='lat' dir='ltr'><strong>ordinatur.</strong></span> <span class='ocrx_word' id='word_1_551' title='bbox 3347 3473 3487 3525; x_wconf 85' lang='lat' dir='ltr'><strong>Boso</strong></span> <span class='ocrx_word' id='word_1_552' title='bbox 3521 3471 3681 3525; x_wconf 82' lang='lat' dir='ltr'><strong>frater</strong></span> <span class='ocrx_word' id='word_1_553' title='bbox 3707 3483 3775 3521; x_wconf 82' lang='lat' dir='ltr'><strong>re—</strong></span> 
     </span>
    </p>
   </div>
   <div class='ocr_carea' id='block_1_82' title="bbox 2216 3558 3773 3638">
    <p class='ocr_par' dir='ltr' id='par_1_82' title="bbox 2216 3558 3773 3638">
     <span class='ocr_line' id='line_1_82' title="bbox 2216 3558 3773 3638; baseline -0.009 -14"><span class='ocrx_word' id='word_1_554' title='bbox 2216 3570 2298 3638; x_wconf 81' lang='lat' dir='ltr'><strong>gis</strong></span> <span class='ocrx_word' id='word_1_555' title='bbox 2332 3570 2419 3636; x_wconf 82' lang='grc'><strong>⁸⁷³,</strong></span> <span class='ocrx_word' id='word_1_556' title='bbox 2449 3580 2505 3624; x_wconf 90' lang='lat' dir='ltr'><strong>et</strong></span> <span class='ocrx_word' id='word_1_557' title='bbox 2535 3558 2836 3623; x_wconf 86' lang='lat' dir='ltr'><strong>Bernuinus</strong></span> <span class='ocrx_word' id='word_1_558' title='bbox 2863 3566 3149 3637; x_wconf 88' lang='lat' dir='ltr'><strong>episcopus</strong></span> <span class='ocrx_word' id='word_1_559' title='bbox 3184 3563 3559 3623; x_wconf 78' lang='lat' dir='ltr'><strong>Virdunensis,</strong></span> <span class='ocrx_word' id='word_1_560' title='bbox 3610 3562 3773 3614; x_wconf 84' lang='lat' dir='ltr'><strong>incen—</strong></span> 
     </span>
    </p>
   </div>
   <div class='ocr_carea' id='block_1_83' title="bbox 2217 3648 3773 3729">
    <p class='ocr_par' dir='ltr' id='par_1_83' title="bbox 2217 3648 3773 3729">
     <span class='ocr_line' id='line_1_83' title="bbox 2217 3648 3773 3729; baseline -0.012 -11"><span class='ocrx_word' id='word_1_561' title='bbox 2217 3664 2318 3718; x_wconf 85' lang='lat' dir='ltr'><strong>diis</strong></span> <span class='ocrx_word' id='word_1_562' title='bbox 2341 3665 2483 3718; x_wconf 90' lang='lat' dir='ltr'><strong>inter</strong></span> <span class='ocrx_word' id='word_1_563' title='bbox 2510 3678 2567 3717; x_wconf 90' lang='lat' dir='ltr'><strong>se</strong></span> <span class='ocrx_word' id='word_1_564' title='bbox 2598 3657 3189 3729; x_wconf 65' lang='lat' dir='ltr'><strong>depraedationibusque</strong></span> <span class='ocrx_word' id='word_1_565' title='bbox 3237 3654 3540 3709; x_wconf 86' lang='lat' dir='ltr'><strong>bachantur</strong></span> <span class='ocrx_word' id='word_1_566' title='bbox 3568 3650 3655 3704; x_wconf 65' lang='grc'><strong>³⁷⁸.</strong></span> <span class='ocrx_word' id='word_1_567' title='bbox 3682 3648 3773 3702; x_wconf 89' lang='lat' dir='ltr'><strong>lle-</strong></span> 
     </span>
    </p>
   </div>
   <div class='ocr_carea' id='block_1_84' title="bbox 2216 3742 3767 3816">
    <p class='ocr_par' dir='ltr' id='par_1_84' title="bbox 2216 3742 3767 3816">
     <span class='ocr_line' id='line_1_84' title="bbox 2216 3742 3767 3816; baseline -0.01 -9"><span class='ocrx_word' id='word_1_568' title='bbox 2216 3755 2452 3808; x_wconf 88' lang='lat' dir='ltr'><strong>ribertus</strong></span> <span class='ocrx_word' id='word_1_569' title='bbox 2501 3761 2649 3807; x_wconf 89' lang='lat' dir='ltr'><strong>trans</strong></span> <span class='ocrx_word' id='word_1_570' title='bbox 2692 3750 2939 3804; x_wconf 82' lang='lat' dir='ltr'><strong>Rhenum</strong></span> <span class='ocrx_word' id='word_1_571' title='bbox 2968 3748 3034 3803; x_wconf 88' lang='lat' dir='ltr'><strong>ad</strong></span> <span class='ocrx_word' id='word_1_572' title='bbox 3058 3746 3369 3801; x_wconf 86' lang='lat' dir='ltr'><strong>llcinricnm</strong></span> <span class='ocrx_word' id='word_1_573' title='bbox 3399 3742 3767 3816; x_wconf 83' lang='lat' dir='ltr'><strong>proﬁciscitur.</strong></span> 
     </span>
    </p>
   </div>
   <div class='ocr_carea' id='block_1_85' title="bbox 2215 3844 2371 3902">
    <p class='ocr_par' dir='ltr' id='par_1_85' title="bbox 2215 3844 2371 3902">
     <span class='ocr_line' id='line_1_85' title="bbox 2215 3844 2371 3902; baseline -0.019 0"><span class='ocrx_word' id='word_1_574' title='bbox 2215 3844 2371 3902; x_wconf 75' lang='lat' dir='ltr'><strong>Anno</strong></span> 
     </span>
    </p>
   </div>
   <div class='ocr_carea' id='block_1_86' title="bbox 2776 3927 3216 3986">
    <p class='ocr_par' dir='ltr' id='par_1_86' title="bbox 2776 3927 3216 3986">
     <span class='ocr_line' id='line_1_86' title="bbox 2776 3927 3216 3986; baseline -0.011 -1"><span class='ocrx_word' id='word_1_575' title='bbox 2776 3927 3216 3986; x_wconf 70' lang='lat' dir='ltr'><strong>DCCCCXXXIII</strong></span> 
     </span>
    </p>
   </div>
   <div class='ocr_carea' id='block_1_87' title="bbox 2215 4009 3768 4085">
    <p class='ocr_par' dir='ltr' id='par_1_87' title="bbox 2215 4009 3768 4085">
     <span class='ocr_line' id='line_1_87' title="bbox 2215 4009 3768 4085; baseline -0.012 0"><span class='ocrx_word' id='word_1_576' title='bbox 2215 4030 2363 4085; x_wconf 87' lang='lat' dir='ltr'><strong>missi</strong></span> <span class='ocrx_word' id='word_1_577' title='bbox 2418 4024 2702 4082; x_wconf 76' lang='lat' dir='ltr'><strong>Itemensis</strong></span> <span class='ocrx_word' id='word_1_578' title='bbox 2753 4022 3039 4085; x_wconf 63' lang='lat' dir='ltr'><strong>(ecclesiae,</strong></span> <span class='ocrx_word' id='word_1_579' title='bbox 3083 4020 3213 4075; x_wconf 86' lang='lat' dir='ltr'><strong>Giso</strong></span> <span class='ocrx_word' id='word_1_580' title='bbox 3260 4027 3313 4072; x_wconf 87' lang='lat' dir='ltr'><strong>et</strong></span> <span class='ocrx_word' id='word_1_581' title='bbox 3366 4014 3665 4070; x_wconf 86' lang='lat' dir='ltr'><strong>Amalrieus</strong></span> <span class='ocrx_word' id='word_1_582' title='bbox 3694 4009 3768 4072; x_wconf 79' lang='lat'><strong>&quot;&#39;.</strong></span> 
     </span>
    </p>
   </div>
   <div class='ocr_carea' id='block_1_88' title="bbox 2215 4101 3769 4184">
    <p class='ocr_par' dir='ltr' id='par_1_88' title="bbox 2215 4101 3769 4184">
     <span class='ocr_line' id='line_1_88' title="bbox 2215 4101 3769 4184; baseline -0.014 -10"><span class='ocrx_word' id='word_1_583' title='bbox 2215 4120 2387 4174; x_wconf 74' lang='lat' dir='ltr'><strong>Ruina</strong></span> <span class='ocrx_word' id='word_1_584' title='bbox 2418 4118 2725 4178; x_wconf 88' lang='lat' dir='ltr'><strong>redeuntes,</strong></span> <span class='ocrx_word' id='word_1_585' title='bbox 2758 4112 2989 4184; x_wconf 87' lang='lat' dir='ltr'><strong>pallemn</strong></span> <span class='ocrx_word' id='word_1_586' title='bbox 3012 4111 3083 4143; x_wconf 77' lang='grc'><strong>⁸⁷⁸</strong></span> <span class='ocrx_word' id='word_1_587' title='bbox 3119 4108 3343 4164; x_wconf 80' lang='lat' dir='ltr'><strong>Artoldo</strong></span> <span class='ocrx_word' id='word_1_588' title='bbox 3382 4105 3598 4177; x_wconf 67' lang='lat' dir='ltr'><strong>prtesuli</strong></span> <span class='ocrx_word' id='word_1_589' title='bbox 3646 4101 3769 4155; x_wconf 84' lang='lat' dir='ltr'><strong>defe—</strong></span> 
     </span>
    </p>
   </div>
   <div class='ocr_carea' id='block_1_89' title="bbox 2215 4192 3766 4276">
    <p class='ocr_par' dir='ltr' id='par_1_89' title="bbox 2215 4192 3766 4276">
     <span class='ocr_line' id='line_1_89' title="bbox 2215 4192 3766 4276; baseline -0.013 -11"><span class='ocrx_word' id='word_1_590' title='bbox 2215 4218 2361 4275; x_wconf 88' lang='lat' dir='ltr'><strong>runt,</strong></span> <span class='ocrx_word' id='word_1_591' title='bbox 2395 4208 2774 4276; x_wconf 81' lang='lat' dir='ltr'><strong>nuntiautque,</strong></span> <span class='ocrx_word' id='word_1_592' title='bbox 2804 4202 3106 4257; x_wconf 85' lang='lat' dir='ltr'><strong>Johanuem</strong></span> <span class='ocrx_word' id='word_1_593' title='bbox 3140 4215 3362 4270; x_wconf 90' lang='lat' dir='ltr'><strong>papam,</strong></span> <span class='ocrx_word' id='word_1_594' title='bbox 3387 4197 3556 4251; x_wconf 90' lang='lat' dir='ltr'><strong>lilium</strong></span> <span class='ocrx_word' id='word_1_595' title='bbox 3592 4192 3766 4252; x_wconf 59' lang='lat' dir='ltr'><strong>Maria.</strong></span> 
     </span>
    </p>
   </div>
   <div class='ocr_carea' id='block_1_90' title="bbox 2215 4286 3768 4373">
    <p class='ocr_par' dir='ltr' id='par_1_90' title="bbox 2215 4286 3768 4373">
     <span class='ocr_line' id='line_1_90' title="bbox 2215 4286 3768 4373; baseline -0.012 -17"><span class='ocrx_word' id='word_1_596' title='bbox 2215 4320 2334 4373; x_wconf 77' lang='lat' dir='ltr'><strong>qua:</strong></span> <span class='ocrx_word' id='word_1_597' title='bbox 2375 4312 2428 4356; x_wconf 88' lang='lat' dir='ltr'><strong>et</strong></span> <span class='ocrx_word' id='word_1_598' title='bbox 2458 4300 2690 4354; x_wconf 83' lang='lat' dir='ltr'><strong>Marocia</strong></span> <span class='ocrx_word' id='word_1_599' title='bbox 2730 4298 2797 4329; x_wconf 60' lang='lat'><strong>3&quot;</strong></span> <span class='ocrx_word' id='word_1_600' title='bbox 2826 4297 3047 4358; x_wconf 90' lang='lat' dir='ltr'><strong>dicitur,</strong></span> <span class='ocrx_word' id='word_1_601' title='bbox 3082 4296 3181 4349; x_wconf 88' lang='lat' dir='ltr'><strong>sub</strong></span> <span class='ocrx_word' id='word_1_602' title='bbox 3225 4292 3470 4348; x_wconf 84' lang='lat' dir='ltr'><strong>custodia</strong></span> <span class='ocrx_word' id='word_1_603' title='bbox 3501 4286 3719 4344; x_wconf 86' lang='lat' dir='ltr'><strong>detineri</strong></span> <span class='ocrx_word' id='word_1_604' title='bbox 3742 4300 3768 4337; x_wconf 81' lang='lat' dir='ltr'><strong>a</strong></span> 
     </span>
    </p>
   </div>
   <div class='ocr_carea' id='block_1_91' title="bbox 2216 4384 3765 4453">
    <p class='ocr_par' dir='ltr' id='par_1_91' title="bbox 2216 4384 3765 4453">
     <span class='ocr_line' id='line_1_91' title="bbox 2216 4384 3765 4453; baseline -0.015 -6"><span class='ocrx_word' id='word_1_605' title='bbox 2216 4393 2383 4447; x_wconf 79' lang='lat' dir='ltr'><strong>fratre</strong></span> <span class='ocrx_word' id='word_1_606' title='bbox 2404 4407 2500 4445; x_wconf 90' lang='lat' dir='ltr'><strong>suo</strong></span> <span class='ocrx_word' id='word_1_607' title='bbox 2533 4388 2748 4442; x_wconf 92' lang='lat' dir='ltr'><strong>nomine</strong></span> <span class='ocrx_word' id='word_1_608' title='bbox 2773 4386 3010 4448; x_wconf 84' lang='lat' dir='ltr'><strong>Albrico,</strong></span> <span class='ocrx_word' id='word_1_609' title='bbox 3036 4384 3126 4453; x_wconf 89' lang='lat' dir='ltr'><strong>qui</strong></span> <span class='ocrx_word' id='word_1_610' title='bbox 3152 4392 3376 4437; x_wconf 88' lang='lat' dir='ltr'><strong>matrem</strong></span> <span class='ocrx_word' id='word_1_611' title='bbox 3405 4393 3619 4450; x_wconf 90' lang='lat' dir='ltr'><strong>quoque</strong></span> <span class='ocrx_word' id='word_1_612' title='bbox 3636 4388 3765 4430; x_wconf 88' lang='lat' dir='ltr'><strong>suam</strong></span> 
     </span>
    </p>
   </div>
   <div class='ocr_carea' id='block_1_92' title="bbox 2217 4464 3766 4539">
    <p class='ocr_par' dir='ltr' id='par_1_92' title="bbox 2217 4464 3766 4539">
     <span class='ocr_line' id='line_1_92' title="bbox 2217 4464 3766 4539; baseline -0.014 -1"><span class='ocrx_word' id='word_1_613' title='bbox 2217 4483 2506 4539; x_wconf 84' lang='lat' dir='ltr'><strong>Marociam</strong></span> <span class='ocrx_word' id='word_1_614' title='bbox 2541 4480 2780 4534; x_wconf 88' lang='lat' dir='ltr'><strong>clausam</strong></span> <span class='ocrx_word' id='word_1_615' title='bbox 2812 4476 3082 4538; x_wconf 86' lang='lat' dir='ltr'><strong>servabat,</strong></span> <span class='ocrx_word' id='word_1_616' title='bbox 3108 4484 3159 4529; x_wconf 90' lang='lat' dir='ltr'><strong>et</strong></span> <span class='ocrx_word' id='word_1_617' title='bbox 3192 4473 3421 4527; x_wconf 83' lang='lat' dir='ltr'><strong>Romam</strong></span> <span class='ocrx_word' id='word_1_618' title='bbox 3464 4479 3645 4525; x_wconf 86' lang='lat' dir='ltr'><strong>contra</strong></span> <span class='ocrx_word' id='word_1_619' title='bbox 3678 4464 3766 4518; x_wconf 82' lang='lat' dir='ltr'><strong>llu-</strong></span> 
     </span>
    </p>
   </div>
   <div class='ocr_carea' id='block_1_93' title="bbox 546 4553 3764 4646">
    <p class='ocr_par' dir='ltr' id='par_1_93' title="bbox 546 4553 3764 4646">
     <span class='ocr_line' id='line_1_93' title="bbox 546 4553 3764 4646; baseline 0 -36"><span class='ocrx_word' id='word_1_620' title='bbox 546 4555 776 4629; x_wconf 77' lang='lat' dir='ltr'><strong>fugiens,</strong></span> <span class='ocrx_word' id='word_1_621' title='bbox 813 4576 967 4615; x_wconf 88' lang='lat' dir='ltr'><strong>secus</strong></span> <span class='ocrx_word' id='word_1_622' title='bbox 993 4561 1162 4616; x_wconf 88' lang='lat' dir='ltr'><strong>altare</strong></span> <span class='ocrx_word' id='word_1_623' title='bbox 1189 4579 1309 4617; x_wconf 86' lang='lat' dir='ltr'><strong>cum</strong></span> <span class='ocrx_word' id='word_1_624' title='bbox 1336 4564 1657 4633; x_wconf 90' lang='lat' dir='ltr'><strong>quibusdam</strong></span> <span class='ocrx_word' id='word_1_625' title='bbox 1689 4567 1778 4635; x_wconf 91' lang='lat' dir='ltr'><strong>qui</strong></span> <span class='ocrx_word' id='word_1_626' title='bbox 1808 4582 1990 4622; x_wconf 91' lang='lat' dir='ltr'><strong>secum</strong></span> <span class='ocrx_word' id='word_1_627' title='bbox 2028 4570 2112 4624; x_wconf 80' lang='lat' dir='ltr'><strong>in-</strong></span> <span class='ocrx_word' id='word_1_628' title='bbox 2141 4562 2194 4621; x_wconf 87' lang='lat' dir='ltr'>D</span> <span class='ocrx_word' id='word_1_629' title='bbox 2220 4589 2411 4646; x_wconf 78' lang='lat' dir='ltr'><strong>gonem</strong></span> <span class='ocrx_word' id='word_1_630' title='bbox 2435 4585 2612 4641; x_wconf 80' lang='lat' dir='ltr'><strong>regem</strong></span> <span class='ocrx_word' id='word_1_631' title='bbox 2644 4569 2880 4624; x_wconf 90' lang='lat' dir='ltr'><strong>tenebat.</strong></span> <span class='ocrx_word' id='word_1_632' title='bbox 2902 4565 3135 4634; x_wconf 82' lang='lat' dir='ltr'><strong>llungari</strong></span> <span class='ocrx_word' id='word_1_633' title='bbox 3162 4580 3219 4619; x_wconf 89' lang='lat' dir='ltr'><strong>se</strong></span> <span class='ocrx_word' id='word_1_634' title='bbox 3238 4564 3291 4618; x_wconf 91' lang='lat' dir='ltr'><strong>in</strong></span> <span class='ocrx_word' id='word_1_635' title='bbox 3316 4571 3425 4615; x_wconf 90' lang='lat' dir='ltr'><strong>tres</strong></span> <span class='ocrx_word' id='word_1_636' title='bbox 3451 4570 3629 4630; x_wconf 89' lang='lat' dir='ltr'><strong>partes</strong></span> <span class='ocrx_word' id='word_1_637' title='bbox 3647 4553 3764 4646; x_wconf 38' lang='lat' dir='ltr'><strong>divi“-</strong></span> 
     </span>
    </p>
   </div>
   <div class='ocr_carea' id='block_1_94' title="bbox 546 4652 2109 4732">
    <p class='ocr_par' dir='ltr' id='par_1_94' title="bbox 546 4652 2109 4732">
     <span class='ocr_line' id='line_1_94' title="bbox 546 4652 2109 4732; baseline 0.009 -29"><span class='ocrx_word' id='word_1_638' title='bbox 546 4652 809 4708; x_wconf 70' lang='lat' dir='ltr'><strong>troict&#39;aut</strong></span> <span class='ocrx_word' id='word_1_639' title='bbox 833 4655 1189 4724; x_wconf 89' lang='lat' dir='ltr'><strong>interemptus</strong></span> <span class='ocrx_word' id='word_1_640' title='bbox 1219 4664 1319 4720; x_wconf 86' lang='lat' dir='ltr'><strong>est,</strong></span> <span class='ocrx_word' id='word_1_641' title='bbox 1346 4666 1401 4712; x_wconf 89' lang='lat' dir='ltr'><strong>ct</strong></span> <span class='ocrx_word' id='word_1_642' title='bbox 1428 4658 1573 4713; x_wconf 88' lang='lat' dir='ltr'><strong>cives</strong></span> <span class='ocrx_word' id='word_1_643' title='bbox 1601 4660 1785 4714; x_wconf 89' lang='lat' dir='ltr'><strong>urbem</strong></span> <span class='ocrx_word' id='word_1_644' title='bbox 1822 4663 2109 4732; x_wconf 91' lang='lat' dir='ltr'><strong>recipiunt.</strong></span> 
     </span>
    </p>
   </div>
   <div class='ocr_carea' id='block_1_95' title="bbox 544 4739 2110 4824">
    <p class='ocr_par' dir='ltr' id='par_1_95' title="bbox 544 4739 2110 4824">
     <span class='ocr_line' id='line_1_95' title="bbox 544 4739 2110 4824; baseline 0.01 -31"><span class='ocrx_word' id='word_1_645' title='bbox 544 4739 857 4801; x_wconf 82' lang='lat' dir='ltr'><strong>Ileribertus</strong></span> <span class='ocrx_word' id='word_1_646' title='bbox 884 4761 1086 4813; x_wconf 88' lang='lat' dir='ltr'><strong>comes,</strong></span> <span class='ocrx_word' id='word_1_647' title='bbox 1117 4746 1342 4803; x_wconf 82' lang='lat' dir='ltr'><strong>Hammo</strong></span> <span class='ocrx_word' id='word_1_648' title='bbox 1373 4748 1441 4780; x_wconf 84' lang='grc'><strong>³⁵⁷</strong></span> <span class='ocrx_word' id='word_1_649' title='bbox 1492 4750 1603 4822; x_wconf 82' lang='lat'><strong>(67)</strong></span> <span class='ocrx_word' id='word_1_650' title='bbox 1652 4759 1830 4807; x_wconf 88' lang='lat' dir='ltr'><strong>castro</strong></span> <span class='ocrx_word' id='word_1_651' title='bbox 1874 4763 2110 4824; x_wconf 88' lang='lat' dir='ltr'><strong>recepto,</strong></span> 
     </span>
    </p>
   </div>
   <div class='ocr_carea' id='block_1_96' title="bbox 2219 4638 3764 4729">
    <p class='ocr_par' dir='ltr' id='par_1_96' title="bbox 2219 4638 3764 4729">
     <span class='ocr_line' id='line_1_96' title="bbox 2219 4638 3764 4729; baseline -0.014 -12"><span class='ocrx_word' id='word_1_652' title='bbox 2219 4638 2384 4725; x_wconf 76' lang='lat' dir='ltr'><strong>dunt;</strong></span> <span class='ocrx_word' id='word_1_653' title='bbox 2413 4638 2639 4729; x_wconf 79' lang='lat' dir='ltr'><strong>quorum</strong></span> <span class='ocrx_word' id='word_1_654' title='bbox 2663 4672 2788 4728; x_wconf 84' lang='lat' dir='ltr'><strong>pars</strong></span> <span class='ocrx_word' id='word_1_655' title='bbox 2817 4672 2920 4708; x_wconf 90' lang='lat' dir='ltr'><strong>una</strong></span> <span class='ocrx_word' id='word_1_656' title='bbox 2942 4654 3146 4708; x_wconf 88' lang='lat' dir='ltr'><strong>Italiam</strong></span> <span class='ocrx_word' id='word_1_657' title='bbox 3178 4652 3331 4721; x_wconf 89' lang='lat' dir='ltr'><strong>petit,</strong></span> <span class='ocrx_word' id='word_1_658' title='bbox 3355 4649 3463 4702; x_wconf 88' lang='lat' dir='ltr'><strong>alia</strong></span> <span class='ocrx_word' id='word_1_659' title='bbox 3494 4658 3680 4701; x_wconf 86' lang='lat' dir='ltr'><strong>terram</strong></span> <span class='ocrx_word' id='word_1_660' title='bbox 3707 4638 3764 4671; x_wconf 73' lang='grc' dir='ltr'><strong>’τ’</strong></span> 
     </span>
    </p>
   </div>
   <div class='ocr_carea' id='block_1_97' title="bbox 2219 4739 3761 4808">
    <p class='ocr_par' dir='ltr' id='par_1_97' title="bbox 2219 4739 3761 4808">
     <span class='ocr_line' id='line_1_97' title="bbox 2219 4739 3761 4808; baseline -0.017 0"><span class='ocrx_word' id='word_1_661' title='bbox 2219 4751 2459 4808; x_wconf 82' lang='lat' dir='ltr'><strong>lleinrici</strong></span> <span class='ocrx_word' id='word_1_662' title='bbox 2509 4758 2657 4804; x_wconf 91' lang='lat' dir='ltr'><strong>trans</strong></span> <span class='ocrx_word' id='word_1_663' title='bbox 2697 4747 2943 4801; x_wconf 72' lang='lat' dir='ltr'><strong>Rhenum</strong></span> <span class='ocrx_word' id='word_1_664' title='bbox 2984 4742 3207 4797; x_wconf 89' lang='lat' dir='ltr'><strong>invadit.</strong></span> <span class='ocrx_word' id='word_1_665' title='bbox 3247 4739 3451 4794; x_wconf 73' lang='lat' dir='ltr'><strong>Contra</strong></span> <span class='ocrx_word' id='word_1_666' title='bbox 3498 4749 3629 4807; x_wconf 89' lang='lat' dir='ltr'><strong>quos</strong></span> <span class='ocrx_word' id='word_1_667' title='bbox 3660 4744 3761 4802; x_wconf 87' lang='lat' dir='ltr'><strong>pro-</strong></span> 
     </span>
    </p>
   </div>
   <div class='ocr_carea' id='block_1_98' title="bbox 1805 4900 2474 4959">
    <p class='ocr_par' dir='ltr' id='par_1_98' title="bbox 1805 4900 2474 4959">
     <span class='ocr_line' id='line_1_98' title="bbox 1805 4900 2474 4959; baseline -0.001 -4"><span class='ocrx_word' id='word_1_668' title='bbox 1805 4900 2034 4958; x_wconf 76' lang='lat' dir='ltr'><strong>VARUE</strong></span> <span class='ocrx_word' id='word_1_669' title='bbox 2074 4900 2474 4959; x_wconf 83' lang='lat' dir='ltr'><strong>LECTIONES.</strong></span> 
     </span>
    </p>
   </div>
   <div class='ocr_carea' id='block_1_99' title="bbox 1155 5007 2028 5076">
    <p class='ocr_par' dir='ltr' id='par_1_99' title="bbox 1155 5007 2028 5076">
     <span class='ocr_line' id='line_1_99' title="bbox 1155 5007 2028 5076; baseline 0.008 -17"><span class='ocrx_word' id='word_1_670' title='bbox 1155 5009 1223 5047; x_wconf 61' lang='lat'><strong>35°</strong></span> <span class='ocrx_word' id='word_1_671' title='bbox 1253 5007 1527 5076; x_wconf 88' lang='lat' dir='ltr'><strong>opsidibus</strong></span> <span class='ocrx_word' id='word_1_672' title='bbox 1555 5008 1610 5063; x_wconf 81' lang='lat'><strong>2.</strong></span> <span class='ocrx_word' id='word_1_673' title='bbox 1683 5010 1752 5042; x_wconf 64' lang='grc'><strong>³³¹</strong></span> <span class='ocrx_word' id='word_1_674' title='bbox 1782 5026 1945 5065; x_wconf 90' lang='lat' dir='ltr'><strong>corna</strong></span> <span class='ocrx_word' id='word_1_675' title='bbox 1976 5014 2028 5066; x_wconf 82' lang='lat' dir='ltr'><strong>l.</strong></span> 
     </span>
    </p>
   </div>
   <div class='ocr_carea' id='block_1_100' title="bbox 950 5079 1771 5147">
    <p class='ocr_par' dir='ltr' id='par_1_100' title="bbox 950 5079 1771 5147">
     <span class='ocr_line' id='line_1_100' title="bbox 950 5079 1771 5147; baseline 0.004 -18"><span class='ocrx_word' id='word_1_676' title='bbox 950 5093 1003 5147; x_wconf 89' lang='lat' dir='ltr'><strong>q.</strong></span> <span class='ocrx_word' id='word_1_677' title='bbox 1033 5093 1082 5131; x_wconf 89' lang='lat' dir='ltr'><strong>e.</strong></span> <span class='ocrx_word' id='word_1_678' title='bbox 1114 5079 1149 5132; x_wconf 91' lang='lat' dir='ltr'><strong>i.</strong></span> <span class='ocrx_word' id='word_1_679' title='bbox 1179 5093 1227 5138; x_wconf 87' lang='lat' dir='ltr'><strong>c.</strong></span> <span class='ocrx_word' id='word_1_680' title='bbox 1258 5079 1528 5144; x_wconf 75' lang='lat' dir='ltr'><strong>ingressus</strong></span> <span class='ocrx_word' id='word_1_681' title='bbox 1557 5095 1608 5133; x_wconf 92' lang='grc' dir='ltr'><strong>ο.</strong></span> <span class='ocrx_word' id='word_1_682' title='bbox 1637 5079 1688 5134; x_wconf 92' lang='lat'><strong>2.</strong></span> <span class='ocrx_word' id='word_1_683' title='bbox 1717 5081 1771 5134; x_wconf 98' lang='grc'><strong>5.</strong></span> 
     </span>
    </p>
   </div>
   <div class='ocr_carea' id='block_1_101' title="bbox 1013 5147 2112 5202">
    <p class='ocr_par' dir='ltr' id='par_1_101' title="bbox 1013 5147 2112 5202">
     <span class='ocr_line' id='line_1_101' title="bbox 1013 5147 2112 5202; baseline 0 0"><span class='ocrx_word' id='word_1_684' title='bbox 1013 5147 1076 5178; x_wconf 74' lang='grc'><strong>³⁸⁸</strong></span> <span class='ocrx_word' id='word_1_685' title='bbox 1111 5149 1286 5202; x_wconf 84' lang='lat' dir='ltr'><strong>notius</strong></span> <span class='ocrx_word' id='word_1_686' title='bbox 1315 5148 1367 5201; x_wconf 80' lang='lat'><strong>2.</strong></span> <span class='ocrx_word' id='word_1_687' title='bbox 1402 5148 1469 5179; x_wconf 78' lang='grc'><strong>³⁵³</strong></span> <span class='ocrx_word' id='word_1_688' title='bbox 1500 5158 1553 5202; x_wconf 90' lang='lat' dir='ltr'><strong>et</strong></span> <span class='ocrx_word' id='word_1_689' title='bbox 1588 5151 1829 5202; x_wconf 77' lang='lat' dir='ltr'><strong>pervasis</strong></span> <span class='ocrx_word' id='word_1_690' title='bbox 1877 5152 2060 5202; x_wconf 78' lang='lat' dir='ltr'><strong>desunt</strong></span> <span class='ocrx_word' id='word_1_691' title='bbox 2087 5152 2112 5202; x_wconf 74' lang='grc' dir='ltr'>ί</span> 
     </span>
    </p>
   </div>
   <div class='ocr_carea' id='block_1_102' title="bbox 615 5006 1077 5063">
    <p class='ocr_par' dir='ltr' id='par_1_102' title="bbox 615 5006 1077 5063">
     <span class='ocr_line' id='line_1_102' title="bbox 615 5006 1077 5063; baseline 0.002 -3"><span class='ocrx_word' id='word_1_692' title='bbox 615 5006 682 5038; x_wconf 79' lang='grc'><strong>⁸³⁹</strong></span> <span class='ocrx_word' id='word_1_693' title='bbox 707 5008 996 5063; x_wconf 76' lang='lat' dir='ltr'><strong>atiznacum</strong></span> <span class='ocrx_word' id='word_1_694' title='bbox 1028 5009 1077 5062; x_wconf 79' lang='lat' dir='ltr'><strong>l.</strong></span> 
     </span>
    </p>
   </div>
   <div class='ocr_carea' id='block_1_103' title="bbox 547 5073 919 5132">
    <p class='ocr_par' dir='ltr' id='par_1_103' title="bbox 547 5073 919 5132">
     <span class='ocr_line' id='line_1_103' title="bbox 547 5073 919 5132; baseline 0 -3"><span class='ocrx_word' id='word_1_695' title='bbox 547 5073 614 5106; x_wconf 65' lang='lat' dir='ltr'><strong>m</strong></span> <span class='ocrx_word' id='word_1_696' title='bbox 636 5092 686 5129; x_wconf 94' lang='grc' dir='ltr'><strong>ο.</strong></span> <span class='ocrx_word' id='word_1_697' title='bbox 717 5094 768 5130; x_wconf 78' lang='lat' dir='ltr'><strong>a.</strong></span> <span class='ocrx_word' id='word_1_698' title='bbox 794 5094 838 5132; x_wconf 90' lang='lat' dir='ltr'><strong>s.</strong></span> <span class='ocrx_word' id='word_1_699' title='bbox 869 5093 919 5131; x_wconf 92' lang='lat' dir='ltr'><strong>e.</strong></span> 
     </span>
    </p>
   </div>
   <div class='ocr_carea' id='block_1_104' title="bbox 546 5145 930 5201">
    <p class='ocr_par' dir='ltr' id='par_1_104' title="bbox 546 5145 930 5201">
     <span class='ocr_line' id='line_1_104' title="bbox 546 5145 930 5201; baseline 0.005 -4"><span class='ocrx_word' id='word_1_700' title='bbox 546 5145 615 5176; x_wconf 74' lang='grc'><strong>³⁸⁸</strong></span> <span class='ocrx_word' id='word_1_701' title='bbox 664 5157 833 5201; x_wconf 84' lang='lat' dir='ltr'><strong>morte</strong></span> <span class='ocrx_word' id='word_1_702' title='bbox 875 5147 930 5200; x_wconf 88' lang='lat'><strong>2.</strong></span> 
     </span>
    </p>
   </div>
   <div class='ocr_carea' id='block_1_105' title="bbox 2105 5009 2959 5077">
    <p class='ocr_par' dir='ltr' id='par_1_105' title="bbox 2105 5009 2959 5077">
     <span class='ocr_line' id='line_1_105' title="bbox 2105 5009 2959 5077; baseline -0.011 -9"><span class='ocrx_word' id='word_1_703' title='bbox 2105 5012 2172 5044; x_wconf 58' lang='grc' dir='ltr'><strong>ἰ’</strong></span> <span class='ocrx_word' id='word_1_704' title='bbox 2199 5011 2529 5077; x_wconf 86' lang='lat' dir='ltr'><strong>solletnpniis</strong></span> <span class='ocrx_word' id='word_1_705' title='bbox 2554 5009 2610 5063; x_wconf 84' lang='lat'><strong>2.</strong></span> <span class='ocrx_word' id='word_1_706' title='bbox 2642 5017 2959 5077; x_wconf 77' lang='lat' dir='ltr'><strong>constanter.</strong></span> 
     </span>
    </p>
   </div>
   <div class='ocr_carea' id='block_1_106' title="bbox 1848 5081 2289 5137">
    <p class='ocr_par' dir='ltr' id='par_1_106' title="bbox 1848 5081 2289 5137">
     <span class='ocr_line' id='line_1_106' title="bbox 1848 5081 2289 5137; baseline -0.002 -3"><span class='ocrx_word' id='word_1_707' title='bbox 1848 5082 1916 5116; x_wconf 66' lang='lat' dir='ltr'>M</span> <span class='ocrx_word' id='word_1_708' title='bbox 1947 5081 2211 5137; x_wconf 58' lang='lat' dir='ltr'><strong>artallum</strong></span> <span class='ocrx_word' id='word_1_709' title='bbox 2235 5083 2289 5136; x_wconf 86' lang='lat'><strong>2.</strong></span> 
     </span>
    </p>
   </div>
   <div class='ocr_carea' id='block_1_107' title="bbox 3033 4986 3758 5056">
    <p class='ocr_par' dir='ltr' id='par_1_107' title="bbox 3033 4986 3758 5056">
     <span class='ocr_line' id='line_1_107' title="bbox 3033 4986 3758 5056; baseline -0.017 -1"><span class='ocrx_word' id='word_1_710' title='bbox 3033 5002 3100 5036; x_wconf 75' lang='grc'><strong>³⁸³</strong></span> <span class='ocrx_word' id='word_1_711' title='bbox 3128 5000 3167 5056; x_wconf 90' lang='lat' dir='ltr'><strong>f.</strong></span> <span class='ocrx_word' id='word_1_712' title='bbox 3196 5017 3250 5054; x_wconf 94' lang='lat' dir='ltr'><strong>n.</strong></span> <span class='ocrx_word' id='word_1_713' title='bbox 3276 5000 3334 5054; x_wconf 82' lang='lat'><strong>2.</strong></span> <span class='ocrx_word' id='word_1_714' title='bbox 3410 4997 3484 5030; x_wconf 67' lang='grc'><strong>³⁵⁸</strong></span> <span class='ocrx_word' id='word_1_715' title='bbox 3510 4993 3700 5050; x_wconf 87' lang='lat' dir='ltr'><strong>obsidet</strong></span> <span class='ocrx_word' id='word_1_716' title='bbox 3714 4986 3758 5039; x_wconf 69' lang='grc'><strong>2.</strong></span> 
     </span>
    </p>
   </div>
   <div class='ocr_carea' id='block_1_108' title="bbox 2869 5059 3757 5127">
    <p class='ocr_par' dir='ltr' id='par_1_108' title="bbox 2869 5059 3757 5127">
     <span class='ocr_line' id='line_1_108' title="bbox 2869 5059 3757 5127; baseline -0.008 0"><span class='ocrx_word' id='word_1_717' title='bbox 2869 5059 2937 5108; x_wconf 27' lang='grc' dir='ltr'><strong>δέκα</strong></span> <span class='ocrx_word' id='word_1_718' title='bbox 2964 5075 3001 5127; x_wconf 93' lang='lat' dir='ltr'><strong>i.</strong></span> <span class='ocrx_word' id='word_1_719' title='bbox 3030 5089 3079 5126; x_wconf 92' lang='lat' dir='ltr'><strong>e.</strong></span> <span class='ocrx_word' id='word_1_720' title='bbox 3107 5072 3161 5125; x_wconf 70' lang='lat'><strong>2.</strong></span> <span class='ocrx_word' id='word_1_721' title='bbox 3192 5073 3244 5125; x_wconf 77' lang='lat'><strong>5.</strong></span> <span class='ocrx_word' id='word_1_722' title='bbox 3324 5069 3392 5102; x_wconf 70' lang='grc' dir='ltr'><strong>ιιι</strong></span> <span class='ocrx_word' id='word_1_723' title='bbox 3416 5067 3626 5121; x_wconf 78' lang='lat' dir='ltr'><strong>tradidit</strong></span> <span class='ocrx_word' id='word_1_724' title='bbox 3648 5061 3693 5114; x_wconf 78' lang='lat'><strong>2.</strong></span> <span class='ocrx_word' id='word_1_725' title='bbox 3713 5059 3757 5109; x_wconf 78' lang='lat'><strong>3-</strong></span> 
     </span>
    </p>
   </div>
   <div class='ocr_carea' id='block_1_109' title="bbox 2368 5078 3755 5202">
    <p class='ocr_par' dir='ltr' id='par_1_109' title="bbox 2368 5078 3755 5202">
     <span class='ocr_line' id='line_1_109' title="bbox 2368 5078 3755 5133; baseline -0.02 2"><span class='ocrx_word' id='word_1_726' title='bbox 2368 5081 2434 5112; x_wconf 62' lang='grc'><strong>⁸⁵⁷</strong></span> <span class='ocrx_word' id='word_1_727' title='bbox 2465 5080 2628 5133; x_wconf 88' lang='lat' dir='ltr'><strong>tradit</strong></span> <span class='ocrx_word' id='word_1_728' title='bbox 2654 5078 2707 5131; x_wconf 87' lang='lat'><strong>2.</strong></span> <span class='ocrx_word' id='word_1_729' title='bbox 2740 5079 2794 5133; x_wconf 86' lang='grc'><strong>5.</strong></span> <span class='ocrx_word' id='word_1_730' title='bbox 2869 5078 2937 5108; x_wconf 68' lang='grc'><strong>³⁵⁸</strong></span> <span class='ocrx_word' id='word_1_731' title='bbox 2964 5078 3001 5127; x_wconf 93' lang='lat' dir='ltr'><strong>i.</strong></span> <span class='ocrx_word' id='word_1_732' title='bbox 3030 5089 3079 5126; x_wconf 92' lang='lat' dir='ltr'><strong>e.</strong></span> <span class='ocrx_word' id='word_1_733' title='bbox 3107 5078 3161 5125; x_wconf 81' lang='lat'><strong>2.</strong></span> <span class='ocrx_word' id='word_1_734' title='bbox 3192 5078 3244 5125; x_wconf 83' lang='grc'><strong>5.</strong></span> <span class='ocrx_word' id='word_1_735' title='bbox 3324 5078 3392 5102; x_wconf 63' lang='grc' dir='ltr'><strong>δι’</strong></span> <span class='ocrx_word' id='word_1_736' title='bbox 3416 5078 3626 5121; x_wconf 76' lang='lat' dir='ltr'><strong>tradidit</strong></span> <span class='ocrx_word' id='word_1_737' title='bbox 3648 5078 3693 5114; x_wconf 68' lang='grc' dir='ltr'><strong>Ζ.</strong></span> <span class='ocrx_word' id='word_1_738' title='bbox 3713 5078 3755 5109; x_wconf 68' lang='grc' dir='ltr'><strong>δ.</strong></span> 
     </span>
     <span class='ocr_line' id='line_1_110' title="bbox 2368 5128 3755 5202; baseline -0.013 0"><span class='ocrx_word' id='word_1_739' title='bbox 2368 5149 2543 5202; x_wconf 67' lang='lat' dir='ltr'><strong>eiectis</strong></span> <span class='ocrx_word' id='word_1_740' title='bbox 2581 5148 2659 5202; x_wconf 76' lang='lat' dir='ltr'><strong>5.l</strong></span> <span class='ocrx_word' id='word_1_741' title='bbox 2710 5163 2762 5201; x_wconf 70' lang='grc' dir='ltr'><strong>ν.</strong></span> <span class='ocrx_word' id='word_1_742' title='bbox 2789 5165 2836 5200; x_wconf 89' lang='lat' dir='ltr'><strong>c.</strong></span> <span class='ocrx_word' id='word_1_743' title='bbox 2866 5146 3049 5199; x_wconf 81' lang='lat' dir='ltr'><strong>desunt</strong></span> <span class='ocrx_word' id='word_1_744' title='bbox 3081 5143 3132 5196; x_wconf 82' lang='grc'><strong>1.</strong></span> <span class='ocrx_word' id='word_1_745' title='bbox 3226 5140 3296 5171; x_wconf 66' lang='grc'><strong>⁸⁵³</strong></span> <span class='ocrx_word' id='word_1_746' title='bbox 3323 5138 3622 5193; x_wconf 70' lang='lat' dir='ltr'><strong>desciuerat</strong></span> <span class='ocrx_word' id='word_1_747' title='bbox 3649 5131 3689 5183; x_wconf 82' lang='grc' dir='ltr'><strong>Ι.</strong></span> 
     </span>
    </p>
   </div>
   <div class='ocr_carea' id='block_1_110' title="bbox 2233 5143 3132 5202">
    <p class='ocr_par' dir='ltr' id='par_1_110' title="bbox 2233 5143 3132 5202">
     <span class='ocr_line' id='line_1_111' title="bbox 2233 5143 3132 5202; baseline -0.01 1"><span class='ocrx_word' id='word_1_748' title='bbox 2233 5152 2304 5182; x_wconf 76' lang='grc'><strong>³⁸³</strong></span> <span class='ocrx_word' id='word_1_749' title='bbox 2335 5149 2543 5202; x_wconf 86' lang='lat' dir='ltr'><strong>(eiectis</strong></span> <span class='ocrx_word' id='word_1_750' title='bbox 2581 5148 2659 5202; x_wconf 76' lang='lat' dir='ltr'><strong>5.l</strong></span> <span class='ocrx_word' id='word_1_751' title='bbox 2710 5163 2762 5201; x_wconf 70' lang='grc' dir='ltr'><strong>ν.</strong></span> <span class='ocrx_word' id='word_1_752' title='bbox 2789 5165 2836 5200; x_wconf 89' lang='lat' dir='ltr'><strong>c.</strong></span> <span class='ocrx_word' id='word_1_753' title='bbox 2866 5146 3049 5199; x_wconf 81' lang='lat' dir='ltr'><strong>desunt</strong></span> <span class='ocrx_word' id='word_1_754' title='bbox 3081 5143 3132 5196; x_wconf 82' lang='grc'><strong>1.</strong></span> 
     </span>
    </p>
   </div>
  </div>
