3872 5326
147 367 232 425 HS

1574 364 1904 422 ANNAIJ‘IS.

3256 358 3363 419 μϐ

149 490 291 542 lectus
327 483 595 539 lleinricus
641 498 760 538 cum
802 483 1062 552 Bajoariis
1100 492 1153 539 et
1184 484 1487 540 Saxonibus
1523 492 1665 539 cete-
1693 485 1741 538 Α
1769 478 1909 530 diam
1938 477 2092 531 Walo
2135 477 2444 547 reliquerat,
2487 478 2689 543 recipit,
2723 479 3102 548 dispositisque
3140 479 3347 535 recedit

146 578 301 644 risque
331 572 641 642 quibusdam
658 573 758 628 sibi
790 573 1048 643 subjectis
1078 576 1328 645 gentibus
1362 575 1452 639 δ”,
1489 590 1677 632 omnes

150 682 289 735 usque
312 666 372 718 ad
402 665 809 718 internetionem
839 664 907 695 ³⁸⁸⁸
935 666 1159 731 sternit;
1196 681 1423 734 quorum
1461 666 1679 736 triginta

149 775 224 812 se:
250 757 381 810 milia
416 755 481 788 ³⁸¹
508 772 644 811 ctesa
695 755 1024 818 referuntur,
1053 767 1245 826 praeter
1283 773 1375 812 eos
1409 772 1545 826 quos
1589 757 1683 811 ab-

149 849 325 904 sorbuit
352 847 541 900 ﬂuvius
576 856 630 902 et
664 848 765 918 qui;
790 846 895 901 vivi
930 848 1070 915 capti
1102 857 1244 901 sunt.
1270 847 1556 901 Richarius
1592 847 1682 911 ³⁸²,

151 939 399 1006 episcopus
433 936 783 1004 Tungrensis,
815 937 1084 1005 quoddam
1115 936 1392 990 castellum
1424 935 1684 989 Bcruardi

150 1027 350 1090 comitis,
390 1026 530 1095 quod
560 1027 671 1094 ipse
696 1025 999 1080 Bernardus
1021 1027 1161 1095 apud
1192 1026 1447 1081 llarceias
1475 1028 1546 1061 ³⁸³
1574 1028 1686 1098 (68)

152 1116 195 1168 in
217 1130 338 1184 pago
350 1114 603 1169 Porcinse
624 1124 1017 1179 construxerat,
1045 1119 1257 1179 evertit,
1286 1133 1350 1171 eo
1376 1121 1520 1187 quod
1551 1119 1602 1172 in
1621 1118 1690 1153 ³⁸⁸

152 1219 242 1257 suae
280 1203 530 1256 necclesize
588 1211 731 1257 terra
782 1204 945 1258 situm
993 1214 1156 1260 esset.
1200 1205 1402 1262 Vienna
1464 1209 1693 1263 Rodnllo

155 1294 263 1362 regi,
286 1292 615 1347 tradentibus
640 1309 755 1349 eam
779 1294 863 1348 his
889 1296 978 1364 qui
1006 1312 1124 1351 eam
1159 1297 1433 1364 tenebant,
1458 1299 1691 1354 deditur.

154 1382 440 1447 Willelmus,
471 1384 722 1455 princeps
757 1385 1232 1454 Nortmannorum,
1260 1391 1434 1444 eidem
1482 1393 1589 1461 regi
1637 1406 1696 1447 se

158 1474 443 1538 committit;
478 1475 756 1544 quietiam
786 1492 878 1531 rex
921 1478 1012 1531 dat
1059 1489 1257 1534 terram
1300 1480 1600 1534 Brittouum
1643 1481 1695 1534 in

159 1581 233 1618 ora
258 1565 518 1618 maritima
551 1567 735 1621 sitam.
765 1567 1027 1623 Rodull‘us
1072 1585 1167 1624 rex
1214 1572 1563 1625 munitionem
1597 1572 1701 1626 lle-

161 1656 337 1719 riherzi,
362 1671 481 1725 qua:
508 1657 708 1711 dicitur
731 1657 1367 1715 Casta-llumoTheoderici
1396 1662 1463 1695 ³⁸⁸
1490 1662 1702 1717 obsidet

160 1744 450 1801 ebdomadas
484 1762 602 1801 sex.
636 1748 825 1803 Postea
854 1749 1011 1805 Walo
1040 1750 1107 1783 ³⁸⁸
1151 1753 1239 1822 qui
1272 1754 1610 1809 custodiebat
1640 1755 1703 1808 il-

1780 567 2107 623 custodibns.
2134 567 2282 633 Quod
2306 569 2527 622 audiens
2551 568 2718 639 llngn,
2754 570 2889 624 idem
2915 580 3152 645 castrum
3178 583 3340 639 quan-

1783 659 1946 713 tOtius
1974 657 2040 691 ⁸⁸⁷
2071 657 2316 711 obsidere
2341 666 2608 726 procurat.
2636 660 2790 710 Auno

2348 747 2781 803 DCCCCXXXIV
3192 802 3200 811 ,

1784 844 2160 900 obsidentibus
2228 843 2296 873 ³9⁸
2372 850 2722 911 pra~notatam
2794 841 3145 895 munitionem
3223 852 3348 907 rege

1787 937 2014 992 Roduli‘o
2059 946 2113 989 et
2160 934 2379 1003 llugone.
2408 933 2624 995 comite,
2665 940 2857 1000 quarto
2903 934 3116 987 tandem
3153 946 3352 996 mense,

1789 1029 2112 1083 ascendente
2156 1036 2314 1079 noctu
2361 1039 2565 1083 muros,
2600 1022 2915 1075 custodibus
2949 1022 3353 1090 ditt-titieitlibtts,

1790 1118 2016 1173 \‘v'alone
2040 1132 2161 1169 cum
2189 1116 2323 1175 suis,
2374 1128 2500 1181 pars
2547 1112 2730 1181 oppidi
2780 1112 3021 1179 capitur,
3048 1126 3143 1164 arx
3181 1123 3352 1163 tamer

1794 1210 1957 1262 tutior
1986 1208 2054 1260 ab
2086 1204 2349 1258 lleriberti
2382 1203 2626 1255 ﬁdelibus
2674 1202 2952 1254 retinetur.
2984 1199 3053 1253 At
3094 1200 3256 1270 regiis
3296 1198 3340 1230 ³⁹

1793 1299 2052 1354 militibus
2066 1295 2460 1356 insistentibus,
2477 1310 2580 1347 non
2598 1293 2763 1345 multo
2777 1300 2897 1363 post
2910 1292 3125 1347 obsides
3142 1290 3358 1353 dedunt,

1795 1402 1849 1446 et
1875 1391 1941 1445 ab
1964 1389 2242 1445 obsidione
2272 1387 2582 1441 disceditur.
2615 1384 2795 1438 lietnis
2822 1385 2873 1436 in
2914 1382 3157 1438 (ecclesia
3197 1383 3359 1437 beata

1800 1482 1891 1535 Dei
1904 1479 1971 1513 m
1985 1477 2262 1549 genitricis
2283 1475 2462 1529 Mariae
2497 1474 2833 1528 solemnitate
2856 1471 3281 1526 annuntiationis
3294 1468 3362 1502 ⁸⁵⁸

1799 1572 2045 1635 Domini,
2081 1570 2208 1624 dmn
2247 1583 2401 1621 sacra
2427 1566 2493 1597 ‘°’
2530 1566 2813 1619 missarum
2859 1566 2927 1619 ab
2972 1563 3195 1618 Artoldo
3235 1576 3364 1633 [meo

1801 1666 1918 1721 sule
1954 1665 2081 1719 inibi
2113 1663 2536 1725 celebrarentur,
2567 1658 2784 1727 quidam
2803 1656 3038 1727 juvenis,
3079 1654 3366 1710 contractis

1803 1757 2061 1829 poplitum
2118 1754 2319 1816 nervis,
2374 1765 2561 1820 repere
2612 1748 2823 1811 solitus,
2856 1757 3072 1818 repente
3131 1742 3368 1799 resolutis

161 1836 250 1901 iud,
281 1838 464 1908 reginae
515 1842 717 1896 Eruitur
766 1857 824 1897 se
868 1845 1172 1909 committit,
1202 1846 1549 1916 ejusdemque
1581 1848 1701 1903 ﬁdei
1807 1847 2321 1915 extendentiliusque
2340 1859 2395 1897 se
2414 1858 2642 1911 genuum
2662 1855 2983 1908 crurumque
3008 1837 3371 1907 compagibus,

163 1929 230 1981 vel
252 1932 529 1997 provisioni
556 1940 795 1986 castrum
834 1933 1141 1988 dimittitur.
1174 1935 1478 1991 Waldricus
1504 1939 1709 2006 episco-

164 2032 244 2084 pus
262 2019 712 2075 Autisioderensis
748 2021 832 2092 ³⁸⁷,
862 2023 1014 2088 obiit,
1044 2033 1097 2079 et
1137 2024 1317 2090 Wido,
1353 2027 1592 2096 ejusdem
1639 2029 1708 2059 ⁸⁸³

166 2104 247 2162 loci
270 2110 696 2175 archidiaconus,
739 2113 1068 2181 episc0pium
1099 2115 1432 2183 adipiscitur.
1464 2117 1711 2188 Synodus

169 2196 286 2251 inter
308 2200 415 2252 ohsi
438 2200 658 2255 lendum
704 2204 1016 2270 pmdictnm
1048 2207 1356 2275 praesidium
1383 2208 1710 2275 celebratur,

171 2292 469 2361 congregatis
492 2294 769 2348 nonnuliis
796 2294 1034 2349 Francia:
1061 2296 1141 2351 vel
1170 2297 1490 2366 Burgundio:
1514 2317 1715 2368 praesn-

172 2378 314 2444 libus,
360 2385 443 2437 cui
494 2386 867 2454 prtesederunt
914 2388 1142 2443 domnus
1187 2389 1441 2446 Artuldus
1488 2395 1715 2449 antistes

176 2471 451 2539 Remorum,
480 2486 540 2529 et.
590 2476 817 2531 domnus
851 2477 1109 2533 Teutolus
1147 2480 1217 2512 ³³⁸
1247 2480 1574 2536 Turonensis
1601 2485 1717 2553 epi-

175 2578 353 2632 scopus.
384 2565 425 2618 Τ
431 2580 535 2619 nnc
568 2582 781 2636 quoque
820 2567 1047 2624 domnus
1074 2571 1328 2626 Artolius
1356 2572 1718 2645 llildegarium

176 2654 355 2709 ordinat
381 2655 449 2687 ³⁵⁸
473 2658 788 2726 episcopum
812 2660 962 2715 urbis
1000 2661 1359 2717 Belvaceusis.

233 2745 333 2799 Odo
358 2749 492 2803 lilius
540 2749 811 2805 llerihcrti
856 2751 1139 2806 llammum
1168 2755 1473 2823 prmsidium
1513 2766 1721 2821 tenens,

179 2848 339 2906 pagum
371 2839 755 2896 Sucssonicum
782 2852 944 2913 atque
968 2845 1377 2901 Noviomensem
1407 2850 1601 2918 praedis
1647 2851 1728 2904 in-

181 2929 454 2998 cendiisque
480 2933 737 3002 proterit.
769 2934 1105 2999 Heribertus,
1155 2947 1313 3006 pater
1340 2937 1473 3005 ejus,
1504 2940 1570 2993 ad
1599 2956 1727 2994 san-

182 3029 300 3072 ctum
335 3020 649 3086 Quintiuum
672 3023 825 3078 .clam
857 3027 1097 3092 veniens,
1135 3030 1292 3082 tertia
1326 3029 1414 3084 die
1443 3040 1728 3100 postquam

182 3109 323 3203 venit,
350 3123 588 3166 castrum
621 3116 904 3184 pugnando
926 3116 1104 3187 cepit,
1135 3121 1416 3189 oppidanis
1444 3138 1550 3175 non
1578 3139 1734 3193 repu-

185 3202 461 3268 guatttihus,
483 3204 620 3259 solis
648 3215 852 3259 tantum
878 3209 1191 3263 custodibus
1221 3209 1460 3282 [lagonis
1488 3212 1734 3268 obniten-

189 3289 333 3356 tihus;
366 3308 501 3362 quos
531 3295 755 3363 capiens
791 3295 1128 3363 ileribcrtus,
1165 3312 1388 3370 accepto
1431 3302 1497 3333 ³⁹¹
1539 3303 1609 3357 ab
1657 3303 1738 3356 eis

188 3394 511 3447 sacramento,
549 3387 757 3440 dimisit
780 3387 872 3451 ibi,
905 3387 1104 3444 relictis
1131 3391 1294 3444 etiam
1324 3406 1391 3445 ex
1423 3392 1535 3445 suis
1550 3392 1617 3445 ad
1640 3406 1739 3461 op-

188 3467 277 3535 pidi
306 3475 517 3527 tutelam
547 3476 921 3544 complicibus.
954 3477 1107 3545 Quod
1149 3481 1373 3535 audiens
1412 3480 1587 3551 litigo,
1618 3498 1742 3537 mox

190 3561 449 3621 adveniens
486 3576 729 3623 castrum
757 3570 965 3641 recipit,
999 3580 1053 3625 et
1079 3574 1345 3642 quendam
1376 3575 1607 3629 nobilem
1633 3576 1745 3629 cle-

191 3652 337 3710 ricum
388 3660 610 3714 nomine
667 3660 993 3717 Treduiuum
1023 3662 1090 3697 ³⁵⁸
1122 3681 1186 3719 ac
1244 3666 1524 3720 lleriberto
1565 3666 1637 3720 ibi
1678 3666 1747 3699 ³⁹³

192 3742 441 3801 dimissum
472 3751 906 3820 apprehendens,
933 3753 1212 3821 suspendit
1257 3753 1327 3785 ³⁸⁵
1369 3770 1490 3808 cum
1523 3753 1750 3823 quihus-

194 3835 296 3890 dam
320 3840 467 3907 aliis;
503 3843 781 3899 nonnullis
806 3860 933 3899 vero
973 3846 1091 3901 aliis
1133 3848 1370 3902 membra
1409 3848 1621 3902 diversa
1660 3850 1753 3902 de-

194 3925 277 3980 dit.
323 3930 555 4003 ludcque
613 3936 961 4003 proﬁciscens
990 3953 1109 3991 cum
1142 3939 1339 3993 doumo
1385 3938 1607 3993 Artoldo
1641 3939 1756 4009 epi-

196 4030 356 4089 sc0po,
376 4026 736 4079 munitionem
762 4028 975 4087 nomine
998 4028 1235 4099 Raugam
1258 4030 1388 4101 (69),
1423 4030 1756 4085 tradentibus

197 4117 298 4162 eant
350 4110 621 4169 Heriberti
672 4116 1004 4182 custodibus,
1064 4119 1180 4174 sine
1233 4119 1540 4174 ditiicultate
1592 4121 1754 4190 capit.

199 4197 331 4270 Hngo
361 4219 455 4259 rex
485 4206 659 4261 Italia:
690 4208 911 4262 Romam
936 4210 1164 4265 obsidet.
1193 4211 1257 4265 Et
1287 4211 1572 4266 Sarraceni
1609 4228 1759 4265 mea-

202 4303 275 4348 tus
305 4297 508 4367 Alpium
547 4311 839 4371 occupant,
870 4311 924 4355 ct
950 4303 1018 4334 ³⁸⁵
1049 4303 1223 4357 vicina
1253 4320 1479 4373 quaeque
1527 4304 1640 4358 loca
1673 4305 1760 4358 de-

202 4389 509 4454 pnrduntur.
542 4394 803 4449 Artoidus
833 4397 1269 4466 archiepiscopus
1294 4396 1603 4452 Fulbertum
1642 4397 1763 4450 urbi

204 4480 560 4539 liainaracensi
598 4486 879 4553 praesulem
904 4488 1137 4542 ordinat.
1173 4487 1485 4544 lleribertus
1518 4489 1767 4544 Castrum
1801 4504 1842 4561 ῃ
1872 4492 2003 4545 tum,
2038 4480 2130 4534 Dei
2188 4492 2316 4531 vero
2354 4468 2629 4543 genitricis
2687 4465 2935 4535 precibus
2962 4502 2978 4527 ,

206 4564 501 4630 Theoderici
563 4575 634 4616 ³⁵⁸
680 4592 839 4645 super
888 4578 1186 4633 Maternum
1236 4578 1453 4633 ﬁuvimn
1511 4580 1769 4648 positum,

211 4662 526 4721 tradentibus
554 4666 691 4722 illud
718 4667 819 4722 sibi
855 4669 1176 4740 quihusdam
1203 4684 1338 4739 quos
1382 4668 1452 4723 ibi
1493 4669 1559 4723 ad
1588 4676 1764 4723 custo-

1808 1937 2062 2006 assurgit,
2089 1942 2518 2002 retemptatoque
2564 1946 2747 2000 gressu
2777 1927 2889 1995 jam
2939 1928 3029 1982 diu
3079 1926 3243 1979 oblita
3298 1938 3373 1978 re-

1809 2027 1942 2098 petit
1992 2024 2328 2091 ‘°’vcstigia.
2382 2022 2513 2075 item
2565 2021 2617 2073 in
2681 2016 2924 2073 tecclesia
2973 2015 3145 2070 sancti
3198 2013 3367 2068 llilari

1809 2130 1937 2173 ante
1984 2127 2192 2187 portam
2233 2114 2418 2168 Martis
2467 2126 2641 2166 cmcus
2670 2109 2886 2179 quidam
2918 2107 3136 2161 nomine
3186 2104 3379 2158 Paulus

1813 2185 2185 2269 illuminatur,
2234 2204 2560 2258 amtnonitus
2606 2201 2756 2270 prius
2804 2199 2856 2252 in
2908 2198 3153 2263 somnis,
3195 2185 3261 2250 iit
3321 2194 3381 2248 ad

1815 2300 1988 2367 ipsum
2021 2296 2197 2349 locum
2226 2293 2435 2348 veniret
2460 2290 2553 2356 ωδ,
2581 2290 2758 2357 ibique
2801 2288 2979 2342 lumen
3025 2287 3264 2356 recipere
3298 2284 3383 2339 de-

1816 2389 1992 2444 heret.

1889 2480 2002 2535 Rex
2038 2480 2232 2533 iterum
2262 2491 2381 2531 cum
2425 2473 2667 2543 Ilugone,
2711 2468 2963 2540 neglectis
3010 2466 3078 2521 ab
3106 2466 3386 2521 lleriberto

1820 2587 1956 2641 quos
1978 2569 2061 2623 sui
2088 2569 2343 2623 dederant
2366 2566 2436 2599 επ
2461 2564 2757 2626 obsidibus,
2781 2560 3038 2614 omissam
3084 2556 3276 2626 repetit
3303 2557 3375 2609 ob

1822 2664 2084 2719 sidiouem
2115 2661 2203 2712 “‘“.
2228 2658 2511 2714 lleinricns
2533 2654 2890 2711 Gislebertum
2921 2659 2974 2706 et
3006 2648 3302 2703 Ehrardum
3325 2646 3390 2680 ’τ’

1825 2770 1945 2809 cum
1967 2752 2231 2822 epise0pis
2255 2750 2402 2819 regni
2430 2746 2796 2803 Lothariensis
2822 2745 2890 2798 ad
2915 2742 3198 2798 Rodull‘um
3222 2754 3394 2811 regem

1828 2860 1925 2914 pro
1957 2843 2241 2898 lleriberto
2262 2840 2474 2910 dirigit;
2495 2838 2810 2905 redditaque
2833 2834 2943 2905 regi
2970 2830 3396 2889 Castello-Theo-

1831 2938 2021 3001 derici,
2055 2936 2311 2991 llamznus
2337 2942 2498 3001 atque
2528 2931 2764 2985 Perrona
2789 2928 2859 2959 ⁸⁰⁸
2898 2925 3181 2980 Heriberto
3211 2935 3398 2976 conce-

1836 3029 2036 3083 duntur
2064 3041 2234 3094 usque
2266 3024 2537 3078 Kalendas
2561 3019 2834 3076 Octobris.
2875 3014 3129 3070 Arnull’us
3151 3015 3216 3067 de
3243 3010 3401 3066 Fian-

1839 3121 1951 3175 (lris
1979 3118 2145 3172 ﬁliam
2174 3114 2465 3178 Heriberti,
2494 3113 2621 3167 olim
2662 3110 2762 3165 sibi
2804 3105 3122 3178 jnramentis
3147 3104 3403 3158 alterutro

1838 3210 1979 3266 datis
2015 3210 2316 3277 depactain.
2346 3204 2511 3259 smuit
2560 3216 2805 3257 uxorem.
2840 3198 3155 3252 Heribertus
3179 3209 3274 3264 per
3304 3193 3406 3248 Ve-

1840 3300 2238 3356 romandinsem
2268 3297 2336 3330 ‘9’
2365 3310 2556 3366 pagum
2586 3306 2789 3348 messes
2837 3303 3023 3345 eorum
3064 3286 3157 3356 qui
3187 3300 3246 3340 se
3290 3282 3408 3338 reli-

1840 3403 2069 3464 querant
2094 3392 2174 3446 vel
2200 3391 2394 3460 quibus
2426 3389 2575 3456 Hngo
2620 3386 2788 3455 ipsam
2825 3392 3021 3436 terram
3050 3378 3272 3432 dederat
3305 3372 3411 3428 col-

1844 3463 2034 3558 ligens,
2052 3481 2425 3539 Perronam‘"
2448 3478 2636 3534 deduci
2661 3477 2808 3529 facit.
2828 3474 2997 3542 Ignea:
3019 3467 3266 3524 Remisin
3283 3463 3413 3521 ctelo

1844 3580 1990 3634 acies
2004 3578 2128 3631 visze
2149 3584 2275 3629 sunt
2290 3573 2354 3605 ⁴¹¹
2375 3572 2700 3630 discurrere,
2714 3576 2769 3620 et
2787 3564 2941 3634 quasi
2967 3574 3189 3629 serpens
3209 3558 3416 3628 igneus,

1846 3682 1902 3727 et
1946 3668 2187 3739 qumdam
2233 3664 2411 3735 jacnla
2459 3661 2583 3715 ferri
2616 3659 2787 3728 pridie
2828 3656 2950 3709 Idus
2989 3649 3235 3707 Octobris
3256 3660 3417 3739 inane

1849 3736 1979 3816 ante
2004 3758 2137 3811 lucis
2166 3764 2432 3808 exortum.
2461 3751 2582 3805 Mox
2608 3748 2893 3805 subsecuta
2923 3752 3005 3798 est
3024 3739 3214 3809 pestis,
3240 3736 3419 3791 diver-

1853 3852 1927 3905 sis
1954 3848 2188 3902 alliciens
2213 3845 2448 3898 humana
2475 3853 2701 3908 corpora
2743 3833 2965 3890 morbis.
3014 3829 3280 3883 Diaconus
3305 3824 3420 3892 qui-

1855 3942 1979 3996 dam
2042 3933 2399 3993 Virdunensis
2445 3930 2513 3962 δι’
2566 3926 2784 3982 nomine
2836 3921 3154 3976 Adeimarus
3208 3915 3423 3982 langore

1855 4033 2158 4101 depressus,
2183 4026 2433 4096 Spiritum
2453 4022 2596 4076 visus
2611 4026 2695 4072 est
2711 4016 2988 4078 amisisse;
3019 4010 3111 4065 sed
3140 4016 3426 4075 antequam

1859 4094 2057 4175 feretro
2104 4094 2486 4186 imponeretur,
2513 4121 2784 4169 reversus,
2831 4105 2902 4159 ita
2944 4094 3428 4157 surrexitrvalidus

1861 4218 1919 4264 ut
1961 4206 2061 4262 sibi
2111 4205 2245 4260 nihil
2294 4203 2571 4257 videretur
2620 4193 2953 4266 mgritudinis
2991 4189 3157 4243 fuisse
3208 4197 3431 4255 perpes-

1862 4317 1956 4355 sus
1973 4300 2062 4351 “3.
2081 4297 2179 4363 Qui
2205 4311 2263 4350 se
2285 4295 2493 4348 diversa
2511 4288 2894 4359 suppliciorum
2917 4282 3001 4336 vel
3027 4277 3289 4349 refrigerii
3315 4276 3427 4329 loca

1866 4391 2063 4445 vidisse
2095 4395 2343 4449 testatur,
2363 4396 2527 4452 seque
2550 4382 2720 4449 ipsum
2746 4376 2863 4431 loco
2892 4372 2961 4405 διδ
2986 4369 3179 4441 poenali
3209 4367 3430 4434 deputa-

3017 4462 3175 4514 beato
3226 4466 3437 4524 quoque

1872 4575 2099 4629 Martino
2121 4567 2503 4627 intercedente,
2531 4563 2594 4615 ad
2622 4559 2879 4627 agendam
2907 4549 3276 4623 ptenitcntiatn
3301 4557 3437 4612 pra:-

1873 4666 2009 4723 senti
2044 4665 2165 4717 vitae
2210 4659 2475 4714 redditum
2515 4652 2646 4725 (70).
2678 4648 3011 4704 Gislebertus
3068 4655 3191 4696 cum
3241 4634 3440 4691 Lollia—

1502 4802 1730 4859 VABUE
1768 4793 2169 4856 LECTIONES.

276 4923 338 4956 ³⁷⁸
364 4926 618 4980 omnibus
644 4926 696 4980 2.
729 4927 781 4980 5.

216 4992 274 5032 δ”
305 4995 551 5049 richirins
585 4999 635 5049 l.
671 4997 892 5051 vicarius
921 4995 977 5047 5.
1055 4993 1126 5025 ³⁸³
1157 4993 1403 5046 archeias
1425 4992 1476 5043 ‘2.
1516 4991 1570 5042 5.

221 5199 278 5230 IN
314 5199 568 5232 ΙΑΑ.1Α-ἶ..ξ
601 5206 618 5232 Ι
688 5207 868 5232 -.4....'..-
973 5204 1040 5232 ³9⁷
1071 5201 1419 5232 ηηησκοΛΛῖηηο
1443 5202 1475 5230 α

218 5099 489 5119 πιυιιῡιῡηδι
564 5099 618 5119 ά.
785 5099 810 5117 ιι
907 5099 921 5116 ι
956 5099 1008 5117 BI
1051 5099 1265 5117 "I"\II""
1286 5099 1334 5113 "0
1367 5099 1421 5114 υ.
1596 5099 1631 5112 11
1652 5099 1791 5111 "“"'"
1821 5099 1871 5105 —'
1911 5099 1955 5103 ν’
1987 5099 1993 5101 ⁷
2035 5099 2078 5104 ⁷⁷
2875 5099 2903 5113 -

218 5131 263 5183 5.
330 5134 396 5166 ³η
422 5099 635 5203 acgcpit
667 5153 800 5190 corr.
820 5099 1059 5199 caCc’cepto
1086 5136 1133 5186 l.
1210 5130 1278 5164 ³⁹²
1312 5129 1583 5184 teduinum
1614 5130 1667 5181 2.
1746 5124 1814 5159 ³³³
1837 5128 1972 5174 deest
2004 5121 2053 5173 1ο
2131 5114 2201 5145 ³⁵⁸
2238 5109 2526 5180 5"9'1’9'"lio
2559 5111 2725 5188 ,“efm
2766 5104 2822 5156 2'
2875 5115 2926 5152 θ’

221 5199 278 5230 m
314 5205 563 5232 ...μμ-τηε
601 5206 618 5232 ι
688 5207 868 5232 -,....:..-
973 5204 1040 5232 391
1071 5201 1419 5232 mmnmntnno
1443 5202 1475 5230 CI
1574 5199 1644 5230 398
1677 5194 1897 5232 nimim-ii
1934 5186 2206 5232 nmntihus
2235 5182 2289 5232 9..
2367 5178 2435 5209 "9
2465 5192 2603 5232 I‘NHS
2629 5189 2681 5226 ί)-
2759 5172 2830 5204 “0
2853 5170 2926 5223 dc‘

688 5207 868 5232 -,.....‘..-
973 5204 1040 5232 891
1071 5201 1419 5232 ηηησιοηηῖηηο
1443 5202 1475 5230 ει
1574 5201 1644 5230 398
1677 5201 1897 5232 nltcialntl
1934 5201 2206 5232 mnnttmts
2235 5201 2289 5232 2.

857 4925 929 4963 ³θ⁰
976 4923 1386 4977 internicionem
1417 4920 1469 4973 2.
1503 4920 1556 4973 5.
1633 4917 1697 4953 ³⁸¹
1722 4916 1858 4970 dre-5!
1902 4912 1949 4965 1-
1973 4910 2041 4974 9i
2071 4905 2159 4961 δεά
2185 4899 2400 4977 XXXV!
2424 4894 2693 4977 ’τ’ἕῖῗηψυῖξ
2719 4886 3034 4977 “iﬁz’m’ﬁl’.
3063 4877 3446 4977 5“”‘1‘3‘

1648 4985 1720 5018 ⁸⁵⁸
1750 5002 1794 5036 s.
1849 4984 1899 5035 in
1950 4979 2005 5032 ‘2.
2049 4980 2103 5033 5.

216 4992 274 5032 δ”
305 4995 551 5049 richirius
585 4999 635 5049 l.
671 4997 892 5051 ricarins
921 4995 977 5047 5.
1055 4993 1126 5025 ³⁸³
1157 4993 1403 5046 arclteias
1425 4992 1476 5043 ‘2.
1516 4991 1570 5042 5.
1648 4985 1720 5018 ⁸⁵⁸
1750 5002 1794 5037 s.
1849 4984 1899 5035 in
1950 4980 2005 5032 ‘2.
2049 4980 2103 5033 5.
2182 4980 2250 5009 ³³³
2284 4980 2538 5048 ιρυιιριίε]
2580 4980 2625 5018 λ’
2653 4980 2703 5013 θ’
2731 5035 2741 5045 .
2788 4980 2857 4994 m
2884 4980 2984 5012 ΨΜ

216 5062 523 5120 sioderensis
559 5067 618 5119 2.
690 5066 759 5099 ³⁸⁸
785 5067 925 5120 deest
952 5064 1008 5117 2.
1042 5062 1265 5117 wifolus
1286 5081 1334 5113 a.
1367 5062 1421 5114 5.
1498 5061 1564 5093 ³⁸³
1596 5056 1794 5112 tcutolo
1817 5053 1871 5105 ‘2.
1907 5050 1995 5103 5h.
2032 5044 2278 5120 teufolns
2314 5042 2367 5094 5.
2401 5038 2622 5120 tcuttlo.
2844 5028 2991 5120 Πτεηιο

2788 4948 2857 4994 ³⁸⁸
2884 4956 3040 5012 Wallo
3063 4954 3123 5006 5:
3195 4952 3260 4985 ⁸⁸⁷
3289 4948 3454 5003 aulis-

3086 5022 3156 5055 ³⁸³
3191 5015 3457 5075 ordinavit

3003 5094 3070 5126 ηδ
3120 5102 3283 5158 θυμω
3402 5084 3454 5136 5.

2759 5172 2830 5204 ⁴⁰⁰
2853 5170 2989 5223 deest
3032 5165 3084 5217 5.
3164 5156 3460 5232 “ia-dumt-

2182 4974 2250 5009 ³³⁵
2284 4962 2538 5023 teoderici
2580 4966 2625 5018 ι.
2652 4962 2703 5013 5.

2367 5178 2435 5209 ³⁹⁹
2465 5177 2603 5232 restis
2628 5174 2681 5226 ’5.
