3872 5326
425 398 434 405 .
514 356 617 412 447

1566 340 1952 399 ιτιοθοΑῐιῡι
1991 331 2306 413 CANONlCl
2344 325 2682 386 REMENSIS

3668 317 3763 371 ΑΙΞῆ

517 466 786 522 riensibtts
849 465 902 517 in
952 463 1240 516 Franciam
1285 458 1554 515 Heriberti
1608 457 1676 489 ⁸⁸⁸
1733 456 1879 510 venit
1926 451 2084 506 'auxi-
2118 453 2159 512 Α
2188 445 2358 500 frater
2410 442 2552 511 regis
2597 441 2667 472 "'
2714 435 2921 492 Rodulﬁ
2977 435 3030 490 in
3079 434 3421 506 expeditione
3475 431 3766 488 obsidionis

515 558 691 623 .io‘",
715 555 857 610 velut
873 554 1122 625 oppidum
1145 553 1317 607 sancti
1338 550 1574 618 Quintiui
1602 550 1940 603 obsessurus.
1958 542 2065 599 Sed
2098 562 2103 567 ’

496 659 803 719 antequam
862 647 928 701 ad
982 646 1112 702 illud
1168 646 1496 716 perveniret,
1550 642 1703 697 missi
1748 638 1985 712 [lagonis
2034 637 2083 692 ei

513 742 794 797 venientes
819 741 1055 805 obviam,
1083 755 1268 810 pacem
1293 739 1435 795 inter
1458 736 1734 806 Hugonem
1755 742 1810 787 et
1837 732 2088 787 Heriber-

517 841 654 896 tum,
693 833 819 887 dato
865 832 1135 900 utrimque
1163 829 1533 901 jurejurando,
1566 840 1733 896 usque
1772 826 1840 879 ad
1890 824 2085 878 Maium

494 935 755 977 mensem
798 923 1142 991 pepigerunt;
1194 931 1248 975 et
1290 919 1665 974 Lotbarienses
1713 915 2089 987 regrediuntur

515 1014 585 1068 ad
622 1013 692 1047 δί’
726 1030 847 1070 sua.
882 1014 1085 1084 Religio
1151 1012 1347 1080 regula:
1403 1011 1790 1065 monachorum
1849 1007 1901 1061 in
1968 1005 2086 1075 qui-

513 1102 740 1158 busdam
789 1103 1129 1157 monasteriis
1157 1118 1252 1172 per
1279 1115 1500 1170 regnum
1532 1097 1886 1153 Lotbariense
1931 1112 2089 1167 repa-

516 1205 686 1249 ratur.
711 1194 778 1250 Et
807 1195 991 1248 Emma
1015 1194 1197 1263 regina
1225 1192 1549 1263 defungitur.
1588 1190 1742 1244 Anno

1088 1282 1398 1338 DCCCCXX
1413 1283 1452 1335 Χ
1463 1284 1501 1335 V

515 1374 781 1431 Rodulfns
828 1392 921 1430 rex
969 1376 1239 1446 quoddam
1301 1383 1535 1430 castrum
1569 1371 1894 1429 Gosfridi‘“
1928 1385 2089 1427 voca-

514 1466 643 1522 bulo
670 1467 1001 1537 Viriliacum,
1022 1468 1163 1537 quod
1200 1476 1387 1523 contra
1434 1482 1555 1522 eum
1604 1464 2085 1534 quilam'Aquita-

516 1572 707 1611 norum
732 1559 1003 1622 tenebant,
1037 1558 1290 1612 obsidens
1327 1558 1504 1627 cepit,
1530 1564 1587 1610 et
1614 1554 1865 1611 Gosfrido
1902 1552 2087 1608 reddi-

500 1646 623 1713 dit;
651 1648 881 1717 indeque
930 1649 982 1702 in
1032 1646 1315 1702 Franciam
1361 1647 1645 1710 remeavit,
1683 1655 1737 1702 et
1778 1645 2086 1701 Gosfridum

516 1744 667 1790 trans
700 1737 941 1791 Rhenum
974 1738 1039 1792 ad
1064 1737 1373 1792 Heinricum
1403 1738 1619 1790 direxit.
1662 1736 1773 1790 lloc
1798 1752 1923 1805 rege
1944 1734 2086 1789 Lau-

516 1826 643 1880 tluni
667 1827 910 1898 degente,
943 1829 1201 1883 tumultus
1232 1830 1349 1899 ipso
1379 1830 1465 1883 die
1487 1839 1675 1883 sancto
1699 1830 1913 1898 paschae
1948 1829 2090 1882 inter

514 1918 694 1988 regios
720 1927 777 1972 et
799 1920 1032 1990 episcopi
1069 1919 1268 1974 milites
1291 1920 1561 1982 exoritur;
1596 1920 1682 1973 ubi
1717 1918 1954 1972 nonnulli
1988 1934 2090 1971 non

515 2009 678 2061 modo
707 2008 855 2073 laici,
892 2010 984 2064 sed
1038 2013 1200 2065 etiam
1253 2010 1432 2065 clerici
1466 2011 1683 2079 quidam
1719 2007 2092 2063 vulnerativel

517 2097 827 2167 interempti
867 2109 1012 2154 sunt.
1040 2100 1191 2155 Unde
1219 2116 1309 2154 rex
1339 2101 1590 2170 placitum
1616 2099 1923 2155 Suessionis
1970 2114 2092 2153 cum

520 2187 670 2256 regni
703 2189 1018 2255 primatibus
1044 2191 1259 2253 habuit;
1299 2191 1490 2244 deinde
1516 2191 1723 2244 locutus
1754 2206 1874 2243 cum
1916 2189 2094 2243 missis

521 2276 779 2341 lleinrici,
830 2280 895 2331 ad
954 2280 1071 2348 ejus
1110 2289 1360 2349 properat
1398 2280 1745 2349 colloquium,
1787 2279 1873 2334 ubi
1930 2280 2092 2333 etiam

500 2368 779 2426 Rodulfns
807 2384 897 2424 rex
926 2368 1169 2425 .lurensis
1194 2370 1466 2435 interfuit;
1499 2380 1762 2441 pactaque
1786 2370 1927 2424 inter
1951 2371 2093 2438 ipsos

520 2459 787 2523 amicicia,
815 2460 974 2513 etiam
1011 2458 1349 2514 Heribertnm
1379 2476 1501 2515 cum
1546 2460 1766 2529 llugone
1810 2468 2091 2528 pacarnnt,

520 2547 745 2603 redditis
771 2549 1091 2615 quibusdam
1137 2551 1253 2603 suis
1288 2534 1460 2604 eidem
1490 2549 1773 2605 Heriberto
1804 2551 2097 2619 possessio-

510 2636 698 2691 nibus.
754 2636 859 2691 Sed
903 2646 958 2693 et
1007 2638 1306 2701 Heinricus,
1358 2640 1564 2694 Bosobe
1614 2650 1851 2709 recepto,
1896 2648 2094 2693 terram

495 2732 681 2793 'quatn
723 2728 875 2795 prius
914 2729 1175 2784 imbuerat
1211 2732 1259 2784 ei
1306 2747 1369 2785 ex
1409 2747 1597 2801 magna
1641 2740 1793 2799 parte
1841 2732 2093 2786 restituit.

523 2816 760 2888 llungari
790 2835 886 2889 per
909 2821 1263 2887 Burguudiam
1298 2822 1669 2878 diffunduntur
1698 2825 1998 2894 prmdisque
2020 2825 2098 2877 in-

522 2909 727 2962 cendiis
753 2925 815 2964 ac
835 2911 1089 2975 caadibtts,
1123 2927 1226 2965 non
1261 2923 1437 2967 tamen
1468 2915 1579 2979 ditt,
1621 2914 1927 2976 debachati,
1952 2930 2099 2968 com-

521 3009 680 3071 perto
753 3002 963 3057 Rodulii
1026 3005 1167 3073 regis
1225 3004 1482 3070 adventu,
1542 3007 1593 3061 in
1662 3004 1867 3060 Italiam
1925 3015 2098 3060 trans-

522 3102 706 3147 meant
755 3094 888 3164 (71).
931 3095 1185 3150 Artoldtts
1235 3098 1670 3168 archiepiscopus
1703 3096 2005 3151 Wifrednm
2028 3096 2099 3129 "’

524 3185 791 3250 quendam
822 3189 1145 3241 monachum
1190 3188 1539 3244 Tarwaneusi
1576 3189 1647 3222 “°
1678 3192 1889 3246 ordinat
1918 3191 2098 3245 accele-

525 3278 621 3328 sia:
644 3276 951 3344 prgesulem.
1639 3330 1643 3335 .

599 3363 861 3420 Rodnlfus
899 3380 995 3422 rex
1021 3369 1303 3424 Divionum
1344 3382 1600 3437 castrum,
1637 3388 1795 3442 quem
1834 3371 1974 3428 Boso
2004 3388 2099 3428 co-

526 3468 646 3508 mes
670 3467 888 3524 eeperat
920 3459 1143 3529 ejusque
1191 3464 1480 3532 complices
1512 3466 1847 3535 retinebant,
1868 3467 2095 3523 obsidet.

526 3539 908 3601 Lotbarieuses
940 3564 1061 3602 cum
1084 3550 1402 3619 quibusdam
1431 3554 1719 3609 comitibus
1747 3571 1815 3611 ex
1841 3555 1908 3588 ’δί
1934 3556 2102 3612 Saxo-

528 3631 616 3685 nia
638 3672 655 3697 ,
702 3633 964 3691 lleriberti
996 3639 1201 3695 scilicet
1232 3642 1419 3698 amicis
1439 3685 1453 3709 ,
1485 3648 1636 3714 quasi
1684 3648 1750 3701 ad
1780 3647 2101 3717 colloquium

528 3722 771 3795 Hngonis
795 3743 913 3783 cum
937 3732 1103 3786 multo
1126 3736 1365 3790 exercitu
1390 3738 1713 3793 conveniunt
1736 3738 1825 3794 “’.
1851 3741 1955 3795 Sed
1979 3742 2102 3811 quia

532 3814 688 3887 llugo
711 3820 990 3875 castellum
1016 3825 1187 3878 sancti
1217 3824 1454 3892 Quintini
1480 3828 1761 3883 ilerihetto
1788 3833 1965 3885 renuit
1993 3836 2110 3887 red-

530 3906 682 3971 dere,
709 3908 877 3978 ipsam
910 3913 1257 3969 munitionem
1287 3916 1550 3979 obsident,
1588 3919 1832 3991 helloque
1862 3937 2102 3992 pressam

531 4000 818 4053 tutantium
842 4004 1055 4058 tandem
1086 4008 1381 4062 redditione
1409 4010 1671 4078 recipiunt
1697 4021 1856 4082 atque
1882 4013 2105 4067 subver-

530 4098 682 4155 tunt;
713 4102 1070 4162 parantesque
1109 4096 1422 4152 Laudunum
1461 4099 1532 4132 m
1563 4101 1838 4165 obsidere,
1878 4105 2097 4156 manda-

531 4179 671 4234 to‘“
685 4181 896 4238 Bodulﬁ
914 4187 1051 4255 regis
1066 4187 1117 4240 in
1133 4189 1348 4259 prapria
1365 4200 1724 4247 revertuntur.
1742 4193 1759 4247 l
1767 4202 1949 4248 nterea
1967 4194 2103 4248 Boso

2186 535 2347 591 castri
2379 532 2447 565 ‘“
2474 531 2643 586 sancti
2668 527 2908 599 Quintini
2940 526 3206 591 moritur;
3236 534 3291 581 et
3314 524 3528 580 delatus
3554 524 3627 577 ad
3652 539 3769 578 san-

2185 635 2330 682 ctum
2369 610 2670 693 Remigium
2713 616 2987 688 sepelitur.
3037 615 3300 671 Rodulfus
3347 631 3441 668 rex
3480 614 3635 683 gravi
3683 629 3769 682 per

2187 724 2354 770 totum
2377 710 2689 766 autumnum
2715 708 2942 762 decubat
2960 706 3298 777 aegritudine.
3326 702 3657 759 Nortmanni
3684 704 3768 772 qui

2184 817 2378 876 pagum
2424 799 2815 867 Biturigensem
2862 796 2931 830 ⁸⁸⁷
2979 795 3454 864 deprxedabantur,
3497 808 3525 845 a
3578 788 3762 844 Bituri.

2190 892 2449 964 gensibus
2472 898 2527 944 et
2551 886 2954 943 Turonensibus
2978 885 3121 940 bello
3146 884 3385 955 aggressi
3413 883 3767 951 perimuntur.

2187 982 2437 1054 Synodus
2487 988 2692 1050 septem
2741 978 3116 1047 episcoporum
3171 974 3311 1044 apud
3364 982 3614 1028 sanctam
3667 970 3769 1023 Ma-

2186 1089 2335 1131 cram
2364 1071 2513 1146 (72),
2543 1072 2739 1124 domno
2779 1067 3001 1122 Artoldo
3046 1065 3455 1135 archiepiscopo
3497 1063 3571 1095 ⁵⁸⁸
3599 1062 3766 1131 praesi-

2185 1164 2363 1226 dente,
2411 1159 2752 1223 celebratur,
2784 1158 2838 1210 in
2872 1171 2978 1227 qua
3023 1155 3305 1226 pranlones
3333 1163 3391 1208 et
3431 1152 3747 1206 meclesiasti

2186 1266 2373 1307 carum
2399 1264 2580 1305 rerum
2624 1260 2947 1318 pervaseres
2975 1246 3043 1301 ad
3068 1245 3467 1301 correctionem
3496 1242 3569 1275 δ”
3597 1241 3768 1297 venire

2189 1348 2474 1397 vocantur.
2509 1339 2666 1393 Anno

2762 1423 3201 1481 DCCCCXXXVI

2192 1518 2510 1589 lngramnus
2542 1516 2637 1553 η⁸⁸⁰
2684 1514 3057 1570 Laudunensis
3110 1513 3371 1569 (ecclesia:
3399 1512 3469 1544 ⁸³¹
3498 1512 3765 1582 episcopus

2188 1614 2348 1668 obiit.
2379 1611 2491 1666 Sub
2520 1610 2686 1665 isdem
2715 1608 2783 1642 m
2810 1607 2922 1663 fere
2950 1608 3138 1661 diebus
3173 1622 3264 1662 rex
3302 1604 3569 1660 Rodulfus
3596 1604 3748 1658 defun

2189 1705 2357 1774 gitur,
2387 1699 2750 1770 sepelitnrque
2772 1697 2999 1753 Senonis
3024 1698 3162 1766 apud
3190 1697 3263 1729 m
3289 1705 3538 1751 sanctam
3566 1694 3759 1748 Colum

2124 1807 2164 1864 Β
2192 1791 2339 1853 bam,
2372 1791 2526 1859 cujus
2557 1790 2796 1844 arcelesia
2829 1788 3060 1842 factione
3088 1787 3426 1857 quorundam
3468 1785 3631 1855 paulo
3658 1794 3762 1837 ant:

2197 1885 2372 1937 fuerat
2416 1882 2654 1935 incensa.
2699 1880 2972 1934 Brittones
3000 1893 3029 1931 a
3065 1877 3441 1931 transmarinis
3475 1875 3761 1946 regionibm

2194 1973 2398 2027 Alstani
2430 1971 2571 2041 regis
2610 1970 2858 2038 praesidio
2900 1975 3229 2023 revertentes
3259 1966 3353 2029 ⁸³⁸,
3395 1975 3599 2020 terram
3629 1980 3761 2019 suatr

2198 2072 2465 2132 repetunt.
2520 2060 2672 2131 llugo
2702 2074 2884 2114 comes
2913 2068 3061 2113 trans
3087 2073 3235 2111 mare
3277 2057 3441 2110 mittit
3473 2071 3573 2125 pro
3604 2069 3749 2109 accer

2193 2154 2382 2208 siendo
2410 2152 2475 2205 ad
2512 2153 2719 2220 apicem
2760 2151 2909 2221 regni
2953 2147 3350 2219 suscipiendum
3381 2148 3672 2202 Ludowico
3708 2145 3749 2176 "

2168 2245 2378 2300 .liaroli
2411 2245 2516 2299 filio
2542 2285 2557 2309 ,
2592 2258 2750 2312 quem
2780 2257 2872 2297 res
2922 2241 3199 2304 Alstanus,
3236 2239 3540 2293 avunculus
3584 2238 3740 2307 ipsius

2195 2345 2417 2404 accrpto
2460 2334 2610 2403 prius
2641 2332 2993 2403 jurejurando
3019 2345 3048 2383 a
3093 2330 3427 2384 Francorum
3472 2328 3696 2396 legalis,
3722 2326 3755 2379 it

2197 2426 2479 2480 Franciam
2507 2439 2628 2479 cum
2660 2423 2980 2492 quibusdam
3012 2420 3281 2490 episcopis
3307 2428 3360 2472 ct
3390 2418 3513 2472 aliis
3543 2416 3756 2471 fidelitas

2168 2552 2171 2557 ν
2196 2514 2312 2569 suis
2338 2514 2543 2583 dirigit.
2576 2512 2673 2567 Cui
2702 2510 2853 2581 [lngo
2890 2519 2945 2564 et
2966 2511 3132 2563 ceteri
3160 2509 3493 2562 Francorum
3538 2522 3755 2576 proccrc:

2171 2606 2408 2661 obviam
2431 2603 2679 2675 profecti,
2713 2619 2836 2657 mox
2863 2602 3039 2656 navim
3066 2616 3287 2670 egresso
3308 2599 3382 2631 ⁵³⁸
3406 2601 3457 2653 in
3487 2599 3617 2669 ipsis
3643 2599 3750 2651 litto

2200 2697 2309 2753 reis
2356 2696 2573 2749 harenis
2618 2694 2758 2764 apud
2799 2693 3094 2747 Bononiam
3136 2707 3254 2746 sese
3298 2691 3678 2751 committunt,
3716 2703 3756 2742 ιι·

2170 2800 2319 2845 .erat
2357 2790 2629 2858 utrimque
2660 2789 2963 2856 depactutn.
3010 2785 3242 2854 Indeque
3284 2784 3353 2837 ab
3397 2784 3530 2853 ipsis
3578 2781 3744 2836 Lauda

2202 2895 2328 2934 num
2355 2879 2638 2941 deductus,
2668 2892 2732 2930 ac
2757 2872 2920 2947 regali
2948 2874 3319 2929 benedictione
3345 2873 3573 2933 ditatus,
3598 2870 3745 2940 ungui

2176 3010 2177 3013 η
2206 2981 2292 3025 tur
2322 2971 2390 3006 "7
2430 2980 2592 3039 atque
2627 2976 2923 3023 coronatur
2959 2982 2989 3020 a
3020 2968 3219 3020 domno
3254 2964 3481 3018 Artoldo
3524 2964 3756 3030 archiepi-

2203 3077 2388 3132 scopo,
2420 3061 2772 3131 prazscutibus
2800 3059 2948 3129 regni
2984 3056 3339 3128 principibus,
3372 3069 3498 3109 cum
3525 3053 3755 3123 episcopi:

2127 3162 2168 3221 (ζ
2202 3152 2393 3222 viginti
2440 3160 2495 3204 et
2533 3149 2782 3220 amplius.
2825 3148 3177 3217 Episcopatus
3222 3142 3603 3198 Laudunensis
3632 3143 3757 3194 datm

2203 3245 2456 3307 liodulfo,
2487 3242 2727 3313 ejusdem
2763 3241 2863 3295 loci
2905 3238 3223 3307 presbitero,
3260 3250 3291 3289 a
3326 3234 3538 3288 civibus
3565 3246 3747 3286 concor

2201 3335 2340 3389 diter
2362 3334 2559 3396 electo,
2583 3331 2783 3402 quique
2808 3347 2840 3385 ει
2869 3330 3068 3384 domno
3092 3325 3319 3380 Artoldo
3341 3331 3686 3380 consecratur
3708 3319 3757 3351 "'

2201 3427 2488 3497 episcopus
2516 3426 2560 3478 ⁶.

2276 3517 2317 3590 ['
2351 3516 2412 3570 ll.
2449 3512 2618 3590 8.1V,
2654 3512 2744 3567 26.
2791 3512 2979 3590 Sedet
3012 3526 3106 3590 per
3131 3506 3585 3590 aliasliemeusis
3612 3504 3754 3590 diose

2275 3577 2398 3641 seos
2434 3586 2608 3646 sedes,
2647 3593 2869 3650 excepta
2908 3577 3285 3650 Catalaunensi
3314 3587 3372 3632 et
3399 3577 3757 3631 Atnbianensi.

2277 3658 2519 3711 diversos
2548 3647 2815 3709 ordinavit
2847 3647 3177 3720 episcopos.]

2278 3744 2388 3798 Rex
2434 3754 2486 3798 et
2516 3741 2666 3813 liugo
2713 3740 2764 3794 in
2797 3739 3159 3808 Bnrgundiam
3212 3742 3477 3807 pergunt,
3508 3743 3560 3787 et
3602 3732 3755 3785 urbem

2204 3836 2503 3907 Lingonum
2544 3834 2639 3899 ⁸³η,
2676 3848 2837 3904 quam
2880 3830 3029 3899 [lngo
3070 3827 3140 3860 m
3188 3827 3357 3881 frater
3402 3826 3547 3896 regis
3579 3814 3759 3876 Rodullt

2205 3936 2445 3998 ceperat,
2473 3926 2750 3987 obsident;
2782 3922 3214 3992 fugientibusque
3238 3920 3321 3973 bis
3346 3918 3439 3989 qui
3466 3932 3584 3971 eam
3609 3919 3759 3966 custo-

2214 4018 2332 4072 dire
2369 4014 2712 4075 videbantur,
2758 4012 2875 4066 sine
2911 4010 3050 4065 bello
3095 4009 3379 4077 recipiunt.
3432 4003 3759 4072 Acceptisqut

2212 4106 2489 4163 obsidibus
2528 4106 2594 4160 ab
2639 4104 2908 4174 episc0pis
2945 4100 3265 4171 Burgundia:
3309 4099 3394 4152 vel
3438 4092 3760 4166 primatibus.

2212 4195 2453 4251 Parisios
2482 4194 2717 4248 veniunt.
2748 4190 2997 4246 lleinrico
3024 4206 3147 4261 rege
3176 4188 3274 4242 sub
3303 4187 3472 4241 isdem
3504 4184 3572 4215 W
3601 4179 3760 4237 diebus

1810 4346 2038 4402 VARl:E
2081 4345 2476 4402 LECTIONES.

607 4471 675 4504 m
716 4472 988 4527 beribcrto
1008 4475 1058 4529 2.
1084 4477 1135 4530 3.
1209 4477 1278 4510 ⁶¹⁶
1310 4479 1430 4532 ina.
1457 4481 1512 4533 2.
1556 4478 1623 4512 “7
1666 4481 1716 4533 iu
1746 4480 1799 4534 2.

534 4557 651 4597 sem
677 4542 732 4596 Ω.
808 4542 875 4575 ³⁵⁸⁸
907 4560 936 4597 c
959 4546 1010 4598 5.
1087 4548 1159 4580 ⁸³³
1183 4550 1395 4603 veniunt
1419 4550 1473 4604 2.
1504 4552 1557 4604 5.

533 4613 594 4668 2.
669 4613 735 4645 “7
786 4612 1163 4671 bituricensem
1194 4619 1248 4673 5.
1321 4618 1393 4652 ⁸⁸⁸
1434 4623 1570 4673 dces!
1608 4623 1656 4672 i.

535 4683 656 4735 tletu
702 4682 754 4735 2.
801 4683 985 4740 iisdem
1031 4689 1080 4742 '5.

536 4751 727 4875 ιζιιᾶἰα)
752 4754 805 4876 δέ
882 4752 950 4789 ⁵³⁸
974 4759 1214 4829 ingresso
1236 4759 1288 4813 5.
1364 4757 1432 4792 ⁸³⁷
1459 4761 1674 4830 ungitur
1698 4761 1751 4814 2.
1777 4761 1828 4813 5.
1904 4761 1975 4792 ⁸³⁸
2001 4778 2031 4814 e
2052 4778 2100 4815 c.

536 4835 573 4875 tt
643 4838 727 4875 em
811 4859 826 4875 .

536 4835 573 4875 Il
608 4835 727 4875 ιιθιιι
772 4835 826 4875 ὗ.

1877 4481 1946 4513 δίε
1975 4483 2206 4546 gosl't‘czli
2244 4497 2381 4534 corr.
2411 4477 2630 4548 gosl‘ridi
2682 4477 2734 4531 Ι.

1636 4549 1704 4582 ¹⁸¹³
1727 4546 1943 4604 laudum
1976 4552 2028 4604 2.
2101 4552 2172 4583 W‘
2198 4546 2506 4606 mandatum
2536 4548 2589 4598 2.
2618 4546 2870 4599 mandatu
2900 4548 2954 4599 5.

1733 4621 1802 4652 ⁸³³
1836 4622 2227 4690 corrtqttimtcm
2263 4623 2318 4674 2.
2364 4622 2418 4673 ὅ.

1187 4688 1265 4760 ’⁵³³7
1300 4691 1373 4760 ad
1393 4691 1460 4760 Δ2.
1497 4691 1549 4742 5.
1628 4690 1699 4721 ’⁵³’⁶
1737 4673 2081 4745 revertnnlur
2120 4673 2404 4760 etirpaquu
2450 4673 2715 4760 sequenti:
2734 4694 3064 4760 revertentes
3101 4685 3163 4760 1ἑ
3226 4682 3297 4760 ξ³⁸
3324 4676 3673 4760 ludauvico'ﬁ.
3699 4673 3759 4760 lg;

2177 4738 2666 4826 .ri‘a'é'n'nguémun
2687 4755 2741 4807 2.
2818 4754 2889 4789 διο
2937 4753 3087 4822 ll:th
3126 4752 3337 4811 Capito.
3387 4749 3545 4820 Hugo
3581 4745 3641 4800 ν.
3706 4738 3757 4771 ⁸⁵¹

3369 4471 3443 4504 ⁸³⁸
3484 4468 3759 4524 tarvianen'

3545 4534 3613 4570 ‘9‘
3644 4536 3759 4588 deest

2808 4475 2878 4512 ⁸¹⁹
2907 4473 3207 4529 ttmfrezlnm
3244 4474 3292 4526 l.
3369 4473 3443 4504 ⁸³⁸

2808 4555 2870 4595 iul
2900 4548 2954 4595 3.
3032 4544 3105 4575 ⁸η
3144 4543 3210 4595 R.
3256 4559 3301 4595 r.
3333 4543 3386 4595 9-.
3415 4541 3449 4594 5

3198 4582 3210 4593 .
3256 4559 3301 4596 1⁸.
3333 4559 3386 4595 7-.
3415 4559 3466 4594 0.

3161 4612 3229 4644 ιιι
3270 4610 3409 4664 deest
3439 4612 3489 4663 l.
3563 4607 3632 4640 δι’
3667 4603 3756 4658 liis-

2494 4616 2563 4647 “°
2602 4617 2898 4684 ingrannus
2925 4616 2980 4668 2.
3030 4614 3081 4667 3.

2040 4915 2271 4971 ΝΟΤᾸΞ.

538 5043 634 5100 rite
655 5041 1003 5097 Virdrneusis
1028 5043 1279 5096 smeulnm
1334 5044 1640 5107 deseruere,
1674 5051 1725 5094 et
1753 5058 1876 5111 quia
1909 5042 1963 5096 in
2011 5058 2102 5096 ea-

540 5113 662 5170 dem
695 5114 911 5167 civitate
937 5113 1290 5182 congregatio
1311 5112 1692 5166 monachorum
1723 5113 1861 5182 nulla
1883 5121 2002 5182 erat
2034 5142 2101 5151 ——

540 5183 598 5238 in
628 5183 852 5236 ecclesia
882 5181 1025 5236 enim
1055 5180 1223 5234 sancti
1272 5181 1410 5235 Petri
1438 5191 1490 5234 et
1517 5181 1686 5234 sancti
1719 5181 1893 5231 V'itoni
1921 5180 2098 5231 clerici

545 5250 1221 5326 deservicbant:-—_'l'ullntn
1240 5253 1436 5326 petiere
1449 5262 1501 5301 ct
1517 5251 1567 5301 in
1586 5251 1912 5326 monasterio
1934 5251 2099 5302 sancti

2204 5048 2410 5102 ordinis
2444 5050 2496 5103 in
2524 5052 2709 5103 eodem
2759 5049 3007 5105 emnobio
3030 5058 3082 5102 et
3114 5048 3164 5101 in
3195 5047 3520 5117 quibusdam
3548 5043 3662 5101 aliis
3684 5054 3755 5113 per

2204 5134 2427 5185 regnum
2454 5120 2801 5174 Lothariensc
2834 5130 3147 5187 reparatur.
3178 5137 3198 5169 ι

2277 5188 2388 5255 (7t)
2429 5189 2581 5256 Httgo
2614 5190 2758 5242 Vird.
2795 5186 2965 5258 pergit
2996 5207 3008 5241 :
3054 5209 3072 5239 ‹
3107 5186 3317 5258 llerveo
3348 5187 3607 5258 episcopo
3632 5186 3758 5258 decc.

2205 5254 2400 5326 dente,
2459 5254 2916 5312 Romnndus'sub
2969 5256 3191 5310 llodulfo
3243 5271 3367 5323 rege
3417 5254 3758 5326 substituitur,
