3872 5326
502 328 600 385 REI

1600 319 1989 376 FLODOARDI
2028 317 2345 376 CANONICI
2386 319 2728 375 REMEN‘SIS

3655 328 3750 384 ιεε

573 445 840 498 Brittones
863 443 928 496 ad
956 458 1048 498 sua
1079 443 1194 498 loca
1223 451 1343 512 post
1371 440 1630 496 diutinam
1660 439 1890 509 regressi
1917 454 2072 510 pere-
2105 451 2150 507 Α
2178 437 2494 492 Ρηειηίεδυε
2517 453 2648 491 vero
2670 435 2822 505 llngo
2848 435 2915 492 ad
2947 451 3124 508 regem
3171 439 3320 494 venit
3355 439 3452 504 ⁸⁸⁸,
3485 449 3540 495 et
3567 443 3748 496 amici-

502 535 877 606 grinationem,
917 549 1040 588 cum
1075 532 1450 597 Nortmannis,
1490 531 1580 602 qui
1611 541 1808 586 terram
1841 532 2079 602 ipsorum

499 628 805 696 contiguam
845 626 946 679 sibi
986 634 1372 695 pcrvaserant,
1419 623 1789 694 frequentibus
1827 625 2082 696 dimicant

499 717 725 786 proeliis,
767 717 1075 785 superiores
1102 717 1344 786 pluribus
1369 717 1693 780 existentes,
1731 725 1785 770 et
1814 715 1924 768 loca
1958 731 2080 784 per-

497 821 627 858 vasa
678 806 1012 874 recipientes.
1064 805 1364 872 ROillllftlS,
1403 805 1647 860 .Iurensis
1691 821 1756 859 ac
1800 805 2082 873 Cisalpina:

500 895 687 950 Galliae
725 912 841 961 rex,
870 897 1035 962 obiit;
1071 898 1155 950 cui
1192 896 1335 951 tilias
1365 912 1562 966 parvus
1589 897 1907 951 Chonradus
1933 895 2002 928 ⁵⁸⁸
2029 897 2081 950 in

500 999 666 1053 regno
697 984 960 1038 succedit.
991 986 1142 1038 Abbo
1172 983 1492 1040 Suessorum
1521 985 1714 1054 prtesul
1743 983 2078 1056 defungitur;

499 1083 554 1129 et
601 1073 761 1129 Wido
811 1073 953 1130 lilius
999 1075 1252 1131 Fulconis
1298 1075 1370 1107 ’⁸⁸³
1418 1076 1860 1146 Andcgavensis,
1911 1077 2081 1130 sancti

500 1163 716 1218 Martini
755 1163 1085 1220 Turonensis
1115 1167 1436 1232 canonicus,
1467 1164 1582 1234 ejus
1609 1167 1922 1236 episcopatu
1948 1166 2086 1235 poti-

502 1263 611 1308 tur.
638 1255 799 1310 Anno

1051 1344 1531 1401 DCCCCXXXVIII

503 1470 600 1509 rex
639 1453 963 1511 Ludowicus
993 1457 1261 1526 quoddam
1321 1466 1560 1512 castrum
1613 1458 1830 1514 nomine
1888 1459 2084 1514 Monti-

500 1547 715 1602 niacum
743 1549 1034 1619 (75),quod
1058 1549 1276 1618 quidam
1303 1548 1490 1604 Serius
1516 1550 1798 1606 latrocinia
1825 1567 2086 1607 exercens

500 1637 718 1691 teni-bat
739 1677 753 1702 ,
795 1639 844 1691 vi
873 1639 1044 1708 cepit;
1080 1639 1253 1708 ipsum
1281 1653 1412 1692 vero
1436 1639 1504 1670 ⁸⁷⁸
1535 1639 1744 1694 Serlum
1775 1655 1872 1709 per
1897 1643 2086 1710 depre-

500 1727 978 1782 cationrmdomni
1027 1727 1234 1782 Artoldi
1265 1728 1660 1798 archiepiscopi
1708 1729 1815 1782 vita
1839 1731 2081 1797 donavit,

2161 529 2310 592 tiam
2325 529 2373 582 ei
2391 535 2726 582 sacramento
2743 527 3028 594 promittit.
3052 527 3356 584 Gislebertu
3369 549 3386 582 ς
3401 547 3528 585 cum
3564 531 3746 587 Lntita-

2181 619 2444 674 riensibus
2465 619 2667 690 linguai
2683 631 2734 672 et
2751 619 3030 674 lleribcrto
3046 622 3184 674 venit
3208 623 3258 674 in
3285 622 3613 691 adjtttorium
3635 640 3752 678 con-

2182 717 2262 762 tra
2291 726 2467 781 regem
2491 697 2855 774 Lndowicntn,
2877 721 3221 781 castrumque
3234 712 3633 780 Petra‘pontem
3648 717 3748 785 (80)

2181 801 2231 853 vi
2257 802 2502 869 capiunt.
2523 800 2778 855 Arnull‘us
2795 816 2979 856 comes
2997 811 3050 855 et
3073 801 3389 856 llerilcrtus
3414 803 3558 856 inter
3583 820 3748 874 regem

2179 889 2604 953 Lndowiennfet
2627 892 2900 960 linguaem
2919 892 3227 948 dilationem
3257 895 3557 964 accipiunt,
3577 913 3748 964 pacem

2179 987 2528 1037 'sacramento
2583 983 2916 1051 paciscenlcs
2967 998 3136 1052 ttsqne
3183 986 3250 1036 ad
3307 985 3470 1038 tinem
3515 983 3748 1040 Januarii

2183 1073 2385 1127 mensis
2405 1073 2497 1125 ⁸⁸⁷.
2528 1073 2638 1128 Nec
2663 1089 2810 1127 mora
2857 1071 3180 1128 Ludowicus
3205 1073 3276 1142 ⁸9⁸
3311 1090 3405 1128 rex
3436 1077 3662 1130 consilio
3687 1076 3750 1109 “⁹

2183 1161 2374 1216 Odoini
2418 1161 2488 1193 ‘9”
2538 1173 2592 1216 et
2641 1163 2900 1227 Gerardi,
2951 1164 3042 1234 qui
3090 1165 3410 1219 dimiserant
3473 1166 3748 1222 ltodult‘nm

2183 1254 2492 1322 episcopum
2511 1255 2916 1308 Lavtdtmensem
2945 1263 3002 1309 et
3021 1257 3350 1311 transierant
3365 1259 3434 1311 ad
3456 1257 3750 1327 llugouem,

2185 1357 2271 1396 res
2313 1343 2393 1398 vel
2444 1345 2730 1398 thesauros
2775 1343 3021 1398 Lauduui
3073 1357 3318 1415 repertos
3363 1348 3552 1418 diripit
3599 1359 3750 1418 atque

2182 1431 2351 1500 dispet
2369 1433 2450 1488 tit.
2481 1434 2636 1487 Anno

2738 1522 3047 1579 DCCCCXX
3061 1524 3175 1579 XIX

2185 1616 2503 1673 Lndowiens
2542 1617 2611 1654 ⁸⁸⁸
2641 1631 2732 1671 rex
2761 1618 2966 1688 llugoni
3009 1619 3118 1672 lilio
3165 1619 3440 1692 ltiehardi,
3466 1622 3751 1690 proﬁcisci-

2187 1716 2274 1760 tttr
2303 1709 2550 1772 obviam;
2575 1723 2698 1761 cum
2727 1725 2836 1776 quo
2867 1709 2932 1762 de
2961 1707 3267 1780 Burgundia
3315 1721 3619 1778 revertens,
3643 1729 3750 1782 pcr-

506 1827 561 1872 ρι
605 1818 857 1888 oppidum
886 1819 1101 1874 evenit.
1135 1793 1480 1874 "amorum,
1529 1793 1625 1890 pel:
1649 1793 2081 1890 deprecatione",
2119 1793 2160 1850 Β
2188 1798 2464 1890 ἕξιςοιιιιηι
2489 1798 2764 1868 llugonem
2795 1798 2959 1852 tilium
2981 1799 3243 1862 Retterti,
3266 1812 3320 1854 et
3343 1801 3751 1858 Willelmum‘”

505 1907 749 1980 Hugonis
777 1911 843 1964 ad
885 1923 1070 1980 pacem
1129 1911 1353 1978 recepit.
1399 1909 1720 1964 Tusciactun'
1763 1911 1875 1982 (76)
1923 1929 2087 1981 super

501 1999 730 2066 Mosam,
759 2016 880 2055 cum
911 2001 1049 2055 villis
1075 2001 1196 2055 aliis
1218 2001 1284 2054 ad
1318 2001 1488 2070 ipsam
1515 2002 1926 2069 pertinentibus,
1953 2020 2088 2074 quas

507 2101 662 2160 pater
687 2091 855 2160 ipsius
877 2091 1050 2159 ,‘matri
1077 2091 1195 2161 ejus
1224 2091 1368 2146 dotis
1407 2091 1528 2162 jure
1572 2094 1814 2157 dederat,
1847 2109 2088 2164 quasque

511 2179 800 2250 Rotgarius
828 2180 896 2218 ‘7'
926 2195 1109 2236 comes
1143 2183 1382 2249 tenebat,
1429 2183 1542 2252 ipso
1576 2184 1832 2238 reddente
1861 2187 2085 2256 recepit,

506 2271 635 2326 dttm
665 2287 757 2327 eas
801 2272 982 2327 hostili
1031 2289 1191 2328 manu
1229 2276 1461 2344 repetiit.
1495 2275 1621 2330 Inde
1649 2287 1924 2332 revertens
1951 2277 2086 2333 Cor-

501 2363 766 2417 benaeum
819 2363 929 2436 (77)
983 2363 1288 2432 castellum,
1341 2368 1482 2434 quod
1535 2374 1690 2434 pater
1739 2367 1856 2436 ejus
1899 2379 2088 2438 sancto

515 2453 764 2526 Remigio
796 2455 1092 2512 tradiderat
1121 2459 1370 2526 quodque
1399 2469 1711 2528 pervaserat
1753 2460 2086 2529 llerihcrtus,

507 2559 601 2600 rex
633 2545 735 2600 sibi
759 2545 828 2577 ‘7'
851 2562 879 2600 a
910 2548 1194 2603 monachis
1218 2551 1567 2604 commissura
1591 2551 1662 2584 ’⁸⁷⁸
1685 2567 1778 2622 per
1807 2553 1911 2607 vim
1935 2570 2088 2608 rece-

507 2635 607 2706 pit,
639 2643 687 2691 et
721 2636 968 2692 homines
997 2636 1289 2704 lleriberti,
1325 2640 1595 2710 quierant
1642 2644 1694 2696 in
1725 2657 1812 2707 eo,
1843 2659 2090 2712 compre-

505 2725 726 2789 hensos,
751 2733 974 2794 rogante
997 2726 1196 2782 domno
1218 2728 1442 2783 Artoldo
1489 2731 1915 2801 archiepiscopo,
1939 2733 2091 2788 abire

514 2815 780 2882 permisit.
813 2815 966 2887 llngo
1013 2817 1288 2888 princeps,
1343 2819 1484 2874 lilius
1533 2820 1798 2885 Rutberti,
1845 2837 2087 2877 sororem

509 2901 738 2959 Othonis
777 2905 920 2973 regis
951 2903 1432 2973 Transrheneusis,
1488 2909 1650 2962 tiliam
1699 2910 1940 2967 lleinrici
1997 2911 2126 2978 ⁸⁷⁸,-

510 2996 658 3050 ducit
680 3010 926 3052 uxorem.
958 2996 1279 3057 Ludowicus
1311 3015 1400 3054 rex
1438 3002 1706 3056 maritima
1738 3002 1852 3056 loca
1879 3013 2087 3073 petens,

515 3095 753 3142 castrum
768 3089 1034 3158 quoddam
1052 3102 1370 3160 portumque
1388 3091 1458 3127 ⁸⁷⁵
1473 3109 1631 3164 supra
1653 3109 1822 3160 mare,
1844 3111 2004 3166 quem
2019 3095 2089 3129 "‘

516 3180 708 3236 dicunt
755 3183 982 3238 Guisutn
1011 3184 1146 3256 (78),
1180 3196 1487 3241 restaurare
1519 3188 1666 3241 uisus
1695 3196 1796 3242 est.
1845 3190 2087 3258 Dumque

517 3287 640 3326 cum
668 3271 898 3328 Arnulfu
932 3286 1192 3340 moratur,
1236 3277 1486 3332 homines
1519 3279 1784 3332 lieriberti
1817 3282 2086 3347 quoddam

511 3373 754 3416 castrum
813 3363 1101 3420 Remensis
1156 3367 1448 3434 tecclesite,
1495 3369 1640 3438 quod
1699 3379 1895 3424 vocant
1945 3369 2088 3424 Catt-

509 3455 867 3525 sostent(‘i9),
903 3472 1064 3526 super
1117 3457 1412 3514 Maternam
1454 3459 1696 3524 ﬂuvimn,
1755 3462 1822 3514 ab
1867 3461 2091 3516 Artoldo

513 3545 746 3616 praesule
772 3559 1165 3616 constructum,
1190 3552 1454 3620 prodente
1485 3551 1731 3621 Wiperto
1751 3553 1823 3584 ‘7'
1855 3553 2088 3622 quodam

511 3638 755 3720 capiunt,
780 3647 836 3692 et
857 3639 1220 3712 Raegibertutn
1245 3642 1318 3674 ⁸⁷⁸
1344 3644 1376 3679 ⁸
1393 3684 1408 3710 ,
1437 3644 1527 3712 qui
1552 3644 1726 3700 cidem
1761 3655 1942 3698 castro
1963 3659 2094 3712 pra:-

511 3737 645 3794 erat,
680 3745 864 3786 secum
916 3731 1193 3787 abducunt
1229 3732 1335 3800 ‘7',
1373 3734 1634 3804 villasque
1680 3735 2093 3806 circumpositas

510 3821 715 3876 crebris
741 3812 1122 3892 d'eprtedantur
1154 3825 1606 3882 infestationibus.

519 3945 528 3951 .
585 3909 650 3982 [⁴¹ι
679 3911 848 3988 Η.-
885 3929 960 3974 tv.
993 3915 1096 3988 _26.
1150 3915 1551 3988 Ragenbertum
1591 3915 1798 3971 Artoltli
1847 3915 2092 3986 praesulis

583 3983 1014 4057 eonsobrinum.]
1102 4023 1104 4026 μ

584 4070 796 4126 Interea
829 4088 926 4128 rex
973 4073 1295 4131 Ludowicus
1343 4075 1412 4109 ⁸⁸⁸
1456 4087 1713 4133 evocatus
1754 4078 1822 4132 ab
1870 4078 2095 4132 Artollo

513 4159 924 4232 archiepiscopo
936 4163 1004 4195 ⁸⁸³
1022 4167 1343 4232 regreditur,
1359 4167 1738 4235 ingressusque
1755 4166 2093 4233 Laudttttttttt,

517 4267 702 4306 arcem
731 4269 924 4307 novatn
955 4270 1124 4323 nuper
1170 4255 1242 4288 ⁸⁵³
1271 4257 1398 4310 inibi
1429 4257 1497 4310 ah
1523 4256 1808 4312 Heriberto
1835 4257 1906 4288 δυ
1927 4259 2094 4312 (editi-

517 4351 697 4400 catam
726 4343 969 4410 obsidet;
996 4345 1287 4416 multisque
1310 4347 1572 4401 machinis
1594 4346 1821 4402 suﬂ'osso
1849 4349 1920 4380 ⁸⁸⁵
1939 4365 2095 4404 ever-

519 4445 692 4501 soque
723 4449 898 4499 antro,
922 4451 1044 4490 cum
1083 4451 1276 4506 magno
1308 4436 1520 4492 tandem
1548 4439 1694 4507 capit
1734 4438 1934 4494 labore.
1969 4439 2096 4495 Inde

2186 1887 2638 1942 Nortmannornm
2668 1890 2988 1959 principem.
3013 1891 3112 1955 Qui
3135 1893 3388 1960 quoniam
3415 1896 3574 1947 villas
3595 1911 3753 1963 nuper

2186 1979 2392 2033 Arnulli
2447 1981 2661 2034 comitis
2713 1981 2974 2049 quasdam
3029 1983 3224 2050 praedis
3276 1983 3652 2054 incendiisque
3691 1987 3750 2018 “‘

2187 2080 2516 2137 vastaverat,
2550 2075 3052 2127 excotmuunieatur
3078 2074 3146 2128 ab
3191 2059 3580 2147 episcopis'qni
3611 2090 3750 2134 erant

2187 2175 2310 2216 eum
2342 2177 2486 2231 rege,
2519 2161 2679 2215 simul
2703 2179 2825 2218 cum
2852 2163 3138 2218 lleriberto
3163 2166 3256 2231 ⁸⁸³,
3279 2169 3370 2236 qui
3398 2171 3597 2238 Oppida
3619 2187 3750 2240 qua:-

2187 2256 2308 2309 dam
2332 2256 2591 2326 villasque
2619 2257 2788 2313 sancti
2847 2257 3072 2330 Remigii
3123 2250 3380 2330 pervasas
3409 2264 3748 2332 pertinaciter

2188 2347 2476 2400 detinebat.
2520 2350 2667 2418 litigo
2703 2350 2842 2402 datis
2891 2349 3169 2404 obsidibus
3221 2366 3408 2420 pacem
3461 2353 3740 2421 paciscitur

2190 2455 2359 2508 usque
2387 2438 2652 2494 Kalendas
2673 2439 2838 2495 Junii.
2867 2440 3248 2496 Lotharienses
3273 2441 3546 2498 Othonem
3581 2461 3745 2512 regem

2187 2549 2344 2588 suum
2372 2531 2442 2564 ⁸³³
2469 2533 2745 2596 deserunt,
2768 2543 2821 2586 et
2845 2535 2912 2587 ad
2937 2533 3282 2589 Ludowicum
3313 2550 3496 2605 regem
3520 2538 3744 2600 veniunt,

2188 2623 2278 2692 qui
2309 2639 2404 2678 eos
2435 2623 2678 2694 recipere
2735 2623 2939 2679 dismlit
2975 2627 3045 2680 ob
3097 2625 3420 2691 amicitiam,
3453 2641 3576 2694 qnte
3627 2628 3749 2680 inter

2187 2731 2302 2780 eos,
2332 2716 2519 2787 legatis
2548 2716 2716 2786 ipsius
2760 2717 2989 2772 Othonis
3017 2723 3070 2771 et
3117 2715 3342 2770 Arnult‘o
3390 2719 3594 2772 cmnite
3647 2733 3747 2772 me-

2188 2805 2392 2870 diante,
2419 2807 2644 2876 dcpaela
2674 2818 2812 2862 erat.
2848 2807 3138 2862 Castellum
3177 2809 3380 2862 Erluini
3435 2808 3508 2841 δ”
3560 2811 3747 2863 mariti-

2190 2897 2517 2966 mnm,quod
2545 2907 2766 2951 vocatur
2797 2895 3456 2962 Monasteriolum,comes
3486 2899 3743 2960 Arnull’us.

2192 2989 2434 3041 tradente
2463 2989 2696 3056 quodam
2727 2989 3028 3057 proditore,
3063 2991 3222 3058 cepit,
3258 2999 3312 3044 et
3338 3006 3567 3046 uxorem
3598 2992 3748 3061 ipsius

2193 3077 2398 3132 Erluini
2427 3077 2494 3111 "7
2527 3087 2673 3132 trans
2719 3093 2870 3132 mare
2909 3093 3031 3134 eum
3085 3080 3210 3134 tiliis
3255 3081 3322 3133 ad
3353 3080 3641 3134 Alstauuut
3689 3080 3748 3112 ⁸³³

2196 3185 2372 3237 regem
2412 3169 2596 3223 mittit.
2628 3168 2735 3223 Nec
2767 3169 2983 3239 longum
3031 3172 3255 3224 collecta
3287 3171 3746 3226 ‘Norttnanaornnt

2194 3275 2308 3320 non.
2355 3261 2564 3315 modica
2619 3273 2812 3324 manu,
2875 3260 3123 3314 Erlttinus
3182 3270 3420 3315 castraut
3483 3262 3750 3330 pugnando

2195 3353 2426 3419 recepit;
2454 3360 2508 3406 et
2531 3367 2598 3406 ex
2623 3351 2880 3406 militibus
2913 3351 3136 3414 Amulli,
3170 3368 3305 3422 quos
3343 3353 3492 3409 intus
3543 3356 3746 3420 invenit,

2195 3443 2480 3498 nonnullos
2506 3444 2800 3508 interemit,
2827 3445 3088 3514 quosdam
3137 3460 3264 3499 vero
3292 3455 3515 3516 propter
3541 3461 3746 3501 uxorein

2197 3537 2559 3605 recipiendam
2583 3539 2898 3590 reservavit.
2915 3535 3293 3592 Lotharienses
3321 3539 3516 3594 iterum
3547 3543 3749 3595 veniunt

2195 3627 2260 3679 ad
2315 3641 2494 3696 regem
2543 3625 2921 3692 Ludowicum;
2976 3637 3030 3680 et
3074 3643 3328 3696 proceres
3377 3630 3546 3699 ipsius
3588 3630 3748 3700 regni,

2195 3713 2530 3769 Gislebcrtns
2552 3715 2760 3770 scilicet
2787 3717 2915 3778 dux,
2949 3727 3002 3770 et
3023 3716 3186 3782 Otho,
3234 3718 3380 3772 Isaac
3405 3729 3569 3787 atque
3593 3719 3749 3772 Theo—

2195 3805 2414 3860 dericus
2436 3805 2504 3838 “9
2534 3805 2782 3873 comites,
2825 3807 2998 3860 eidem
3047 3807 3118 3841 ⁸⁰⁰
3145 3821 3204 3860 se
3244 3809 3356 3876 regi
3387 3810 3746 3873 eonuuittunt;

2195 3894 2432 3962 episcopi
2462 3909 2590 3948 vero
2611 3894 2970 3963 ‘°°,quoniam
3002 3912 3095 3949 rex
3112 3896 3252 3950 Otho
3280 3897 3350 3928 ⁵⁰⁰
3371 3913 3560 3952 eorum
3584 3913 3747 3952 secum

2196 3983 2472 4038 detinebat
2501 3984 2828 4052 obsidatum,
2854 3983 3146 4040 Ludowico
3183 3987 3292 4056 regi
3341 4002 3402 4041 se
3430 3989 3749 4042 committere

2197 4074 2472 4130 diﬂ'ernnt.
2513 4075 2651 4130 Otho
2705 4091 2820 4139 rex,
2877 4075 3063 4130 Rheno
3123 4077 3480 4141 transmisso,
3546 4090 3745 4146 regnum

2197 4165 2558 4220 Lothariensc
2589 4165 2908 4235 perlustrat,
2932 4175 2987 4220 et
3008 4167 3271 4221 incendiis
3290 4169 3593 4236 praedisque
3613 4165 3747 4234 plura

2199 4257 2316 4312 loca
2337 4260 2600 4312 devastat.

2269 4347 2560 4416 Anglorum
2593 4346 2784 4402 classis
2812 4349 2880 4402 ab
2923 4347 3174 4413 Alstano,
3201 4362 3326 4416 rege
3379 4363 3500 4411 suo,
3536 4349 3584 4401 in
3614 4347 3748 4400 auxi-

2200 4437 2326 4491 liutn
2358 4436 2630 4491 Ludowici
2663 4438 2805 4508 regis
2839 4439 3176 4500 transmissa,
3226 4451 3375 4490 mare
3421 4438 3489 4469 ‘°‘
3523 4439 3743 4499 transito,

518 4522 584 4576 ad
601 4523 924 4593 colloquium
949 4526 1310 4596 proﬁciscitur
1336 4527 1594 4598 llugonis,
1616 4528 1798 4583 fratris
1822 4531 2092 4598 quondam
2127 4509 2172 4566 Ῐ)
2203 4528 2316 4582 loca
2346 4543 2572 4598 quaeque
2596 4525 2924 4581 Morinorum
2958 4529 3092 4582 mari
3125 4528 3466 4598 deprmdatar
3488 4531 3746 4598 contigm;

520 4609 934 4685 Bodulﬁregis,
987 4615 1174 4672 Odoue
1204 4615 1314 4671 lilio
1359 4616 1652 4682 l-leriberti,
1687 4619 1778 4688 qui
1809 4635 1867 4674 se
1895 4619 1966 4673 illi
1997 4636 2098 4674 nu—

520 4701 758 4770 perrime
783 4703 852 4738 ⁸⁸⁸
883 4707 1248 4775 cornmiseral,
1277 4707 1345 4763 ad
1368 4706 1614 4763 Lauduni
1639 4709 1860 4765 tutelam
1887 4710 2096 4766 relicto.

2201 4620 2451 4690 nulloque
2483 4621 2700 4691 negotio
2749 4631 2970 4690 propter
3020 4623 3163 4690 quod
3227 4633 3490 4676 venerant
3531 4631 3746 4692 peracto,

2202 4723 2450 4762 remenso
2496 4706 2568 4739 ⁸⁰²
2595 4709 2754 4774 mari,
2780 4709 2996 4778 propria
3036 4719 3287 4780 repetunt
3340 4710 3478 4764 loca.
3507 4709 3642 4766 Otho
3669 4723 3748 4762 rex

1829 4818 2062 4875 νΑιιιΑς
2101 4816 2500 4874 LECTIONI‘ZS.

604 4902 676 4936 ‘”
704 4910 970 4960 conradus
997 4907 1052 4961 2.
1083 4907 1138 4961 5.
1215 4906 1284 4940 “’
1317 4907 1542 4964 foleonis
1566 4907 1621 4962 2.

529 4987 644 5046 sam
804 4974 874 5007 ⁸⁷³
907 4979 1111 5032 ltenrici
1143 4977 1198 5046 5.
1271 4979 1343 5010 ⁸⁷⁸
1372 4989 1720 5046 castrumque
1746 4979 1803 5032 2.
1823 4973 1886 5032 ’5.

527 5041 600 5072 ⁸⁷³
624 5041 896 5097 adducunt
919 5045 971 5098 ‘2.
1047 5047 1118 5079 ⁸⁸⁸
1148 5045 1210 5098 L.
1236 5063 1280 5098 r.
1303 5047 1357 5098 2.
1391 5047 1444 5098 5.
1521 5046 1590 5079 ⁸⁸¹
1619 5041 1871 5098 episcopo
1897 5047 1952 5098 Ξ.

1709 4907 1780 4940 ⁸⁷⁸
1803 4923 2020 4978 quoque
2048 4903 2186 4963 om.
2225 4923 2355 4962 uero
2387 4908 2432 4961 I.
2505 4908 2576 4940 ⁴⁷¹
2620 4909 2886 4978 rotgerius
2915 4911 2964 4964 l.
3039 4907 3110 4946 ⁶⁷¹
3140 4926 3187 4964 s.
3220 4927 3265 4966 r.
3295 4911 3348 4965 2.

1709 4995 1720 5032 ξ
1746 4979 1803 5032 2.
1831 4980 1886 5032 5.
1965 4978 2035 5010 ⁸⁷⁸
2059 4979 2202 5032 auod
2233 4979 2287 5032 2.
2316 4979 2370 5031 5.
2470 4977 2540 5010 δ”
2573 4979 2822 5032 witberto
2847 4981 2899 5032 5.
2933 4980 2966 5032 5
2992 4980 3044 5032 b.
3155 4983 3226 5012 ⁸⁷ν
3257 4999 3348 5032 raa

2100 4995 2202 5031 llOtl
2233 4995 2287 5031 Ζ.
2316 4995 2370 5031 Ο.

2027 4993 2202 5046 'quon
2233 4993 2287 5032 2.
2316 4993 2370 5031 ο.
2470 4993 2536 5010 ἰ’

2027 5047 2096 5080 ⁸η
2127 5063 2288 5098 unam
2319 5061 2490 5098 nuner
2520 5048 2569 5098 Ι.

3425 4912 3500 4946 ⁸⁷⁸
3523 4913 3750 4967 caminis-

3155 4983 3226 5052 ἐτ’
3257 4985 3598 5052 ragebertum
3624 4983 3673 5036 ‘3.
3703 4983 3747 5034 5.

3106 5049 3176 5083 ⁸⁸⁵
3220 5049 3416 5098 effugata
3443 5055 3493 5098 1-
3549 5054 3751 5098 suffosso

2470 4977 2540 5010 ⁵⁷³
2573 4977 2822 5032 Witberto
2847 4981 2899 5032 5.
2933 4980 2966 5034 5
2992 4980 3044 5034 l).

2645 5047 2716 5082 ⁸⁸³
2745 5065 2796 5098 a.
2830 5051 2882 5098 h-
2913 5050 2950 5098 i.
2977 5051 3030 5098 5.
