3872 5326
136 299 221 358 ιὸὃ

1525 287 1861 343 ANNALES.

3225 289 3331 344 ἄδι

137 412 418 483 (amnium
435 407 617 465 habuit
635 421 758 463 cum
785 405 1008 477 ﬂugone
1030 413 1083 459 et
1103 403 1415 470 lleriberto,
1432 404 1659 458 Arnulfo
1689 415 1734 471 Α
1765 399 2117 460 munitionem
2138 398 2370 465 obsidet,
2398 415 2558 470 quam
2584 401 2771 471 quinto
2795 403 3008 458 tandem
3034 404 3140 472 die,
3164 405 3339 463 Ludo-

138 520 181 564 et
207 503 453 562 Willelmo
499 499 953 572 Nortmannorum
995 498 1268 567 prim-ipe;
1323 505 1379 551 et
1422 497 1661 565 acceptis

138 603 192 655 ab
232 598 301 652 eis
352 594 491 664 pacti
546 590 923 655 sacramentis,
985 599 1134 644 trans
1184 588 1433 644 Rhenum
1474 604 1661 659 regre-

139 693 273 746 ditur.

193 781 289 833 l'tex
328 777 525 831 interea
569 773 889 828 Ludowicus
940 770 1326 826 Virduuensem
1376 771 1446 803 ⁵⁰³
1472 787 1662 842 pagum

139 870 263 938 petit,
291 866 371 920 ubi
400 865 616 933 quidam
661 864 812 932 regni
872 861 1245 915 Lotharieuéis
1295 862 1530 932 episcopi
1582 862 1663 916 sui

141 958 418 1011 efﬁciuntur.
464 954 697 1022 Indeque
746 954 799 1007 in
852 968 1047 1022 pagum
1092 953 1450 1021 proﬁciscitur
1495 952 1666 1006 Elisa-

142 1049 266 1112 tium,
314 1046 623 1114 locutusque
680 1059 799 1097 cum
856 1044 1076 1112 llugone
1107 1042 1401 1111 Cisalpine,
1450 1052 1505 1097 et
1550 1044 1667 1112 qui-

139 1136 327 1192 busdam
364 1135 426 1187 ad
454 1150 511 1188 se
538 1133 878 1187 venientibus
923 1132 1152 1201 receptis
1198 1131 1661 1195 Lntharieusibns,

142 1212 374 1278 nonnullis
397 1237 612 1291 quoque
641 1219 868 1275 Othonis
895 1219 1033 1288 regis
1068 1218 1317 1274 ﬁdelibus
1349 1230 1496 1275 trans
1522 1220 1667 1276 Rhe-

142 1332 242 1369 num
287 1313 495 1385 fugatis,
545 1312 863 1366 Laudunum
906 1310 1214 1376 revertitur,
1271 1320 1325 1366 et
1353 1311 1662 1375 Rodulfum,

142 1404 506 1458 Landunensem
529 1401 601 1433 '°‘
618 1402 953 1471 episcopum,
974 1400 1278 1470 proditione
1301 1401 1668 1455 insimulatum

143 1506 286 1551 castro
304 1494 472 1562 ejicit;
506 1494 603 1548 sed
634 1502 687 1547 et
726 1492 970 1546 homines
1009 1491 1174 1561 ipsius
1222 1491 1381 1545 rebus
1409 1491 1668 1561 episcopii

143 1589 301 1656 privat,
325 1594 374 1639 et
400 1585 622 1639 easdem
651 1598 741 1638 res
764 1583 875 1637 suis
903 1582 1211 1636 hominibus
1232 1581 1462 1635 confert.
1494 1581 1671 1636 Gisle-

141 1679 290 1733 bertus
311 1678 410 1731 dux
432 1675 894 1738 Lothariensium,
925 1684 1074 1727 trans
1101 1670 1348 1727 Rhenum
1397 1673 1671 1743 profectus

1763 495 1901 549 wico
1925 508 2050 563 rege
2080 492 2207 547 illuc
2237 493 2505 558 venit-nte,
2550 494 2601 548 hi
2629 496 2719 565 qui
2751 506 2905 550 erant
2934 496 3079 552 intus
3107 498 3337 553 redden-

1767 594 1847 639 tes
1870 585 2158 649 deserunt;
2196 599 2295 636 nec
2326 582 2565 652 longum,
2594 588 2847 639 subversa
2881 586 3137 649 funditus,
3161 589 3228 643 ab
3253 590 3339 644 his

1762 674 1852 742 qui
1881 688 2133 742 recepere
2154 673 2469 741 dissipatur.
2497 673 2640 728 Missi
2668 674 2905 743 llugouis
2934 678 3000 730 ad
3035 694 3213 745 regem
3246 696 3341 733 ve-

1765 764 1936 823 niunt,
1973 772 2026 816 et
2053 764 2118 817 de
2140 779 2270 832 pace
2300 780 2419 817 cum
2448 765 2526 819 eis
2556 781 2647 818 rex
2699 766 2837 820 inter
2877 768 3156 823 Artoldum
3199 787 3340 840 pra:-

1765 853 1937 908 sulent
1988 862 2044 907 et
2090 853 2436 909 llerihcrtttm
2489 855 2735 911 laborare
2790 859 2988 912 sttdet.
3037 860 3241 917 Deinde
3273 864 3343 919 ad

1765 957 2003 1000 castrum
2046 942 2339 1015 quoddam,
2389 950 2531 1017 quod
2578 950 2859 1015 llerivens,
2917 970 3081 1023 nepos
3125 956 3342 1013 Πυτίγεί

1765 1039 2037 1107 quondam
2060 1040 2293 1110 episcopi
2324 1041 2416 1105 ⁸⁸⁸,
2450 1058 2611 1111 super
2632 1041 2847 1098 ﬂuvium
2873 1045 3167 1101 Maternam
3197 1060 3344 1105 tene-

1764 1128 1875 1191 bat,
1901 1129 2043 1183 unde
2073 1138 2126 1182 et
2152 1130 2302 1183 villas
2326 1130 2580 1199 cpiscopii
2614 1132 2893 1189 “emensis
2920 1138 3340 1207 circumquaque

1766 1218 1975 1287 positas
2031 1219 2467 1287 deprmdahatur,
2531 1224 2891 1289 proﬁciscitur
2948 1243 3070 1279 cum
3121 1227 3347 1284 Artoldo

1767 1307 2193 1378 archiepiscopo.
2228 1308 2337 1365 Nec
2382 1327 2552 1374 mora,
2594 1314 2871 1370 obsidibus
2899 1320 3137 1386 acceptis
3181 1320 3249 1352 ⁸¹⁷
3278 1323 3347 1375 ab

1769 1398 1884 1466 ipso
1906 1398 2156 1465 Heriveo,
2176 1403 2466 1455 revertitur
2487 1402 2701 1468 Remis;
2728 1420 3064 1476 pergensque
3082 1410 3133 1463 in
3150 1413 3344 1466 crasti-

1770 1505 1897 1543 num
1926 1490 1992 1544 ad
2025 1499 2267 1545 sanctum
2303 1491 2626 1564 Remigium,
2655 1511 2775 1549 sese
2803 1498 2967 1566 ipsius
2994 1502 3166 1554 sancti
3198 1519 3345 1557 eom-

1772 1578 1938 1632 mittit
1982 1580 2482 1647 intercessionibus,
2526 1584 2850 1651 promittens
2900 1588 3124 1643 vadibus
3154 1589 3343 1645 libram

1772 1669 1983 1739 argenti
2037 1685 2095 1724 se
2149 1670 2400 1724 daturum
2443 1673 2667 1743 singulis
2721 1676 2876 1730 anuis
2924 1679 3016 1743 "3,
3070 1683 3347 1737 monachis

142 1770 415 1836 pmdatum,
469 1767 779 1821 Saxonibus
810 1781 868 1819 se
898 1765 1022 1818 dum
1065 1767 1354 1819 revertitur
1385 1780 1672 1834 msequen-
1704 1752 1745 1810 Β
1774 1776 1987 1830 quoque
2028 1760 2268 1829 ejusdem
2303 1762 2401 1815 loci
2436 1776 2761 1834 praeceptum
2792 1767 2858 1823 de
2888 1770 3074 1824 eodem
3128 1774 3349 1828 castello

144 1861 269 1923 tibus,
298 1862 359 1929 in,
384 1860 633 1914 Rhenum
683 1859 854 1915 fertur
901 1858 1183 1915 desiluisse
1225 1860 1296 1891 ⁶⁰⁸
1340 1874 1460 1913 eum
1497 1874 1668 1928 equo;

142 1955 284 2024 ibique
311 1956 355 2008 vi
394 1964 659 2009 enecatus
704 1953 991 2016 undarum,
1032 1962 1212 2014 postea
1248 1952 1508 2021 repperiri
1562 1967 1670 2005 non

141 2047 295 2114 potuit,
318 2055 371 2099 ut
393 2046 591 2099 fertur.
611 2044 836 2111 Quidam
861 2053 1038 2097 tamen
1064 2044 1262 2107 ferunt,
1288 2044 1429 2113 quod
1452 2059 1479 2094 a
1499 2042 1671 2112 pisca-

145 2138 314 2193 toribus
342 2141 409 2192 sit
434 2146 686 2209 repertus
707 2146 762 2192 et
804 2137 1078 2203 humatus,
1126 2146 1285 2206 atque
1308 2145 1526 2206 propter
1549 2151 1673 2206 spo-

141 2227 295 2283 liorum
319 2229 479 2299 ipsius
505 2237 825 2282 ornamenta
852 2227 1077 2281 celatus.

197 2317 488 2374 Ludowicus
517 2318 693 2373 rex~in
721 2334 942 2388 regnum
974 2318 1329 2373 Lothariense
1367 2331 1668 2388 regressus,

142 2410 341 2464 relictam
370 2411 663 2465 Gislebcrti
721 2410 1048 2479 Gerlzergam
1095 2411 1253 2464 duxit
1298 2410 1369 2442 m
1421 2425 1669 2473 uxorem,

143 2499 328 2556 Othonis
352 2503 558 2558 scilicet
588 2502 729 2573 regis
751 2518 990 2558 sororem
1017 2503 1149 2574 (8|).
1178 2502 1412 2558 Collecta
1434 2502 1672 2557 diverso-

143 2605 234 2645 rqu
260 2592 548 2655 hominum,
579 2599 710 2663 quae:
730 2594 952 2650 Romam
978 2595 1209 2665 petebat,
1228 2610 1256 2648 a
1273 2594 1673 2649 Sarracenis’"

143 2694 326 2747 pervasa
355 2692 408 2736 et
436 2683 770 2753 interempta
800 2693 903 2737 est.
935 2683 1207 2740 Brittones
1234 2701 1355 2739 cum
1386 2684 1675 2740 Nortman-

142 2770 208 2823 nis
251 2772 613 2842 conﬁigeutes,
670 2775 895 2830 victoria
951 2778 1251 2846 potiuntur,
1305 2787 1360 2832 et
1403 2778 1671 2847 quoddam

141 2858 550 2918 Nortmannorum
579 2865 856 2921 castellum
887 2866 1094 2936 cepisse
1135 2865 1404 2920 feruntur.
1442 2868 1673 2934 Quidam

141 2946 343 3006 homines
363 2953 577 3008 Arnulﬁ
604 2964 801 3010 terram
833 2956 1037 3010 Erluini
1062 2957 1455 3025 (lepracdanles,
1485 2958 1550 3011 ab
1583 2974 1674 3013 eo-

142 3039 233 3093 dem
256 3041 462 3099 Erluino
484 3047 754 3115 perempti
794 3055 937 3101 sunt.
971 3046 1115 3101 Otho
1146 3062 1236 3101 rex
1270 3048 1321 3100 itt
1353 3047 1425 3080 ⁸⁰⁸
1449 3064 1671 3117 regnum

143 3129 451 3190 Lothariense
506 3138 844 3207 regrediens,
872 3154 1010 3207 pene
1054 3150 1282 3195 cunctos
1313 3141 1380 3195 ad
1412 3156 1469 3194 se
1499 3141 1676 3195 redire

143 3225 253 3292 cogit
272 3226 335 3258 '”
354 3227 763 3284 Lotbarienses.
789 3230 942 3301 i-lugo
963 3232 1131 3286 Albus
1160 3234 1225 3288 ad
1240 3234 1355 3304 ejus
1384 3234 1677 3300 proﬁcisci-

141 3321 208 3367 tur
230 3331 333 3370 cum
356 3317 646 3374 Heriberto
685 3321 1036 3391 colloquium,
1065 3331 1120 3376 et
1166 3320 1533 3391 revertentes,
1556 3326 1675 3380 loca

141 3404 341 3485 quedam
367 3407 607 3463 ﬁdelium
635 3409 920 3466 Bernensis
960 3412 1220 3468 :ecclcsize
1270 3406 1672 3486 dcprmda'nlur,

142 3484 503 3569 incenduntque
527 3500 786 3555 nonnulla
809 3501 899 3555 ⁸¹⁰.
932 3501 1090 3557 Anno
1117 3503 1185 3535 ⁸¹¹

720 3612 1028 3671 DCCCCXL

140 3703 212 3779 {fit
250 3693 561 3756 Ludowicus
584 3702 656 3733 m
689 3704 821 3757 abiit
874 3705 1087 3759 obviam
1130 3705 1400 3763 Willelmo
1447 3709 1676 3779 principi

140 3776 591 3857 Nortmannorum;
622 3793 712 3861 qui
746 3795 893 3848 venit
917 3794 983 3848 ad
1023 3811 1146 3850 eum
1201 3797 1253 3851 iu
1295 3813 1428 3868 pago
1458 3798 1677 3852 Arabia-

140 3873 279 3938 nensi,
309 3886 437 3933 etse
468 3881 541 3934 illi
568 3884 862 3937 commisit.
900 3885 970 3938 At
1014 3887 1099 3940 ille
1142 3888 1290 3942 dedit
1344 3889 1393 3942 ei
1453 3898 1674 3954 terram,

138 3973 268 4027 quam
313 3977 462 4036 pater
518 3972 638 4040 ejus
691 3973 921 4028 Karolus
963 3974 1281 4032 Notmannis
1310 3989 1673 4045 concesserat,

139 4047 331 4123 indeque
376 4064 621 4128 perrexit
656 4074 844 4117 contra
897 4064 1172 4135 llugonem
1219 4068 1309 4122 “3.
1354 4067 1578 4146 Quoad
1618 4084 1677 4125 se

138 4146 289 4199 venire
344 4149 703 4219 detrectante,
773 4158 1063 4210 revertitur
1118 4156 1452 4213 Laudunum.
1518 4159 1676 4215 Dedit

139 4240 283 4285 autem
310 4252 395 4290 rex
438 4240 667 4295 Artoldo
710 4245 1120 4315 archiepiscopo
1164 4246 1254 4311 ωδ,
1304 4263 1367 4302 ac
1414 4264 1511 4318 per
1551 4264 1676 4304 eum

139 4323 358 4381 ecclesia:
387 4330 457 4362 m
488 4331 764 4393 Remeusi.
798 4350 894 4403 per
935 4338 1311 4406 praeceptionis
1342 4341 1501 4407 regia:
1529 4342 1677 4409 pagi-

1774 1851 1921 1905 dedit
1948 1851 2326 1905 immunitalis.
2353 1852 2505 1924 llngo
2534 1854 2602 1923 ⁸ξ⁹
2631 1857 2881 1927 princeps
2911 1860 3052 1914 filius
3078 1860 3346 1930 Rutberti,

1769 1941 1974 2010 junctis
1999 1942 2100 1997 sibi
2131 1943 2451 2013 quibusdam
2479 1946 2749 2017 episeOpis
2782 1957 2889 2003 tam
2920 1950 3163 2007 Francia:
3186 1970 3346 2023 quant

1773 2032 2120 2102 Burgundiac,
2146 2049 2266 2088 eum
2296 2034 2582 2091 lleriberto
2604 2039 2802 2094 comite
2826 2049 2876 2095 et
2909 2040 3177 2098 Willchno
3200 2044 3352 2100 Nort-

1772 2136 2093 2175 mannorum
2164 2123 2411 2192 principe
2472 2114 2798 2182 Remeusem
2857 2130 3071 2187 obsidet
3126 2136 3345 2201 urbem;

1773 2222 2036 2281 sextoque
2086 2212 2156 2245 “°
2183 2214 2481 2270 obsidionis
2531 2217 2637 2280 die,
2689 2218 2975 2275 deserente
3022 2225 3167 2277 omni
3214 2242 3350 2294 pene

1773 2301 1992 2355 militari
2022 2318 2183 2356 manu
2212 2303 2494 2359 Artoldnnt
2520 2308 3013 2380 archiepiscopum,
3047 2324 3101 2367 et
3132 2316 3197 2367 ad
3239 2316 3349 2370 He-

1771 2392 2035 2447 ribertum
2083 2402 2420 2460 transeunte,
2476 2397 2617 2450 idem
2660 2415 2847 2454 comes
2900 2400 3217 2457 lleribertus
3259 2422 3351 2458 ur-

1771 2484 1894 2538 bem
1920 2484 1989 2516 '“
2020 2485 2336 2555 ingreditur.
2388 2488 2641 2543 Artoldus
2664 2491 2860 2558 praesul
2884 2495 2949 2545 ad
2978 2507 3223 2549 sancttuu
3248 2497 3350 2550 Re-

1772 2576 1995 2647 migium
2042 2578 2353 2633 evocatione
2387 2595 2667 2649 procerum
2711 2589 2763 2639 et
2812 2585 3184 2655 episeoporum
3229 2606 3353 2657 pro-

1775 2664 1968 2730 fectus,
2000 2682 2291 2735 persuasus
2321 2677 2404 2723 est
2434 2670 2516 2723 vel
2543 2673 2870 2727 conterritus
2914 2690 2943 2727 a
2992 2677 3347 2746 principibus,

1773 2758 2028 2827 episcopii
2079 2772 2138 2812 se
2189 2763 2568 2827 procuratione
2627 2761 2710 2815 vel
2760 2773 3028 2831 potestate
3079 2768 3351 2834 abdicare,

1774 2862 2137 2917 concessoque
2193 2849 2294 2903 sibi
2347 2849 2560 2904 abbatia
2611 2854 2784 2906 sa‘ucti
2842 2854 3015 2910 Basoli
3074 2868 3122 2911 et
3169 2859 3351 2915 Aven-

1776 2956 1909 2995 uaco
1937 2942 2009 2973 ⁸²²
2041 2942 2152 3011 (82)
2185 2944 2534 3008 monasterio,
2562 2946 2627 2997 ad
2651 2956 2895 3000 sanctum
2920 2948 3167 3005 Basolttttt
3197 2970 3348 3008 com-

1776 3043 2086 3087 moraturus
2109 3034 2180 3067 ⁸²³
2212 3035 2475 3088 abscessit
2515 3039 2553 3088 ‘.
2588 3036 2738 3105 litigo
2762 3047 2815 3091 et
2845 3037 3162 3095 Heribertus
3191 3044 3353 3100 locuti

1703 3108 1748 3169 Ο
1933 3124 2005 3180 Η.
2037 3123 2099 3178 R.
2127 3141 2198 3189 tv,
2230 3126 2318 3181 Q8.
2352 3125 2478 3179 Post
2499 3142 2668 3180 annos
2692 3139 2814 3181 octo
2838 3138 2889 3182 et
2914 3146 3123 3186 menses
3143 3146 3349 3203 septem

1873 3196 1988 3249 rod.
2019 3202 2093 3264 γι)
2127 3198 2178 3249 itt
2206 3198 2513 3264 episcopatu
2538 3206 2774 3261 exactos,
2805 3198 2938 3264 ete.]

1873 3196 1988 3249 rod.
2019 3202 2093 3267 γι)
2127 3198 2178 3249 itt
2206 3198 2513 3266 episcopatu
2538 3206 2774 3261 exactos,
2805 3198 2938 3271 ete.]

1780 3300 1899 3338 cum
1932 3285 2249 3353 quibusdam
2277 3284 2741 3355 Lothariensibus,
2769 3290 2834 3341 ad
2856 3290 3187 3345 obsidionem
3216 3294 3356 3349 Latt-

1780 3376 1905 3431 duni
1932 3393 2053 3433 cum
2082 3376 2352 3432 Willclmo
2380 3379 2796 3449 proﬁciscuntur
2835 3381 2924 3446 ⁸³⁸⁵,
2958 3385 3142 3439 relicto
3171 3387 3358 3443 lic-mis

1780 3466 2002 3538 llngone
2025 3468 2248 3523 diacono
2263 3468 2532 3524 lleriberti
2560 3472 2686 3537 ﬁlio,
2702 3473 2813 3541 jam
2832 3475 3037 3543 pridem
3059 3479 3124 3532 ad
3146 3481 3359 3550 episco-

1778 3572 1960 3629 patum
1985 3560 2054 3591 ⁸³⁸
2082 3562 2248 3630 ipsius
2278 3563 2426 3616 urbis
2449 3575 2676 3617 evocato
2705 3565 2776 3596 ⁸³⁸
2808 3570 2845 3620 ⁸.

1852 3671 1895 3743 ['
1919 3671 1990 3725 Η.
2038 3672 2103 3725 R.
2133 3690 2206 3736 tv,
2236 3674 2745 3751 28._Quiqu_e_tertio
2773 3689 3053 3748 postquam
3082 3697 3357 3751 regressus

1849 3752 2141 3819 estnmeuse
2168 3745 2442 3819 presbiter_
2460 3763 2489 3797 a
2508 3745 2746 3819 _Widoue
2770 3745 3041 3803 SuesSonir
3059 3767 3092 3804 o
3127 3745 3355 3819 tit-result:

1849 3811 2127 3885 ordinatus
2172 3822 2273 3885 est,
2325 3814 2549 3880 expletis
2596 3827 2875 3885 postquam
2935 3811 3356 3880 fuerat-electus

1849 3883 2343 3962 attnisquindecitn,
2360 3898 2493 3962 quos
2506 3883 2861 3940 AutiSsiodnri
2878 3904 3218 3946 corttntorans
3233 3912 3355 3962 ege-

1851 3959 1959 4026 rat,
1999 3951 2302 4026 litterarum
2330 3954 2522 4026 studiis
2554 3967 2863 4023 occupatus,
2899 3963 3038 4026 apud
3071 3951 3352 4019 Win'uu'ém

1851 4020 2016 4088 ipsius
2053 4021 2199 4073 urbis
2231 4022 2546 4086 antistitem,
2580 4040 2608 4077 a
2634 4020 2739 4088 quo
2769 4039 2824 4080 et
2850 4020 3105 4083 diaconus
3133 4036 3352 4087 ordina-

1852 4042 2016 4088 Ipstns
2053 4042 2199 4073 ur-nts
2231 4042 2546 4086 anusutent,
2580 4042 2608 4077 a
2634 4043 2646 4077 t
2674 4042 2739 4079 uo
2769 4042 2824 4080 et
2850 4042 3105 4083 diaconus
3133 4042 3352 4087 ordina-

1852 4099 1935 4168 tus
1958 4090 2152 4168 fuerat.
2184 4090 2317 4168 Nam
2355 4103 2564 4168 ceteros
2591 4042 2870 4168 inluderes
2905 4102 3103 4168 gradus
3136 4105 3203 4155 ab
3241 4107 3354 4159 Ab-

1848 4158 1986 4214 bone
2016 4159 2339 4215 Sucssonico
2370 4164 2595 4232 praesule
2625 4164 2807 4221 Remis
2838 4158 3168 4243 acceperat.)

1850 4250 2166 4308 Ludowicus
2198 4269 2288 4307 rex
2321 4265 2441 4324 post
2472 4272 2566 4311 sex
2597 4258 2678 4311 vel
2712 4270 2916 4327 septem
2956 4264 3286 4320 ebdomades
3321 4285 3352 4322 θ

1780 4342 2086 4413 Burgundia
2122 4346 2366 4411 rediens,
2400 4359 2675 4418 assumpto
2703 4366 2884 4405 secum
2916 4353 3137 4409 Artoldo
3172 4360 3351 4411 archi-

140 4422 237 4515 tiam
264 4414 539 4475 Remensis
580 4423 727 4477 urbis
757 4432 1026 4479 monetam
1062 4426 1183 4493 jure
1228 4439 1486 4506 perpetuo
1509 4432 1677 4500 possi-
1710 4455 1755 4515 υ
1783 4435 2053 4511 episeopo,
2085 4452 2204 4490 cum
2234 4439 2547 4509 propinquis
2582 4442 2747 4509 ipsius
2775 4446 2976 4512 pariter
2997 4462 3118 4500 cum
3162 4464 3227 4502 eo
3265 4464 3354 4503 eo-

141 4500 361 4576 dendam;
389 4514 484 4565 sed
510 4522 568 4566 et
591 4529 803 4568 omnem
822 4517 1133 4570 comitatum
1157 4502 1480 4574 Remenseml
1500 4522 1675 4576 eidem

139 4597 619 4660 contulitzecclesize.
632 4605 889 4663 Artoldus
903 4609 1341 4681 archiepiscopus
1363 4610 1676 4669 Causostem

1782 4523 2134 4591 tnitantibns,
2185 4541 2413 4594 quorum
2464 4527 2722 4584 beneﬁcia
2788 4532 3105 4589 lleribertus
3171 4552 3354 4590 comes

1784 4614 2099 4683 abstulerat,
2131 4617 2183 4670 in
2222 4616 2548 4673 Remensem
2578 4620 2725 4673 venit
2764 4620 3144 4691 Campaniam;
3175 4634 3353 4680 trans-

1375 4789 1608 4855 YARIIE
1644 4790 2046 4850 LECTIONES.

198 4911 254 4991 “f
276 4913 519 5000 viridi}2
552 4915 604 4969 3.
659 4917 751 5000 ’⁸⁸³
780 4919 852 5000 ita
878 4918 933 4972 2.
962 4917 1727 5000 ει.ΗέεΙιεζᾳξίιιίτάιιηεηξςιη
1756 4925 1807 4979 1.
1882 4924 1950 4957 ⁵⁸⁵
1979 4925 2275 5000 dissiluisse
2294 4928 2351 4982 ‘2.
2430 4928 2501 4961 ⁸⁸⁸
2522 4929 2666 4984 ducit
2687 4932 2738 4984 2.
2764 4932 2817 4987 5.
2869 4933 2955 4989 ,⁸⁰⁷
2983 4942 3260 4999 saraeenis
3287 4944 3353 5000 '3.

141 4983 315 5101 minus.
385 4984 456 5021 '°'
484 4989 625 5039 deut
653 4988 703 5041 1.
778 4989 847 5020 ⁸³⁸
876 4990 1055 5056 coegit
1082 4989 1131 5041 5.

142 5044 179 5099 Μ
236 5052 336 5101 ΜἩ
357 5054 483 5101 mal-
560 5055 625 5087 ⁸η
647 5059 757 5101 [inm
787 5058 926 5101 xnln:
965 5063 987 5101 Ι
1027 5058 1127 5101 Imb

142 5044 223 5122 hil
236 5052 336 5122 (47)
357 5054 483 5109 mal.

1212 4988 1282 5068 ξω
1311 4989 1365 5043 in
1388 5007 1555 5068 mqrg.
1587 4993 1694 5068 θρα
1715 5005 2071 5068 ιαηιεηΑηιιιῃ-ις
2120 4996 2176 5068 *1.
2221 4998 2375 5053 habet
2402 5011 2420 5048 .'
2446 5002 2674 5054 autauda
2694 5043 2708 5066 ,
2737 5014 2858 5058 tunc
2882 4988 3357 5068 nutrici-ostium;

560 5055 625 5087 ⁸¹¹
646 5059 757 5138 Iure
786 5058 926 5138 solus
965 5055 996 5111 ti
1027 5058 1176 5138 hebet
1206 5055 1539 5138 _iq_margir{e
1564 5062 1975 5138 _:._Berengar_ius
2006 5064 2357 5122 Virdunensis
2405 5055 2708 5138 episcopus,
2736 5055 3357 5138 consecraturva‘bmﬁr:

142 5119 257 5192 [aldo
306 5119 557 5180 Remensi
607 5128 1030 5192 archiepiscopo.
1066 5128 1217 5192 Apud
1248 5119 1519 5191 llugoriem
1564 5128 1706 5185 Vird.
1731 5119 1843 5186 Ιιίὲε
1872 5134 2039 5192 fusius
2060 5119 2366 5192 narrantur.
2413 5119 2888 5192 ’δί-ί

2965 5143 3035 5174 ³¹³
3056 5164 3102 5192 0-
3135 5151 3166 5192 Ιι
3226 5171 3256 5192 n
3304 5153 3336 5192 Κ
