3872 5326
565 268 670 322 455

1630 271 1894 331 FLODOA
1907 277 2015 331 RDl
2057 278 2138 331 (ΖΑ
2150 278 2374 334 ΝΟΧΙΕΙ
2415 279 2759 334 REMENSlS

3686 283 3819 338 -ιῖΰ

564 386 747 453 itaque
774 382 934 437 ﬂuvio
953 383 1162 447 Axona,
1189 381 1503 438 Lauduuum
1535 380 1978 453 contendit.'Quo
1997 405 2142 443 cozn-
2170 404 2216 462 Α
2244 391 2481 447 dowicus
2502 393 2913 461 .Petrtepontem
2963 390 3312 447 munitionem
3348 390 3492 446 bello
3538 407 3818 461 aggressus

563 486 740 546 perto,
786 473 935 545 litigo
975 482 1029 529 et
1064 474 1401 543 llerihertus,
1453 474 1644 555 relicta
1679 478 1958 534 obsidione
2004 480 2141 535 Laui-

563 567 713 631 duni,
746 576 905 621 noctu
938 566 1003 621 ad
1037 567 1390 622 munitionem
1436 567 1831 639 Petrrcpontem
1878 573 2140 644 deprope-

561 664 713 723 rant;
753 657 979 727 indeque
1028 658 1227 713 Othoni
1285 659 1393 729 regi
1442 659 1654 714 obviam
1696 662 2133 732 proﬁciscuntur.

561 749 661 804 Cui
695 747 967 818 conjuncti
997 750 1062 804 ad
1090 744 1397 803 Atiuiacuni
1430 766 1552 805 eum
1596 742 1914 822 perducunt,
1958 758 2136 828 ibique

557 852 679 890 cum
708 837 965 910 Rotgario
987 840 1183 894 comite
1210 840 1309 909 ipsi
1335 840 1530 896 Othoni
1550 843 1615 874 "'
1633 859 1750 898 sese
1771 847 2133 902 committunt.

555 926 878 984 Ludowicns
924 945 1024 997 res
1044 930 1319 999 ingressus
1347 929 1686 1000 Laudunum,
1714 924 1885 991 victus
1916 940 2027 993 suis
2062 940 2135 973 ⁸¹⁸

555 1021 800 1088 providet
842 1022 1148 1077 necessaria
1177 1023 1277 1088 ’9’;
1310 1023 1496 1094 sicque
1536 1042 1658 1080 cum
1708 1026 1928 1099 Ilugone
1968 1030 2131 1101 Nigro

555 1118 608 1163 et
626 1109 897 1165 Wiliclmo
910 1111 1211 1167 Pictavensi
1230 1114 1594 1185 Burgundiam
1615 1121 1830 1187 repetit.
1860 1120 1999 1177 Otho
2015 1124 2128 1195 (83)

524 1203 643 1256 rex
672 1202 944 1269 llcinrico,
970 1202 1121 1259 fratri
1161 1221 1276 1271 suo,
1320 1221 1546 1277 regnum
1583 1207 1937 1266 Lothariense
1981 1229 2128 1268 com-

553 1295 733 1379 mittit.
765 1294 1009 1366 Tunique
1035 1312 1156 1351 cum
1185 1298 1518 1352 diversarum
1558 1301 1817 1370 gentium.
1860 1319 1998 1372 quas

522 1398 672 1439 ‘cmn
712 1385 1009 1440 adduxerat
1027 1385 1120 1450 “3°,
1163 1388 1499 1443 multitudine
1537 1401 1658 1459 post
1687 1387 2034 1447 Ludowicum
2071 1395 2125 1449 in

552 1474 910 1545 Dnrgundiam
941 1476 1319 1546 proﬁciscitur,
1347 1479 1554 1534 habens
1589 1496 1770 1535 secum
1794 1480 2123 1549 Couradum,

547 1565 713 1622 ﬁlium
744 1568 951 1622 Rodulﬁ
981 1569 1120 1641 regis
1152 1568 1417 1636 Jnrrnsis,
1449 1570 1735 1641 qnemjam
1770 1573 1966 1627 dudum
2003 1576 2124 1629 dolo

545 1665 760 1726 captum
785 1656 994 1727 sibique
1019 1660 1306 1713 adductum
1345 1660 1642 1727 retinebat;
1675 1672 1963 1734 castraque
2009 1682 2120 1722 me-

2244 494 2347 553 est,
2376 494 2431 539 et
2456 483 2671 539 obsides
2702 484 2989 561 accipiens,
3037 485 3261 538 recessit
3300 483 3369 536 ab
3392 500 3479 537 ea.
3526 483 3727 539 Deinde
3761 490 3814 540 in

2241 589 2463 644 regnum
2496 573 2850 628 Lotbariense
2878 589 3001 628 cum
3052 573 3270 628 Artoldo
3299 576 3714 647 archiepiscopi)
3759 591 3813 631 et

2241 663 2360 717 aliis
2413 664 2655 719 ﬁdelibus
2685 664 2795 717 suis
2818 663 3087 732 profectus
3118 673 3221 718 est.
3266 662 3408 718 Otho
3438 682 3661 734 quaque
3703 683 3810 731 ιρι,

2240 753 2428 808 Rheno
2468 753 2718 818 transito,
2762 754 3016 807 adversus
3042 769 3163 807 cum
3199 755 3374 819 venit;
3403 756 3499 808 sed
3529 758 3600 807 ab
3638 771 3811 810 eorum

2235 840 2483 895 ﬁdelibus
2509 841 2648 895 inter
2676 857 2775 894 eos
2803 841 3021 895 indutiae
3049 842 3423 897 determinat!)
3452 853 3607 897 sunt.

2305 931 2486 986 Puella
2516 932 2757 1000 quaedam
2786 931 2934 1000 virgo
2968 931 3289 1001 paupercuia
3318 933 3384 985 de
3412 932 3538 985 villa
3571 949 3697 1002 quae
3738 935 3811 988 di-

2233 1020 2375 1074 citur
2405 1020 2676 1085 Lavenna,
2727 1022 2940 1075 nomine
2976 1019 3277 1083 Flothildis,
3309 1021 3547 1075 visiones
3600 1032 3808 1077 sancto-

2232 1127 2349 1164 rum
2392 1111 2675 1165 manifeste
2720 1112 3053 1181 vigilansque
3080 1121 3134 1165 et
3167 1112 3218 1164 in
3268 1113 3463 1180 spiritu
3514 1112 3702 1165 videre
3735 1130 3808 1167 as-

2231 1201 2573 1266 sueveratm,
2596 1217 2658 1255 ac
2688 1204 2930 1270 quaedam
2958 1200 3134 1254 futura
3158 1201 3483 1269 praidicebat
3513 1202 3608 1272 (255
3637 1241 3654 1256 .
3691 1204 3808 1268 Quae

2228 1302 2349 1361 post
2380 1303 2691 1362 sequentem
2724 1309 2921 1345 annum
2955 1292 3007 1345 in
3040 1292 3151 1362 ipsa
3184 1292 3376 1346 natalis
3405 1293 3625 1346 Domini
3658 1306 3807 1349 nocte

2203 1379 2477 1437 'decessit.
2527 1382 2638 1438 Hoc
2686 1400 2827 1439 anno
2883 1384 3028 1438 acies
3078 1385 3417 1438 diversorum
3450 1386 3701 1438 colorum
3758 1388 3803 1441 in

2227 1476 2356 1531 caelo
2386 1478 2514 1532 visa:
2543 1489 2667 1532 sunt
2694 1494 2877 1532 mense
2895 1480 3308 1553 “Decembrio'm
3332 1491 3493 1541 nocte
3518 1482 3802 1535 dominica.

2200 1568 2458 1643 _Collecta
2509 1565 3040 1648 Transmarinorum,
3092 1571 3185 1627 sed
3234 1579 3288 1625 et
3336 1570 3642 1638 Gallorum,
3693 1589 3803 1642 quas

2227 1657 2452 1713 Romam
2482 1662 2718 1730 petebat,
2750 1662 3062 1725 revertitur,
3090 1662 3287 1717 occisis
3314 1677 3505 1717 eorum
3532 1663 3802 1717 nonnullis

542 1759 685 1806 talus
718 1767 879 1822 supra
903 1753 969 1785 ’δι
1002 1754 1330 1823 Sequanam,
1362 1757 1581 1811 obsides
1610 1758 1677 1812 ab
1707 1757 1929 1829 ﬁngam;
1955 1760 2117 1834 Nigro
2150 1748 2247 1826 Ba
2282 1748 2635 1831 Sa/rracenis;
2670 1765 2769 1804 nec
2789 1750 2963 1820 potuit
2983 1750 3142 1823 Alpes
3169 1751 3399 1833 transire
3430 1760 3657 1820 propter
3679 1751 3801 1805 Sar-

537 1844 764 1911 accepil,
791 1860 917 1898 cum
940 1843 1252 1914 jurameuto
1286 1856 1523 1925 ncesset
1555 1859 1879 1903 nocumento
1905 1851 2114 1923 llugoni

538 1932 619 1985 vel
665 1933 973 2002 lleriberto,
1015 1937 1105 2003 qui
1154 1952 1214 1991 se
1239 1937 1307 1970 ⁸³²
1356 1936 1706 1991 subdiderant
1747 1939 1918 1993 eidem
1948 1941 2116 1997 Otho-

539 2023 591 2076 ni
612 2022 703 2078 "3.
734 2025 850 2091 Quo
878 2024 1040 2088 facto.
1072 2029 1362 2082 revertitur
1403 2029 1469 2082 ad
1500 2044 1615 2084 sua.
1656 2028 1807 2097 llugo
1847 2030 1984 2086 ﬁlius
2012 2032 2117 2089 lle-

520 2116 725 2170 'riberti
752 2116 938 2173 Remis
960 2135 989 2173 a
1022 2119 1252 2176 Widone
1277 2107 1598 2175 Suessouic‘o
1641 2122 1866 2190 praesule
1908 2124 2117 2192 presbi-

540 2211 618 2257 ter
649 2207 952 2261 ordinatur.
990 2207 1312 2264 Lndowicus
1336 2224 1428 2263 rex
1456 2209 1773 2265 Laudunum
1808 2213 1960 2267 redit.
2001 2213 2113 2285 Ego

538 2294 768 2365 denique
792 2298 1078 2370 disponens
1106 2300 1365 2355 oratioais
1394 2302 1564 2371 gratia
1596 2302 1899 2371 sepulcrum
1941 2307 2112 2361 sancti

533 2385 746 2443 Mar'ini
778 2390 973 2455 visere,
1019 2401 1261 2446 retentus
1295 2408 1414 2445 sum
1459 2394 1526 2447 ab
1568 2393 1854 2449 Heriberto
1893 2397 2109 2469 comite.

533 2483 672 2539 clam
705 2500 790 2540 me
836 2485 1155 2556 quibusdam
1199 2487 1577 2542 accusantibus
1608 2488 1745 2558 apud
1774 2503 1919 2551 eum,
1969 2491 2111 2559 quod

532 2579 612 2633 sui
675 2595 838 2633 causa
903 2582 1208 2636 nocumenti
1272 2579 1466 2635 vellem
1528 2579 1792 2649 proﬁcisci
1860 2580 1941 2633 vel
2009 2581 2105 2637 ﬁlii

534 2670 616 2723 sui
641 2669 711 2702 ³³³
743 2671 785 2723 ⁸.
813 2669 1071 2741 Fecitque
1101 2687 1187 2726 me
1211 2669 1311 2725 sub
1343 2669 1584 2726 custodia
1622 2669 1882 2735 detineri,
1918 2671 2113 2727 ablatis

525 2764 532 2773 ’
610 2779 653 2850 Γ
700 2781 770 2835 Η.
821 2782 1009 2846 R.1v,
1056 2782 1148 2837 28.
1192 2782 1258 2836 Et
1301 2782 1425 2850 quia
1469 2783 1783 2836 renutabam
1854 2798 1939 2838 me
1987 2785 2113 2838 huic

603 2846 777 2905 electo
806 2861 988 2905 nostro
1035 2846 1404 2912 committere,
1462 2853 1709 2906 nesciens
1755 2863 1932 2906 utrum
2000 2855 2111 2908 Deo

601 2921 840 2989 placeret
867 2936 986 2975 eum
1015 2921 1296 2992 praesulem
1322 2932 1563 2976 nostrum
1590 2923 1722 2976 fore.
1741 2921 1955 2993 Sicque,
1977 2923 2107 2995 etc.]

529 3029 559 3065 a
596 3030 678 3068 me
714 3014 876 3068 rebus
913 3031 1048 3084 quas
1079 3015 1144 3069 de
1185 3014 1496 3085 episeOpatu
1546 3015 1812 3078 tenebam,
1844 3031 1965 3069 cum
2002 3030 2108 3070 rcc-

2220 1857 2464 1907 racenos,
2506 1843 2598 1913 qui
2638 1844 2812 1898 vicum
2855 1845 3170 1899 monasterii
3217 1845 3391 1900 sancti
3425 1844 3677 1901 Mauricii
3710 1862 3798 1902 oe-

2218 1942 2572 2003 cupaverant.
2622 1934 2775 1987 Anno

2213 2076 2216 2079 Α
2833 2024 3166 2082 DCCCCXLI

2215 2114 2513 2171 Gerlaudus
2550 2116 2877 2172 Senoncnsis
2922 2118 3360 2188 archiepiscOpus
3395 2118 3531 2171 urbe
3568 2134 3666 2173 sua
3711 2117 3795 2174 de-

2214 2205 2431 2276 pellitur
2459 2222 2487 2260 a
2522 2204 2876 2273 Frotmundo,
2922 2222 3082 2277 quem
3129 2207 3282 2277 llugo
3325 2206 3496 2261 Albus
3516 2206 3588 2239 ⁸³⁷
3628 2208 3795 2263 eidem

2215 2297 2417 2351 civitati
2466 2295 2801 2367 prazfecerat,
2852 2298 3066 2377 eulpato
3098 2296 3369 2352 Gerlmdo
3397 2297 3545 2368 quod
3577 2298 3793 2352 Waloni

2214 2386 2429 2453 faverit,
2468 2380 2668 2442 homini
2700 2386 2965 2443 Heriberti
3005 2388 3238 2453 comitis,
3279 2387 3372 2457 qui
3408 2387 3794 2442 Frotinnndtuu

2205 2477 2295 2532 'vel
2330 2494 2455 2533 suos
2485 2494 2512 2532 a
2540 2479 2758 2548 praefata
2784 2478 3062 2549 expulerat
3091 2474 3243 2532 urbe.
3270 2477 3593 2534 llcribertns
3619 2493 3795 2535 comes

2214 2569 2476 2640 synodum
2504 2570 2829 2624 convocavit
2869 2571 2935 2623 ad
2977 2571 3443 2625 determinandam
3485 2581 3793 2626 mnumer-

2213 2660 2348 2714 siam
2378 2660 2520 2714 inter
2568 2659 2735 2714 ﬁliuni
2786 2658 2956 2730 ipsius
2999 2660 3273 2731 llugonem
3314 2660 3386 2693 ⁸³⁸
3427 2670 3480 2715 et
3515 2660 3792 2715 Artuldum

2214 2752 2713 2823 archiepiscopum;
2743 2756 2834 2808 sed
2872 2754 3193 2824 impediente
3227 2753 3472 2823 Hagoue,
3507 2765 3673 2823 atque
3710 2768 3790 2807 sa-

2217 2851 2434 2912 tagente
2458 2859 2524 2897 ne
2551 2843 2690 2898 forte
2721 2843 2789 2897 ad
2821 2843 3131 2897 ﬁdelitatem
3157 2852 3210 2897 et
3235 2842 3497 2896 auxilium
3525 2842 3787 2897 Ludowici

2213 2936 2356 3006 regis
2387 2945 2861 3006 congregarentur,
2899 2936 3128 2989 omisere
3160 2943 3509 2989 conventum.
3549 2933 3661 2987 Rex
3688 2933 3787 2988 Lu-

2214 3024 2450 3081 dowicus
2473 3026 2834 3096 Burgundiam
2862 3034 3070 3096 petens,
3089 3025 3352 3092 comperit
3388 3022 3785 3093 Rotgarinm'”

527 3106 693 3161 clesia
727 3122 887 3176 quam
936 3106 1181 3176 regebam
1234 3108 1285 3161 in
1334 3105 1691 3161 Culmisciaco
1746 3105 1882 3177 (84),
1922 3106 2107 3175 sicque
2135 3099 2177 3159 C
2209 3117 2459 3171 comitem
2491 3134 2654 3188 prope
2684 3134 2740 3172 se
2776 3116 2913 3171 l'srte
2945 3126 3241 3179 metatum;
3276 3130 3436 3186 quem
3479 3131 3784 3186 aggressus,

526 3199 700 3267 plenis
746 3201 985 3269 quinque
1021 3200 1296 3255 mensibus
1338 3200 1357 3221 ⁶
1384 3214 1501 3252 sum
1539 3199 1805 3253 detentus.
1848 3197 1964 3252 Rex
1992 3196 2103 3250 Lu-

604 3309 645 3381 [‘
691 3308 766 3381 II.
805 3309 867 3381 Il.
900 3326 982 3373 tv,
1026 3310 1130 3368 28.!
1156 3308 1309 3378 Apud
1344 3307 1540 3381 fratres
1563 3316 1817 3381 nostros,
1860 3308 1973 3376 ipso
2012 3323 2103 3381 co-

596 3377 727 3433 fuite
750 3379 991 3446 jubente,
1038 3381 1138 3433 sub
1167 3377 1406 3432 custodia
1436 3379 1628 3446 partim
1660 3377 1823 3430 libera
1851 3394 1968 3430 sum
2012 3379 2104 3432 de-

599 3459 799 3502 tentus.
835 3449 1072 3519 Contigit
1118 3458 1295 3502 autem
1351 3449 1503 3510 mihi,
1552 3448 1771 3519 domina
1798 3464 1913 3501 nica
1945 3449 2103 3519 beata

601 3520 690 3572 Dei
718 3519 980 3588 genitrice
1002 3518 1388 3579 intercedente,
1436 3528 1494 3570 ut
1539 3519 1651 3585 ipsa
1675 3518 1761 3571 die
1790 3518 2104 3639 conceptio-

601 3592 678 3639 ni‘s
706 3601 757 3639 et
781 3591 1045 3639 passionis
1074 3588 1284 3639 Domini
1317 3589 1485 3639 nostri
1516 3586 1641 3639 Jesu
1680 3586 1882 3639 Christi
1926 3603 1954 3639 a
1978 3588 2104 3639 )sOi-

594 3592 678 3644 nis
706 3586 757 3642 ct
781 3591 1045 3659 passionis
1074 3588 1284 3643 Domini
1317 3589 1485 3642 nostri
1516 3586 1641 3641 Jesu
1680 3586 1882 3659 Christi
1926 3586 2106 3659 absol-

592 3676 751 3715 verer
778 3657 807 3715 a
838 3659 1105 3722 custodia,
1130 3669 1183 3712 et
1209 3660 1295 3713 die
1321 3660 1474 3712 tertia
1499 3659 1705 3712 scilicet
1727 3657 1758 3711 6
1784 3657 1902 3711 Kal.
1936 3658 2101 3727 Apri-

594 3728 680 3813 lis,
716 3746 820 3800 qua
851 3732 1108 3815 Domi‘pus
1143 3745 1173 3815 ἦ
1220 3740 1448 3782 mortuis
1484 3728 1803 3815 resnrresit,
1845 3743 2101 3815 egressus

594 3801 707 3869 ipse
733 3816 855 3855 cum
880 3802 1101 3871 prrol'ato
1127 3801 1311 3871 electo
1320 3808 1508 3871 nostro
1539 3800 1605 3852 ad
1648 3800 1833 3871 urbem
1874 3800 2104 3871 Sqessof

591 3867 768 3926 nicam
800 3867 1073 3940 profectus
1115 3887 1255 3925 sum.
1293 3867 1409 3940 Ubi
1437 3869 1821 3940 convenientes
1864 3868 2100 3940 episcopi

594 3941 755 4013 hujus
790 3938 1069 3996 tlioceseos
1096 3957 1217 4013 cum
1235 3939 1578 4013 principibus
1601 3938 1822 4013 Hugone
1847 3954 1910 3992 ac
1943 3938 2099 3991 lleri-

593 4008 748 4065 herto
806 4008 1109 4066 tractarunt
1158 4008 1284 4080 quid
1328 4012 1407 4064 eis
1438 4008 1893 4080 essetrageuduin
1939 4023 2102 4080 super

591 4082 880 4150 episcopali
927 4081 1084 4147 hujus
1117 4077 1355 4150 “ligonis
1377 4079 1720 4150 ordinatione
1739 4094 1776 4150 “,w
1802 4079 1986 4150 sicque
2008 4077 2103 4150 de-

592 4147 910 4214 creverunt,
963 4147 1266 4219 petentibus
1313 4150 1632 4219 quibusdam
1685 4148 1810 4201 ﬁliis
1861 4147 2103 4219 ecclesia:

597 4220 901 4285 Reniensis,
950 4217 1058 4274 uim
1106 4217 1345 4281 clericis,
1380 4235 1541 4286 quam
1593 4218 1769 4281 laicis,
1798 4232 1918 4270 eum
1952 4217 2099 4286 ordi-

590 4291 850 4353 nandum,
881 4288 1247 4344 asset‘cntibus
1272 4285 1580 4342 faulOribus
1605 4287 1794 4356 ipsius,
1821 4287 1962 4355 quod
1998 4285 2101 4339 Ar-

595 4359 771 4412 tuldus
821 4374 1157 4428 nequaquam
1220 4357 1441 4420 electus,
1495 4357 1587 4428 sed
1638 4372 1735 4428 per
1789 4357 2097 4428 violentiam

595 4430 758 4505 fuerit
796 4422 1157 4505 intromiSsus,
1198 4443 1422 4505 seseque
1448 4422 1735 4497 episcopali
1766 4425 2098 4480 abilicaverit
2128 4446 2175 4505 ι)

593 4499 812 4553 ditione.
842 4499 915 4553 lbi
960 4512 1088 4569 ergo
1116 4497 1266 4569 litigo
1303 4500 1554 4568 princeps
1579 4505 1704 4569 tunc
1747 4511 1836 4569 me
1858 4510 1955 4569 per
1984 4511 2098 4569 ina-

538 4612 543 4619 .
591 4585 718 4623 num
741 4565 1180 4640 aeeipiensﬂmic
1206 4565 1414 4639 Hugoni
1447 4565 1624 4640 nepoti
1649 4582 1745 4640 suo
1762 4567 1838 4640 ad
1879 4565 2098 4619 benefa-

591 4641 840 4694 ciendutn
858 4635 1145 4696 'commisit
1166 4635 1403 4708 Hluique
1430 4638 1559 4693 mihi
1583 4635 1864 4695 ecclesiam
1895 4645 2098 4690 sancta:

592 4709 772 4764 Maria:
818 4712 965 4766 dedit
1011 4711 1063 4763 iu
1108 4708 1325 4764 Colrido
1378 4714 1561 4771 sitam,
1609 4716 1806 4777 terram
1853 4720 2089 4777 quoque,

588 4798 751 4848 quam
778 4791 931 4851 pater
951 4796 1080 4835 suus
1103 4780 1234 4833 mibi
1256 4779 1571 4851 abstulerat;
1598 4774 2095 4841 reddidit,etaliatn

590 4853 645 4903 in
670 4848 928 4920 praedicta
955 4851 1080 4904 villa
1113 4848 1496 4919 superatljecit.

2206 3198 2614 3278 comprehendit
2639 3222 2760 3263 cum
2805 3208 2887 3261 his
2914 3207 3002 3277 qui
3039 3222 3159 3261 cum
3188 3222 3253 3259 eo
3292 3214 3453 3260 erant
3489 3221 3652 3275 super
3686 3204 3779 3259 ﬂu-

2206 3299 2352 3351 vium
2401 3296 2716 3365 Maternam,
2754 3312 3044 3366 secumque
3088 3298 3141 3351 in
3191 3295 3557 3367 Burgundioni
3619 3296 3780 3350 duxit.

2205 3387 2358 3460 Hugo
2412 3399 2465 3465 et
2514 3389 2833 3463 Heribertus
2876 3390 3099 3444 comites
3145 3390 3428 3459 episcopos
3484 3396 3781 3443 convocant

2206 3483 2489 3538 llcmensis
2524 3483 2825 3537 dioceseos.
2861 3480 2962 3548 Qui
3004 3480 3385 3535 convenientes
3439 3480 3580 3548 apud
3628 3478 3779 3532 Sues-

2207 3574 2412 3628 sionem
2437 3575 2489 3627 in
2513 3573 2758 3628 aicclesia
2784 3582 3093 3626 sanctorum
3119 3572 3348 3640 Crispini
3372 3580 3427 3627 et
3442 3570 3778 3641 Crispiniani,

2206 3672 2441 3719 tractant
2463 3663 2529 3718 de
2556 3671 2698 3718 statu
2728 3662 3014 3717 Remensis
3046 3663 3327 3732 episcopii,
3358 3661 3683 3715 deﬁnientes
3698 3660 3777 3722 "’,

2206 3756 2660 3825 conquerentibus
2700 3754 2912 3810 clericis
2956 3762 3118 3824 atque
3172 3752 3444 3807 nobilibus
3498 3750 3655 3807 laicis
3699 3751 3778 3805 diu

2203 3855 2421 3916 pastore
2447 3845 2627 3900 sedem
2656 3844 2825 3915 ipsam
2858 3860 3071 3905 vacare,
3122 3854 3180 3898 ut
3213 3844 3279 3875 W
3313 3843 3576 3913 quoniam
3607 3841 3773 3896 Artol-

2205 3939 2305 3993 dus
2331 3939 2617 4006 episcopus
2656 3936 2934 4006 juraverat
2982 3936 3122 4005 quod
3152 3950 3445 4005 numquam
3493 3950 3556 3988 se
3584 3935 3651 3988 de
3677 3933 3775 4003 ipso

2203 4027 2511 4098 episc0patu
2536 4028 2919 4082 intromitteret
2940 4026 3032 4091 νη,
3059 4027 3123 4080 ad
3148 4025 3315 4095 ipsius
3338 4023 3774 4095 gubernationem

2204 4118 2403 4173 reverti
2432 4134 2537 4172 non
2561 4117 2799 4182 deberet,
2834 4116 2986 4187 llugo
3014 4132 3162 4182 vero,
3209 4114 3352 4169 ﬁlius
3385 4113 3656 4168 lleriberti
3687 4125 3774 4166 co-

2206 4209 2374 4272 mitis,
2402 4209 2493 4277 qui
2523 4209 2671 4279 prius
2698 4209 2762 4262 ad
2798 4208 2969 4276 ipsum
2998 4207 3366 4276 episcopatum
3393 4203 3575 4258 fuerat
3601 4215 3774 4258 evoca-

2204 4303 2288 4352 tus
2313 4297 2403 4362 ³⁸⁵³,
2436 4298 2583 4351 clero
2611 4297 2912 4367 populoque
2935 4305 3171 4364 petente,
3204 4295 3555 4349 ordinaretur
3576 4292 3770 4361 episco-

2200 4398 2322 4459 pus.
2345 4387 2528 4457 lbique
2553 4387 2621 4420 ⁸⁵⁸
2648 4402 2732 4441 me
2762 4386 2913 4458 [Iugo
2938 4387 3172 4456 primmn
3200 4386 3264 4440 de
3294 4384 3463 4440 evilio
3496 4385 3652 4454 jussu
3685 4394 3771 4435 suo

2204 4489 2412 4534 evocat.
2445 4478 2677 4547 Indeque
2715 4477 2912 4531 Remos
2951 4476 3210 4531 adeuntes
3248 4475 3518 4545 episcopi,
3552 4471 3764 4529 eundern

2203 4570 2433 4625 electura
2463 4578 2704 4624 nostrum
2727 4566 2798 4600 ⁸⁸⁸
2830 4567 3111 4638 praesulem
3137 4574 3463 4620 consecrant
3497 4561 3637 4633 apud
3661 4575 3770 4614 san-

2203 4673 2347 4716 ctum
2377 4661 2699 4731 Remigium.
2751 4659 3040 4730 Rotgarius
3065 4672 3267 4718 comes.
3297 4656 3440 4710 datis
3482 4653 3762 4723 obsidibus.

2200 4751 2488 4806 dimittitur
2514 4765 2544 4803 a
2577 4765 2698 4819 rege
2719 4748 3028 4811 Ludowico,
3047 4746 3306 4815 Duagium
3335 4744 3620 4799 castellum
3650 4741 3756 4794 rei-

2203 4845 2335 4899 dens
2350 4843 2603 4898 Arnoldo.
2633 4841 3015 4896 Monasterium
3038 4840 3211 4895 sancti
3233 4836 3553 4891 Theoderici
3586 4831 3762 4889 divinis

1793 4980 1876 5033 VA
1887 4979 2023 5033 [{le
2068 4973 2465 5034 LECTIONES.

584 5093 663 5168 7‘."
702 5093 862 5168 edoni
892 5095 1091 5168 3.___II|
1122 5093 1210 5168 sui
1249 5092 1283 5146 ‘2

1379 5093 1448 5124 ⁸³³
1488 5089 1812 5145 necessariis
1837 5090 1990 5155 sique
2019 5090 2074 5143 5.
2138 5086 2217 5168 :3“
2257 5085 2558 5168 abduxerat
2584 5083 2637 5136 2.
2777 5082 2866 5168 '5“
2904 5096 3088 5168 super“
3116 5079 3234 5168 Ξηδ.
3268 5076 3381 5168 ut"
3405 5077 3546 5168 deest

3695 5071 3757 5104 l”

3524 5148 3608 5168 ,εν
3694 5141 3757 5168 sn
