3872 5326
114 264 189 343 m

1533 272 1862 331 ANNALESt

3199 278 3303 333 ιδε

115 404 365 455 illustratur
398 389 682 446 miraculis.
735 388 877 444 Crux
910 386 1083 457 major
1115 385 1371 440 aecclcsia:
1402 386 1630 443 ltcmen—
1660 396 1707 451 Α
1734 386 2233 442 connuumcationis
2286 386 2742 456 depromissurum
2780 389 2849 421 ⁸⁸³
2911 389 3303 447 interminatio-

113 492 171 545 sis
196 502 311 541 auro
348 492 612 552 cooperta,
644 480 976 552 gemmisque
1007 476 1258 547 pretiosis
1292 486 1505 543 ornata,
1561 479 1631 532 ab

113 580 263 633 eadem
289 574 461 639 furtim
489 570 729 626 aufertur
758 569 1025 624 :ecclesia.
1052 568 1312 624 Canonici
1338 567 1633 623 Montisfal-

114 669 235 724 conis
255 665 352 736 (86)
376 662 725 734 oppressione
751 658 1101 715 Virdunensis
1127 660 1361 730 episcopi
1394 675 1627 731 pra‘gra-

115 761 196 814 vati
218 758 296 821 “‘,
323 756 629 811 deserentes
672 738 976 831 coenobium
1023 768 1199 817 suum,
1231 765 1427 823 corpus
1459 751 1629 806 sancti

116 846 326 903 Balderici
350 843 558 915 patroni
586 843 667 899 sui
698 841 948 897 deferunt
978 841 1179 896 Remis.

167 937 449 994 Ludowieus
499 949 594 991 rex
638 933 999 1003 Burgundiam
1045 943 1256 1003 petens,
1309 932 1625 1003 Rotgarium

116 1033 322 1088 comitem
344 1044 460 1083 cum
488 1026 711 1097 llugoue
737 1024 891 1096 nigro
931 1039 994 1079 ac
1038 1023 1341 1079 Gisleberto
1379 1023 1630 1093 pacifica-

118 1124 207 1184 vit;
248 1119 457 1187 indeque
503 1115 819 1170 Laudunum
852 1128 1122 1178 remeans,
1166 1113 1459 1167 Arnoldum
1505 1128 1627 1167 cum

118 1211 351 1273 Landrico,
399 1206 570 1262 fratre
617 1205 806 1275 ipsius,
853 1204 1044 1259 eodem
1092 1212 1269 1258 castro
1310 1201 1628 1274 proditionis

117 1301 395 1357 insimulatus
438 1296 664 1368 expulit,
717 1303 771 1351 et
820 1294 1082 1363 Rotgario
1102 1292 1171 1325 ⁸⁵⁷
1215 1293 1625 1347 Lauduncnscm

116 1396 370 1450 comit-num
398 1391 575 1456 dedit;
602 1397 986 1459 compertoque
1014 1386 1154 1457 quod
1185 1385 1337 1456 llugo
1368 1384 1538 1439 Albus
1559 1384 1625 1438 ad

117 1484 406 1540 obsidendum
438 1479 757 1534 Laudnnum
787 1485 1123 1547 properaret,
1154 1474 1473 1544 Burgundiie
1503 1489 1624 1544 par-

116 1583 177 1629 tes
196 1588 295 1628 cum
317 1570 530 1631 Artoldo
556 1570 808 1640 episcopo
831 1576 885 1622 et
914 1568 1168 1639 ltotgario
1192 1566 1388 1621 comite
1409 1564 1619 1633 repetit.

116 1665 204 1729 Quo
235 1663 359 1719 circa
402 1656 698 1716 Vitriacum
722 1659 792 1691 ⁸³⁸
825 1667 1065 1714 castrum
1094 1658 1431 1719 deversante,
1473 1655 1624 1727 llugu

1734 491 1878 531 nem.
1916 476 2020 531 Pro
2047 492 2149 546 qua
2200 492 2257 531 re
2310 476 2678 546 colloquentes
2730 480 2965 550 cpisc0pi
3020 481 3303 541 ltetnensis

1734 566 2007 621 dioceseos
2048 582 2168 621 cum
2203 565 2487 623 Heriberto
2513 569 2729 637 comite,
2776 569 3046 640 deprecati
3075 573 3146 605 '“
3172 587 3302 631 sunt

1733 672 1879 722 eum,
1907 666 1962 711 ut
1994 658 2349 714 intercederet
2377 659 2519 729 apud
2550 658 2827 730 Hugonem
2873 661 3172 734 principem
3204 681 3302 736 pro

1734 748 2040 818 receptione
2078 750 2238 817 regis.
2280 748 2594 805 Proditores
2628 749 2843 818 quidam
2891 750 3072 807 ltemis
3100 757 3299 824 reperti

1730 847 1786 892 et
1814 838 2079 894 interfecti
2105 849 2261 904 sunt;
2286 839 2504 908 quidam
2527 841 2688 894 rebus
2710 838 2969 896 :ecclesia:
2989 844 3207 912 privati,
3233 845 3303 901 ah

1731 929 1864 982 urbe
1890 928 2245 998 depelluntur.
2279 927 2463 998 Legati
2508 928 2789 984 Remensis
2830 928 3087 986 azcclcsia:
3130 931 3302 988 Roma

1731 1019 1985 1089 regressi,
2017 1018 2236 1089 pallium
2281 1019 2528 1074 deferunt
2559 1017 2766 1090 Hugoni
2794 1020 3047 1091 episcopo
3084 1023 3152 1078 ab
3182 1021 3304 1079 Ste-

1731 1110 1911 1179 phano
1953 1126 2091 1180 papa
2145 1112 2542 1167 transmissum.
2593 1110 2727 1166 Cum
2777 1114 2970 1181 quibus
3006 1116 3212 1184 pariter
3249 1127 3304 1171 et

1730 1199 1925 1269 legatio
1970 1200 2115 1255 venit
2156 1199 2489 1269 principibus
2535 1201 2705 1271 regni,
2756 1211 2813 1255 nt
2859 1202 3204 1259 Lndowicum
3232 1204 3303 1238 ⁸⁸³

1729 1309 1909 1366 regem
1941 1296 2222 1365 recipiant,
2255 1304 2309 1350 et
2356 1296 2434 1351 sic
2483 1296 2688 1367 legatos
2730 1314 2858 1354 suos
2899 1298 3124 1355 Romam
3167 1301 3303 1357 diri-

1728 1393 1888 1454 gant;
1926 1386 2066 1455 quod
2092 1385 2136 1439 si
2167 1400 2335 1455 usque
2379 1386 2444 1440 ad
2499 1388 2831 1443 nativitatem
2871 1389 3082 1446 Domini
3128 1394 3307 1450 facere

1730 1486 1835 1526 non
1873 1473 2301 1543 procuraverint,
2347 1475 2894 1531 excommunicandos
2930 1487 3058 1535 tunc
3106 1479 3220 1537 fore
3247 1497 3308 1538 se

1728 1566 1995 1620 noverint.
2036 1565 2275 1619 Domnus
2300 1565 2415 1620 Odo
2436 1567 2607 1621 abbas
2632 1582 2731 1636 pro
2754 1583 2886 1637 pace
2914 1571 3117 1641 agenda
3162 1572 3307 1629 inter

1730 1656 2005 1725 llugonem
2028 1671 2209 1726 regem
2233 1655 2396 1710 Italia:
2423 1665 2478 1712 et
2505 1656 2783 1712 Albricum
2814 1658 3114 1715 Romanum
3141 1665 3280 1732 patri

119 1764 155 1807 et
175 1752 448 1807 lleribcrtus
489 1751 812 1805 Laudunum
859 1750 1124 1804 obsident.
1179 1747 1420 1817 Sumptis
1450 1756 1628 1801 autem
1661 1741 1703 1800 Β
1732 1750 1871 1803 cimn
1899 1748 2040 1817 apud
2063 1749 2291 1803 eundem
2326 1764 2502 1820 regem
2539 1749 2837 1804 laborabat.
2866 1751 3010 1806 Idem
3042 1768 3170 1809 vero
3211 1771 3298 1809 rex

120 1859 256 1896 secum
278 1856 357 1896 rex
381 1856 511 1910 quos
534 1842 912 1909 undecumque
937 1839 1193 1909 colligere
1222 1838 1414 1908 potuit,
1452 1838 1506 1890 in
1537 1852 1627 1906 pa-

120 1934 523 2003 gumPorcensem
578 1933 743 1988 venit.
792 1936 907 1999 Quo
940 1931 1144 1997 audito,
1188 1930 1340 2000 llugo
1367 1938 1423 1984 et
1470 1927 1631 1982 ilcri-

121 2030 276 2093 bruus,
299 2028 494 2085 scilicet
533 2025 681 2096 quod
713 2041 809 2081 rex
846 2025 925 2079 eis
954 2024 1433 2095 appropinquaret,
1484 2019 1630 2075 obsi-

123 2120 239 2172 dione
263 2117 429 2172 relicta
460 2124 760 2187 properant
795 2125 1006 2178 contra,
1038 2126 1089 2169 et
1118 2114 1444 2182 insperatum
1489 2111 1629 2181 regis

122 2207 379 2271 invadentes,
407 2207 731 2271 exercitum,
781 2205 1066 2260 nonnullos
1095 2211 1362 2268 sternunt,
1394 2202 1629 2272 reliquos

122 2297 161 2351 in
187 2297 328 2367 fugam
356 2306 586 2352 vertunt.
645 2297 759 2350 Rex
788 2296 901 2365 ipse
924 2310 1046 2351 cum
1092 2293 1281 2364 paucis
1324 2293 1550 2347 eductus
1598 2307 1626 2344 a

123 2388 216 2448 suis,
235 2399 278 2441 et
296 2389 518 2444 eximere
542 2403 607 2443 se
633 2387 774 2441 bello
800 2394 1044 2450 coactus,
1063 2385 1149 2441 vix
1176 2385 1369 2450 evasit,
1405 2382 1628 2438 Artoldo

122 2480 314 2550 episcopo
330 2490 378 2535 et
397 2481 598 2536 comite
618 2480 872 2549 Rotgario
886 2478 1270 2534 comitantibus
1290 2491 1497 2532 secum.
1525 2475 1624 2529 Ar-

124 2571 250 2625 toldns
264 2571 542 2642 episo0pus,
574 2572 798 2641 perditis
823 2569 984 2627 rebus
997 2585 1132 2641 quas
1155 2568 1224 2623 ibi
1244 2568 1528 2631 habuerat,
1559 2565 1625 2620 ad

126 2660 335 2732 llugonem
346 2680 407 2719 ae
419 2664 493 2733 "'9,
504 2663 854 2719 Heribertum
869 2660 1099 2718 accessit
1110 2657 1210 2732 [11.
1231 2658 1295 2712 Il.
1317 2674 1388 2723 tv,
1404 2656 1624 2719 29,add.

127 2753 416 2811 adductusah
444 2752 693 2825 amicis];
719 2762 773 2808 et
802 2753 943 2809 datis
968 2750 1325 2807 sacramentis
1375 2756 1532 2819 prout
1560 2749 1628 2803 ab

125 2850 481 2919 eoqumsierunt,
509 2848 847 2919 redditisque
875 2847 978 2903 sibi
1001 2845 1232 2901 abbatiis
1261 2843 1430 2900 sancti
1455 2840 1627 2898 Basoli

126 2938 412 2996 ctAvennaco
436 2957 557 2999 cum
574 2938 705 2994 villa
720 2938 1062 3005 Vindonissa,
1078 2946 1133 2993 et
1159 2944 1316 3008 pacta
1352 2949 1485 3005 pace
1505 2949 1628 2989 cum

136 3025 301 3096 llugone
319 3029 554 3098 prazsule,
577 3028 647 3084 ad
668 3037 921 3083 sanctum
949 3025 1198 3082 Basolum
1222 3023 1330 3080 illic
1358 3023 1629 3079 habitatu-

129 3090 401 3173 rus‘devenit.
449 3090 603 3189 Ηυέο
630 3122 707 3173 ρι’
738 3117 1053 3173 ileribertus
1099 3116 1434 3172 obsidionem
1477 3114 1622 3169 Lau-
1651 3090 1703 3149 Β

126 3205 218 3260 ἀιιιιῐ
256 3208 553 3280 relinquunt.
616 3208 905 3277 Ludowico
954 3208 1066 3279 regi
1100 3207 1240 3263 [llius
1272 3206 1530 3269 nascitur,
1572 3214 1627 3260 et

126 3298 326 3362 prendssi
355 3301 575 3356 comites
613 3315 740 3355 eum
769 3298 1042 3353 Willclmo
1080 3298 1271 3365 locuti,
1316 3312 1442 3352 mox
1488 3295 1626 3350 Lau-

126 3383 217 3440 duni
255 3398 475 3459 repetunt
516 3389 879 3456 obsidionem,
923 3387 1279 3457 proditionem
1319 3386 1485 3441 castri
1524 3385 1625 3440 sibi

131 3475 214 3531 ﬁeri
236 3479 349 3544 rati;
375 3480 649 3557 nulloque,
680 3479 823 3549 quod
867 3478 1117 3557 arbitrati
1153 3476 1385 3544 fuerant,
1415 3485 1627 3548 patrato

128 3568 301 3635 negotio,
330 3556 666 3627 revertuntur
688 3571 742 3625 in
764 3585 883 3626 sua.
915 3556 1237 3625 Ludovvicus
1267 3583 1360 3624 rex
1395 3585 1424 3621 a
1464 3566 1627 3623 Karlo

127 3652 405 3715 Constantino
426 3662 474 3719 in
500 3660 708 3718 Vienna
735 3660 1026 3730 recipitur;
1059 3668 1113 3714 et
1138 3659 1389 3730 Aquitani
1414 3659 1479 3713 ad
1503 3674 1625 3714 eum

128 3748 313 3815 resiliat,
348 3753 598 3824 illumque
645 3753 968 3824 suscipiunt.
1001 3751 1154 3824 llugo
1197 3760 1256 3807 et
1287 3751 1625 3817 lleribertus,

133 3837 365 3900 “'illelmus
388 3857 441 3901 et
466 3845 728 3901 Arnull‘us
751 3844 911 3901 simul
935 3843 1188 3900 locuntur
1205 3860 1221 3909 ;
1239 3852 1293 3897 et
1310 3841 1629 3897 Ileribertus

129 3925 215 3985 inde
236 3934 291 3987 ad
314 3936 565 3993 Othonem
618 3951 801 4008 regem
825 3936 895 3967 "°
921 3943 1070 3990 trans
1098 3933 1347 3990 Rhenum
1384 3931 1630 4003 proficis-

126 4015 243 4073 citur.
271 4023 405 4081 Anno

652 4114 1011 4174 DCCCCXLII

129 4192 378 4263 Ludowicus
401 4224 514 4277 rex,
554 4208 786 4264 firmatis
823 4207 926 4263 sibi
971 4206 1278 4278 Aquitanis,
1309 4204 1629 4262 Laudunum

131 4297 391 4363 revertitur;
423 4318 521 4358 nec
545 4303 637 4358 diu
667 4312 969 4357 remoratus
988 4300 1082 4371 πί,
1104 4315 1205 4354 non
1226 4298 1446 4355 obtenta
1472 4286 1629 4370 pace,

131 4377 168 4432 in
186 4381 495 4457 Burgundiam
526 4401 734 4448 remeat
762 4391 854 4446 "'.
892 4390 1126 4462 Legatus
1155 4388 1421 4460 Stephani
1456 4404 1629 4459 papae,

130 4473 292 4529 nomine
313 4479 580 4548 Damasus,
602 4482 890 4551 episcopus
922 4481 1104 4535 Bonna:
1124 4480 1193 4534 ob
1228 4479 1373 4533 hanc
1405 4479 1630 4548 legatio-

131 4570 217 4612 nem
239 4571 562 4637 peragendam
585 4570 884 4635 ordinatus,
911 4569 962 4623 in
985 4568 1271 4623 Franciam
1303 4568 1473 4632 venit,
1501 4565 1630 4622 ασε-

133 4661 221 4705 rens
238 4654 417 4716 litteras
438 4662 748 4731 apostolica:
771 4661 915 4717 sedis
936 4660 1003 4714 ad
1034 4659 1305 4729 principes
1335 4658 1481 4728 regni
1499 4674 1632 4712 cun-

1661 4449 1704 4511 C

136 4746 296 4812 ctesque
313 4746 539 4806 Francia:
565 4752 645 4806 vel
673 4750 997 4819 Burgunditc
1022 4748 1377 4813 habitatores,
1408 4757 1465 4801 ut
1495 4748 1631 4802 reci-

135 4822 241 4889 Ρῖῖιηι
260 4850 415 4907 regem
436 4855 587 4895 suum
612 4840 993 4904 Ludowicum;
1025 4837 1167 4907 quod
1197 4838 1242 4891 si
1270 4836 1627 4908 neglexerint,

136 4924 285 4978 clcum
306 4930 518 5001 amplius
545 4932 723 4988 hostili
749 4931 930 5002 gladio
969 4930 1244 5001 persecuti
1279 4928 1503 4996 fuerint,
1532 4944 1627 4984 cx-

1734 1839 1886 1910 llugo
1933 1838 2263 1896 Sarracenos
2317 1842 2384 1897 de
2441 1842 2732 1899 Fraxinido
2770 1858 2955 1899 eorum
3005 1849 3302 1904 munitione

1731 1931 2041 2001 disperdere
2072 1931 2390 1987 conabatur.
2442 1932 2732 2002 Rotgarius
2767 1949 2950 1990 comes
2989 1938 3130 2006 apud
3170 1937 3305 1993 Wil-

1731 2022 1948 2076 lelmum
1979 2021 2434 2077 Nortmannorum
2464 2023 2762 2093 principem
2793 2023 3008 2081 functus
3036 2025 3304 2097 legatione

1732 2129 1826 2182 pro
1856 2112 2147 2168 Ludowico
2174 2128 2321 2181 rege,
2346 2113 2544 2168 ibidem
2574 2112 2859 2169 defunctus
2879 2125 2981 2170 est.
3004 2114 3307 2172 Willelmus

1732 2212 1911 2272 regem
1937 2202 2285 2259 Luslowicum
2317 2204 2575 2274 regaliter
2604 2205 2654 2259 in
2680 2205 2920 2260 Rodomo
2942 2207 3020 2239 '"
3044 2210 3302 2279 suscepit.

1727 2291 1862 2347 Item
1892 2293 2197 2350 Willelmus
2226 2294 2558 2351 Pictavensis
2611 2305 2667 2350 et
2712 2296 2983 2353 Brittones
3032 2313 3154 2352 cum
3194 2300 3307 2353 suis

1730 2386 2062 2455 principibus
2088 2387 2155 2440 ad
2190 2402 2371 2456 regem
2414 2394 2695 2442 venerunt.
2750 2387 2881 2441 Cum
2924 2388 3011 2442 his
3048 2404 3177 2459 ergo
3208 2403 3303 2444 rex

1729 2490 1890 2547 super
1908 2476 1976 2516 ⁸³⁷
1992 2475 2194 2530 Isaram
2223 2476 2388 2531 venit.
2418 2476 2569 2547 llugo
2594 2491 2721 2530 vero
2752 2487 2809 2532 et
2837 2477 3149 2534 Heribertns
3177 2495 3303 2535 cum

1728 2566 1940 2622 Othone
1967 2567 2103 2621 duce
2141 2565 2599 2632 Lothariensinm,
2642 2568 2933 2623 destructis
2960 2569 3215 2640 pontibus
3248 2582 3304 2626 et

1729 2656 1923 2711 ablatis
1958 2657 2201 2722 navibus,
2240 2673 2362 2713 cum
2390 2657 2473 2712 his
2508 2673 2720 2729 quoque
2747 2673 2882 2728 quos
2913 2660 3113 2717 habere
3154 2672 3306 2732 pote-

1730 2754 1871 2810 rant,
1910 2761 1977 2800 ex
2000 2746 2169 2801 altera
2200 2758 2356 2816 parte
2402 2744 2638 2803 ﬂuminis
2693 2749 3086 2818 consederunt;
3112 2760 3166 2805 et
3193 2753 3306 2823 agi—

1731 2846 1840 2893 tata
1872 2839 2013 2892 inter
2040 2853 2135 2893 eos
2166 2853 2263 2908 per
2292 2838 2654 2895 internuntios
2685 2842 3072 2907 controversia,
3107 2843 3305 2899 dantur

1731 2930 1944 2984 tandem
1965 2929 2035 2961 ⁸⁸⁸
2060 2928 2277 2985 indutias
2298 2946 2327 2983 a
2354 2929 2531 2985 medio
2561 2928 2860 3000 Septembri
2894 2947 3061 3002 usque
3096 2933 3161 2986 ad
3193 2947 3305 2988 me-

1728 3020 1877 3075 dium
1904 3019 2240 3085 Novembris,
2269 3029 2325 3074 et
2351 3018 2567 3076 obsides
2589 3020 2927 3091 accipiuntur
2953 3023 3242 3094 utrimque,
3269 3039 3302 3078 a

1729 3126 1855 3184 rege
1883 3113 2099 3183 quidem
2128 3110 2273 3167 ﬁlius
2310 3112 2578 3167 Heriberti
2608 3114 2802 3169 minor.
2848 3114 2949 3182 Qui
2980 3115 3143 3171 etiam
3182 3132 3300 3182 rex,

1729 3211 1841 3258 tam
1872 3204 1983 3274 ipse
2023 3219 2183 3275 quam
2212 3200 2531 3270 Willelmus,
2563 3206 2655 3260 sed
2681 3215 2737 3260 et
2757 3205 2930 3277 Hugo,
2958 3207 3178 3263 mittunt
3209 3210 3308 3266 ob-

1729 3294 1872 3351 sides
1897 3294 2093 3351 Othoni
2120 3296 2229 3367 regi
2251 3311 2348 3367 per
2368 3295 2632 3352 Othonem
2661 3298 2870 3354 ducem.
2897 3299 3088 3356 Fames
3114 3316 3307 3374 magna

1727 3400 1825 3456 per
1853 3388 2016 3443 totam
2044 3386 2328 3443 Franciam
2356 3396 2410 3444 et
2435 3388 2825 3460 Burgundiam,
2849 3393 3148 3449 mortalitas
3172 3411 3307 3466 quo-

1728 3493 1833 3549 que
1865 3482 2098 3536 maxima
2137 3483 2294 3538 boum
2327 3493 2571 3553 grassata
2603 3495 2690 3541 est
2716 3487 2768 3540 in
2808 3497 3036 3554 tantum,
3066 3497 3127 3543 ut
3153 3491 3307 3547 valde

1729 3587 1899 3642 pauca
1930 3572 2234 3650 huiusmodi
2269 3576 2521 3631 animalia
2556 3577 2607 3631 in
2630 3577 2716 3632 his
2738 3580 3098 3635 remanserint
3124 3582 3302 3637 terris.

1797 3662 2120 3720 Ludowicus
2141 3664 2211 3705 ⁸⁸⁸
2236 3680 2329 3720 rex
2361 3664 2556 3721 Othoni
2606 3669 2715 3740 regi
2759 3669 2971 3723 obviam
3021 3670 3311 3739 proficisci.

1730 3763 1839 3820 tur,
1894 3763 1949 3810 ct
1977 3753 2333 3812 amicabiliter
2359 3770 2418 3811 se
2467 3766 2652 3813 mutuo
2693 3759 3071 3830 suscipientes,
3116 3762 3306 3816 amici-

1732 3846 1861 3901 tiam
1885 3862 2037 3901 suam
2064 3846 2134 3879 ⁸⁸⁸
2158 3848 2376 3902 firmant
2404 3848 2835 3914 conditionibus;
2870 3852 3205 3921 multumque
3241 3853 3309 3907 de

1730 3950 1863 4005 pace
1891 3935 2032 3990 inter
2057 3950 2236 4007 regem
2280 3935 2630 3991 Ludowicum
2656 3946 2713 3993 et
2741 3936 3016 4009 llugonem
3052 3939 3306 3995 laborans

1728 4026 1894 4095 Otho,
1919 4028 2194 4100 nugonem
2218 4030 2434 4084 tandem
2457 4032 2524 4085 ad
2549 4032 2777 4087 eundem
2802 4048 2983 4104 regem
3022 4034 3308 4089 convertit.

1732 4129 2253 4188 Heribertusetiam
2300 4132 2506 4203 pariter
2555 4148 2678 4189 eum
2734 4133 3009 4203 mquivoco
3051 4133 3162 4189 tilio
3212 4149 3312 4190 suo

1734 4230 1903 4300 ipsius
1958 4230 2099 4302 regis
2146 4229 2420 4287 Ludowici
2473 4231 2719 4289 efﬁcitur.
2768 4232 3092 4289 Revertente
3151 4248 3308 4305 rege,

1735 4330 2017 4387 Remensis
2067 4332 2346 4409 dioceseos
2375 4334 2612 4403 episcopi
2658 4335 2725 4389 ad
2787 4350 2923 4405 eum,
2963 4336 3220 4401 veniunt;
3255 4345 3313 4393 et

1739 4433 1850 4504 ipse
1883 4432 2169 4489 Rodult‘um
2216 4435 2283 4467 πί
2312 4452 2526 4506 quoque
2556 4436 2962 4492 Laudunenscm
2993 4439 3218 4507 recepit,
3246 4454 3313 4493 ac

1732 4550 1887 4590 suum
1915 4536 2089 4590 eidem
2136 4536 2371 4604 restituit
2411 4535 2759 4605 episcopium.
2807 4535 3046 4590 Domnus
3070 4534 3184 4590 Odo
3220 4550 3312 4589 ve-

1733 4632 1987 4688 nerabilis
2029 4632 2195 4688 abbas
2233 4673 2246 4697 ,
2304 4631 2592 4686 multorum
2656 4639 2993 4686 restaurator
3037 4640 3310 4685 monaste-

1731 4735 1934 4789 riorum
1959 4742 2267 4803 sancteque
2312 4733 2510 4804 regula:
2562 4740 2861 4802 reparator,
2901 4729 3131 4785 Turonis
3152 4731 3309 4795 obiit,

1729 4847 1783 4893 et
1831 4837 2071 4905 sepultus
2110 4844 2195 4892 est
2244 4835 2384 4908 apud
2434 4844 2681 4892 sanetum
2726 4834 2998 4891 lulianum
3041 4832 3114 4864 “'
3172 4833 3311 4905 (87).

1731 4932 1886 4983 Anno

1333 5066 1419 5123 VA
1429 5064 1567 5122 [UE
1605 5063 2014 5122 LECTIONES.

184 5166 310 5250 ἰζυι
342 5179 637 5250 asserebant
660 5196 715 5250 p.
747 5178 896 5244 Hugo
938 5177 1000 5233 ν.
1071 5176 1141 5250 “7
1185 5182 1418 5250 rotgerio
1450 5184 1501 5236 Ι.
1575 5178 1647 5213 ⁸⁸⁸
1683 5178 2008 5250 uituriacum
2028 5177 2473 5250 2.,Avieturiacum
2502 5177 2695 5250 3.___"f’
2737 5176 2862 5250 etZ.
2890 5170 2944 5225 3.
3001 5170 3094 5250 ξδ’
3137 5176 3205 5250 ait
3238 5187 3318 5226 rei

138 5250 220 5296 89m
242 5239 285 5292 5.
345 5246 407 5278 ⁸⁸³
443 5239 675 5296 moratus.
692 5251 745 5296 3.
818 5239 886 5284 έν
924 5248 1223 5296 revertitur
1248 5239 1303 5296 Ξῖ
1382 5253 1451 5287 ua
1476 5252 1798 5296 nlnnmmens
1834 5247 1889 5296 ἓ.
1921 5250 1975 5296 3⁴
2054 5248 2125 5281 ⁸⁸³
2153 5247 2357 5296 nremli
2417 5250 2469 5296 1.

2541 5245 2613 5278 ⁸⁸⁸
2660 5246 2964 5296 Imlnuietlm
3001 5242 3054 5293 5.
3135 5246 3209 5277 ⁸⁸⁸
3236 5256 3327 5295 r0-
