3872 5326
544 351 650 412 A59

1146 458 1539 521 mz'CCtjxmll.

544 559 800 618 Arnull‘ns
847 571 1028 613 comes
1075 555 1429 620 Wdlelmum,
1481 554 1934 610 Nortmannorum
1976 555 2125 626 prin-

548 653 747 722 cipem,
791 651 856 705 ad
911 647 1236 718 colloquium
1294 654 1591 708 evocatum,
1640 646 1763 701 dolo
1808 646 1997 716 periuri
2049 645 2125 699 fe-

546 743 621 798 cit
645 741 737 794 ³⁸³.
762 740 872 795 Rex
897 738 1221 794 Lndowicns
1248 735 1356 792 ﬁlio
1386 736 1551 808 ipsius
1578 736 1855 800 Willelmi,
1883 746 2009 790 nato
2055 736 2126 767 '“

538 826 624 886 'de
680 829 978 885 concubina
1038 826 1353 892 Brittanna,
1405 834 1603 881 terram
1665 824 2125 880 Nortmaunorum

553 922 736 986 dedit;
775 930 824 974 et
857 919 1071 990 quidam
1121 918 1389 990 principes
1427 917 1594 987 ipsius
1636 932 1694 972 se
1736 918 1847 987 regi
1874 916 2126 972 commit-

551 1020 697 1076 tunt,
725 1010 944 1080 quidam
983 1023 1112 1064 vero
1158 1006 1362 1076 llugoni
1403 1007 1546 1061 duci.
1586 1006 1899 1062 lleribertus
1949 1020 2129 1061 comes

550 1103 707 1167 nbiil,
757 1116 915 1171 quem
962 1098 1288 1169 sepelierunt
1335 1098 1474 1167 apud
1532 1106 1773 1152 sanctum
1814 1096 2127 1164 Quintinum

549 1194 646 1249 filii
678 1195 758 1249 sui
782 1193 897 1260 '8';
936 1200 991 1248 et
1028 1190 1307 1246 audientes
1345 1188 1657 1252 Rodulfum,
1693 1188 1859 1243 filium
1911 1187 2126 1244 Rodulfl

550 1285 616 1339 de
645 1283 935 1354 Gaugliaco
961 1282 1031 1314 ⁵⁸⁸
1052 1281 1190 1353 (88),
1231 1279 1385 1350 quasi
1422 1279 1487 1333 ad
1536 1279 1890 1334 invadendam
1930 1287 2129 1333 terram

549 1377 727 1444 patris
755 1389 941 1429 eorum
967 1372 1270 1436 advenisse,
1305 1370 1538 1441 aggressi
1578 1370 1809 1425 eundem
1841 1369 2129 1425 intereme—

551 1472 698 1518 runt.
741 1461 857 1530 Quo
884 1462 1085 1525 audito,
1118 1475 1212 1514 rex
1240 1458 1562 1514 Lndowicus
1584 1458 1738 1512 valde
1771 1457 1943 1512 tristis
1960 1457 2128 1513 eﬂici-

554 1567 662 1609 tur.
686 1554 939 1609 Artoldus
968 1552 1269 1623 cpiscopus,
1299 1549 1491 1605 relicto
1529 1548 1777 1604 cmnobio
1825 1548 1996 1603 sancti
2023 1549 2128 1604 Ba-

553 1645 677 1711 soli,
711 1647 777 1700 ad
801 1659 979 1715 regem
1019 1640 1292 1713 profectus
1316 1649 1419 1695 est.
1467 1641 1536 1693 At
1557 1639 1644 1694 ille
1675 1639 1941 1710 promittit
1976 1638 2024 1693 ei
2069 1652 2129 1692 se

550 1736 886 1790 redditurum
910 1735 1229 1788 Benrensem
1257 1731 1621 1801 episcopatum
1647 1746 1661 1796 ;
1703 1729 1899 1800 quique
1920 1744 2131 1783 assum-

1603 346 1990 407 FLODOARDI
2029 330 2345 405 CANONlCl
2382 335 2724 399 REMENSIS

2160 464 2207 526 Α
2235 474 2382 528 rege.
2413 456 2546 511 ltem
2592 470 2683 510 rex
2733 449 3053 508 Ludovrieus
3081 446 3149 482 '“
3176 445 3477 503 Rodomum
3527 441 3598 474 ⁸⁸¹
3628 440 3793 512 ιιινοῐεσ

3698 323 3791 381 ιω

2229 559 2371 613 etus,
2400 547 2605 601 Ebroas
2655 545 2723 576 ⁵⁸³³
2752 543 2821 597 ab
2872 541 3093 613 llugoue
3138 539 3272 594 duce
3308 533 3537 604 recepit.
3586 540 3642 585 et
3664 531 3791 600 apud

2234 638 2527 702 Parisium,
2559 636 2850 705 depressus
2900 631 3232 695 infirmitate,
3292 640 3432 698 pene
3468 624 3540 656 ⁸⁸³
3571 630 3681 678 tota
3711 621 3793 675 dc-

2229 731 2416 786 cubuit
2446 728 2517 761 ⁸⁸³
2543 737 2779 797 :rgrotus
2800 732 3004 779 restate.

2302 819 2454 889 llngo
2501 816 2696 887 ιιι-ωειιί
2744 813 3052 869 Amblidum
3099 807 3210 883 (90)
3257 816 3501 861 castram
3559 800 3703 873 cepit
3737 802 3797 835 ⁵⁸⁸

2231 918 2392 979 atqrre
2423 906 2759 972 combussit;
2811 905 2953 976 quod
2987 902 3281 957 Rotbertus
3316 907 3372 951 et
3404 894 3676 950 Rodulfus
3703 893 3797 946 fra-

2231 1011 2342 1056 tres
2371 1000 2556 1055 Remis
2603 996 2811 1068 expulsi
2861 995 3120 1050 tenebant
3165 990 3256 1056 ⁸⁸⁸,
3285 989 3428 1043 unde
3452 996 3509 1041 ct
3538 985 3795 1054 depraeda-

2230 1094 2407 1148 tiones
2453 1107 2552 1162 per
2580 1088 2910 1161 episcopium
2941 1085 3212 1139 Rcmense
3237 1080 3530 1136 faciebant.
3560 1075 3797 1130 Erluinus

2230 1198 2353 1238 cum
2383 1179 2612 1236 Arnulfo
2654 1191 2996 1247 congressus,
3042 1172 3374 1241 victoriaque
3420 1167 3651 1241 potitus,
3692 1179 3796 1219 eum

2230 1286 2465 1345 quoque,
2498 1271 2589 1341 qui
2635 1267 2964 1326 Willelmum
3012 1263 3470 1318 Nortmannorurn
3515 1247 3797 1326 principem

2230 1344 2601 1427 interemerat,
2627 1358 2844 1423 occidit,
2867 1365 2921 1412 et
2943 1352 3235 1425 amputatis
3259 1349 3512 1405 manibus
3533 1344 3603 1378 ⁸⁸⁷
3629 1344 3798 1413 ipsius,

2231 1456 2530 1511 Rodomum
2563 1450 2877 1506 transmisit.
2908 1447 3038 1502 [tem
3065 1444 3322 1515 praefatus
3346 1440 3506 1511 llugo
3532 1438 3799 1508 episcopus

2231 1548 2565 1602 A'tmoutem
2615 1543 2687 1576 ⁸⁸⁸
2718 1539 3075 1597 munitionem
3104 1535 3338 1599 obsidet,
3387 1545 3551 1603 quam
3600 1528 3797 1583 tenebat

2235 1639 2386 1695 Dedo
2437 1635 2605 1692 frater
2637 1633 2843 1690 Artoldi
2899 1629 3180 1703 episcopi;
3222 1626 3548 1695 tandemque
3597 1629 3798 1689 accepto

2231 1728 2457 1801 parvulo
2489 1727 2598 1782 filio
2632 1726 2802 1795 ipsius
2823 1723 2892 1759 ⁵⁸⁹
2929 1720 3135 1783 obside,
3169 1714 3418 1778 discedit,
3445 1727 3578 1783 rege
3603 1724 3798 1779 quoque

552 1826 660 1897 ptis
692 1839 875 1880 secum
929 1822 1189 1878 fratribus
1234 1822 1367 1887 suis,
1408 1829 1463 1876 et
1510 1820 1630 1876 aliis
1673 1821 1989 1891 quibusdam
2036 1819 2128 1891 qui
2164 1835 2205 1894 Β
2236 1817 2546 1873 mandante.
2575 1814 2727 1885 llngo
2773 1813 2879 1867 dux
2907 1809 3071 1865 filiaru
3098 1804 3241 1876 regis
3264 1818 3329 1858 ex
3379 1802 3602 1856 lavacro
3628 1807 3798 1852 sancto

552 1914 748 1984 abjccti
778 1912 991 1968 fuerant
1019 1912 1087 1967 ab
1120 1911 1432 1982 episcopatu
1476 1910 1753 1976 Rernensi,
1800 1910 2127 1964 Altmontem

556 2015 795 2060 castrum
816 2012 1086 2074 occupant
1100 2003 1194 2057 "7.
1227 2002 1361 2057 Cum
1383 2002 1578 2071 quilms
1600 2018 1692 2055 rex
1723 2001 2038 2057 Ludowieus
2059 2000 2129 2033 ⁸⁸³

556 2096 723 2151 etiam
752 2095 1049 2150 Mosomum
1099 2108 1382 2163 aggressus
1410 2092 1504 2159 ⁵⁸⁸,
1536 2091 1805 2162 repellitur
1833 2108 1861 2145 a
1888 2091 2131 2146 fidelibus

550 2183 792 2252 Hugonis
835 2181 1091 2253 episcopi,
1138 2181 1456 2252 quibusdam
1499 2195 1717 2235 suorum
1759 2180 2125 2249 interemptis;

551 2274 892 2333 suburbanas
951 2282 1129 2327 tamen
1189 2273 1378 2327 domos
1434 2272 1693 2340 quasdam
1752 2272 1919 2342 ipsius
1964 2270 2129 2325 castri

554 2366 854 2432 succendit,
907 2366 961 2420 in
1018 2365 1212 2435 quibus
1271 2362 1498 2418 multum
1546 2372 1931 2435 congeslarttm
1974 2361 2131 2432 periit

548 2458 787 2530 fmgum.

625 2549 776 2620 Hngo
802 2547 873 2580 ⁸⁷⁸
901 2547 1007 2602 dux
1042 2544 1379 2600 Francorum
1421 2543 1642 2598 crebras
1681 2542 1793 2613 agit
1820 2557 1941 2596 cum
1971 2538 2130 2595 Nort-
2182 2568 2185 2569 ν

551 2640 789 2703 mannis,
815 2637 905 2706 qui
936 2637 1130 2707 pagani
1169 2635 1518 2697 advenerant,
1554 2630 1636 2687 vel
1663 2632 1730 2686 ad
1757 2631 2128 2702 pegarrismuru

558 2730 968 2785 revertebantur
1000 2766 1015 2792 ,
1075 2724 1523 2796 congressioues;
1563 2739 1590 2776 a
1641 2722 1839 2792 quibus
1890 2720 2131 2791 peditum

553 2822 727 2891 ipsius
752 2818 1169 2875 Christianorum
1223 2814 1508 2870 multitudo
1538 2813 1882 2869 interimitur.
1923 2812 1987 2865 At
2019 2812 2132 2881 ipse

555 2910 826 2968 nonnullis
875 2923 1091 2979 quoque
1118 2906 1576 2963 Nortrnannorum
1627 2903 1943 2968 interfectis,
1991 2911 2134 2958 cete-

554 3003 741 3072 risque
775 3001 910 3057 actis
946 3000 999 3054 in
1046 2997 1249 3067 fugam,
1279 3006 1517 3052 castrum
1549 2995 1620 3031 ’τί
1648 2994 1857 3049 Ebroas
1887 2994 1957 3026 ⁸⁷⁸
1995 2992 2129 3066 (89),

558 3092 868 3147 faventibus
894 3089 995 3146 sibi
1023 3089 1114 3158 qui
1150 3087 1406 3143 tenebant
1427 3085 1553 3140 illud
1579 3084 1650 3117 ⁸⁷³
1674 3084 2129 3138 Nortmannorum

2231 1909 2486 1979 suscepit,
2522 1915 2574 1963 et
2606 1921 2701 1962 rex
2724 1904 2773 1960 ei
2825 1904 3076 1957 ducatum
3098 1895 3344 1953 Francia
3377 1893 3669 1963 delegavit,
3696 1905 3797 1944 om-

2228 2014 2459 2070 nemque
2486 1996 2848 2069 Burgundiam
2902 1991 3070 2062 ipsius
3119 1987 3308 2043 ditioni
3367 1983 3623 2055 subjecit.
3660 1980 3796 2036 ldem

2228 2106 2358 2145 vero
2390 2089 2541 2160 Hugo
2570 2084 2852 2142 Arnnlfum
2883 2098 3005 2138 cum
3052 2094 3180 2149 rege
3225 2074 3555 2148 pacificavit,
3605 2071 3691 2126 cui
3717 2084 3797 2124 rex

2229 2180 2478 2236 infensus
2540 2185 2660 2233 erat
2712 2177 2783 2231 ob
2836 2188 3022 2230 necem
3088 2168 3368 2225 Willelmi.
3406 2165 3557 2221 Oddo
3594 2162 3666 2195 "‘
3715 2178 3796 2215 rex

2229 2273 2491 2343 quosdam
2542 2269 2724 2325 fideles
2770 2265 3069 2330 Lndowici,
3102 2261 3191 2331 qui
3241 2260 3343 2315 sibi
3390 2258 3797 2317 insidiabantur,

2233 2360 2660 2431 comprehensos
2710 2356 2776 2392 ⁸⁹¹
2819 2354 2873 2409 in
2926 2352 3172 2409 custodia
3222 2349 3425 2413 misit;
3477 2346 3622 2401 unde
3669 2344 3798 2399 inter

2231 2453 2374 2523 ipsos
2402 2465 2559 2522 reges
2578 2447 2821 2505 exoritur
2848 2443 3184 2501 scandalum.
3212 2442 3371 2497 Anno

2830 2534 3209 2594 DCCCCXLlV

2230 2633 2552 2692 Ludowicus
2585 2647 2680 2688 rex
2727 2629 2783 2685 in
2810 2627 3153 2699 Aquitaniam
3182 2621 3549 2695 proficiscitur
3579 2633 3698 2675 cum
3722 2632 3797 2673 re-

2231 2729 2356 2800 gina
2387 2726 2456 2759 ⁸⁹¹
2495 2725 2795 2794 Gerberga,
2823 2732 2880 2778 et
2923 2720 3134 2775 locutus
3173 2734 3296 2774 eum
3351 2712 3795 2785 Regimundo'”,

2231 2819 2533 2877 Gothorum
2586 2815 2853 2887 principe,
2883 2811 3189 2879 ceterisque
3228 2805 3548 2879 proceribus
3591 2804 3795 2873 Aquita-

2234 2924 2454 2973 norum,
2502 2905 2794 2962 revertitur
2827 2903 2880 2958 in
2924 2899 3232 2955 Franciam.
3265 2896 3517 2953 Castrum
3544 2894 3794 2963 quoddam

2233 2996 2496 3052 vocabulo
2534 2993 2943 3054 Montiuiacum,
2976 2990 3031 3044 in
3079 3002 3219 3059 pago
3253 2983 3580 3041 Suessonieo
3626 2981 3794 3042 situm.

2234 3090 2378 3159 quod
2404 3087 2473 3125 ‘”
2500 3095 2621 3143 erat
2648 3100 2712 3139 ex
2771 3082 2987 3140 abbatia
3020 3080 3191 3137 sancti
3229 3076 3488 3147 Crispini,
3525 3089 3682 3144 quam
3712 3072 3795 3126 du-

557 3183 891 3249 cbristiauis,
929 3181 1153 3237 obtinet.
1181 3179 1504 3235 Ludowieus
1526 3177 1825 3233 Rodomum
1861 3184 2133 3246 repetens,
2163 3183 2206 3246 c
2238 3183 2365 3236 dum
2394 3186 2673 3247 receperat
2712 3177 2799 3238 m,
2835 3171 3186 3230 reddentibus
3226 3184 3345 3224 eam
3374 3167 3476 3221 sibi
3510 3165 3635 3219 aliis
3654 3162 3792 3217 neri.

558 3273 890 3328 'l‘urmodnm
930 3271 1002 3302 ⁸⁷⁸
1044 3269 1472 3332 Nortmannum,
1519 3269 1608 3338 qui
1663 3268 1729 3322 ad
1780 3266 2135 3322 idololatriam

557 3365 922 3438 gentilemque
955 3361 1115 3414 ritum
1139 3374 1407 3425 reversus,
1449 3359 1516 3412 ad
1541 3360 1655 3413 haec
1683 3358 1755 3389 ⁵⁷⁸
1778 3356 1942 3412 etiam
1970 3355 2134 3410 filium

557 3454 815 3510 Willelmi
871 3451 1111 3521 aliosque
1156 3451 1421 3520 cogebat,
1478 3448 1701 3519 regique
1760 3447 2131 3512 insidiabatur,

559 3547 719 3602 simul
741 3545 813 3577 ⁸⁷⁸
863 3560 983 3599 cum
1008 3541 1218 3597 Setrico
1247 3556 1371 3611 rege
1404 3555 1632 3610 pagano,
1662 3554 1984 3609 congressus
2012 3553 2134 3594 eum

484 3639 491 3646 ”
560 3637 642 3694 eis
664 3633 1038 3692 interemit”
1072 3650 1087 3700 ;
1115 3641 1166 3692 et
1190 3632 1416 3687 Erluino
1444 3630 1743 3685 Rodomum
1767 3631 2135 3696 committens,

558 3729 851 3786 revertitur
911 3726 979 3780 ad
1027 3723 1411 3794 Compendium
1443 3764 1458 3790 ,
1511 3721 1598 3776 ubi
1653 3735 1774 3776 eum
1819 3720 2139 3791 expectab.t

560 3824 715 3895 Ηυεο
751 3823 854 3877 dux
890 3835 1012 3876 cum
1055 3818 1342 3888 nepotibus
1388 3805 1838 3879 suis,‘}leriberti
1883 3815 2028 3878 filiis,
2071 3815 2137 3868 de

558 3914 756 3986 quibus
775 3910 1097 3981 recipiendis
1124 3908 1373 3978 frequens
1393 3906 1697 3976 agitabatur
1719 3906 1964 3961 intentio.
1988 3903 2136 3971 Quo-

558 4023 681 4063 rum
722 4018 817 4060 rex
847 4002 1075 4072 priurum
1105 4009 1229 4054 tune
1259 3997 1538 4069 Hugonem
1564 3996 1896 4066 episcopum,
1929 3996 2134 4050 media-

559 4097 768 4152 toribus
820 4094 1033 4150 Othone
1067 4092 1202 4146 duce
1246 4090 1676 4144 Lotbariensium
1706 4098 1761 4143 et
1799 4086 2137 4142 Adellierone

560 4188 811 4258 praesule,
845 4183 1065 4253 llugone
1109 4196 1322 4251 quoque
1347 4181 1481 4235 duce
1510 4181 1777 4251 praecipue
1827 4181 2135 4248 insistente,

565 4277 790 4347 recepit,
818 4289 883 4330 eo
914 4283 1117 4337 tenore,
1142 4280 1202 4325 ut
1222 4272 1472 4333 abbatize,
1496 4285 1632 4340 quas
1660 4271 1943 4327 dimiserat
1965 4273 2038 4312 ⁸⁷⁸
2070 4275 2135 4329 ad

535 4378 747 4435 “regem
779 4362 1072 4435 profectus,
1126 4359 1347 4415 Artoldo
1387 4358 1460 4391 ⁵⁷⁸
1504 4359 1756 4429 episeopo
1785 4362 2133 4417 restitueren-

564 4469 698 4521 tnr;
769 4452 912 4507 aliud
969 4452 1133 4506 etiam
1183 4449 1511 4519 episcopium
1569 4449 1668 4518 ipsi
1716 4450 2130 4518 provideretur;

2237 3271 2397 3335 berti,
2431 3279 2487 3325 et
2517 3267 2831 3340 Ragenoldo
2861 3264 3105 3328 dederat,
3145 3260 3451 3333 proditione
3473 3255 3793 3328 quorundam

2235 3360 2630 3431 oppidanorum
2654 3356 2841 3431 fideles
2882 3354 3026 3425 regis
3061 3358 3343 3423 ceperunt,
3372 3348 3556 3403 occiso
3598 3344 3794 3399 Andre:

2237 3452 2491 3521 qundam,
2528 3449 2623 3520 qui
2675 3447 2804 3502 illud
2854 3445 3072 3501 tenebat
3117 3442 3184 3496 ad
3219 3440 3531 3494 fidelitatem
3580 3435 3793 3490 filiorum

2237 3540 2530 3605 lleriberti,
2581 3538 2674 3594 sed
2727 3545 2783 3593 et
2826 3534 3103 3607 proditore
3150 3530 3220 3586 ab
3267 3527 3485 3583 Andr-en
3515 3531 3795 3596 perempto.

2239 3632 2650 3688 Ambianensem
2683 3642 2897 3698 quoque
2928 3625 3138 3689 urbem,
3168 3618 3327 3692 quam
3359 3615 3708 3674 tenebat'Odo
3732 3610 3792 3644 "‘

2210 3722 2382 3777 'filius
2426 3717 2717 3784 lleriberti,
2772 3716 2987 3772 favente
3023 3712 3251 3768 Deroldo
3284 3709 3559 3781 episcopo,
3613 3713 3669 3760 et
3703 3712 3796 3757 tra-

2237 3815 2487 3870 dentibus
2533 3812 2700 3883 ipsius
2750 3808 2985 3880 episcopi
3011 3806 3290 3867 fidelibus,
3330 3799 3615 3856 domestici
3665 3794 3788 3865 regis

2239 3907 2525 3975 recipiunt.
2554 3905 2636 3959 Ex
2653 3902 2848 3974 quibus
2877 3901 3038 3957 rebus
3059 3899 3130 3952 ita
3153 3895 3318 3968 gestis
3345 3892 3594 3947 exoritur
3620 3888 3792 3942 iterum

2237 3998 2507 4055 discordia
2548 3998 2690 4051 inter
2720 4009 2900 4064 regem
2936 4000 2992 4047 et
3041 3989 3180 4043 filios
3218 3983 3514 4040 lleribcrti.
3544 3979 3682 4037 Otho
3702 3976 3795 4031 dux

2254 4089 2691 4146 Lothariensium
2717 4086 2825 4140 vita
2851 4082 3103 4140 decessit.
3130 4080 3282 4150 [lugu
3315 4079 3424 4133 dux
3446 4096 3449 4099 ·
3476 4075 3785 4129 Francorum

2237 4195 2360 4235 cum
2390 4176 2736 4234 Nortmannis
2773 4167 2990 4245 pactum
3028 4171 3207 4226 firmat
3233 4169 3323 4233 ⁸⁹⁷,
3363 4167 3512 4222 datis
3546 4164 3793 4228 utrimque

2236 4281 2293 4327 et
2327 4269 2563 4340 acceptis
2599 4266 2876 4324 obsidibus
2905 4280 2920 4329 ;
2953 4263 3185 4331 indeque
3228 4256 3620 4329 profectionem
3653 4254 3793 4340 para:

2236 4376 2358 4416 cum
2388 4334 2508 4414 ﬁliis
2558 4354 2847 4419 lleriberti,
2876 4352 3089 4408 obviam
3122 4348 3464 4420 profecturus
3508 4340 3708 4400 Oddoni
3731 4334 3795 4368 ⁵⁸⁸

2240 4450 2351 4520 regi
2383 4450 2437 4503 in
2469 4463 2693 4518 regnum
2748 4444 3009 4500 Lotlrarii.
3059 4440 3165 4496 Sed
3218 4440 3358 4495 idem
3400 4452 3497 4492 rex
3528 4435 3789 4489 adventum

562 4544 821 4601 fratribus
840 4556 1054 4611 quoque
1072 4546 1124 4594 et
1145 4537 1459 4609 propinquis
1478 4538 1594 4609 ejus
1615 4540 1870 4617 lignores,
1906 4556 2041 4610 quos
2066 4557 2133 4597 ex
2163 4528 2211 4585 Ι)
2239 4558 2395 4598 suum
2425 4538 2698 4601 differens,
2727 4537 3111 4591 llerimannum
3150 4532 3419 4603 quendam
3474 4529 3661 4582 ducem
3686 4531 3790 4574 eum

561 4637 872 4708 episcopatu
899 4630 1149 4686 Remensi
1184 4629 1506 4693 habuerant,
1539 4629 1910 4685 redderentur.
1941 4631 2133 4687 Postea

563 4725 731 4783 ceteri
778 4736 992 4793 quoque
1030 4719 1125 4773 filii
1175 4717 1439 4773 Heriberti
1483 4718 1695 4772 comitis
1738 4720 2071 4791 recipiuntur
2106 4737 2137 4774 a

2243 4631 2447 4702 ingenti
2471 4631 2654 4700 dirigit
2687 4629 2951 4683 exercitu.
3005 4623 3322 4678 Ludowicus
3351 4635 3469 4683 rex,
3501 4630 3634 4687 pace
3672 4612 3789 4665 facta

2244 4722 2387 4775 inter
2424 4718 2702 4774 Eilninum
2742 4726 2799 4771 et
2845 4712 3148 4777 Arnulfum,
3201 4718 3440 4765 castrum
3492 4703 3792 4760 Arnbianen-

1876 4876 1954 4931 VA
1967 4877 2101 4932 “LE
2142 4875 2542 4932 LECTIONES.

562 5070 563 5073 η
632 5015 709 5092 ’ξυ
756 5006 1421 5092 et“Bieliardusuprimus
1462 5016 1746 5071 sueeessrt,
1787 5010 1877 5080 qui
1906 5008 2251 5064 Normaniam
2299 5006 2440 5063 dono
2483 5005 2624 5076 regis
2665 5001 2919 5058 Ludovici
2956 4999 3188 5092 ogtinmt
3219 4994 3373 5092 Ruga
3395 4992 3495 5092 ξ.
3512 4991 3785 5092 Jama]?

1044 5087 1050 5092 .
1463 5090 1471 5092 _
1533 5078 1565 5092 η
1605 5077 1634 5092 η
1735 5079 1800 5092 ...-
2029 5089 2036 5092 .
2069 5082 2102 5092 Α
2139 5080 2168 5092 α
2216 5078 2259 5092 ι.
2310 5077 2343 5092 ιι
2424 5076 2490 5092 ιι·
2523 5078 2533 5092 ι
2594 5078 2624 5092 ιι
2668 5091 2676 5092 ,
2725 5075 2831 5092 εμμμ
2860 5078 2888 5092 ο
3018 5082 3294 5092 ,......---...«.
3650 5071 3719 5092 -ισι
3767 5067 3785 5092 ἱ

568 5099 622 5144 Ι·
646 5087 700 5142 5-
757 5058 844 5116 vi"
1127 5058 2282 5149 V—A’égaiigiacoé:
2299 5058 2493 5130 [ﬁlim
2519 5058 3035 5149 lgdliu‘nicusﬁu'"
3047 5058 3367 5149 tigres-sitsi
3403 5064 3495 5149 I‘"
3512 5062 3579 5149 Hp.

607 5128 622 5142 ,
648 5123 700 5142 .,,
863 5123 875 5134 .
902 5123 1025 5133 .,...-
1048 5123 1098 5132 -.
1293 5123 1356 5129 κ--
1400 5123 1511 5130 ---ν
1536 5123 1586 5131 -.
1606 5123 1657 5131 ν-
1818 5123 1947 5133 πη..
1990 5123 2044 5134 ...
2074 5123 2191 5134 -..η
2210 5123 2250 5132 --
2270 5123 2366 5131 .---
2521 5123 2831 5131 .ν-.--μ---ην
2868 5123 2886 5127 -

570 5123 725 5226 auge
744 5153 831 5226 V.-_
873 5123 938 5226 ἐς
957 5123 1288 5226 urbem
1351 5123 1811 5203 'g‘ebroieasiﬁ.
1868 5123 2156 5204 ωδεοκιῖ.
2218 5150 2605 5201 mtrurnonum
2628 5146 2729 5200 5b.
2782 5142 3042 5196 "‘adlurc
3056 5123 3112 5226 ὃς
3176 5133 3593 5226 "'sirrrulquefr.
3649 5123 3791 5224 mig’

1050 5224 1063 5226 -
1473 5215 1505 5226 ,ιι
1619 5217 1650 5226 ι.
1872 5220 1902 5226 ..
2002 5220 2067 5226 ---
2136 5220 2147 5226 -
2212 5218 2225 5226 .
2250 5219 2262 5226 .
2334 5218 2346 5226 .
2453 5216 2521 5226 ---
2553 5217 2564 5226 .
2699 5214 2732 5226 η
2783 5213 2813 5226 -
2912 5211 2976 5226 ι...
3116 5224 3128 5226 -
3162 5223 3223 5226 η-
3442 5208 3462 5226 ε
3491 5218 3517 5226 ρ
3542 5199 3721 5226 -..Αἶρε-ε
3752 5224 3765 5226 Α

697 5188 725 5209 υ
753 5188 770 5207 ,
796 5192 809 5205 .
957 5188 1007 5203 υ.
1023 5188 1139 5201 νυ...
1154 5188 1206 5201 ...
1222 5188 1275 5200 ν.
1433 5188 1676 5201 ww.-.”
1692 5188 1744 5202 -.
1762 5188 1811 5203 ν.
1953 5188 2031 5204 ..ιι
2045 5188 2087 5202 ...
2106 5188 2156 5203 -.
2304 5188 2342 5200 ..
2628 5188 2659 5199 ν
2677 5188 2729 5200 υ.
2870 5188 3041 5196 -η--η
3059 5188 3110 5194 νε
3264 5188 3279 5189 κ

805 5223 869 5297 2,
894 5220 946 5273 5.
998 5217 1094 5302 ⁸⁸⁷⁸
1124 5215 1553 5302 ςςξὶιιίιιιειιιίιὶιβἈ
1559 5217 1851 5284 reliquerat
1871 5220 1925 5273 ’5.
2000 5220 2070 5251 ⁸⁷⁸
2100 5218 2301 5287 altoldo
2327 5218 2377 5270 ‘l.
2451 5216 2523 5248 ⁵⁸⁸
2551 5217 2586 5269 Ι.
2617 5231 2661 5269 r.
2698 5213 2874 5302 1&5.”
2910 5211 2992 5302 ἐξ,
3007 5205 3313 5302 rationm}.
3391 5188 3462 5241 ἀἱ
3487 5188 3781 5302 clinicus:

870 5300 873 5301 ,
1481 5293 1493 5302 .
1653 5287 1720 5302 πο·
1936 5300 1941 5301 γ
2100 5289 2132 5302 Α
2184 5289 2214 5302 η
2313 5286 2381 5302 σοι
2428 5287 2442 5302 ι
2481 5287 2514 5302 .-
2593 5286 2605 5302 ι
2705 5292 2718 5302 ι
3213 5284 3234 5302 Ω
3287 5282 3592 5302 Αωνιο.1α1ηο
3624 5280 3734 5302 nihil

1249 5277 1290 5302 ι’
1422 5285 1434 5302 l
1459 5284 1493 5302 ·.
1519 5284 1553 5302 Λ
1653 5277 1720 5302 I3.
1936 5300 1941 5301 ,
2100 5284 2132 5302 λ
2184 5289 2214 5302 η
2313 5286 2381 5302 ..Δ
2428 5287 2442 5302 ι
2481 5287 2514 5302 .-
2593 5286 2605 5302 l
2705 5292 2718 5302 ι
2748 5283 2783 5302 Δ
2842 5281 2874 5302 η
2946 5279 2992 5302 ﬂ
3055 5278 3092 5302 ι)
3189 5277 3256 5302 ..⁸⁷

998 5289 1030 5302 Α

2705 5292 2718 5302 .
2748 5283 2783 5302 α
2842 5281 2874 5302 Ir
2946 5279 2992 5302 ﬂ
3055 5278 3092 5302 ι)
3189 5277 3256 5302 κατ
3287 5282 3592 5302 Amne-Iolcus!
3624 5269 3791 5302 “uenus
