3872 5326
160 223 243 286 ιει

1594 224 1922 285 ANNALES.

3267 226 3370 282 ισιι

161 341 282 403 sitim
308 342 476 400 eidem
501 340 718 397 Erluino
766 340 928 395 dedit.
980 340 1102 397 Filii
1133 340 1397 397 lleribcrti
1429 342 1697 411 quandam
1726 347 1779 406 Α
1803 344 1875 398 ibi
1930 345 2028 399 sub
2071 343 2311 413 equitum
2366 344 2544 413 specie
2587 345 2682 399 risi
2702 387 2715 408 ,
2749 347 2838 417 qui
2870 344 3167 401 mcclcsiant
3196 362 3371 417 quan-—

161 436 485 492 munitionem
529 432 739 487 Rudulli
781 432 850 466 ⁸³³
892 431 1169 499 cujusdam
1218 434 1391 490 ﬁdelis
1429 433 1700 490 Ludovvici

160 528 299 595 regis,
350 525 561 580 nomine
607 523 850 588 Clastris,
901 524 1061 582 sitam
1117 526 1171 580 in
1226 541 1362 597 pago
1407 524 1702 581 Veromau-

159 618 295 674 dinso
318 616 385 648 ‘”
412 614 710 686 proditione
748 616 988 685 capiunt.
1039 615 1107 670 Et
1132 616 1320 671 eodem
1368 615 1598 671 Rodnllo
1631 617 1698 648 ⁸⁸⁸

162 710 283 765 clem
330 707 611 772 madente,
666 707 948 761 thesauros
1002 706 1172 775 ipsius
1225 707 1487 762 invadunt
1541 715 1702 777 atque

161 798 412 868 diripiunt,
440 796 898 868 municipiumque
942 812 1168 853 vacuum
1196 799 1592 869 derelinquunt.

218 886 359 956 ﬁngo
381 886 488 940 dux
508 885 840 956 colloquium
862 885 1180 942 llerimanni
1209 888 1366 954 petit,
1385 888 1476 955 qui
1507 889 1701 944 missus

159 986 260 1035 erat
302 975 548 1033 obsidere
598 976 817 1031 castella
848 976 1101 1047 Ragnarii
1134 976 1204 1009 ⁶⁶²
1240 992 1306 1032 ac
1352 977 1563 1032 Rodulli
1593 977 1703 1033 fra-

161 1064 590 1129 trum,Ludowici
614 1067 754 1137 regis
780 1065 1017 1122 ﬁdelium
1047 1082 1063 1130 ;
1109 1066 1199 1136 qui
1230 1066 1518 1122 resistendi
1544 1066 1702 1122 Heri-

160 1173 332 1214 manno
366 1158 673 1228 praesidium
694 1173 798 1212 non
822 1157 1107 1223 habentes,
1134 1158 1372 1223 veniam,
1411 1158 1553 1213 datis
1581 1174 1699 1213 mu-

159 1251 350 1304 neribus
398 1247 705 1311 multis,-ab
730 1246 951 1304 Oddone
1003 1263 1131 1321 rege
1175 1249 1245 1282 ⁸⁸³
1290 1249 1608 1320 deposcunt.
1652 1250 1702 1305 ls

156 1341 374 1411 equidem
429 1340 691 1416 palatium
736 1340 912 1411 Aquis
961 1341 1270 1405 deveniens,
1325 1356 1447 1395 cum
1492 1340 1700 1396 Letha-

162 1430 393 1484 riensibus
421 1429 744 1499 colloquium
772 1428 979 1485 habuit.
1025 1429 1123 1484 Ubi
1154 1429 1303 1484 missi
1339 1430 1484 1499 regis
1521 1428 1703 1484 Ludo-

158 1521 278 1580 wici.
306 1519 393 1575 sed
419 1530 475 1575 et
504 1518 744 1589 llugonis
766 1519 917 1574 ducis
970 1518 1130 1589 legati
1160 1519 1227 1572 al
1257 1535 1380 1573 eum
1416 1528 1698 1573 venerunt.

161 1615 239 1682 Qui
262 1613 451 1685 legatos
485 1615 629 1685 regis
653 1615 947 1669 honoriﬁce
980 1614 1299 1685 suscipiens,
1327 1613 1519 1684 legatis
1540 1630 1700 1670 aver-

158 1703 434 1758 sabatnrm
468 1705 621 1759 ducis
662 1721 676 1769 ;
728 1706 901 1760 donec
932 1705 1207 1761 Monaeses
1237 1706 1478 1774 quidam,
1500 1707 1698 1762 missus
1729 1695 1771 1754 Β

155 1795 380 1865 ‘llngonis,
413 1796 603 1851 videns
657 1797 866 1868 legatos
919 1795 1195 1853 Ludowici
1246 1798 1400 1854 valde
1448 1798 1699 1869 legationi

161 1901 249 1941 Siue
271 1887 512 1942 adversus
533 1888 790 1954 existere,
827 1890 1077 1943 mandato
1129 1891 1372 1957 qumdam
1393 1889 1466 1923 “'
1498 1890 1598 1945 sibi
1634 1892 1702 1945 ab

159 1978 243 2030 boc
260 1990 373 2047 rege
413 1977 536 2030 data
579 1993 752 2047 nuper
785 1976 851 2031 ad
888 1978 1062 2048 ipsutn
1091 1977 1370 2034 Oddoncm
1420 1979 1490 2012 ⁸⁸⁸
1527 1979 1703 2050 perfe-

154 2068 315 2130 renda,
359 2083 475 2139 qum
508 2064 593 2101 “7
623 2070 1012 2141 prius-aperire
1063 2071 1331 2135 noluerat,
1376 2072 1429 2127 in
1467 2072 1700 2128 medium

156 2161 373 2226 protulit;
410 2163 656 2229 pandens
680 2162 1128 2231 exprobrationes
1150 2179 1254 2217 non
1286 2163 1544 2226 modicas,
1567 2177 1702 2234 quas

162 2248 239 2303 sibi
264 2266 343 2305 rex
369 2250 695 2307 Ludowicus
728 2252 937 2308 Oddoui
984 2254 1094 2324 regi
1135 2253 1206 2287 ⁸⁸⁸
1234 2253 1473 2324 perferre
1500 2269 1703 2324 praeco

164 2346 301 2402 perat,
321 2340 453 2408 quod
480 2340 693 2395 scilicet
716 2341 962 2412 periurus
1005 2351 1151 2399 esset
1169 2342 1319 2398 Oddo
1342 2344 1408 2397 de
1428 2342 1703 2407 jnramen-

158 2428 217 2479 tis
234 2444 335 2497 qum
356 2430 647 2485 Ludowico
693 2432 995 2500 juraverat,
1044 2433 1282 2489 adiciens
1328 2433 1512 2489 etalia
1553 2434 1702 2490 iide-

162 2534 260 2571 cora
283 2521 551 2575 nonnulla.
610 2521 819 2588 Quibus
864 2523 1151 2579 admodum
1203 2535 1478 2595 permotus
1528 2525 1701 2593 Oddo,

164 2610 321 2665 missos
346 2610 647 2677 Ludowici,
674 2614 799 2681 quia
833 2613 1012 2668 verbis
1050 2613 1298 2669 Manassc
1330 2617 1703 2672 contradicere

164 2717 245 2754 neu
288 2703 561 2769 valebant,
614 2704 852 2759 abiciens
877 2745 892 2769 ,
935 2703 1140 2775 legatos
1184 2704 1422 2775 llugouis
1468 2707 1704 2763 ltouora-

160 2792 527 2860 biliterbabuit,
582 2809 879 2864 omnesque
906 2796 1007 2849 sibi
1049 2796 1229 2852 tldeles
1268 2798 1337 2852 ab
1361 2799 1562 2853 auxilio
1607 2815 1700 2854 seu

160 2886 527 2957 participatione
577 2886 649 2919 "’
702 2886 981 2943 Ludowici
1032 2902 1152 2943 sese
1203 2891 1523 2945 submovere
1573 2905 1705 2961 pra:-

162 2979 289 3047 cepit.

210 3067 260 3122 ln
282 3056 807 3126 Transrhenensibus
823 3070 1131 3127 Germaniae
1154 3071 1461 3144 regionibus
1483 3073 1699 3143 quidam
1729 3048 1775 3108 (ἶ

165 3157 290 3214 homo
314 3170 439 3224 erat,
472 3160 561 3215 cui
610 3176 805 3216 manus
829 3163 1011 3217 abcisa
1035 3163 1103 3195 ⁶¹⁰
1135 3161 1333 3227 fuerat,
1368 3172 1423 3218 et
1450 3173 1571 3233 post
1605 3180 1702 3218 an—

165 3262 241 3302 nos
258 3252 670 3318 quatuordecim,
703 3253 842 3306 sicut
868 3260 1118 3307 asserunt
1142 3252 1233 3322 qui
1264 3269 1386 3308 eum
1416 3264 1699 3319 noverunt,

166 3336 310 3391 subito
327 3338 443 3392 dum
473 3349 638 3394 nocte
666 3337 1042 3407 mdormiret,
1069 3342 1121 3396 ci
1151 3357 1216 3397 ex
1255 3342 1464 3413 integro
1495 3351 1705 3399 restau-

166 3435 255 3480 NL]
280 3427 340 3460 ⁶¹¹
368 3439 466 3484 est.
512 3428 579 3484 In
608 3431 810 3486 eisdem
836 3431 906 3463 ⁸⁸³
932 3431 1171 3502 partibus
1196 3441 1294 3503 per
1320 3432 1579 3502 quosdam
1610 3449 1704 3503 pa-

166 3530 238 3583 gos
257 3518 378 3588 ignei
407 3520 546 3590 globi
597 3519 728 3575 ferri
754 3520 824 3553 ““
855 3522 1176 3578 videbantur
1209 3524 1263 3577 in
1295 3538 1451 3588 aere,
1505 3524 1704 3595 quique

161 3610 403 3665 nonnullas
429 3613 498 3644 ⁶¹¹
534 3613 646 3667 illic
698 3612 1151 3669 circumvolantes
1204 3615 1560 3672 incenderunt
1603 3618 1704 3672 do-

167 3712 257 3753 mes
277 3718 329 3754 ae
357 3703 422 3735 ⁶¹⁶
440 3705 630 3771 villas;
664 3722 693 3760 a
719 3706 787 3737 ⁸⁸⁷
818 3707 1135 3776 quibusdam
1164 3723 1293 3762 vero
1337 3708 1492 3772 locis,
1530 3710 1704 3765 cruci-

158 3785 646 3864 ‘bttsmuppttsilis,
700 3811 821 3851 cum
872 3797 1246 3853 benedictione
1293 3800 1581 3870 cpiscripali
1650 3809 1707 3855 et

167 3890 274 3946 aqua
319 3881 591 3939 benedicta
630 3884 1046 3954 repellebantur.
1082 3887 1234 3958 Regii
1268 3889 1464 3943 milites
1493 3890 1704 3959 episco-

165 3976 314 4031 patum
361 3970 682 4030 Remeusem
739 3975 1136 4045 deprcedantur,
1187 3987 1241 4033 et
1290 3978 1381 4033 lilii
1433 3978 1702 4035 llcriberti

170 4057 397 4116 abbatiam
426 4065 602 4120 sancti
631 4064 896 4135 Crispini,
926 4066 1266 4138 Ragenoldus
1297 4083 1510 4139 quoque
1537 4069 1704 4125 abba-
1746 4107 1751 4111 -

172 4148 272 4202 tiam
316 4156 479 4210 sancti
509 4155 750 4212 Iledardi
775 4174 790 4223 ;
822 4158 1005 4228 sicque
1031 4159 1309 4216 alterutris
1337 4161 1708 4218 debachantnr

166 4240 336 4306 rapinis
394 4254 556 4314 atque
610 4246 1116 4317 depraedationibus.
1177 4249 1491 4321 Tempestas
1542 4252 1705 4306 nimia

170 4322 281 4380 facta
323 4340 400 4387 est
444 4335 498 4388 in
536 4349 677 4406 pago
711 4334 1012 4401 Parisiaco,
1040 4345 1095 4392 et
1124 4340 1280 4393 turbo
1310 4341 1709 4395 vehementissi-

1805 434 1925 488 dam
1951 432 2044 496 ⁸³³,
2071 448 2190 502 quae
2220 433 2461 502 proxima
2492 434 2688 499 stabat,
2719 435 3056 491 destrttentes
3074 477 3088 500 ,
3115 436 3231 505 ejus
3260 446 3357 492 tra-

1803 523 1918 597 bes,
1950 524 2258 578 memoratis
2286 523 2578 593 parietibus
2605 525 2673 557 ⁶¹⁸
2705 526 3029 582 ineusserint
3070 529 3166 594 m,
3196 545 3260 584 ac
3290 533 3371 585 sic

1801 628 1895 669 ens
1925 614 2255 679 subrtterint,
2286 615 2469 670 vineas
2499 631 2710 686 quoque
2740 619 2935 673 montis
2963 619 3129 689 ipsius
3156 620 3368 679 evulsa-

1803 703 1927 764 rinl.
1961 712 2015 757 et
2043 704 2223 758 omnia
2252 713 2370 758 sata
2401 707 2748 760 vastaverint.

1872 793 2171 851 Subsecnta
2199 810 2324 850 mox
2351 794 2651 851 Brittnnnm
2674 799 2949 868 pernities.
2978 803 3067 871 qui
3103 804 3371 862 discordia

1800 885 1943 940 inter
1988 900 2047 939 se
2090 884 2388 954 principum
2446 884 2754 958 Berengarii
2800 900 2854 944 et
2896 891 3047 946 Alani
3106 896 3286 963 divisi,
3337 916 3368 954 a

1802 973 2166 1038 Nortmannis,
2193 990 2315 1029 cum
2345 974 2537 1045 quibus
2567 987 2781 1048 pactum
2805 981 3058 1046 inierant.
3086 989 3295 1054 pervasi
3318 1000 3374 1046 et

1802 1079 1994 1134 magna
2041 1073 2168 1119 sunt
2215 1066 2360 1120 ea‘de
2395 1066 2564 1120 attriti
2604 1068 2693 1123 θ’δ.
2724 1068 2927 1127 Civitas
2974 1088 3161 1130 eorum
3210 1078 3374 1134 Dolus

1800 1155 2019 1217 nomine
2071 1164 2247 1225 capta,
2280 1158 2639 1228 etepiseopus
2686 1161 2924 1232 ejusdem
2954 1167 3372 1240 confugientium

1802 1244 1854 1300 in
1885 1245 2182 1303 azcclesiam
2233 1247 2631 1305 multitudinum
2679 1254 2965 1323 stipatione
2992 1274 3281 1330 oppressus
3319 1274 3376 1320 et

1801 1344 2057 1391 euocatus
2086 1345 2187 1392 est.
2235 1336 2521 1407 Reparatis
2569 1340 2798 1412 denique
2847 1344 3117 1404 Brittones
3171 1352 3375 1407 viribus

1801 1435 2072 1481 certamen
2103 1425 2290 1481 ineunt
2311 1468 2325 1491 ,
2360 1428 2413 1481 in
2446 1444 2552 1497 quo
2582 1433 2889 1500 superiores
2919 1436 3265 1498 Nortmannis
3286 1460 3374 1498 cx.

1800 1516 2001 1572 stitisse
2030 1514 2099 1547 ⁶¹⁸
2133 1515 2228 1569 visi
2283 1525 2427 1570 sunt.
2489 1517 2672 1574 Tertia
2718 1524 2937 1578 tandem
2993 1533 3375 1600 congressione

1802 1606 1932 1661 inita
1964 1607 2055 1671 "°,
2085 1621 2275 1676 magna
2305 1623 2369 1663 ex
2402 1617 2627 1679 utraque
2664 1624 2820 1681 parte
2850 1614 2917 1647 ’π
2946 1619 3143 1674 cecidit
3188 1624 3373 1678 multi-

1801 1698 1958 1764 tudo;
1992 1698 2211 1753 victoria
2244 1714 2369 1752 vero
2394 1701 2551 1769 potiti
2582 1701 2930 1770 Nortmanni,
2969 1706 3237 1768 Brittones
3277 1730 3373 1768 us-

1800 1803 1906 1856 que
1939 1788 2005 1842 ad
2034 1786 2449 1842 interneﬁonem
2489 1789 2698 1844 caedunt
2728 1802 2783 1846 et
2807 1792 2877 1825 ⁶²⁸
2899 1809 2928 1847 a
2963 1804 3105 1852 terra
3133 1798 3371 1868 ipsorum

1802 1878 2137 1947 dispertiunt.
2161 1878 2383 1949 Ipsique
2410 1877 2727 1937 Nortmauni
2752 1924 2766 1948 ,
2812 1885 2901 1954 qui
2936 1902 3105 1957 nuper
3133 1904 3164 1943 a
3195 1900 3372 1946 trans-

1803 1973 2027 2028 marinis
2052 1972 2386 2028 advenerant
2410 1972 2478 2005 δ”
2507 1975 2837 2044 regionibus,
2868 1993 3055 2034 eorum
3099 1990 3272 2038 terras
3303 1983 3373 2016 ⁸³⁸

1801 2066 2080 2121 invadunt.
3112 2110 3122 2118 .
3344 2076 3347 2081 '

1870 2155 2189 2211 Ludowicus
2216 2171 2314 2212 rex
2344 2153 2395 2211 in
2422 2166 2621 2212 terram
2658 2157 3111 2217 Nortmannorum
3153 2163 3372 2235 proﬁci-

1801 2249 1972 2301 scitur
1996 2263 2118 2301 cum
2149 2247 2373 2304 Arnulfo
2394 2257 2446 2303 et
2482 2247 2704 2305 Erluino
2732 2262 2784 2306 et
2813 2253 3133 2321 quibusdam
3170 2254 3375 2325 episcn.

1802 2338 1884 2405 pis
1929 2334 2172 2391 Francia:
2198 2351 2260 2390 ac
2286 2335 2627 2406 Burgundite.
2666 2338 2925 2395 Arnull‘us
2958 2342 3139 2412 itaque
3183 2360 3376 2413 prace-

1802 2428 1934 2481 deus
1965 2442 2168 2498 regem,
2194 2428 2452 2505 quosdam
2480 2427 2956 2497 Nortmannorum,
2987 2435 3076 2503 qui
3106 2438 3376 2491 custodias

1801 2518 2155 2571 observabant
2181 2517 2320 2588 apud
2347 2519 2512 2574 Arcas
2535 2518 2666 2590 (9:2),
2696 2519 2852 2587 fudit,
2875 2531 2929 2577 et
2952 2524 3061 2593 regi
3089 2528 3373 2581 transitum

1780 2608 2152 2679 preparavit;
2203 2608 2389 2678 sicque
2438 2625 2532 2663 rex
2586 2609 2882 2665 llodomum
2937 2615 3283 2683 perveniens,
3340 2635 3374 2672 a

1802 2694 2150 2751 Nnrtmannis
2199 2696 2250 2750 in
2296 2697 2430 2752 urbe
2487 2698 2810 2768 suscipitur;
2860 2702 3176 2770 quibusdam
3230 2696 3378 2762 mare|

1803 2788 2106 2858 petentibus
2139 2788 2228 2857 qui
2260 2802 2382 2842 cum
2414 2789 2669 2844 nolebant
2702 2792 2962 2862 recipere,
2986 2795 3180 2852 ceteris
3203 2797 3380 2853 omnin

1804 2880 1901 2934 bus
1926 2878 2026 2934 sibi
2054 2877 2372 2950 subiugatis.
2398 2880 2547 2952 llugo
2567 2881 2671 2935 dux
2694 2898 2816 2937 cum
2845 2884 2956 2939 suis
2976 2893 3033 2939 et
3058 2886 3376 2956 quibusdam

1803 2969 2121 3040 Burguuditc
2143 2969 2457 3039 proceribus
2488 2980 2633 3026 trans
2659 2972 2964 3044 Sequanam
3004 2976 3207 3034 faciens
3252 2980 3378 3047 iter,

1804 3055 2028 3127 Bajucas
2057 3073 2228 3128 usque
2254 3061 2524 3127 pervenit,
2577 3070 2632 3115 et
2658 3062 2931 3118 civitatem
2956 3066 3189 3130 obsedit,
3215 3083 3377 3139 quam

1800 3162 1895 3201 rex
1943 3147 1991 3201 ei
2028 3147 2268 3213 dederat,
2318 3150 2360 3203 si
2409 3166 2530 3204 eum
2566 3151 2632 3205 ad
2685 3153 3049 3210 subiciendam
3098 3158 3199 3212 sibi
3241 3159 3381 3215 hanc

1801 3236 2256 3293 Nnrtmannorum
2306 3250 2516 3311 gentem
2569 3242 2864 3312 aljuvaret.
2899 3245 3168 3318 Receptus
3193 3260 3376 3306 autem

1803 3344 1899 3384 rex
1925 3345 1955 3383 a
1986 3329 2365 3396 Nortmannis,
2397 3333 2617 3388 mandat
2644 3334 2799 3402 duci,
2836 3346 2891 3390 ut
2922 3353 2950 3390 a
2983 3337 3217 3409 praelata:
3242 3341 3377 3396 civi-

1804 3423 1929 3479 tatis
1953 3424 2237 3479 obsidione
2261 3423 2518 3481 discedat.
2546 3426 2663 3493 Quo
2690 3428 3018 3493 discedente,
3050 3446 3144 3485 rex
3177 3432 3228 3486 in
3255 3447 3373 3488 eam

1804 3514 2131 3584 ingreditur;
2162 3515 2302 3571 unde
2350 3524 2404 3570 et
2456 3516 2737 3573 discordize
2782 3516 2953 3573 fomes
3004 3520 3145 3575 inter
3194 3535 3374 3592 regem

1801 3604 2415 3671 concitatnretducetn;
2448 3607 2540 3661 sed
2569 3615 2742 3678 etprn
2775 3624 2839 3663 eo
2863 3611 3004 3681 quod
3036 3625 3127 3665 rex
3161 3612 3377 3667 obsides

1804 3698 1873 3752 ab
1902 3686 2320 3759 Ebrocensibus.
2351 3700 2443 3767 qui
2466 3698 2674 3769 ilugoui
2706 3702 2904 3756 subditi
2935 3712 3112 3768 erant,
3146 3704 3377 3777 accepit,

1804 3805 1940 3860 quos
1972 3790 2147 3844 eidem
2180 3789 2298 3845 duci
2329 3791 2552 3845 reddere
2583 3791 2769 3845 noluit.
2802 3792 2957 3846 Anno

2411 3878 2768 3936 DCCCCXLV

1767 3983 1776 3991 ‘
1805 3973 1983 4028 adhuc
2012 3986 2141 4043 rege
2172 3971 2457 4027 Lttdowfco
2493 3968 2560 4003 ⁶³¹
2600 3973 2740 4042 apud
2783 3971 3093 4028 Rodomum‘
3130 3974 3383 4043 degente,

1804 4060 2077 4134 Gerberga
2127 4063 2313 4132 regina
2342 4061 2509 4115 ﬁlium
2528 4061 2784 4116 ‘Laudnni
2816 4063 3056 4133 peperit,
3083 4065 3174 4135 qui
3203 4065 3377 4120 Karo-

1809 4155 1890 4207 Ius
1924 4153 1994 4206 ad
2029 4150 2434 4206 catezizandum
2460 4150 2528 4182 ⁸³⁸
2569 4150 2834 4207 vocitatus
2860 4151 2928 4183 ⁸³³
2957 4162 3059 4206 est.
3110 4152 3385 4208 Reversus

1810 4258 1906 4296 rex
1933 4241 2272 4300 Laudunum,
2326 4250 2380 4293 et
2409 4255 2530 4294 cum
2577 4240 2805 4295 Arnulfo
2849 4241 3079 4306 locutus,
3108 4243 3388 4313 dispositis

1808 4329 2124 4402 quibusdam
2158 4332 2349 4394 rebus,
2378 4330 2676 4385 Rodomum
2707 4333 3029 4405 regreditur.
3052 4333 3123 4388 At
3149 4335 3387 4390 Bernar-

174 4428 283 4483 tuus,
304 4434 400 4489 quo
428 4403 667 4493 parietes
711 4425 989 4496 cujusdam
1046 4429 1236 4483 domus
1279 4431 1665 4501 antiquissimae
1686 4474 1702 4495 ,
1737 4403 1784 4460 Β
1809 4427 1911 4477 dus
1937 4422 2360 4477 Silvancctcnsis
2385 4436 2565 4476 comes
2592 4421 2953 4479 etTetbaldus
2966 4423 3297 4480 Turonensis
3315 4425 3388 4459 ‘“

169 4506 241 4571 qui
266 4506 325 4541 “'
346 4513 674 4571 validissimo
700 4517 994 4572 constructi
1023 4516 1092 4550 ⁸²⁰
1122 4529 1369 4574 cemento
1423 4522 1476 4575 in
1520 4537 1646 4576 mon
1673 4538 1706 4576 e

171 4600 241 4664 qui
266 4602 772 4682 diciturMartyrum
800 4612 911 4683 (91)
948 4614 1039 4666 di“
1075 4613 1427 4681 l‘crs‘iwram
1460 4613 1664 4667 immo”
1687 4654 1701 4676 '

170 4683 372 4751 funditus
399 4707 523 4753 sunt
544 4702 740 4758 eversi.
778 4702 1045 4759 Feruntur
1069 4713 1247 4758 autem
1277 4706 1551 4759 dasmoncs
1579 4711 1705 4758 tunc

1808 4529 1931 4567 cum
1957 4511 2240 4567 Heriberto
2265 4511 2545 4566 castellum
2589 4513 2732 4580 regis
2757 4513 3140 4569 Montiuiacum
3170 4517 3385 4585 pascha-

1809 4605 1996 4658 diebus
2019 4603 2280 4673 aggressi,
2305 4601 2546 4670 capiunt,
2570 4602 2961 4663 iucendunt‘”,
2986 4603 3225 4658 diruunt.
3240 4604 3385 4660 Idem

1808 4711 2023 4767 quouue
2071 4694 2377 4749 Bernardus
2424 4700 2709 4748 venatores
2757 4703 2811 4766 et
2856 4708 3021 4749 canes
3066 4695 3207 4766 regis
3234 4695 3388 4749 inva-

1422 4833 1460 4887 κ’
1472 4833 1650 4888 ΑΜΕ
1689 4832 2087 4891 LECTIONES.

226 4931 471 4995 I"radulli
490 4942 547 4997 2.
577 4940 629 4998 5.
693 4944 765 4977 ⁶⁰⁰
800 4943 1212 4999 veromandiuse
1239 4959 1377 5001 corr.
1399 4946 1822 5001 veroruaudense
1853 4946 1903 4999 Ι.

174 5013 320 5082 τςεθιιι
346 5010 398 5061 2.
421 5014 474 5066 5.
547 5013 617 5044 ⁸ο*
641 5014 1024 5070 adversabatur
1048 5013 1104 5068 2.
1128 5013 1182 5067 5.
1259 5014 1328 5046 ⁶⁰⁵
1358 5014 1499 5069 deest
1523 5013 1578 5067 5.
1636 5016 1726 5063 ,επ
1753 5017 1980 5070 odoncm
2008 5012 2200 5081 πρίω
2223 5016 2276 5069 2.
2299 5014 2353 5069 5.
2429 5013 2499 5046 ⁶⁰⁷
2523 5010 2697 5081 ψιῖε.
2773 5015 2844 5047 ⁸⁸⁸
2870 5015 3009 5068 deest
3041 5017 3095 5069 5.

174 5077 287 5139 μιψ.
327 5094 454 5133 corr.
487 5083 737 5139 particin.
773 5085 819 5138 l.
895 5087 963 5116 “°
990 5083 1228 5136 abscissa
1258 5083 1313 5137 2.
1339 5083 1392 5138 5.
1481 5084 1550 5114 ⁸¹¹
1580 5094 1739 5139 noctu
1765 5085 1820 5139 ‘2.
1856 5084 1909 5137 5.
2001 5083 2333 5138 “restituta
2363 5085 2452 5139 5δ.
2544 5081 2614 5115 ⁸⁸³
2635 5083 2824 5139 iisdem
2853 5084 2907 5138 5.
2991 5083 3095 5137 “"1

1580 5099 1739 5139 ηοριιι
1765 5099 1820 5139 2.
1856 5099 1909 5137 Ο.

1684 5156 1753 5187 ⁶¹⁸
1788 5154 2034 5211 cruribus
2063 5151 2116 5205 2.

174 5070 287 5170 ξεῖν.
327 5094 465 5170 corr...
487 5083 819 5170 patzticipL}.
895 5087 963 5170 2°
989 5083 1228 5170 abscissa
1258 5083 1313 5137 2.
1339 5083 1392 5138 5.

188 5150 230 5222 ξ’
267 5150 533 5222 nonnullos
568 5153 620 5207 1.
682 5150 780 5185 ’⁸⁸⁸
811 5164 866 5210 et
900 5154 955 5211 2.
989 5155 1042 5207 5.
1115 5151 1184 5183 ⁹¹⁷
1213 5168 1279 5207 ex
1308 5170 1445 5209 corr.
1473 5170 1501 5206 a
1536 5154 1585 5207 l.

1982 4944 2057 4975 “"
2080 4941 2289 4999 radnlt'o
2314 4942 2365 4998 2.
2444 4943 2515 4975 ’θ’
2544 4944 2815 5013 ragenarii
2836 4945 2892 4998 5.
2966 4944 3036 4976 ⁸⁸³
3063 4945 3129 4999 ad
3157 4945 3389 5001 odoncm

2012 5012 2200 5046 .mnin.
2223 5016 2256 5046 0
2299 5014 2332 5046 1
2429 5013 2499 5046 00⁸1
2523 5014 2611 5046 nni
2641 5013 2676 5046 ο
2773 5015 2844 5046 ω.
2873 5015 3009 5046 ,δοκι
3041 5017 3073 5046 '2
3180 5015 3248 5046 σοι
3268 5029 3389 5046 non,

3266 5029 3334 5083 pa
3343 5032 3394 5067 r-

2544 5081 2614 5115 ⁶⁸³
2635 5083 2824 5141 iisdem
2853 5084 2907 5138 5.
2991 5083 3064 5116 ἰδ
3085 5084 3227 5138 ferre
3249 5081 3306 5140 9.
3333 5087 3388 5144 5.

2213 5154 2282 5185 ⁸⁸⁵
2311 5170 2432 5222 quae
2451 5155 2507 5209 2.
2583 5153 2652 5184 "°
2678 5162 2985 5211 constructu
3006 5153 3063 5207 2.
3137 5153 3205 5185 ⁶²¹
3228 5165 3395 5221 queu-

2001 5083 2069 5114 ⁶¹¹²
2087 5084 2333 5138 restituta
2363 5085 2452 5140 5δ.
