3872 5326
522 285 628 342 465
724 274 725 277 η

1595 281 1979 340 Ριοῡολιιυι
2015 261 2332 341 ΟΛΝὈΝΙΟΙ
2370 276 2710 342 ΠΕΜΕΝδιε

3674 283 3775 343 ιθι

524 403 678 466 deus,
711 412 879 470 equos
903 414 1089 454 eorum
1121 397 1199 452 vel
1243 412 1466 468 quaeque
1512 398 1613 455 sibi
1663 401 1776 454 visa
1813 407 1970 466 sunt,
2001 414 2099 453 au-
2131 404 2174 460 Α
2203 397 2304 453 dus
2328 398 2396 431 ⁸³³
2426 399 2805 464 Nortmannus,
2828 400 2919 470 qui
2946 399 3154 471 Bajoeis
3177 409 3429 472 prmerat,
3459 403 3682 459 mandat
3707 406 3771 467 ei,

522 493 657 555 fert;
696 491 1081 561 Compendium
1138 489 1300 543 etiam
1328 527 1344 554 ,
1399 488 1591 559 regalis
1639 489 1783 543 sedis
1822 489 2098 560 oppidum,

522 583 772 654 pervadit
815 597 940 637 cum
982 580 1301 651 quibusdam
1344 578 1482 634 villis
1527 579 1702 634 eidem
1765 579 1877 633 sedi
1925 577 2102 647 subje-

523 676 644 731 ctis.
679 674 793 728 Rex
821 671 1160 735 Ludowicus,
1186 669 1410 726 collecto
1439 685 1618 725 secum
1647 669 2100 725 Nortmaunorum

522 767 799 832 exercitu,
847 763 1329 821 Veromaudinsem
1378 762 1446 794 °’°
1489 777 1681 831 pagum
1743 762 2096 831 deprendatur,

525 867 909 928 assumptoque
947 870 1068 910 eum
1118 855 1249 926 ipsis
1292 853 1358 884 ⁸³⁷
1409 853 1629 908 Erluiuo
1676 868 1796 907 cum
1851 862 2001 923 parte
2030 852 2098 884 ⁸³⁸

527 950 753 1005 militum
790 946 1017 1012 Amulli,
1048 946 1140 1001 sed
1190 952 1242 1000 et
1291 943 1515 1000 Artoldo
1561 944 1812 1013 episcopo
1840 958 1960 998 cum
1992 943 2095 1007 bis,

528 1041 728 1095 dudum
752 1038 819 1070 ⁸³⁸
853 1041 945 1109 qui
976 1035 1157 1092 Remis
1186 1035 1344 1106 ejecti
1377 1033 1609 1099 fuerant,
1640 1032 1928 1089 comitibus
1961 1047 2095 1102 quo-

527 1148 633 1203 que
674 1130 946 1186 Bcrnardo
991 1144 1055 1184 ac
1090 1125 1423 1181 Theoderico
1446 1124 1513 1156 “°
1536 1110 1727 1194 nepote
1778 1124 1964 1194 ipsius,
1995 1123 2100 1178 Re-

527 1237 737 1278 morum
762 1220 977 1276 obsidet
1003 1219 1211 1275 urbem.
1244 1216 1535 1273 Vastantur
1561 1215 1979 1285 circumquaque
2007 1228 2095 1270 se-

527 1321 714 1383 getes,
753 1309 997 1380 villmque
1048 1308 1373 1379 diripiuntur
1425 1314 1478 1362 et
1526 1307 1722 1377 partim
1771 1316 2092 1370 exuruntur,

516 1418 734 1473 necnon
787 1400 1046 1457 accclesiae
1087 1399 1266 1468 plures
1314 1396 1688 1469 ctfriuguutur.
1750 1396 1970 1464 Quoties
2027 1397 2093 1430 ‘“

524 1504 815 1565 pugnatum
848 1493 913 1547 ad
942 1500 1128 1562 portas
1152 1489 1236 1545 vel
1265 1490 1409 1546 circa
1438 1506 1650 1544 murum
1674 1530 1690 1555 ,
1737 1491 1995 1545 vulnerati
2026 1505 2091 1545 ex

524 1596 752 1655 utraque
798 1592 949 1655 parte
993 1597 1098 1637 non
1130 1580 1306 1651 pauci,
1335 1579 1551 1652 quidam
1582 1582 1742 1636 etiam
1786 1581 2092 1651 interempti

514 1658 664 1732 sunt.
696 1672 845 1745 llugo
875 1672 1105 1742 denique
1132 1670 1237 1726 dux
1266 1671 1545 1742 proeliatus
1572 1687 1693 1726 cum
1724 1669 2091 1737 Nortmaunis,

2206 492 2346 558 quod
2401 490 2467 543 ad
2518 505 2639 544 eum
2690 500 2947 545 venturus
2976 498 3120 545 esset
3143 491 3393 547 condicto
3421 501 3669 565 tempore
3695 493 3773 548 vel

2205 580 2343 643 lucu,
2370 580 2418 634 si
2460 596 2550 634 rex
2580 581 2645 634 ad
2678 580 2823 634 illum
2854 579 3033 635 locum
3063 581 3365 637 accederet.
3396 581 3665 638 Veniente
3689 583 3779 637 de-

2203 669 2364 737 nique
2395 684 2520 740 rege
2545 685 2666 724 eum
2695 671 2883 741 paucis
2913 671 2980 725 ad
3003 670 3177 726 locum
3203 670 3639 737 denominatum,
3669 671 3765 726 lla-

2202 760 2420 830 groldus
2467 777 2588 815 cum
2644 760 2988 817 multitudine
3032 761 3491 817 Nortmannorum
3541 772 3772 820 armatus

2202 851 2417 905 advenit
2446 851 2537 917 ⁸⁵⁸,
2563 850 2924 920 iuvadensque
2963 852 3141 907 socios
3186 851 3352 922 regis,
3379 866 3523 921 pene
3560 861 3773 908 cunctos

2199 940 2471 997 interemit
2502 941 2590 995 ⁸⁵⁸.
2624 942 2734 996 Rex
2760 941 2907 997 solus
2932 940 3111 1012 fugam
3144 940 3261 995 iniit
3280 981 3298 1005 ,
3328 950 3697 1011 prosequente
3717 957 3771 1000 se

2200 1031 2428 1100 quodam
2456 1030 2786 1085 Nortmanno
2806 1030 2875 1062 ⁸⁸⁷
2898 1030 3000 1085 sibi
3030 1030 3193 1084 tideli.
3222 1029 3354 1085 Cum
3378 1046 3488 1100 quo
3513 1030 3586 1062 “'
3608 1030 3773 1086 Rodo-

2201 1139 2344 1179 mum
2390 1123 2612 1178 veniens
2634 1163 2647 1187 ,
2697 1121 3116 1192 comprehensus
3143 1129 3228 1176 est
3260 1120 3331 1153 ⁸⁸⁸
3376 1122 3447 1176 ab
3479 1120 3606 1177 aliis
3634 1119 3776 1176 Nort-

2198 1215 2411 1270 mannis
2434 1229 2568 1285 quos
2595 1214 2695 1270 sibi
2724 1213 2907 1270 fideles
2937 1228 3055 1268 esse
3078 1213 3319 1283 putabat,
3333 1221 3389 1268 et
3416 1214 3520 1268 sub
3540 1213 3773 1268 ctistodia

2198 1309 2463 1363 detentus.
2496 1307 2645 1376 llugo
2670 1321 2904 1377 quoque,
2937 1321 3028 1360 rex
3061 1306 3247 1371 italiae,
3276 1320 3449 1376 regno
3477 1305 3730 1376 depulsus
3748 1320 3775 1359 ι

2198 1400 2328 1463 suis,
2358 1406 2409 1452 et
2436 1398 2577 1453 ﬁlius
2606 1398 2770 1468 ipsius
2800 1398 2851 1451 in
2884 1410 3105 1468 regnum
3131 1406 3383 1465 receptus
3407 1396 3481 1428 “°
3506 1405 3611 1451 est.
3634 1395 3775 1464 [luga

2198 1489 2391 1558 pnesul
2440 1488 2767 1543 Altmontem
2821 1496 3058 1542 castrum
3110 1487 3383 1551 obsidens,
3416 1496 3540 1557 post
3578 1496 3774 1555 septem

2196 1578 2364 1633 ferme
2395 1578 2462 1610 ⁶⁶¹
2508 1576 2805 1632 obsidionis
2851 1576 3178 1631 ebdomadas
3239 1576 3470 1645 recipit,
3525 1576 3774 1630 reddente

2197 1667 2325 1722 illud
2366 1667 2585 1723 Dodone
2626 1666 2694 1698 “’
2720 1665 2817 1738 [Η.
2853 1665 2919 1719 R.
2962 1683 3036 1732 tv,
3078 1667 3141 1722 5t
3166 1708 3180 1734 ,
3221 1668 3289 1723 Ι).
3338 1668 3525 1723 donmi
3571 1668 3771 1723 Διιωωί

521 1767 611 1837 qui
659 1766 790 1820 lines
833 1778 959 1819 suos
1011 1762 1235 1834 ingressi
1291 1760 1523 1827 fuerant,
1585 1778 1678 1818 eos
1733 1779 1837 1817 non
1886 1763 2094 1819 modica
2126 1766 2169 1824 Β
2199 1757 2418 1829 fratre],
2450 1757 2538 1811 tali
2582 1756 2682 1812 sub
2718 1767 2939 1824 tenore,
2983 1768 3042 1812 ut
3087 1757 3253 1812 tilium
3302 1757 3473 1828 ipsius
3508 1766 3567 1812 et
3615 1756 3771 1811 lilium

510 1856 665 1913 .cznde
693 1854 760 1886 ⁸⁵³
788 1854 955 1918 fudit,
986 1861 1040 1907 et
1083 1868 1114 1906 a
1160 1852 1404 1907 terminis
1447 1853 1558 1908 suis
1588 1851 1779 1920 ejecit;
1813 1861 1933 1923 post
1980 1854 2096 1908 inec

521 1944 706 1998 Remis
739 1943 806 1997 ad
856 1957 1035 2013 regem
1087 1943 1286 2006 mittit,
1347 1942 1482 1996 dans
1536 1940 1771 2008 obsides,
1812 1954 1871 1997 ut
1922 1941 2095 2014 Rage-

523 2033 711 2088 noldus
749 2049 814 2086 ex
862 2041 1014 2103 parte
1067 2031 1207 2101 regis
1253 2031 1322 2085 ad
1368 2031 1693 2100 colloquium
1744 2032 1847 2087 sibi
1901 2047 2094 2088 occur-

522 2135 625 2179 rat.
671 2123 787 2191 Quo
816 2124 1070 2187 abeunte,
1098 2130 1295 2177 tractat
1322 2137 1444 2177 cum
1485 2136 1570 2186 eo,
1616 2122 1691 2176 uti
1750 2137 1842 2177 rex
1881 2123 2094 2178 obsides

522 2218 590 2272 ab
639 2216 860 2285 llugoue
920 2213 1170 2284 episcopo
1230 2212 1491 2283 accipiat,
1548 2222 1598 2267 et
1662 2214 1727 2265 ab
1812 2212 2092 2269 obsidione

520 2305 771 2361 Rcmcnsi
802 2303 1074 2368 discedat;
1127 2308 1380 2371 quatinus
1408 2302 1475 2334 ⁸⁸³
1527 2303 1664 2358 idem
1694 2303 1889 2372 prmsttl
1932 2305 2094 2359 deuo-

521 2398 724 2453 miuato
750 2396 946 2467 placito
972 2397 1036 2451 ad
1070 2395 1392 2451 reddendam
1430 2396 1692 2451 rationem
1724 2395 1789 2451 de
1818 2396 2089 2461 omnibus,

517 2503 637 2556 quae
682 2502 774 2550 rex
802 2485 869 2541 ab
897 2501 961 2540 eo
1000 2485 1288 2555 quaesierat
1325 2483 1412 2549 θκδ,
1462 2486 1702 2539 accedat.
1739 2484 1945 2552 Quibus
1990 2484 2092 2538 hoc

518 2575 619 2631 sibi
673 2586 860 2630 tenore
909 2574 1078 2640 datis,
1130 2590 1224 2630 rex
1273 2574 1340 2629 ab
1390 2573 1669 2629 obsidione
1720 2574 1921 2629 recedit
1972 2582 2092 2645 post

518 2670 762 2739 quintam
789 2668 1073 2734 decimam,
1101 2682 1206 2738 quo
1234 2666 1424 2722 civitas
1452 2667 1670 2722 obsessa
1701 2664 1896 2732 fuerat,
1924 2664 2087 2721 diem.

519 2762 682 2834 igitur
709 2761 853 2817 circa
887 2762 1108 2816 missam
1137 2760 1307 2816 sancti
1336 2757 1596 2813 Johannis
1639 2756 1791 2828 [Iugo
1837 2759 1943 2811 dux
1975 2757 2089 2827 pla-

515 2853 683 2908 citum
713 2867 834 2908 cum
886 2866 1009 2922 rege
1066 2867 1163 2922 per
1216 2860 1525 2921 sequestres
1546 2849 1614 2881 “5
1643 2849 1847 2914 habuit,
1899 2849 2090 2919 inquo

514 2942 648 2998 nihil
701 2943 834 2999 certi
878 2941 945 2974 ⁸⁸⁸
975 2942 1039 2997 de
1079 2957 1209 3011 pace
1244 2942 1383 2997 inter
1412 2942 1556 3012 ipsos
1588 2940 1956 3011 componenda
1998 2955 2089 3011 ge-

492 3044 682 3099 .stum,
726 3032 830 3087 nisi
865 3041 1069 3087 tantum
1096 3032 1240 3102 quod
1268 3032 1336 3064 “7
1367 3032 1602 3087 indutias
1627 3030 1695 3086 ad
1724 3032 1952 3086 invicem
1984 3031 2087 3088 sibi

2195 1849 2381 1903 fratris
2408 1847 2491 1904 sui
2537 1848 2838 1917 suscipiens
2868 1849 3008 1903 idem
3052 1849 3498 1919 archiepiscopus
3527 1848 3621 1913 “',
3653 1862 3772 1901 oon.

2196 1939 2407 1994 cederet
2431 1939 2510 1994 eis
2543 1946 2744 1994 terram
2775 1947 2990 2008 patrum
3024 1954 3264 1993 suorum.
3302 1938 3528 2008 Hugone
3550 1936 3691 1992 duce
3713 1936 3774 1990 de

2193 2031 2337 2102 regis
2379 2032 2660 2102 ereptione
2708 2030 3022 2094 laborante,
3051 2028 3369 2084 Nortmauni
3424 2028 3566 2083 lilios
3614 2027 3775 2098 ipsius

2194 2124 2338 2194 regis
2381 2123 2497 2178 dari
2551 2122 2652 2178 sibi
2692 2123 2909 2178 obsides
2944 2130 3225 2192 quaerunt,
3258 2136 3357 2177 nec
3405 2122 3567 2175 aliter
3601 2135 3769 2190 regem

2193 2229 2252 2271 se
2280 2215 2596 2270 dimissuros
2653 2220 2921 2267 asserunt.
2971 2210 3201 2266 Mittitur
3236 2210 3402 2282 igitur
3429 2209 3500 2242 ‘“
3528 2209 3599 2263 ad
3642 2210 3772 2278 tegi-

2193 2324 2320 2363 nam
2350 2321 2449 2377 pro
2476 2307 2691 2377 pueris;
2720 2304 2806 2359 illa
2837 2304 3095 2359 minorem
3132 2304 3373 2367 mittens,
3401 2300 3663 2369 majorem
3693 2299 3769 2353 fa-

2193 2408 2335 2454 tetur
2359 2414 2416 2454 se
2458 2413 2562 2454 non
2603 2413 2722 2452 esse
2750 2397 3056 2451 missuram.
3092 2397 3259 2450 Datur
3296 2395 3465 2464 igitur
3503 2393 3698 2456 minor,
3723 2402 3771 2446 et

2192 2500 2250 2545 ut
2289 2506 2383 2546 rex
2426 2489 2760 2555 dimittatur,
2798 2488 2960 2544 Wido
3008 2489 3076 2520 ⁸⁸⁸
3118 2488 3442 2542 Suessorum
3496 2486 3772 2555 episcopus

2191 2597 2309 2637 sese
2333 2581 2572 2636 obsidem
2601 2580 2783 2635 tradit.
2802 2580 3068 2634 Dimissus
3100 2578 3282 2647 itaque
3312 2592 3404 2631 rex
3430 2591 3462 2629 a
3493 2574 3769 2629 Nortman-

2191 2674 2295 2739 nis,
2324 2673 2619 2742 suscipitur
2646 2671 2713 2725 ab
2744 2671 2969 2742 llugone
2998 2670 3272 2740 principe;
3303 2668 3506 2738 quique
3533 2665 3770 2722 commit-

2190 2774 2444 2820 tcuseum
2458 2763 2716 2819 Tetbaldo
2728 2762 2910 2828 σε’-επ,
2927 2762 3138 2817 cuidam
3155 2774 3399 2824 suorum,
3416 2756 3769 2828 proficiscitur

2190 2857 2386 2914 Othoni
2419 2857 2530 2926 regi
2573 2855 2809 2910 obviam.
2836 2854 2937 2922 Qui
2979 2868 3071 2908 rex
3105 2852 3293 2907 uolens
3324 2851 3470 2920 loqui
3514 2864 3635 2904 cum
3687 2862 3764 2912 eo,

2190 2948 2361 3004 mittit
2408 2948 2474 3003 ad
2526 2960 2648 3000 cum
2701 2945 3006 3000 Conradum
3069 2944 3258 2998 ducem
3316 2937 3764 2995 Lothariensimu.

2189 3038 2324 3095 Cum
2355 3053 2460 3107 quo
2506 3037 2716 3091 locutus
2749 3033 2902 3104 llugo
2951 3034 3192 3089 infensus
3221 3030 3419 3087 Othoni
3454 3029 3565 3100 regi
3596 3042 3764 3083 rever-

514 3125 776 3180 dederunl
799 3123 867 3156 ⁸⁸⁵⁸
903 3137 1070 3193 usque
1111 3124 1178 3179 ad
1224 3124 1459 3179 medium
1492 3118 1730 3178 mensem
1760 3123 2085 3193 Augustum.
2117 3119 2160 3179 C
2196 3130 2345 3184 titur.
2367 3128 2621 3184 Richario
2649 3126 3042 3196 Tungreusium
3070 3122 3300 3195 prtrsule
3325 3122 3607 3185 defuncto,
3632 3121 3760 3173 idem

585 3215 680 3270 llis
728 3215 798 3269 ita
844 3215 1048 3284 gestis,
1112 3229 1206 3268 rex
1262 3213 1621 3280 Ludowicus,
1666 3221 1945 3283 assumpto
1985 3211 2085 3266 Er-

514 3310 667 3364 luiuo
687 3321 742 3363 et
788 3307 1105 3378 quibusdam
1156 3305 1467 3361 domesticis
1506 3306 1619 3361 suis
1667 3321 1872 3371 secum,
1907 3304 2085 3360 Rodo-

514 3412 660 3452 mum
691 3396 845 3468 petit.
891 3397 1130 3451 Domnus
1181 3395 1427 3452 Theotilo
1456 3395 1524 3427 “’
1570 3397 1906 3451 venerandus
1935 3396 2084 3451 urbis

513 3486 795 3543 Turouicae
849 3487 1041 3559 praesul
1094 3487 1262 3554 obiit,
1311 3488 1401 3558 qui
1458 3488 1583 3544 dum
1642 3488 1708 3544 de
1763 3503 1894 3558 pace
1943 3489 2085 3544 inter

511 3592 691 3648 regem
739 3586 793 3633 et
834 3577 1103 3648 principes
1145 3578 1514 3648 componenda
1574 3585 1843 3643 certaret,
1894 3577 2083 3648 hisque

509 3668 703 3724 studiis
748 3676 1043 3738 occupatus
1085 3683 1115 3721 a
1165 3666 1425 3723 Lauduno
1484 3667 1711 3733 rediret,
1765 3668 2082 3739 aegritudine

509 3760 750 3829 corporis
775 3759 827 3813 in
852 3760 969 3829 ipso
993 3758 1311 3828 deprimitur
1331 3759 1541 3813 itinere.
1572 3757 1812 3828 Cumque
1836 3758 2080 3814 ultimum

501 3848 614 3918 jam
644 3849 922 3905 exhalaret
950 3848 1020 3881 ⁶⁸⁰
1049 3849 1320 3918 spiritum,
1365 3850 1616 3919 apparuit
1651 3850 1863 3921 signum
1906 3851 2080 3920 quod-

509 3944 633 3996 dam
668 3941 887 3997 luminis
912 3955 1010 4011 per
1034 3957 1147 3996 tera
1201 3941 1543 4007 discurrens,
1579 3940 1814 3997 cubitum
1848 3942 2081 4014 longitu-

509 4030 651 4085 dinis
698 4031 898 4086 habere
951 4032 1153 4099 visum;
1186 4031 1338 4103 cujus
1382 4030 1583 4087 lumine
1624 4034 1690 4087 ad
1738 4034 2081 4103 depellendas

513 4121 685 4177 noctis
726 4122 974 4177 tenebras
1024 4121 1350 4178 sufﬁcienter
1394 4123 1662 4192 perfuncti
1695 4134 1820 4179 sunt
1866 4124 1954 4191 ‘5‘,
1986 4114 2090 4196 qui

512 4210 672 4266 funus
700 4210 817 4281 ejus
845 4210 1215 4277 deducebant;
1249 4212 1449 4283 talique
1479 4213 1633 4284 potiti
1682 4216 1942 4271 solamine
1982 4232 2080 4287 per

510 4304 655 4359 milia
698 4304 831 4370 fere,
860 4320 956 4360 ceu
1013 4306 1201 4371 fertur,
1234 4307 1483 4372 ducenta,
1538 4306 1858 4364 Turuuicam
1909 4326 2078 4381 usque

508 4410 701 4466 corpus
722 4394 834 4463 ejus
861 4395 1136 4466 perferunt
1161 4399 1366 4451 urbem.
1386 4397 1646 4467 Quodque
1678 4400 1728 4453 in
1753 4403 2076 4458 monasterio

2189 3219 2517 3291 episc0pium
2569 3234 2662 3273 rex
2724 3214 2865 3273 Otho
2917 3215 3124 3285 ilugoui
3152 3255 3167 3281 ,
3222 3213 3407 3269 abbati
3461 3210 3764 3268 monasterii

2188 3308 2361 3364 sancti
2396 3306 2721 3371 Maximini,
2772 3305 2976 3361 nolenti
3007 3314 3171 3372 atque
3227 3300 3519 3373 refugieuti
3579 3300 3758 3360 dedit,

2186 3411 2417 3470 eumque
2437 3398 2673 3453 ordinari
2703 3396 2829 3453 fecit
2849 3396 3192 3467 episcopum;
3218 3402 3274 3450 et
3300 3393 3375 3447 ita
3397 3401 3605 3449 remeat
3625 3400 3761 3445 trans

2186 3492 2453 3548 Rhenum.

2254 3582 2309 3637 lu
2343 3597 2476 3653 pago
2500 3580 2880 3646 Parisiaceusi,
2920 3593 3129 3635 necnon
3179 3577 3343 3633 etiam
3394 3591 3494 3645 per
3530 3574 3760 3629 diversos

2184 3673 2254 3706 ⁸⁸⁸
2283 3675 2700 3743 circumquaque
2751 3688 2937 3743 pagos,
2972 3673 3249 3727 hominum
3279 3671 3495 3724 diversa
3526 3667 3755 3722 membra

2184 3765 2322 3837 ignis
2350 3764 2503 3836 plaga
2528 3765 2923 3835 perVaduntur;
2958 3777 3183 3832 qumque
3212 3759 3440 3832 [sensim
3465 3757 3557 3830 “'j
3584 3764 3756 3811 exusta

2183 3856 2656 3921 consumebantur,
2690 3855 2860 3909 donec
2887 3868 3035 3908 mors
3083 3853 3298 3907 tandem
3353 3849 3537 3905 finiret
3576 3846 3755 3918 suppli-

2181 3949 2285 4004 cia.
2305 3949 2541 4015 Quorqu
2569 3946 2805 4016 quidam,
2832 3944 3086 4002 nonnulla
3104 3942 3415 3999 sanctorum
3446 3941 3565 3997 loca
3588 3947 3755 4011 petet»
3788 3966 3797 3975 -

2181 4047 2284 4104 tes,
2324 4051 2543 4093 evasere
2600 4046 2903 4102 tormenta;
2962 4036 3142 4106 plures
3191 4043 3370 4088 tamen
3420 4031 3655 4086 Parisius
3706 4027 3753 4078 in

2180 4129 2421 4185 :eeclesia
2459 4136 2657 4184 sancta:
2689 4127 2781 4182 Dei
2833 4127 3111 4198 genitricis
3160 4125 3343 4181 Maria:
3381 4124 3561 4178 sanati
3619 4128 3751 4179 sum,

2178 4220 2313 4275 adeo
2334 4230 2392 4274 ut
2413 4227 2675 4290 quotquot
2702 4218 2791 4272 illo
2818 4218 3099 4287 pervenire
3138 4216 3434 4288 potuerint,
3458 4218 3752 4269 asserautur

2178 4311 2244 4364 ab
2274 4310 2373 4364 hac
2393 4319 2547 4379 peste
2570 4307 2795 4371 salvati;
2826 4323 2960 4378 quos
2991 4307 3142 4377 Hugo
3168 4320 3385 4377 quoque
3416 4306 3527 4359 dux
3551 4303 3744 4371 stipen—

2178 4398 2282 4454 diis
2310 4398 2441 4465 aluit
2463 4399 2766 4453 eotidiauis.
2798 4398 2998 4453 llorum
3049 4399 3172 4451 dum
3219 4397 3443 4466 quidam
3472 4395 3661 4448 vellent
3686 4388 3744 4442 ad

507 4489 677 4544 sancti
709 4486 929 4552 Juliani,
955 4489 1097 4559 quod
1144 4488 1281 4544 idem
1316 4490 1396 4544 vir
1424 4500 1641 4546 sanctus
1676 4507 1884 4546 summa
1920 4494 2073 4549 insti-
2107 4465 2153 4523 θ
2179 4493 2390 4563 propria
2416 4492 2609 4557 redire,
2631 4492 2867 4547 extincto
2894 4489 3747 4556 refervescuutincendio,reng

510 4588 686 4634 tue‘rat
716 4579 993 4651 religione,
1015 4578 1167 4649 juxta
1200 4581 1502 4653 sepulcrum
1539 4583 1716 4639 domui
1745 4583 1946 4641 Odonis
1989 4604 2062 4643 re.

504 4676 756 4723 verenter
784 4670 1056 4735 humatur,
1085 4678 1140 4724 et
1166 4670 1359 4727 exinde
1385 4675 1556 4742 ipsum
1590 4673 1842 4742 templum
1878 4674 2076 4731 divinis

504 4757 761 4813 illustrari
792 4760 860 4792 ὐ
892 4759 1167 4814 miraculis
1211 4760 1534 4815 declaratur.

575 4845 711 4900 Dum
742 4862 833 4902 rex
850 4847 1248 4904 Ludowicus‘”
1262 4860 1563 4921 moraretur
1579 4850 1826 4918 Redemi,
1853 4852 2075 4927 Hagrol-

2174 4586 2327 4655 sique
2357 4584 2421 4638 ad
2445 4584 2744 4640 accelesiam
2774 4583 3071 4637 liberantur
3095 4582 3188 4636 "'°.
3218 4582 3381 4636 Anno

2783 4667 3163 4727 DCCCCXLVI

2177 4764 2393 4833 quidam
2418 4774 2596 4818 motus
2618 4763 2759 4817 inter
2811 4761 2950 4817 filios
2996 4761 3262 4816 lleriberti
3300 4761 3518 4817 comitis
3548 4758 3613 4790 ”‘
3640 4751 3736 4822 agr

2182 4864 2365 4909 tantur
2391 4869 2489 4925 pro
2536 4854 2894 4910 hereditatqu
2935 4853 3315 4909 distributione
3369 4866 3611 4910 suarum.
3646 4841 3735 4911 Qui

1771 5005 1857 5059 VA
1868 5007 2001 5061 RI.‘E
2036 5007 2438 5063 LECTlONES.

575 5153 1149 5232 "°_vero_mandeusem
1179 5153 1228 5205 l.
1300 5154 1365 5232 ‘3:
1397 5154 1501 5232 il_|is
1525 5156 1656 5232 2.5.
1734 5158 1806 5232 ‘3?
1825 5169 1977 5232 patre
1994 5161 2092 5232 2.“
2126 5162 2194 5232 “3
2219 5178 2274 5232 q.
2301 5163 2355 5232 tl.
2387 5162 2507 5216 2.5.
2527 5161 2600 5215 Η.
2625 5162 2689 5217 ιζ.

1646 5230 2000 5326 Ἱῗέθῗίῗῖξξὲς
2028 5230 2093 5326 ..”

503 5225 576 5262 ’δ’
621 5223 772 5278 clade
801 5222 856 5292 5.
932 5221 1001 5253 ⁸⁸³
1029 5231 1293 5292 quatenus
1332 5224 1386 5277 2.
1414 5224 1467 5277 ’5.
1544 5225 1613 5257 ⁸⁸⁵

504 5294 641 5326 Ann-0
681 5292 715 5326 0
813 5291 881 5323 658
908 5290 1061 5326 ιΙιηηί
1092 5290 1125 5326 ο
1221 5292 1289 5323 σω
1319 5294 1497 5326 ιοΛιῖΙη
1535 5295 1570 5326 ο
1665 5290 1734 5326 ᾰδο
1769 5298 1999 5326 η-ηΙη-..ί

2101 5270 2114 5283 .
2151 5230 2250 5285 Β(
2295 5230 2362 5262 ⁸⁸⁸
2405 5242 2712 5300 sequestres
2749 5234 2803 5286 2.
2880 5233 2947 5264 "‘°
2980 5236 3213 5300 certet,
3237 5230 3463 5291 εει-ωιιῖ
3480 5236 3534 5290 2.
3558 5234 3609 5287 5.

2110 5299 2140 5326 Ξ
2239 5299 2303 5326 CII
2340 5317 2574 5326 -........--..
2606 5303 2651 5326 ,Ι
2718 5302 2849 5326 J..--a
2899 5302 2934 5326 Ω
3030 5302 3099 5326 κιο
3131 5303 3417 5326 !-_I_-_-_-__-
3454 5306 3487 5326 ι’)
3580 5302 3609 5326 ﬂ!

3326 5167 3396 5259 ξδ’
3422 5158 3729 5259 Οιὲοιξειιεὲἱ

3367 5322 3417 5326 __-
3454 5306 3487 5326 ,ι
3580 5301 3644 5326 ω
3671 5300 3710 5326 ἱ..

2798 5163 2865 5195 ⁶⁸⁹
2898 5164 3170 5220 teoderico
3189 5165 3246 5220 2.

2239 5299 2303 5326 ﬁll
2340 5299 2574 5326 -.μυ-ζ.--
2606 5303 2651 5326 ,Ι
2718 5302 2849 5326 J..--.
2899 5302 2934 5326 Ω
