3872 5326
144 306 227 360 ιθδ

1552 282 1888 357 ᾸΝΝΑιεε.

3274 303 3376 359 δϐὕ

144 415 314 465 tanton,
344 396 559 465 llugone
594 395 838 468 principe
885 395 1152 451 avunculo
1180 396 1248 428 ’τ’
1279 395 1519 466 ipsorum
1567 411 1681 450 me-
1707 403 1756 460 Α
1785 393 1861 448 sis
1884 392 1953 427 '“
1978 392 2307 462 accipientes
2337 393 2406 425 ‘"
2432 400 2658 463 utraque
2686 407 2843 447 manu
2876 392 3048 448 cidem
3077 392 3190 448 sedi
3216 396 3374 450 resti-

144 492 317 552 diante.
354 497 634 560 pacantur,
670 488 859 544 divisis
896 488 1023 553 sibi,
1054 497 1219 559 prout
1245 490 1325 543 eis
1375 496 1688 559 competens

144 582 289 634 visum
309 588 408 643 est,
441 580 619 635 rebus.
652 578 803 650 llugn
833 594 930 633 rex
954 579 1120 635 Italia:
1155 595 1185 633 a
1216 583 1330 636 suis
1379 579 1433 633 in
1469 595 1690 649 regnum

146 668 382 740 recipitur.
407 668 719 724 Edmundus
744 667 1041 739 Anglorum
1072 684 1166 725 rex
1185 667 1392 738 legatos
1419 670 1485 725 ad
1514 669 1692 739 llugo-

145 774 242 814 nem
265 758 549 829 principem
578 774 676 829 pro
706 759 1049 815 restitutione
1078 758 1354 816 Ludovvici
1380 760 1521 831 regis
1554 760 1690 816 diri-

144 852 228 920 git;
254 858 302 907 et
342 851 482 904 idem
534 851 785 921 princeps
830 852 1057 921 proinde
1107 862 1405 909 conventus
1449 853 1692 922 publicos

144 956 242 995 cum
284 941 561 1010 nepotibus
605 941 718 997 suis
743 942 974 1012 aliisque
1006 943 1155 1013 regni
1200 926 1525 1013 primatibus
1554 943 1685 1015 agit.

146 1032 345 1088 Marinus
368 1047 504 1102 papa
536 1033 790 1100 decessit,
833 1034 920 1088 cui
967 1035 1231 1090 successit
1292 1034 1588 1107 Agapitus;
1632 1042 1691 1088 et

143 1140 223 1194 pax
247 1123 373 1179 inter
397 1123 707 1180 Albericum
752 1124 1039 1195 patricium
1070 1135 1126 1179 et
1177 1125 1454 1195 llugonem
1506 1139 1686 1196 regem

144 1212 317 1286 [Italia]
343 1214 719 1284 depaciscitur.
766 1214 922 1287 Hugo
950 1216 1056 1271 dnx
1099 1215 1458 1282 Francorum,
1518 1217 1688 1274 ascito

143 1317 291 1359 serum
340 1302 561 1375 Hugoue
612 1302 821 1377 [Nigro]
876 1304 987 1360 ﬁlio
1042 1303 1325 1372 lticbardi,
1379 1304 1687 1375 ceterisque

145 1394 261 1465 regni
306 1394 641 1465 primatibus,
667 1394 1016 1451 Ludowicum
1057 1410 1261 1466 regem,
1292 1395 1385 1466 qui
1441 1393 1554 1452 fere
1588 1411 1685 1466 per

142 1500 302 1539 annum
333 1485 432 1543 sub
453 1486 697 1543 custodia
717 1486 1059 1544 detinebatur
1077 1488 1218 1558 apud
1248 1487 1567 1543 Tetbaldnm
1592 1503 1689 1544 co-

144 1576 306 1640 mitem,
323 1576 374 1631 in
400 1590 626 1649 regnum
655 1577 921 1642 restituit;
948 1586 1165 1648 recepto
1196 1575 1456 1633 Lauduno
1472 1586 1681 1643 castro,

143 1668 252 1737 quod
278 1668 444 1739 regina
480 1668 757 1740 Gerberga
802 1669 1042 1735 tenebat,
1098 1678 1155 1724 et
1203 1669 1380 1724 eidem
1421 1669 1682 1725 Tetbaldo

1799 491 2034 537 luerunt.
2077 482 2281 537 Deinde
2320 483 2684 553 relinquentes
2741 482 3068 554 Gerbergam
3132 485 3375 558 reginam

1795 570 2002 634 neniis,
2034 572 2133 643 ipsi
2164 588 2319 644 reges
2361 589 2484 629 cum
2523 574 2854 631 exercitibus
2896 576 3009 632 suis
3055 575 3124 609 ⁸⁸⁸
3169 584 3373 634 terram

1797 660 2035 734 llugonis
2090 664 2508 735 aggrediuntur;
2568 673 2623 719 et
2666 665 2854 721 urbem
2911 665 3374 725 Silvanectensem

1794 753 2124 818 obsidentes,
2155 764 2211 808 ut
2244 754 2496 810 viderunt
2525 754 2965 822 munitissimam,
3012 772 3113 813 nec
3142 758 3211 791 ⁸⁸⁷
3252 773 3375 814 eam

1792 845 2033 901 valentes
2057 861 2384 918 expugnare,
2417 847 2572 905 cmsis
2594 847 2916 918 quibusdam
2942 864 3179 914 suorum,
3210 849 3375 906 dirui-

1791 947 1979 994 serunt
2004 938 2093 991 ⁵⁸⁸.
2119 937 2317 1009 Sicque
2341 948 2491 995 trans
2512 939 2822 1011 Sequanam
2834 940 3239 1008 contendentes,
3258 942 3375 1000 loca

1789 1042 2014 1097 qumque
2043 1036 2242 1097 praeter
2266 1030 2516 1086 civitates
2546 1032 2800 1102 gravibus
2838 1040 3079 1088 atterunt
3103 1032 3376 1105 depraeda-

1791 1120 2025 1175 tiouibus
2053 1122 2141 1185 ⁸⁸³,
2183 1130 2495 1194 terramque
2516 1124 2970 1182 Nortmannorum
3000 1132 3377 1197 peragrantes,

1790 1211 1906 1267 inca
1932 1212 2085 1281 plura
2112 1213 2398 1270 devastant
2419 1255 2435 1281 ,
2466 1216 2700 1287 indeque
2744 1226 3050 1273 remeantes
3068 1217 3159 1284 "°,
3194 1231 3376 1288 regre-

1788 1309 2007 1366 diuutur
2035 1309 2101 1342 ⁸⁹¹
2128 1310 2179 1363 in
2208 1323 2304 1363 sua
2336 1309 2426 1366 ⁸³⁸.
2463 1308 2727 1367 Deroldus
2761 1310 3209 1367 Ambianensium
3232 1325 3374 1381 prre-

1787 1401 1870 1458 sul
1897 1401 2004 1456 vita
2032 1400 2264 1457 decessit
2286 1400 2374 1456 "3.
2408 1401 2564 1456 Anno

2380 1492 2784 1551 DCCCCXLVII

1788 1583 1938 1655 llngn
1992 1585 2264 1655 princeps,
2312 1591 2459 1639 moto
2506 1585 2769 1650 exercitu,
2808 1585 2862 1640 in
2914 1583 3119 1639 Arnulﬁ
3168 1592 3366 1640 terram

1786 1675 2173 1748 proﬁciscitur,
2197 1675 2521 1744 obsiletque
2535 1674 2797 1744 quasdam
2815 1674 3141 1729 munitiones
3169 1674 3368 1744 ipsius;

142 1760 399 1815 commisso.
423 1759 524 1828 Qui
553 1761 661 1817 dnx
691 1760 842 1833 llugo
898 1776 1166 1817 renovans
1221 1761 1333 1831 regi
1390 1760 1683 1818 Ludowico
1715 1753 1757 1813 Β
1787 1769 2039 1840 nulloque
2084 1778 2298 1840 patrato
2320 1776 2479 1839 prout
2506 1768 2745 1838 speravit
2798 1767 3031 1838 negotio,
3083 1766 3372 1822 revertitur

144 1850 304 1918 regium
323 1851 580 1907 honorem
609 1851 694 1907 vel
742 1867 958 1915 nomen.
986 1853 1040 1908 ei
1069 1851 1139 1883 ⁸⁷³
1167 1866 1289 1907 sese
1325 1867 1448 1906 cum
1479 1854 1680 1910 ceteris

143 1940 258 2010 regni
271 1941 549 1996 committit
579 1942 927 2012 primoribus.
956 1942 1272 1998 Edmundus
1301 1958 1396 1998 rex
1414 1951 1682 1999 transma-

146 2030 261 2085 rinus
283 2030 617 2102 defungitur;
647 2049 783 2088 uxor
807 2048 1022 2104 quoque
1049 2034 1193 2103 regis
1239 2032 1488 2097 Othonis.
1524 2049 1682 2091 soror

145 2119 274 2190 huius
294 2121 577 2189 Edmundi,
606 2123 860 2181 decessit.
906 2158 912 2164 -

194 2210 363 2281 llcgiua
389 2212 666 2286 Gerberga
707 2230 877 2285 nuper
904 2216 971 2270 ad
1001 2217 1268 2271 Othonem
1308 2231 1513 2287 regem,
1565 2214 1678 2270 fra-

143 2310 245 2356 trem
263 2303 757 2376 suum,legationem
781 2305 1074 2373 direxerat,
1093 2305 1350 2361 auxilium
1380 2306 1679 2377 deposcens

145 2392 283 2446 abeo.
311 2393 402 2461 Qui
433 2395 736 2451 maximum
782 2396 1042 2467 colligens
1088 2411 1156 2453 ex
1198 2397 1452 2453 omnibus
1499 2397 1680 2467 repn's

143 2484 226 2539 suis
248 2488 548 2553 exercitum,
605 2488 753 2544 venit
798 2488 852 2544 in
894 2488 1210 2555 Franciam,
1244 2489 1550 2545 Conradum
1610 2489 1678 2521 ⁸⁷⁸

144 2590 309 2647 quoque
328 2594 500 2635 secum
528 2579 765 2644 habens,
797 2580 1081 2652 Cisalpina:
1110 2581 1302 2638 Galliae
1321 2596 1521 2655 regem.
1551 2581 1681 2649 Qui-

143 2664 217 2721 bus
238 2684 315 2722 rex
344 2668 665 2727 Ludnwicus
692 2671 905 2728 obviam
933 2670 1230 2744 profectus,
1261 2674 1394 2728 satis
1421 2674 1679 2730 amicabi-

146 2755 236 2813 liter
263 2769 310 2815 et
329 2761 624 2818 honoriﬁce
646 2763 938 2834 suscipitur
965 2764 1034 2820 ab
1082 2765 1191 2831 eis;
1235 2765 1423 2835 sicque
1476 2766 1679 2836 pariter

146 2844 402 2905 Laudunum
421 2853 724 2919 venientes,
749 2853 1198 2924 eonsiderataque
1213 2855 1379 2910 castri
1397 2853 1563 2910 ﬁrmit
1580 2861 1671 2919 tte,

146 2938 428 2999 deverterunt
455 2945 525 3000 ab
553 2961 647 3012 eo,
678 2945 1001 3003 Remensem
1039 2948 1418 3020 aggredientes
1447 2947 1668 3015 urbem;

145 3044 264 3097 quant
276 3034 539 3105 cingentes
558 3037 864 3103 obsidione,
896 3039 1098 3109 ingenti
1125 3039 1669 3096 vallaruutexercitu.

1784 1859 1835 1913 in
1856 1875 1972 1914 sua.
1992 1858 2103 1913 [lex
2118 1873 2333 1928 quoque
2354 1857 2679 1913 Lndowicus
2698 1871 2820 1911 cum
2835 1854 3156 1926 quibusdam
3173 1853 3375 1909 Letha-

1784 1949 2054 2006 riensibus
2088 1948 2385 2004 Mosomum
2417 1948 2505 2013 ⁸³⁸,
2552 1948 2696 2019 quod
2728 1949 2880 2019 llngo
2933 1946 3129 2017 prtesul
3167 1944 3371 2016 ejectus

1781 2040 1851 2076 ’θ’
1877 2041 2058 2096 Remis
2088 2042 2309 2096 tenebat
2329 2041 2419 2107 ⁸³⁸,
2448 2041 2689 2106 obsedit;
2717 2041 2811 2097 sed
2841 2056 2940 2097 nec
2963 2042 3078 2111 ipse
3093 2040 3370 2110 quippiam

1780 2146 1881 2202 pro
1914 2131 2056 2186 votis
2084 2130 2347 2193 eﬂiciens.
2399 2131 2778 2187 recedentibus
2825 2129 3038 2185 tandem
3064 2137 3186 2200 post
3212 2142 3364 2184 men-

1782 2237 1894 2278 sem
1918 2223 2391 2289 Lothariensilms,
2419 2223 2534 2293 ipse
2563 2223 2759 2279 Remos
2779 2223 2845 2255 ⁸³⁷
2872 2223 3194 2293 regreditur.
3222 2221 3367 2276 Bovo
3460 2266 3463 2273 ι

1782 2312 2195 2370 Catalauneusis
2222 2315 2511 2384 episcnpus
2547 2314 2712 2379 obiit;
2742 2314 3054 2384 eliguntque
3078 2313 3178 2368 sibi
3209 2311 3371 2369 Cara.

1782 2404 2069 2460 lanneuses
2090 2406 2358 2475 quendam
2392 2405 2623 2460 nobilem
2656 2404 3056 2461 adolescentem
3088 2403 3365 2468 clericum,

1780 2494 2326 2551 nomineGibuinum.
2356 2495 2677 2551 Ludowicus
2707 2509 2800 2549 rex
2829 2493 2995 2563 Aquis
3018 2492 3218 2563 pascha
3242 2505 3365 2546 cum

1783 2584 1996 2642 Othone
2020 2600 2145 2657 rege
2181 2586 2440 2650 celebrat,
2488 2594 2544 2640 et
2571 2585 2733 2655 regiis
2778 2584 2848 2639 ab
2880 2598 2945 2638 eo
2966 2584 3267 2639 honoratur
3296 2579 3366 2612 ‘"

1784 2675 2121 2731 muneribus.
2165 2675 2320 2747 Ilugo
2366 2675 2619 2744 princeps
2659 2690 2689 2728 a
2734 2673 3055 2744 quibusdam
3104 2684 3364 2741 praesum-

1781 2766 1956 2836 ptiose
1983 2780 2294 2837 persuasus,
2331 2763 2651 2821 Remensem
2681 2779 2802 2819 cum
2839 2762 3062 2833 llugone
3104 2759 3363 2831 praesule,

1781 2858 1934 2930 quasi
1964 2873 2087 2913 mox
2114 2867 2392 2928 capturus,
2414 2858 2729 2928 aggreditur
2751 2856 2970 2921 urbem;
2998 2856 3363 2923 frustratoque

1780 2958 1929 3013 voto,
1954 2948 2333 3003 resistentibus
2358 2947 2602 3003 ﬁdelibus
2628 2947 2765 3018 regis
2792 2956 2846 3001 et
2867 2944 3069 2999 Artoldi
3096 2943 3365 3012 archiepi-

1782 3040 1949 3111 scopi,
1978 3048 2171 3094 octavu
2203 3046 2487 3110 postquam
2533 3038 2861 3092 advenerant
2899 3035 3006 3099 die,
3052 3034 3191 3088 illusi
3215 3047 3362 3087 rece-

148 3119 298 3177 l’ideas
329 3135 499 3181 autem
546 3126 749 3199 praesul
781 3128 852 3160 ⁸⁷⁸
886 3105 1057 3200 lin—go,
1093 3130 1428 3185 obsidionem
1453 3146 1512 3185 se
1535 3130 1670 3186 tole—
1703 3105 1750 3170 (ἶ
1780 3105 1944 3187 dunt.
1985 3131 2138 3202 llugo
2167 3105 2388 3201 praesul,
2432 3129 2709 3183 annitente
2730 3127 2797 3161 ⁸⁸³
2829 3124 3095 3181 avunculo
3128 3139 3224 3179 suo
3255 3122 3364 3177 llu-

146 3224 237 3264 rare
259 3228 349 3267 non
378 3231 550 3286 posse,
584 3232 765 3287 neque
816 3225 979 3273 tanta:
1014 3219 1268 3275 resistere
1318 3219 1671 3290 multitudini,

146 3302 307 3362 locutus
324 3317 402 3364 est
425 3326 548 3366 cum
582 3310 907 3381 quibusdam
927 3312 1263 3383 principibus
1289 3313 1380 3384 qui
1418 3313 1676 3369 videban-

146 3403 210 3450 tur
230 3398 313 3454 sibi
332 3416 445 3457 esse
468 3403 656 3467 amici,
688 3402 941 3459 videlicet
996 3419 1119 3459 cum
1158 3402 1404 3468 Aruull‘o,
1440 3404 1534 3477 qui
1557 3404 1675 3475 ejus

143 3500 350 3556 sororem,
374 3503 428 3549 et
466 3493 698 3557 Uddone
720 3495 807 3560 ⁸⁷⁸,
835 3495 927 3565 (ιιιί
963 3496 1183 3550 amitam
1211 3495 1278 3527 ⁸⁷⁷
1307 3495 1475 3566 ipsius
1510 3496 1673 3551 babe-

141 3574 443 3647 batuxorcm,
474 3585 571 3641 sed
601 3594 806 3640 etcum
839 3584 1149 3641 llermanno
1192 3585 1262 3623 ⁸⁷⁸
1314 3585 1557 3642 Uddonis
1601 3587 1670 3619 ⁸⁷³

144 3663 293 3735 fratre;
328 3675 568 3741 quaesivit
598 3676 670 3731 ab
698 3677 799 3742 eis,
829 3676 958 3746 quid
990 3676 1057 3708 “3°
1085 3676 1184 3731 sibi
1216 3676 1355 3732 foret
1382 3676 1668 3749 agendum.

142 3757 214 3825 Qui
247 3764 337 3819 tale
357 3767 641 3823 consilium
667 3768 932 3825 dederunt
976 3770 1049 3833 ei,
1105 3778 1163 3824 ut
1212 3771 1561 3841 egrederetur
1604 3772 1671 3804 ⁶⁸¹

142 3866 233 3906 cum
257 3858 351 3912 suis
376 3869 429 3914 et
461 3861 796 3932 relinqueret
821 3861 1033 3928 urbem,
1074 3862 1198 3933 quia
1250 3862 1302 3917 id
1351 3862 1669 3932 dispositum

143 3957 164 3994 a
198 3948 375 4018 regibus
424 3960 562 4018 erat,
609 3960 671 4007 ut
714 3953 1039 4009 omnimodis
1066 3953 1445 4025 expelleretur,
1498 3969 1673 4025 neque

146 4030 412 4096 intervenire
434 4050 658 4110 possent
680 4042 820 4112 apud
849 4056 1005 4112 reges
1036 4058 1134 4113 pro
1166 4043 1301 4113 ipso,
1337 4043 1465 4112 quin
1512 4059 1674 4100 erue-

144 4136 286 4183 rentur
313 4131 360 4185 ei
402 4133 539 4188 oculi
595 4134 639 4188 si
683 4133 868 4189 urbem
906 4134 957 4188 vi
1007 4134 1126 4205 capi
1167 4134 1498 4206 contigisset.
1553 4134 1671 4203 Quo

144 4216 315 4273 consilio
328 4232 573 4293 percepto
601 4238 667 4277 ac
692 4223 803 4277 suis
830 4224 1097 4285 intimato,
1128 4233 1248 4295 post
1278 4225 1492 4279 tertiam
1518 4226 1665 4281 obsi.

144 4304 279 4363 dionis
312 4313 372 4345 ιε’
398 4315 537 4370 diem
578 4331 706 4372 cum
737 4331 876 4386 pene
921 4316 1132 4372 cunctis
1161 4318 1252 4387 qui
1300 4332 1483 4373 secum
1540 4326 1668 4374 tunc

145 4396 321 4456 aderant
367 4405 625 4461 militibus
673 4420 925 4474 egressus
954 4415 1056 4462 est.
1094 4405 1294 4475 Sicque
1342 4422 1495 4476 reges
1540 4423 1662 4462 cunt

1780 3239 1938 3295 gone,
1967 3222 2180 3278 ordinat
2210 3220 2488 3276 Ambianis
2506 3220 2818 3291 episcopum
2848 3216 3166 3272 Tethaldum
3195 3229 3362 3284 quen-

1779 3315 1924 3379 dam,
1945 3311 2203 3368 aecclesiae
2229 3311 2569 3367 Snessonicae
2587 3309 2865 3364 clericum.
2893 3305 3213 3360 Ludowiens
3241 3317 3359 3367 rex,

1776 3411 2068 3474 expetente
2101 3399 2332 3456 Arnull‘o
2357 3399 2575 3460 comite,
2632 3396 2949 3451 Atrabatem
3004 3392 3361 3463 proﬁciscitur

1778 3511 1898 3550 eum
1922 3493 2144 3549 Artoldo
2164 3493 2436 3563 episcopo,
2468 3491 2698 3559 indeque
2726 3501 2848 3542 cum
2878 3483 3100 3539 Arnull‘o
3120 3483 3188 3539 ad
3217 3482 3362 3537 obsi-

1776 3586 2011 3642 dendum
2066 3583 2531 3647 Monasteriolum,
2579 3587 2817 3635 castrum
2856 3575 3101 3647 Rotgarii
3150 3574 3221 3607 "°°
3264 3573 3358 3628 lilii

1775 3674 2005 3739 Eriuini,
2032 3672 2477 3744 progrediuntur;
2504 3676 2729 3740 postque
2744 3667 2983 3723 laborem
3005 3663 3355 3725 ineﬁlcacem,

1774 3769 2119 3839 plnriumqne
2144 3766 2214 3797 τοί
2261 3773 2462 3819 mortes
2492 3776 2735 3825 suorum,
2774 3773 2869 3828 spe
2921 3756 3114 3828 privati
3170 3768 3356 3823 regre—

1776 3860 1997 3916 diuntur
2025 3857 2092 3913 ad
2130 3856 2366 3927 propria.
2399 3853 2718 3924 Tempestas
2748 3864 2939 3921 magna
2969 3847 3155 3904 Remis
3182 3844 3352 3901 effusa

1773 3962 1859 4010 est
1878 3967 1975 4021 per
1999 3950 2160 4005 unius
2178 3962 2340 4005 omne
2360 3946 2534 4002 noctis
2551 3944 2782 4016 spatium
2812 3956 2933 3996 cum
2961 3935 3352 3995 coruscationi-

1772 4046 1875 4103 bus
1898 4046 1968 4077 ⁷⁰²
2004 4041 2275 4099 continuis
2300 4049 2352 4095 et
2382 4048 2538 4094 terrae
2565 4044 2735 4102 motu,
2767 4033 2902 4089 adeo
2932 4039 2990 4086 ut
3014 4029 3158 4101 putei
3182 4026 3353 4098 reple-

1772 4145 1958 4199 rentur
1983 4142 2037 4190 et
2065 4132 2259 4189 domus
2288 4128 2556 4186 nonnulla:
2586 4126 3047 4182 subverterentur.

1843 4228 2151 4286 Conventus
2164 4222 2344 4295 placiti
2370 4236 2555 4293 regum
2567 4216 2844 4273 Ludovvici
2866 4224 2919 4270 et
2941 4212 3169 4270 Othonis
3190 4224 3355 4281 super

1772 4320 2003 4376 Cbaram
2033 4318 2145 4388 (93,)
2169 4315 2389 4372 ﬂuvium
2422 4313 2658 4368 intrante
2711 4322 2897 4364 mense
2938 4307 3180 4377 Angusto
3211 4303 3353 4359 cele-

1772 4413 1986 4476 bratur,
2034 4409 2257 4480 Hugoue
2287 4405 2531 4477 principe
2565 4403 2710 4457 circa
2734 4401 3032 4456 Mosomutn
3063 4406 3118 4452 et
3141 4396 3354 4451 Duode-

143 4488 354 4555 ίῬῗδεουίε
371 4504 419 4550 et
443 4472 778 4568 principibus
801 4498 1162 4567 ingredientes
1185 4472 1663 4554 urbem.domnnm
1696 4472 1744 4531 θ
1771 4472 1982 4556 ciacum
2008 4472 2340 4570 (9i)'castra
2365 4472 2594 4558 met—ato;
2623 4492 2711 4546 ubi
2741 4504 2826 4545 res
2852 4490 2959 4549 litis
2986 4488 3126 4542 inter
3169 4484 3350 4539 Artol-

143 4577 363 4638 Artoltlnm
389 4587 694 4656 prresnlem,
727 4588 817 4658 qui
856 4589 1054 4643 dudum
1093 4589 1268 4643 fuerat
1296 4588 1511 4657 eiectus.
1562 4590 1662 4645 ite-

144 4680 231 4722 nttu
259 4673 318 4705 ‘”
343 4675 652 4735 intruuizari
682 4666 961 4746 fecerunt;
996 4695 1156 4749 quem
1212 4680 1500 4735 Rolbertus
1533 4679 1665 4735 Tre-

144 4767 335 4823 Verensis
374 4770 813 4842 archiepiscopus
831 4783 886 4827 et
908 4771 1225 4827 Frederieus
1251 4771 1660 4843 Magonciacen-

1772 4593 1897 4648 dum
1949 4598 2004 4644 et
2056 4588 2335 4658 llugonem
2383 4581 2666 4638 Remcusis
2707 4578 2961 4633 mcclesiac
2990 4574 3248 4646 praesules
3284 4573 3352 4626 ab

1771 4681 2037 4752 episcopis
2060 4676 2295 4733 auditur.
2313 4674 2377 4729 Et
2402 4673 2527 4742 quia
2544 4669 2778 4741 synodus
2793 4678 2919 4722 tunc
2939 4674 3229 4721 convocata
3245 4678 3350 4717 non

1770 4772 1969 4837 fuerat,
2002 4768 2282 4825 altercatio
2330 4759 2681 4829 determinari
2706 4774 2811 4813 non
2860 4756 3052 4827 potuit.
3099 4753 3353 4826 Synodus

1368 4923 1598 4979 VARIIE
1633 4921 2043 4980 LECTIONES.

188 5024 241 5058 ‘7'
261 5035 522 5090 anumculo
541 5036 600 5090 ‘2.
679 5036 749 5069 ⁸⁷³
770 5044 826 5092 et
856 5037 905 5091 l.
982 5036 1052 5067 ⁸⁷⁵
1094 5034 1424 5089 ehonradum
1458 5037 1515 5090 ‘2.

145 5107 232 5148 ram
252 5098 300 5151 2.
366 5104 432 5138 ⁸⁷⁸
454 5107 775 5163 berimanno
797 5106 853 5172 Ξ,
882 5107 935 5161 5.
1011 5105 1081 5136 ⁶⁷⁰
1109 5104 1392 5159 ttuiddonis
1412 5106 1467 5160 2.

144 5161 183 5214 ἶ·
242 5168 437 5220 “‘dezsl
474 5176 525 5220 Ι-
603 5176 675 5209 ⁸⁸³
701 5174 1154 5220 mammtinnensis
1181 5176 1235 5220 (Ξ-
1311 5175 1379 5207 ⁸⁸⁸
1427 5191 1457 5220 n

173 5203 183 5214 -
242 5190 437 5220 *⁷⁷112281
474 5190 525 5220 Ι-

1593 5034 1815 5104 σνσιιφ.
1845 5034 1899 5088 2.
1933 5032 1985 5085 δ.
2023 5030 2193 5104 n.3,
2257 5028 2569 5104 στήριιιιοηᾳ
2596 5028 2646 5081 ι.
2691 5024 3041 5104 uuidgoneg.
3081 5023 3355 5104 frumnt-

1549 5105 1618 5137 ⁶⁸⁰
1655 5093 1783 5177 quid
1823 5119 1966 5177 corr;
1990 5104 2133 5171 quod
2177 5103 2234 5159 ‘1.
2312 5099 2378 5133 ⁶⁸¹
2403 5100 2799 5177 egrederentur
2821 5097 2875 5151 2.
2953 5095 3022 5177 ⁶⁸Δ²
3045 5093 3356 5177 ρΙιδίιΙίοιιες

603 5159 1154 5220 δειξὴξωάάιιειρρηςῑς
1181 5176 1235 5220 ‘2-
1311 5175 1379 5207 ⁸⁸⁸
1418 5159 1555 5220 inuia
1606 5159 1689 5220 sit:
1742 5174 1881 5220 sedis
1932 5159 2192 5220 lio-manat
2232 5159 2545 5220 auctoritas
2582 5167 3013 5220 nromuleaverat
3062 5163 3214 5220 Iluao
3287 5159 3351 5212 ν.
