3872 5326
512 386 604 439 ﬁl

1569 372 1958 431 FLODOAIIDI
1997 370 2313 428 CANONICI
2353 367 2699 425 REMENSIS

3676 358 3771 423 I12

512 506 894 561 rahunniarutn
922 497 973 549 in
1000 494 1277 564 epist-opes
1298 489 1557 545 delatore.
1581 488 1649 540 At
1675 486 1771 543 illi.
1795 494 2079 554 postquam
2114 490 2157 546 Λ
2187 483 2435 539 Exercitu
2464 481 2696 550 denique
2719 479 2968 542 collecto,
2999 474 3375 535 Lotbarienses
3394 474 3638 544 episcopi
3664 473 3767 528 llo-

515 598 723 650 tleiator
745 588 954 661 publice
980 584 1290 641 confutatus
1332 590 1419 635 est
1444 579 1577 634 falsa
1612 578 1892 640 detulisse,
1927 576 2078 631 lectis

517 686 765 758 capitulis
799 683 866 737 de
912 678 1281 749 hujuscemodi
1311 677 1383 708 "9
1416 673 1920 737 calumniatoribus,
1945 671 2087 742 jtnlie

513 792 639 840 eant
666 789 722 836 et
745 762 1077 833 unanimiter
1095 783 1343 836 censent,
1387 787 1511 825 eum
1544 784 1651 838 quo
1680 767 1962 823 fruebatur
1988 768 2089 821 ho-

516 887 648 928 nore
680 868 882 941 privari
918 867 1118 921 debere
1142 878 1204 917 ac
1227 863 1524 920 secundum
1548 857 1909 929 capitulorum
1939 866 2090 911 teneo

514 980 631 1020 rem
677 964 729 1018 in
760 961 984 1021 exilium
1009 956 1246 1013 detrudi.
1279 955 1608 1010 Diaeonatus
1638 952 1801 1022 igitur
1830 964 1938 1021 quo
1967 948 2092 1003 fun-

514 1056 743 1126 gebatur
772 1049 1100 1106 ‘ministerio
1153 1047 1434 1109 multatus.
1482 1059 1510 1097 a
1568 1049 1856 1112 conspectu
1904 1040 2092 1111 synodi

519 1122 839 1216 iii-probatus
862 1139 1147 1196 abscessit.
1174 1137 1402 1192 Artoldo
1423 1150 1552 1190 vero
1573 1133 1811 1203 prtesnli,
1840 1131 1930 1200 qui
1966 1122 2092 1185 om-

523 1237 683 1292 nibus
731 1250 789 1289 se
818 1231 1039 1304 synodis
1064 1286 1065 1289 η
1088 1227 1520 1300 prmsentahilem
1549 1225 1773 1287 fecerat.
1806 1236 1912 1277 non
1942 1220 2091 1276 refu-

523 1326 675 1398 giens
700 1322 955 1397 synodale
969 1321 1254 1390 judicium,
1299 1317 1630 1389 episcopium
1656 1316 1920 1370 Itemense
1938 1312 2093 1382 juxta

524 1433 790 1474 canonum
852 1415 1096 1470 instituta
1149 1421 1201 1467 et
1250 1418 1560 1465 sanctorum
1606 1407 1828 1462 Patrum
1875 1406 2093 1460 decreta

521 1508 751 1564 omnino
772 1505 1108 1562 retinendum
1137 1510 1302 1572 atque
1325 1500 1739 1571 disponendum,
1769 1498 2093 1561 decernunt,

524 1599 745 1654 laudant
773 1607 937 1668 atque
957 1596 1331 1651 corroborant.
1557 1606 1560 1610 λ

607 1687 854 1745 Secunda
876 1685 1243 1742 consessionis
1255 1685 1365 1750 die,
1379 1691 1502 1753 post
1518 1680 1980 1738 recitatasdivinze
2001 1693 2098 1732 au—

525 1780 792 1835 etorilatis
806 1779 1063 1833 lectiones
1075 1786 1128 1831 et
1144 1775 1331 1830 Marini
1346 1774 1533 1829 vicarii
1551 1772 1956 1835 allocutionem,
1972 1783 2097 1840 sng-

526 1975 609 2029 ut.
645 1964 898 2036 quoniam
936 1963 1088 2032 juxta
1115 1976 1283 2016 sacra:
1306 1959 1435 2030 legis
1463 1958 1709 2013 instituta
1742 1963 2102 2010 restauratum

532 2067 696 2125 atque
744 2054 1051 2110 restitutum
1098 2051 1272 2105 fuerat
1316 2050 1582 2104 Remense
1626 2046 1850 2103 Artoldo
1887 2044 2103 2114 prmsuli

537 2143 889 2216 episcopium,
951 2142 1002 2196 in
1055 2142 1296 2212 ejusdem
1334 2140 1479 2196 sedis
1513 2139 1819 2194 int'asoretn
1851 2134 2106 2207 synodale

531 2234 1177 2306 peragereturjndicium.
1203 2231 1464 2301 Praecepit
1492 2230 1673 2299 itaque
1696 2228 1934 2282 Marinus
1952 2226 2104 2279 vica-

528 2328 663 2388 rius.
692 2335 748 2381 ut
770 2326 1088 2382 canonicam
1115 2339 1280 2393 super
1301 2324 1402 2379 hac
1425 2322 1844 2391 przesumptione
1867 2320 2105 2393 synodus

529 2415 794 2485 proferret
832 2418 1179 2472 sententiam.
1230 2415 1494 2483 labentur
1535 2428 1666 2483 ergo
1716 2422 1920 2467 sanette
1971 2412 2105 2481 legis

529 2510 797 2564 catholica
835 2510 1053 2565 recitari
1089 2507 1357 2579 capitula;
1389 2507 1587 2577 quibus
1614 2505 1879 2569 recitatis,
1909 2518 2106 2559 secun-

532 2602 658 2656 dum
691 2614 969 2655 sacrorum
996 2600 1240 2655 instituta
1266 2612 1554 2661 canonum,
1585 2605 1640 2655 et
1667 2606 1981 2657 sanctorum
2012 2595 2106 2649 dc-

534 2704 684 2747 creta
709 2693 954 2754 Patrum,
977 2690 1142 2761 Sixti,
1166 2689 1480 2753 Alexandri,
1515 2687 1837 2751 Innocentii,
1867 2685 2102 2752 Zosimi,

525 2785 824 2852 ‘ionefacii,
879 2787 1173 2851 Czelestini,
1202 2786 1421 2851 Leonis,
1471 2783 1778 2855 Symmachi
1831 2783 1923 2847 "’0,
1966 2790 2107 2837 cete-

530 2894 823 2949 rorumque
877 2889 1191 2934 sanctorum
1241 2877 1498 2934 :ecclesite
1527 2876 1619 2930 Dei
1668 2875 1971 2940 doctorum,
2012 2889 2105 2930 ex-

527 2971 1071 3025 communicaverunt
1124 2981 1177 3025 et
1222 2970 1290 3024 ab
1316 2968 1574 3024 :rcclesia:
1618 2966 1709 3021 Dei
1742 2966 1948 3039 gyemio
1982 2981 2106 3036 rep-

525 3062 781 3131 pulerunt
825 3062 1140 3132 prxdictum
1190 3062 1463 3134 llugoncm
1517 3059 1800 3115 Remensis
1858 3058 2105 3115 ecclesia:

527 3166 898 3222 pert'asorem,
944 3151 1115 3213 donec
1165 3152 1229 3206 ad
1278 3152 1651 3222 ptenitentiam
1692 3160 1747 3204 et
1775 3149 1990 3220 dignam
2018 3162 2101 3202 sa-

531 3242 893 3298 tisfactionem
918 3244 1106 3304 venire
1126 3251 1373 3313 procuret

528 3330 632 3387 bus
672 3331 863 3402 synodi
896 3339 1123 3387 tractata
1145 3331 1214 3363 ⁷⁸⁸
1245 3340 1372 3384 sunt
1406 3330 1652 3399 quaedam
1685 3328 1993 3383 necessaria
2039 3328 2104 3382 de

531 3421 753 3476 incestis
784 3418 1065 3494 conjugiis,
1119 3430 1175 3475 et
1201 3420 1478 3483 :ecclesiis,
1531 3434 1650 3488 quae
1688 3418 2019 3488 presbyteris
2049 3418 2102 3471 in

529 3510 778 3581 partibus
799 3510 1103 3566 Germaniae
1130 3510 1417 3574 dabantur,
1449 3511 1557 3563 imo
1588 3510 1976 3584 vendebantur,
2024 3509 2107 3563 in-

530 3601 712 3657 debite
731 3609 785 3656 et
829 3599 1216 3656 auferebantur
1242 3615 1270 3654 a
1304 3600 1458 3655 laieis
1489 3599 1673 3655 illicite
1703 3599 1811 3664 7“;
1865 3599 2106 3670 prohibi-

534 3705 753 3766 tnmque
783 3694 855 3739 7‘“
880 3709 943 3750 ac
993 3700 1278 3758 statutum,
1324 3707 1392 3747 ne
1414 3693 1464 3747 id
1497 3692 1717 3746 omnino
1750 3704 2108 3761 praesumere-

533 3796 624 3841 tur
666 3787 733 3840 ab
774 3782 977 3859 aliquo.
1003 3784 1107 3839 Sed
1133 3793 1186 3839 et
1207 3785 1272 3839 de
1300 3783 1421 3838 aliis
1450 3782 1708 3837 :ecclesite
1736 3781 1826 3841 Dei
1854 3780 2107 3835 utilitati—

528 3879 631 3934 bus
663 3886 888 3933 traeta‘ta
919 3886 1042 3931 sunt
1076 3886 1132 3932 et
1159 3875 1379 3930 diilinita
1407 3876 1478 3907 ⁷⁸⁸
1502 3874 1775 3929 nonnulla.

597 3967 807 4022 Interea
847 3982 936 4021 rex
977 3966 1297 4022 Ludowicus
1326 3971 1645 4033 deprecatur
1694 3978 1873 4034 regem
1916 3963 2110 4020 Ottlio-

532 4076 654 4114 neut
683 4059 773 4121 ⁷⁸³,
801 4068 860 4112 ιιι
887 4058 1181 4113 subsidium
1215 4057 1312 4111 sibi
1346 4055 1484 4110 ferat
1522 4064 1709 4111 contra
1749 4035 2024 4126 IIngonem
2054 4064 2108 4109 ct

535 4159 748 4205 ceteros
780 4150 1026 4203 inimicos
1069 4163 1212 4203 suos.
1260 4145 1361 4214 Qui
1406 4147 1569 4217 petita
1603 4145 1926 4208 concedens,
1956 4145 2110 4213 jubet

534 4248 591 4291 ut
623 4238 939 4310 Cbepradns
983 4238 1088 4291 dux
1137 4252 1257 4291 cum
1305 4236 1542 4295 exercitu
1593 4235 2022 4291 Lothariensium
2056 4237 2107 4290 in

533 4328 651 4396 ejus
674 4328 742 4371 τυ
772 4335 959 4396 pergat
998 4327 1288 4391 auxilium;
1324 4327 1537 4381 interim
1568 4341 1697 4380 vero
1725 4326 1849 4379 dum
1884 4340 2111 4396 congre-

535 4428 698 4486 getnr.
730 4418 1022 4492 exercitus,
1069 4433 1163 4472 rex
1197 4416 1514 4491 Ludowicus
1535 4432 1655 4471 cum
1687 4417 1802 4486 ipso
1828 4415 1961 4471 duce
1992 4431 2108 4470 ma—

534 4519 679 4574 neat,
706 4520 759 4571 et
789 4510 1025 4580 episcopi
1067 4510 1323 4575 Artoldns
1344 4518 1503 4580 atque
1524 4508 1805 4586 Itodnlfus,
1843 4508 2109 4577 quierant

2191 589 2401 633 sontum
2437 580 2664 642 petunt,
2695 571 2977 641 ipsumque
3003 567 3314 625 obsidentes
3340 574 3588 621 castrum
3612 572 3771 633 atque

2190 675 2579 739 oppugnantes,
2613 664 2812 719 milites
2843 664 2934 733 qui
2980 671 3137 717 erant
3179 661 3251 715 ibi
3279 675 3402 715 cum
3447 658 3676 727 IIugone
3709 659 3769 711 ad

2191 757 2518 813 deditionem
2542 752 2902 824 compellunt;
2933 761 2989 806 et
3015 750 3249 821 acceptis
3274 749 3343 803 ab
3369 748 3451 804 eis
3479 747 3552 785 ⁷⁸⁹
3579 746 3770 800 οιιείιίίο

2192 851 2323 911 bus,
2350 855 2580 918 pergunt
2618 845 2833 901 obviam
2863 842 3150 899 Lndowico
3171 841 3283 911 regi
3317 850 3372 895 et
3394 838 3771 894 Chonrado‘”

2195 940 2316 994 duci
2343 940 2394 993 in
2423 948 2602 1008 partes
2642 933 3015 997 Lauduncnsis
3046 932 3194 1003 pagi.
3212 931 3491 993 ‘Obsident
3517 930 3680 1000 igitur
3705 930 3774 982 ibi

2196 1031 2304 1088 dux
2331 1037 2388 1084 et
2410 1028 2681 1086 exercitus
2709 1025 2981 1103 quandam
3004 1023 3389 1087 munitionem,
3421 1034 3589 1090 quam
3608 1020 3771 1075 aedili—

2196 1129 2416 1177 carerat
2453 1127 2509 1175 et
2556 1117 2776 1172 tenebat
2830 1114 3119 1186 Tetbaldtts
3173 1114 3227 1168 in
3272 1112 3393 1168 loco
3446 1111 3539 1181 qui
3589 1110 3779 1164 dicitur

2198 1211 2349 1266 Mons
2379 1218 2568 1264 acutus
2595 1209 2664 1241 ⁷⁹¹
2698 1206 2877 1277 (102),
2906 1208 2998 1276 qni
3027 1213 3082 1261 et
3122 1203 3439 1259 Laudunum
3471 1210 3665 1256 contra
3699 1216 3777 1254 re-
3870 1228 3872 1231 -

2199 1318 2317 1373 gem
2352 1299 2637 1355 retinebat.
2670 1297 2781 1353 Hoc
2805 1296 2968 1351 etiam
3000 1294 3256 1365 oppidum
3286 1299 3670 1362 expugnantes
3691 1291 3776 1351 ii’,

2202 1391 2415 1455 tandem
2439 1405 2544 1443 non
2574 1389 2690 1449 sine
2721 1402 2872 1442 mora
2897 1386 3150 1455 capiunt,
3182 1383 3421 1461 indeque
3462 1380 3777 1443 Laudunnut

2200 1468 2419 1537 adeunt.
2463 1481 2530 1535 Et
2573 1480 2624 1534 in
2669 1477 2911 1533 :ecclesia
2958 1476 3134 1531 sancti
3167 1473 3436 1531 Vincentii
3467 1471 3779 1542 congregati

2199 1570 2478 1641 episcopi,
2532 1569 2845 1641 prtcdictum
2901 1566 3220 1625 Tetbaldum
3267 1563 3776 1627 excommunicauit.

2201 1662 2476 1732 "agonem
2500 1676 2629 1714 vero
2657 1658 2956 1729 principem
2978 1665 3172 1712 vocant
3196 1655 3394 1710 litteris
3415 1668 3484 1711 ex
3508 1663 3669 1723 parte
3682 1651 3780 1706 Ila-

2202 1754 2304 1808 riui
2335 1751 2497 1825 legati
2524 1750 2829 1821 apostolica:
2855 1748 3000 1805 sedis
3025 1757 3081 1803 et
3106 1761 3204 1802 sua
3225 1786 3242 1810 ,
3284 1745 3471 1800 venire
3502 1744 3573 1799 ad
3604 1758 3777 1799 emen-

2204 1944 2408 2006 egerat.
2439 1933 2599 1989 Wido
2639 1933 2893 2002 denique,
2921 1929 3264 1986 Sucssonica:
3290 1926 3445 1983 urbis
3480 1926 3781 1996 episcopus,

2205 2027 2272 2081 ad
2305 2040 2483 2094 regem
2522 2024 2870 2080 Ludowicum
2899 2022 3149 2086 veniens,
3182 2021 3358 2077 eidem
3386 2033 3513 2075 sese
3537 2017 3778 2073 commit-

2208 2117 2271 2171 tit
2289 2156 2304 2180 ,
2334 2124 2665 2186 pacatorque
2706 2129 2828 2169 cum
2862 2113 3088 2169 Artoldo
3114 2109 3555 2181 archiepiscopo,
3580 2106 3777 2163 satisfa—

2207 2207 2357 2262 ciens
2379 2206 2454 2260 illi
2492 2220 2589 2275 pro
2632 2204 2972 2260 ordinatione
3012 2202 3273 2271 Ilngonis.
3311 2199 3649 2255 Chonradns
3665 2212 3781 2267 que-

2206 2313 2310 2369 que
2339 2300 2442 2354 tlnx
2485 2299 2647 2351 tiliam
2674 2296 2947 2355 Ludowici
2978 2295 3120 2366 regis
3149 2309 3309 2350 sacro
3331 2294 3397 2348 de
3425 2292 3584 2348 fonte
3606 2306 3780 2347 susce-

2206 2391 2303 2460 pit.
2371 2388 2571 2459 Sicque
2639 2399 2856 2457 recepto
2919 2386 3160 2445 Mosomo
3210 2393 3394 2441 castro
3460 2392 3520 2439 et
3580 2397 3779 2449 everso,

2208 2481 2591 2538 Lotharienses
2619 2487 2963 2534 revertuntur
2992 2479 3044 2533 in
3070 2492 3201 2543 sua.

2277 2574 2443 2644 Igitur
2478 2572 2630 2642 [Iugo
2659 2570 2864 2625 nullam
2906 2584 3109 2626 moram
3157 2569 3382 2633 faciens,
3412 2571 3648 2623 collecta
3679 2581 3779 2625 suo

2210 2680 2327 2725 rum
2365 2663 2529 2718 multa
2556 2661 3126 2729 Nortmannornmqne
3168 2674 3354 2722 manu,
3401 2657 3778 2713 Suessonicam

2207 2754 2518 2828 aggreditur
2539 2754 2609 2787 ⁷⁸³
2639 2752 2852 2817 urbem,
2898 2759 2956 2807 et
2996 2751 3252 2807 obsidens
3274 2759 3554 2820 Oppugnat
3578 2747 3675 2812 7”,
3699 2761 3780 2801 ca-

2207 2848 2391 2916 ditque
2414 2843 2727 2910 nonnullos;
2762 2842 2972 2913 injectis
3001 2841 3162 2896 etiam
3195 2840 3412 2910 ignibus
3437 2839 3663 2894 domum
3700 2852 3779 2905 pr

2209 2938 2310 2997 tris
2337 2935 2596 2993 tecelesia:
2623 2932 2923 2997 succendit,
2952 2930 3220 2999 simulque
3238 2929 3478 2984 claustra
3506 2925 3779 2981 canonico-

2209 3046 2327 3085 rutn
2369 3038 2423 3084 et
2451 3038 2660 3098 partem
2699 3026 2954 3085 civitatis.
3003 3023 3113 3079 Nec
3161 3031 3338 3076 tamen
3385 3021 3560 3090 ipsam
3604 3031 3782 3086 capere-

2209 3121 2412 3183 ralens,
2439 3121 2627 3175 urbem
2651 3117 2895 3187 reliquit,
2923 3125 2978 3171 et
3019 3115 3085 3169 ad
3108 3113 3385 3183 quandam
3411 3111 3779 3166 munitionem.

2131 3219 2175 3281 (ζ
2207 3229 2368 3284 quam
2396 3212 2737 3311 Itagenoldus
2754 3224 2943 3311 comes
2966 3206 3240 3311 Lttdowiri
3265 3219 3431 3311 super
3455 3204 3704 3311 Annonam
3722 3198 3781 3232 ⁷⁵⁸

2209 3307 2427 3381 fluvium
2456 3304 2650 3373 inloco
2675 3303 2766 3371 qui
2800 3302 2998 3357 dicitur
3039 3298 3339 3365 Rauciaeus
3376 3295 3532 3362 (105)
3560 3291 3778 3349 :edifica-

2208 3399 2324 3461 bat,
2366 3396 2604 3460 devenit,
2655 3407 2935 3463 ipsamque
2981 3391 3157 3446 adhuc
3204 3385 3563 3457 inperfectam
3602 3380 3780 3437 castris

2208 3492 2446 3546 vallavit.
2475 3489 2580 3545 Sed
2609 3501 2709 3545 nec
2752 3486 2921 3556 ipsam
2967 3481 3139 3551 cepit;
3171 3478 3328 3533 villas
3354 3487 3539 3530 tamen
3564 3474 3778 3528 Remenv

2210 3585 2285 3639 sis
2311 3581 2571 3638 :ecclesite
2596 3578 2792 3635 castris
2813 3577 2926 3632 suis
2947 3573 3230 3643 contiguas
3249 3566 3578 3625 det'astavit.
3603 3564 3779 3619 Plures

2209 3689 2422 3745 quoque
2467 3672 2782 3729 eulonorum
2835 3666 3117 3739 praedones
3164 3663 3332 3733 ipsius
3377 3660 3777 3714 interemerunt.

2208 3767 2472 3820 violantes
2497 3765 2570 3797 ⁷³⁸
2597 3762 2888 3825 ωοοῑοείλε,
2912 3768 2966 3813 et
2997 3757 3049 3811 in
3079 3764 3285 3811 tantum
3316 3752 3705 3811 debaehantes,
3731 3754 3779 3797 ut

2210 3860 2264 3912 in
2290 3856 2650 3912 Culmisciaco
2679 3855 2797 3907 vico
2825 3862 2933 3906 tam
2966 3849 3103 3907 infra
3129 3861 3290 3916 quant
3316 3844 3464 3919 circa
3494 3839 3779 3896 :ecclesiatu

2209 3950 2323 4005 fere
2346 3949 2702 4019 quadraginta
2724 3946 2793 3977 ⁷³⁷
2819 3943 3063 3999 homines
3086 3935 3480 3993 interfecerunt
3499 3932 3572 3964 "3
3599 3932 3777 3999 ipsum»

2204 4056 2316 4111 que
2345 4039 2599 4108 templum
2629 4036 2881 4091 omnibus
2906 4048 3042 4103 pene
3076 4031 3238 4086 rebus
3260 4028 3331 4061 ⁷⁸³
3361 4024 3777 4094 expoliaverunt.

2210 4131 2391 4186 Multis
2414 4145 2542 4200 ergo
2561 4128 2632 4162 ³⁰⁰
2653 4126 2867 4196 ﬂagitiis
2890 4133 3016 4179 tunc
3032 4118 3379 4191 perpetratis,
3397 4115 3554 4185 Ilugo
3583 4111 3778 4166 tandem

2210 4240 2333 4279 cum
2373 4223 2486 4277 suis
2523 4218 2830 4289 regreditur
2873 4212 3293 4286 grassatoribus.
3334 4208 3524 4277 Itaque
3576 4202 3777 4261 milites,

2210 4316 2300 4384 qui
2338 4314 2600 4367 hactenus
2643 4325 2766 4364 cum
2803 4306 3028 4377 Ilugone
3059 4303 3273 4357 fuerant
3299 4296 3775 4354 excommunicato,

2211 4383 2277 4461 ad
2321 4404 2599 4459 Artoldum
2629 4398 2914 4472 prrcsulcm
2949 4402 3338 4454 revertuntur;
3369 4389 3462 4459 qtti
3509 4383 3777 4441 nonnn!lns

2210 4513 2417 4560 eorum,
2438 4496 2661 4551 redditis
2686 4495 2766 4548 eis
2792 4494 2952 4547 rebus
2972 4490 3108 4560 quas
3134 4489 3458 4548 habuerant,
3477 4480 3678 4550 recepit
3695 4475 3775 4537 ⁸⁶¹ν

533 4616 659 4657 cum
683 4617 828 4673 rege,
861 4615 928 4656 ne
956 4602 1081 4671 quid
1122 4603 1175 4656 in
1218 4602 1304 4673 via
1336 4611 1650 4672 paterentur
1688 4582 1921 4663 adversi,
1950 4586 2111 4668 (ἱρέες-τ
2139 4576 2186 4651 D
2214 4590 2475 4659 quosdam
2507 4602 2636 4642 vero
2671 4584 2885 4652 ahjecit.
2917 4583 3042 4637 Post
3071 4582 3185 4635 lucc
3212 4577 3467 4633 Treviros
3493 4568 3775 4644 proﬁcisci-

533 4705 656 4748 rent
679 4708 799 4758 cum
827 4693 1268 4749 Lothariensibus
1294 4693 1579 4763 episcopis.
1616 4691 1907 4746 Mansitnus
1929 4692 2109 4759 itaque

533 4802 656 4840 cum
678 4785 938 4863 Ilotberto
957 4785 1283 4847 Trevirensi.
1306 4784 1565 4838 Itodulfns
1594 4783 1963 4837 Laudnnensis
1985 4797 2106 4836 cum

537 4877 873 4949 Adalberone
898 4877 969 4909 ⁷⁸⁸
994 4877 1259 4956 Mettensi,
1282 4866 1629 4957 ebdomadas
1678 4875 1788 4933 fere
1833 4884 2104 4945 quattuor.

2218 4694 2304 4738 tttr
2334 4683 2399 4737 ad
2443 4681 2705 4751 synodum
2754 4694 2874 4733 cum
2926 4673 3191 4745 episcopis
3220 4671 3448 4731 Witlone
3472 4667 3545 4699 ⁸⁰¹
3571 4665 3775 4718 Suesse-

2215 4777 2354 4838 nico,
2382 4772 2609 4848 Ilodulfn
2633 4766 2993 4831 Laudunensi,
3015 4775 3071 4821 et
3091 4763 3364 4819 Wicfrcdo
3385 4760 3459 4807 ε⁰³
3478 4751 3774 4811 Morinettsi.

2215 4870 2333 4937 Quo
2366 4864 2761 4937 pervenientes,
2797 4858 3059 4914 Marinum
3080 4868 3211 4910 sese
3242 4847 3641 4922 prtestolantem
3665 4855 3774 4908 rep-

1722 5074 1725 5077 _
1800 5006 2034 5062 Vtilile
2107 5000 2506 5062 LECTIONES.

609 5130 681 5163 ⁷⁷³
713 5128 1016 5198 hujnsmodi
1064 5127 1122 5181 2.
1195 5126 1266 5159 "°
1318 5125 1598 5198 sintmachi
1625 5124 1662 5178 2
1707 5126 1760 5180 5.
1802 5123 1903 5198 __'_‘"
1930 5122 2138 5198 veniret
2163 5121 2217 5198 ἓ.
2262 5119 2417 5198 {lngo
2541 5132 2587 5168 ν.
2615 5129 2649 5198 p

2655 5119 2931 5166 rocuraret
2957 5108 3012 5162 5.
3051 5104 3121 5159 II.
3154 5101 3217 5157 It.
3292 5102 3362 5134 ’δ’
3402 5105 3572 5154 tracta
3596 5098 3645 5151 I.
3713 5092 3773 5166 ’ξ’

666 5162 669 5163 ν
715 5162 787 5183 ιιι.
812 5162 960 5182 ..διιιυ
985 5162 1016 5181 ι.
1069 5162 1122 5181 ι..
1630 5162 1662 5178 ..
1707 5162 1760 5180 υ.
1939 5162 2138 5177 η....ν.
2166 5162 2217 5174 .,.
2388 5162 2414 5172 ν
2456 5162 2511 5170 ,π
2549 5162 2587 5168 -.

537 5202 634 5258 ini.
665 5200 723 5255 2.
781 5162 869 5229 J7“
896 5162 999 5266 que
1022 5198 1160 5250 άιιεδι
1194 5203 1249 5249 2.
1323 5196 1391 5228 ⁷⁸⁸
1431 5196 1648 5249 detinita
1671 5198 1725 5248 5.
1801 5195 1871 5226 ⁷⁸⁸
1904 5194 2155 5266 Othonem
2177 5192 2230 5244 2.
2263 5193 2317 5266 ὃς
2343 5162 2567 5266 ﬁrmius,
2617 5162 2976 5266 ""ﬂejnusdent
3016 5177 3071 5231 2.
3147 5174 3217 5266 ’3"
3255 5171 3619 5266 adhe‘lbe'rone'
3639 5162 3769 5266 2.3:

535 5273 607 5304 ’⁸³
640 5271 707 5323 ab
743 5268 822 5323 eis
849 5268 1033 5320 desunt
1065 5267 1119 5318 5.
1196 5266 1262 5298 ¹⁹⁵
1299 5266 1535 5319 conradu
1576 5268 1630 5317 2.
1670 5266 1724 5320 '5.
1752 5279 1968 5326 reniprr.

2066 5238 2518 5315 ἱείίἰὶιῆἰιεὸἱιὲᾲίι
2544 5238 2664 5324 quae
2690 5238 2892 5326 dicitur
2905 5248 3059 5326 μους
3082 5252 3273 5326 acutus
3315 5250 3442 5326 agite
3478 5238 3771 5326 [ﬂaudunupt
