3872 5326
103 384 201 441 ιτδ

1554 367 1885 425 ANNALES.

3243 365 3347 431 tu
3411 432 3415 439 .

87 478 315 560 'psrinnt
337 492 409 524 ⁸⁸⁵
432 504 557 547 cum
604 488 864 545 Rotberto
892 484 1327 554 archiepiscopo;
1373 489 1675 539 ceterorum
1706 491 1751 547 Α
1783 477 2163 536 introduxerit.
2196 450 2432 531 Vocuiur
2454 476 2859 546 .llildcgarius,.
2883 476 3221 557 Beivaeeosis
3242 478 3352 548 cpi-
3410 454 3421 539 ί

106 600 228 640 vero
252 581 688 639 Lotharicnsium
715 578 797 634 vel
824 577 1219 635 Germanorum
1256 571 1537 643 prmsulem
1568 570 1675 627 illic

106 680 354 731 invenere
382 674 679 729 neminem.
702 668 1181 725 Considerantibus
1206 666 1369 735 igitur
1397 663 1536 727 illis,
1572 659 1676 716 sci-

108 769 288 823 scitari
313 766 553 833 marinus
593 762 827 818 vicarius
859 760 1025 829 carpit
1044 758 1138 824 ⁸⁸⁵,
1177 757 1304 828 quid
1335 756 1532 827 egisset
1558 760 1679 824 post

111 859 431 931 puemissam
480 852 744 926 synodum
788 851 941 920 llugo
974 849 1227 920 princeps
1252 861 1380 917 erga
1426 845 1570 914 ipsos
1597 843 1680 899 vel

113 965 282 1023 regem
315 948 685 1004 Ludovvieum.
717 944 781 999 At
810 943 883 997 illi
906 941 1144 997 referunt
1170 954 1328 1008 supra
1354 944 1679 1003 memorata,

112 1057 221 1113 qua:
250 1039 384 1109 ipsis
412 1046 468 1093 et
483 1034 747 1092 ccclesiis
770 1046 958 1087 eorum
985 1029 1257 1091 intulerat.
1292 1025 1448 1081 mala.
1476 1025 1678 1094 Requi-

112 1135 175 1188 rit
198 1145 329 1202 ergo
353 1130 421 1183 de
449 1125 726 1182 vocatione
747 1123 914 1193 ipsius
932 1120 1194 1191 principis
1216 1117 1475 1182 Marinus,
1501 1125 1681 1172 utrum

114 1223 326 1295 perlata!
351 1220 583 1275 fuissent
605 1218 656 1272 ei
693 1218 884 1275 littera:
912 1213 1228 1278 vocationis,
1261 1226 1395 1280 quas
1428 1210 1475 1264 ei
1500 1209 1679 1279 perfe-

114 1314 298 1369 rendas
326 1310 685 1379 delegaverat.
710 1305 811 1363 Cui
843 1303 1202 1375 respondetur
1233 1302 1303 1358 ab
1329 1300 1556 1355 Artaldo
1586 1314 1679 1354 ar-

116 1404 469 1474 chiepiscopo,
497 1399 638 1469 quod
676 1397 921 1467 quzedam
946 1409 1132 1451 earum
1177 1391 1400 1463 perlata:
1437 1390 1546 1445 sint
1587 1388 1680 1454 ὀσ,

117 1496 348 1564 quacdam
376 1505 507 1546 vero
535 1487 777 1558 perferri.
799 1485 1139 1556 nequiverint
1165 1484 1259 1550 ⁸⁸⁷,
1287 1498 1474 1539 earum
1498 1480 1685 1552 gerulo

120 1584 182 1636 ab
211 1580 382 1649 ipsius
410 1576 808 1649 grassatoribus
847 1574 1183 1644 intercepto;
1234 1581 1459 1627 vocatus
1502 1582 1683 1626 tamen

119 1668 267 1726 fuerit
310 1670 383 1704 '”
412 1679 519 1724 tam
551 1666 746 1721 litteris
778 1679 938 1734 quam
969 1664 1287 1733 quibusdam
1318 1659 1681 1717 internuntiis.

119 1760 421 1830 Requiritttr
468 1744 671 1826 itaque,
713 1754 761 1810 si
811 1753 954 1809 adsit
999 1752 1194 1823 aliquis
1219 1768 1285 1807 ex
1329 1762 1481 1822 parte
1519 1750 1686 1821 ipsius

1778 586 1994 642 scopus,
2035 568 2229 624 litteris
2258 568 2465 639 pnufati
2497 567 2709 633 Marini,
2736 579 2796 624 ut
2838 569 2907 603 ⁶²¹
2930 550 3121 625 veniat
3163 583 3348 625 coram

1778 662 1915 730 ipso,
1952 658 2037 715 vel
2077 667 2166 715 eat
2207 657 2466 720 Romam,
2500 658 2765 713 rationem
2808 658 3118 717 redditurus
3170 672 3352 715 coram

1735 816 1741 825 ι
1778 752 1974 806 domno
2024 762 2160 823 papa
2206 762 2303 818 pro
2349 746 2531 823 illicita
2584 730 2941 827 ordinatione
2974 747 3350 818 przedictorum

1781 839 2361 909 pseudoepiseopomm
2380 876 2397 902 ,
2424 835 2508 890 cui
2550 833 2886 890 interfuerat.
2914 835 3147 893 Vocatur
3173 844 3226 889 et
3251 834 3354 890 lle-

1779 929 2016 985 ribertus
2045 968 2063 991 ι
2118 926 2383 983 lieriberti
2431 925 2646 980 comitis
2696 923 2858 991 ﬁlius,
2910 925 2976 981 ad
3024 923 3352 981 satisfactio-

1781 1034 1904 1075 nem
1967 1017 2151 1095 venire
2222 1032 2321 1087 pro
2382 1015 2575 1085 malis,
2628 1031 2748 1087 qua:
2818 1024 3009 1092 contra
3078 1017 3356 1088 episcopos

1781 1110 1992 1182 agebat.
3188 1135 3193 1139 -
3214 1174 3219 1180 t

1851 1202 1946 1257 llis
1964 1203 2035 1256 ita
2057 1201 2244 1272 gestis,
2267 1199 2505 1275 cpiscOpi
2529 1208 2873 1261 revertuntur
2894 1200 2946 1259 in
2970 1198 3348 1257 sua.L_iuddui-

1782 1294 1870 1351 fus
1898 1292 1970 1324 ⁸²³
1998 1301 2176 1347 autem
2202 1290 2514 1361 capellanus
2536 1291 2787 1365 Ottltonis
2807 1291 3070 1347 Marinum
3096 1292 3357 1347 vicarium

1784 1381 1997 1438 deducit
2020 1381 2087 1435 ad
2115 1396 2293 1452 regem
2327 1396 2482 1437 suum
2512 1380 2567 1435 in
2594 1370 2887 1437 Samnium
2905 1423 2919 1442 ,
2958 1380 3045 1436 ubi
3075 1364 3362 1461 consecra-

1784 1482 1942 1528 turus
1969 1471 2177 1527 erat'“
2210 1470 2507 1527 mcclesiam
2553 1471 2839 1543 Vuldensis
2866 1474 3199 1528 monasterii.
3232 1472 3361 1528 Post

1785 1563 1937 1632 cujus
1984 1548 2473 1619 consecrationem
2515 1562 2682 1635 [idem
2725 1562 2818 1635 ⁸³⁵]
2864 1563 3123 1629 Marinus,
3173 1572 3360 1621 exacta

1786 1654 1985 1728 biemc,
2044 1651 2269 1706 Romam
2314 1651 2625 1707 revertitur.
2663 1650 2775 1707 Hoc
2819 1667 2963 1708 anno
3000 1652 3363 1723 defunguntur

1786 1745 2020 1816 episcopi
2049 1744 2329 1801 Geruncus
2359 1743 2712 1815 Biturigcnsis
2730 1743 2801 1776 ⁸³⁸
2836 1728 3179 1798 δι’ῐὶοάιιπιιε
3212 1742 3354 1797 Lau-

120 1852 331 1922 legatns.
364 1849 467 1906 Ubi
494 1863 615 1903 cum
642 1845 820 1901 nullus
843 1844 1033 1900 fuisset
1061 1846 1309 1900 inventus
1330 1884 1345 1907 ,
1378 1842 1690 1898 decernitur
1718 1832 1761 1893 Β
1789 1835 2068 1891 dunensis.
2102 1832 2354 1909 Nascitur
2380 1833 2495 1904 regi
2532 1832 2820 1889 Ludowico
2849 1833 3009 1898 filius,
3037 1848 3193 1903 quem
3219 1848 3357 1903 pra:-

118 1940 516 2009 expectandum,
539 1938 583 1993 si
605 1936 747 1992 forte
766 1936 1097 1991 adventuros
1118 1943 1264 1990 esset
1286 1935 1339 1990 in
1364 1933 1683 1990 crastinum.

121 2032 259 2098 Quod
294 2038 416 2085 cum
467 2022 690 2083 minime
733 2025 1071 2094 contigisset,
1112 2034 1167 2080 et
1209 2038 1401 2078 omnes
1449 2022 1539 2091 qui
1590 2020 1687 2075 ad-

120 2130 259 2175 erant
282 2120 375 2182 "’,
402 2128 512 2172 tam
542 2116 725 2171 clerici
770 2129 931 2184 quam
961 2112 1223 2186 [illustres
1249 2110 1344 2185 m]
1389 2111 1530 2170 laici.
1565 2124 1687 2165 eum

121 2206 682 2265 excommunicandmn
704 2219 824 2260 esse
846 2204 1215 2260 acclamarent
1234 2203 1326 2266 ⁸¹³.
1351 2200 1604 2258 delinitur
1622 2197 1692 2253 ab

122 2298 393 2368 episcopis,
418 2296 558 2350 hanc
585 2293 1197 2350 excommunicatiouem
1226 2292 1401 2347 adbuc
1437 2287 1690 2351 dilIeren-

122 2391 230 2440 (aut
289 2401 458 2454 usque
508 2386 577 2439 ad
601 2385 837 2439 “’dicm
889 2383 1077 2454 synodi
1123 2382 1361 2437 tertiam.
1407 2381 1692 2435 Tractatur

124 2487 287 2532 autem
320 2478 386 2531 de
411 2476 701 2546 episcopis,
720 2477 812 2544 qui
838 2474 1014 2531 vocati
1040 2472 1257 2531 fuerant
1284 2481 1340 2529 et
1363 2472 1549 2529 venire
1576 2471 1687 2526 dis-

131 2572 349 2625 tulerant
370 2611 385 2635 ,
413 2571 496 2623 vel
528 2571 613 2625 bis
634 2571 725 2640 qui
752 2569 1079 2625 ordinationi
1108 2568 1351 2639 Hugonis
1397 2567 1691 2637 participes

128 2663 423 2716 extiterant.
468 2662 538 2715 Et
564 2660 725 2716 Wido
753 2661 968 2730 quidem
997 2660 1069 2693 ⁸³³
1106 2659 1465 2715 Suessonicns
1492 2674 1551 2713 se
1576 2657 1690 2713 cul—

126 2753 354 2820 pabilem.
381 2760 685 2822 prostratus
711 2766 892 2807 coram
919 2751 1125 2806 Marino
1152 2751 1358 2807 vicario
1385 2761 1440 2806 et
1466 2751 1705 2806 Artoldo‘

128 2847 535 2917 archiepiscopo,
566 2847 869 2902 conlitctur.
905 2847 1364 2903 Intercedentibns
1386 2857 1564 2903 autem
1593 2864 1689 2920 pro

129 2948 183 2987 ea
201 2937 333 3004 apud
357 2935 620 2989 Marinum
644 2935 905 2991 Rotberto
927 2945 982 2991 et
999 2936 1219 2991 Artoldo
1245 2936 1688 3008 archiepiscopis,

129 3024 312 3077 absolvi
335 3024 402 3077 ab
444 3025 546 3079 hac
570 3040 708 3079 noxa
738 3035 994 3080 meretur.
1023 3024 1333 3081 Wicfredus
1366 3025 1690 3082 Moriucnsis

130 3113 343 3171 inmunis
388 3117 461 3170 ab
518 3117 703 3171 eadem
757 3118 1100 3172 ordinatione
1147 3118 1471 3188 repperitur.
1523 3117 1689 3178 Adest

1789 1927 1873 1983 sul
1899 1926 2155 1983 Artoldus
2179 1926 2246 1982 de
2272 1941 2428 1982 sacro
2453 1924 2601 1983 fonte
2626 1927 2883 1999 suscepit,
2908 1928 3078 1999 patris
3094 1927 3142 1983 ci
3170 1942 3365 1990 nomen

1790 2012 2072 2090 imponens
2095 2019 2184 2072 ³³⁷.
2212 2001 2370 2073 Anno
2714 2002 2719 2007 ’

2352 2108 2728 2189 occccxux
2771 2110 2842 2143 ω

1860 2202 2265 2269 Laudunenscs,
2291 2202 2381 2272 qui
2413 2201 2663 2257 [idelitati
2691 2202 2761 2235 '”
2789 2200 3064 2257 Ludowici
3106 2202 3243 2271 regis
3287 2209 3369 2257 at-

1794 2295 2103 2357 tcndebant,
2136 2294 2341 2365 eligunt
2369 2294 2472 2349 sibi
2521 2294 2803 2366 prmsulem
2828 2294 3151 2351 Roriconem
3191 2293 3372 2351 diaco-

1790 2401 1934 2455 nem,
1961 2385 2126 2456 ipsius
2163 2386 2305 2456 regis
2353 2384 2606 2449 fratrem,
2641 2384 2910 2456 quemque
2952 2395 3231 2441 consecrat
3263 2385 3367 2438 Ar-

1793 2476 1968 2529 loldus
2004 2475 2442 2553 archiepiscopus
2485 2474 2684 2530 Remis.
2719 2474 2820 2541 Qui
2861 2483 3039 2530 tamen
3073 2491 3177 2530 non
3216 2490 3371 2530 rece-

1791 2576 1913 2637 ptus
1986 2566 2284 2632 Laudnno,
2353 2566 2494 2637 apud
2572 2565 2957 2636 Petrmpontem
3018 2566 3366 2639 munitionem

1790 2658 2008 2719 resedit.
2057 2657 2446 2712 Ambianenses
2498 2657 2836 2721 Tctbuldmn,
2884 2644 3061 2735 quem
3094 2658 3172 2732 cis
3218 2640 3396 2735 litigo;

1789 2750 2144 2815 constituerat
2165 2749 2500 2820 episcopum,
2535 2749 2705 2813 exosi,
2750 2734 2986 2805 castrum
3028 2748 3255 2807 Arnnlt‘o
3280 2764 3395 2811 co-_

1790 2841 1907 2912 ιιςίιί
1944 2841 2209 2911 produnt,
2240 2840 2330 2910 qui
2355 2839 2626 2919 advocatus
2655 2855 2835 2912 regem
2866 2840 3210 2917 Ludowicum
3237 2880 3251 2905 ,
3277 2855 3393 2908 opg

1788 2932 1972 3002 pidum
2007 2932 2179 3001 ipsum
2212 2931 2377 3000 cmpit
2399 2972 2415 2997 ,
2443 2929 2760 2985 Tetbaldum
2791 2930 3025 3000 expulit,
3056 2937 3109 2984 et
3138 2930 3394 3000 Ragexm.

1789 3020 2001 3077 baldum
2031 3020 2155 3074 illuc.
2178 3020 2584 3075 Atrabatenscm
2620 3020 2690 3051 ⁸³⁰
2720 3004 2988 3090 quendam
3015 3021 3361 3083 monachum,

1792 3125 1952 3181 quem
1983 3108 2123 3165 idem
2147 3111 2213 3142 ⁸³¹
2235 3110 2622 3166 Ambianenses
2645 3110 2792 3181 prius
2815 3109 2913 3163 sibi
2942 3104 3254 3180 delegerant
3274 3104 3366 3175 83?,

132 3203 416 3259 'l'raasmari
460 3206 552 3271 ⁸η,
596 3205 969 3263 Noviomensis
1008 3208 1268 3277 episcopi,
1316 3207 1528 3277 legatus
1567 3208 1686 3278 qui-
1713 3205 1759 3268 Ο
1790 3202 2123 3269 introduxit;
2179 3202 2380 3273 quique
2412 3201 2610 3256 Remos
2640 3216 2669 3255 a
2706 3215 2829 3271 rege
2876 3199 3195 3269 perductus,
3226 3199 3370 3268 erdi-

132 3292 237 3346 dam
267 3296 562 3363 presbiter,
594 3305 842 3352 astruens
864 3298 1090 3352 eundem
1121 3298 1406 3366 praesulem
1431 3299 1502 3352 ita
1532 3300 1711 3367 gravi.

133 3383 328 3455 langore
353 3387 424 3422 ⁸⁸⁵
444 3389 751 3453 detentum,
783 3398 840 3442 nt
873 3391 938 3444 ad
966 3391 1193 3444 eandem
1219 3391 1291 3422 ⁸¹⁶
1310 3393 1572 3461 synodum
1598 3408 1690 3448 ver-

137 3474 237 3528 uirc
262 3492 362 3530 non
384 3477 648 3541 valuerit;
678 3480 729 3533 id
759 3495 970 3549 quoque
999 3477 1290 3547 hostratcs,
1319 3483 1410 3551 qui
1440 3484 1686 3549 aderant,

135 3573 435 3622 atlestantur
462 3570 531 3638 “7
560 3570 819 3640 episcopi.

197 3652 361 3710 Tertia
380 3659 597 3713 tandem
618 3661 730 3724 die,
746 3660 1023 3717 insistente
1038 3663 1305 3734 prmcipue
1325 3664 1606 3720 Liuddulfo
1621 3665 1690 3698 ⁸⁸⁸

136 3741 290 3813 legato
307 3756 362 3802 et
383 3749 666 3818 capellano
694 3751 834 3820 regis
856 3751 1128 3817 Ottbonis,
1150 3754 1405 3822 quoniam
1430 3754 1567 3810 item
1599 3772 1690 3810 rex

138 3834 182 3890 id
204 3839 409 3893 omnino
452 3840 568 3895 fieri
597 3842 940 3912 praecipiebat
959 3883 974 3904 ,
1007 3846 1510 3903 cxcommnnicatur
1535 3846 1691 3916 ‘liugo

138 3941 314 3993 eomes,
344 3930 594 3986 inimicus
620 3932 891 3990 Ludowici
921 3935 1083 4006 regis,
1104 3950 1201 4005 pro
1230 3951 1392 4006 supra
1424 3951 1693 3992 memora-

139 4019 200 4071 tis
223 4020 364 4075 malis
393 4023 464 4078 ab
492 4023 611 4093 ipso
642 4025 992 4095 perpetratis;
1025 4042 1091 4082 eo
1112 4036 1292 4083 tamen
1319 4028 1498 4091 modo,
1522 4028 1696 4088 donec

140 4109 415 4178 resipiscat,
457 4121 515 4167 et
544 4114 610 4168 ad
638 4113 1063 4191 satisfactionem
1093 4132 1278 4172 coram
1310 4117 1515 4175 Marino
1549 4121 1698 4176 vica-

141 4198 237 4262 rio,
262 4201 340 4256 vel
363 4204 636 4274 episcopis
670 4207 865 4275 quibus
912 4208 1167 4278 injuriam
1204 4208 1363 4285 fecit,
1401 4211 1697 4278 deveniat;

141 4291 263 4355 quod
282 4292 323 4345 si
347 4292 527 4349 facere
550 4298 952 4367 contempserit,
986 4298 1210 4352 Romam
1232 4314 1331 4369 pro
1355 4300 1700 4361 absolutionc

142 4377 211 4430 sui
234 4382 618 4447 proficiscatur.
660 4384 1216 4453 Excummunieantnr
1243 4398 1297 4443 et
1335 4390 1442 4446 duo
1470 4392 1698 4461 pseudo-

141 4470 369 4543 episcopi,
398 4476 467 4531 ab
497 4475 721 4547 llugoue
747 4478 1001 4535 damnato
1027 4482 1284 4545 ordinati,
1314 4480 1609 4540 Tetbaldus
1642 4494 1699 4540 et

1789 3288 1952 3351 natur
1974 3294 2256 3366 cpiscopus
2277 3295 2343 3349 ab
2363 3292 2587 3349 Artoldo
2601 3291 3023 3361 archiepiscopo.
3042 3278 3370 3347 Altmonlem

1790 3364 2181 3449 munitionem,
2211 3400 2372 3456 quam
2398 3375 2618 3439 tenebat
2655 3383 2824 3447 Dodo,
2853 3382 3016 3436 lratcr
3063 3364 3370 3435 domni‘Ar-

1792 3477 1918 3532 ιοῌί
1949 3474 2211 3547 episcopi,
2243 3476 2437 3531 milites
2460 3474 2740 3530 Remensis
2758 3474 3033 3539 περιθεῖεν,
3055 3473 3144 3543 qui
3170 3471 3373 3542 recepti

1792 3584 1895 3623 non
1933 3567 2144 3623 fuerant
2169 3567 2235 3621 ab
2276 3568 2389 3638 ipso
2419 3564 2669 3636 prmsule,
2714 3564 2911 3619 furtiva
2953 3564 3170 3633 capiunt
3205 3562 3389 3633 prodi—.

1793 3662 1964 3731 tione;
1989 3668 2046 3714 et
2074 3659 2396 3714 advocantes
2432 3657 2705 3729 llngonem
2738 3647 3285 3717 excommunicatutin,
3318 3652 3370 3719 in

1792 3751 1987 3820 oppido
2024 3749 2096 3782 ⁸³³
2124 3738 2444 3817 suscipiunt.
2495 3748 2724 3819 indeque
2775 3764 2870 3819 per
2921 3747 3073 3802 villas
3117 3746 3372 3816 episeopii

1793 3840 2202 3908 circumpositas
2227 3839 2429 3912 rapinis
2458 3841 2774 3896 desmviunt.
2799 3826 3115 3893 imminente
3144 3837 3381 3905 deniqch

1794 3933 2030 4006 paschali
2072 3934 2457 3997 sollemnitate,
2485 3932 2754 4002 Gerbergn
2784 3932 2967 3999 regina
3016 3929 3376 4002 proﬁciscitur

1796 4028 1863 4080 ad
1887 4010 2291 4083 fratrem’suum
2332 4024 2582 4080 Ottonem
2619 4038 2822 4093 regem,
2853 4030 2906 4077 et
2935 4021 3252 4091 Aquisgrard
3284 4035 3376 4090 pa-

1796 4114 1928 4169 latio
1949 4114 2020 4147 ⁸³¹⁵
2051 4116 2249 4185 pascba
2281 4131 2403 4170 cum
2438 4114 2554 4191 ipso
2588 4113 2848 4168 celebrat.
2875 4112 2949 4167 lbi
2994 4121 3119 4166 tunc
3144 4111 3380 4175 diversa-

1798 4223 1918 4262 rum
1947 4207 2185 4278 gentium
2214 4205 2414 4267 atl'nere
2438 4206 2760 4277 legationes,
2795 4202 3105 4260 Graecorum
3148 4203 3381 4269 scilicet,

1796 4284 2128 4363 ltalicorum,
2161 4299 2481 4371 Anglorum,
2510 4307 2563 4354 et
2593 4298 2822 4353 aliorum
2851 4294 3186 4368 quorundam
3215 4309 3377 4366 popu-

1796 4393 1993 4464 lorum.

1870 4483 2136 4552 Regressa
2183 4482 2381 4536 Remos
2429 4479 2628 4562 regina.
2673 4492 2794 4532 cum
2849 4474 3163 4531 fraterniIm
3193 4473 3377 4553 auxilii

141 4555 217 4612 Iro
238 4563 325 4627 η’,
352 4565 500 4633 prior
520 4576 644 4635 post
670 4568 1039 4637 expulsionem
1071 4572 1238 4641 ipsius
1263 4573 1317 4628 in
1343 4575 1692 4630 Ambiancnsi
1726 4582 1770 4640 ι)
1797 4575 2207 4644 pollicitatione,
2260 4586 2357 4626 rex
2398 4555 2721 4626 Ludowicus
2763 4569 3081 4623 Laudunum
3125 4566 3378 4635 improvi-

140 4652 274 4717 nrbe,
310 4657 443 4712 alter
489 4667 612 4727 post
650 4658 1053 4715 damnationem
1081 4660 1320 4729 ejusdem
1351 4662 1591 4732 llugonis
1638 4665 1692 4719 in

143 4739 524 4811 Silranectensi,
557 4748 635 4817 ab
661 4748 776 4818 ipso
810 4748 879 4782 ⁸²⁰
909 4750 1209 4804 constituti.
1243 4751 1690 4808 Excommunica-

144 4840 216 4885 tur
231 4837 381 4891 etiam
416 4840 636 4908 quidam
663 4839 894 4894 clericus
916 4839 1288 4897 Laudunensis
1311 4844 1526 4897 nomine
1552 4842 1695 4898 Ade-

143 4920 309 4989 lnmus,
338 4944 494 4998 quem
528 4930 806 4984 accusavit
832 4929 1089 4984 Rodulfus
1129 4933 1411 5001 episcopus
1447 4933 1515 4967 ⁸¹¹
1542 4948 1693 4995 suus.

142 5026 195 5065 eo
221 5018 348 5083 quod
389 5017 711 5075 Tetbaldum
736 5019 1260 5080 excommunicatum
1280 5096 1283 5099 Δ
1304 5021 1356 5075 in
1389 5021 1688 5077 mcclesiam

1794 4680 1887 4718 sus
1911 4664 1982 4695 ⁸³⁸
2033 4663 2358 4732 aggreditur,
2405 4671 2459 4716 et
2507 4670 2667 4716 noctu
2714 4675 2869 4715 muro
2917 4648 3146 4713 latenter
3199 4673 3228 4709 a
3265 4658 3378 4711 suis

1795 4770 2040 4818 ascenso,
2067 4753 2430 4823 disruptisque
2449 4760 2724 4822 portarum
2749 4750 2906 4814 seris,
2931 4747 3181 4816 oppidum
3200 4746 3379 4813 ingrc-

1794 4844 1961 4909 ditur,
1989 4843 2239 4911 capitque
2263 4842 2535 4903 custodes,
2559 4847 2754 4908 praeter
2774 4852 2866 4892 eos
2888 4835 2979 4904 qui
3006 4836 3196 4888 turrim
3231 4828 3377 4905 (I04)

1795 4933 1959 5001 regia:
1982 4934 2173 4986 domus
2212 4931 2661 4992 conscenderant,
2694 4943 2855 5000 quam
2900 4926 3015 4994 ipse
3057 4926 3122 4979 ad
3168 4934 3380 4996 portam

1800 5025 1965 5079 castri
2001 5024 2339 5087 fundaverat.
2374 5023 2520 5077 lianc
2546 5022 2728 5092 itaque
2757 5034 2949 5092 Capere
2978 5035 3084 5075 non
3107 5020 3319 5082 valens,
3352 5030 3381 5068 a

1391 5109 1625 5168 VARIIE
1674 5111 2074 5167 LECTIONES.
