3872 5326
146 361 241 418 677

1587 344 1925 403 ANNALES.

3287 335 3391 391 678

146 493 230 545 per
254 472 475 545 ﬂuvium
504 469 742 524 Vidulam
770 469 840 502 '7‘
886 469 1066 531 sitam,
1106 482 1267 539 quam
1314 474 1537 522 vocant.
1555 467 1708 520 Brai-
1741 472 1783 528 Α
1812 474 1993 519 cetera
2019 461 2186 532 ipsius
2207 460 2454 515 obsidere
2477 457 2548 492 ⁸⁸⁸
2572 457 2718 514 facit.
2745 458 2931 528 Legati
2958 454 3386 527 regisLudowici

147 581 258 620 nam
278 562 369 629 ³⁷⁸,
402 561 603 616 furtivo
629 561 848 630 capiunt
876 560 1145 630 ingressu.
1178 556 1333 614 Unde
1359 556 1530 612 iratus
1560 555 1712 628 llugo

149 656 403 724 princeps.
435 652 505 705 ad
534 665 713 721 regem
740 650 937 713 mittit;
964 657 1018 703 et
1040 664 1135 702 rex
1157 647 1246 702 illo
1272 646 1563 717 profectus,
1593 660 1713 700 eos-

146 746 256 799 dem
298 744 578 798 invasores
624 741 843 812 expellit
887 740 1034 805 inde,
1069 748 1124 795 et
1167 739 1241 773 ’ὀ
1267 739 1440 807 ipsum
1471 744 1709 792 castrum

147 835 397 907 prioribus
436 833 616 889 reddit
643 832 920 888 custodiis.
970 830 1169 885 Deinde
1210 827 1534 898 colloquium
1580 825 1712 895 petit

149 926 399 995 llugonis;
449 924 594 993 quod
642 922 767 976 dum
814 922 1039 976 haberet
1083 920 1151 953 ""
1179 962 1194 986 ,
1249 920 1502 974 custodes
1546 916 1708 973 castri

148 1018 418 1083 Codiciaci,
448 1018 545 1087 qni
575 1016 913 1071 desciverant
937 1029 967 1068 a
990 1014 1187 1068 domno
1214 1011 1434 1067 Artoldo
1460 1008 1707 1081 praesule,

147 1108 440 1166 Tebaldutn
468 1108 730 1162 comitem
769 1106 824 1160 in
856 1106 970 1175 ipso
999 1104 1261 1173 recipiunt
1288 1101 1408 1173 oppi
1428 1101 1501 1153 io.
1530 1099 1709 1168 Quare

149 1201 297 1251 iratus
339 1211 457 1263 rex,
491 1204 650 1267 rogat
694 1193 967 1266 “agonem
999 1235 1013 1259 ,
1056 1203 1113 1246 ut
1159 1191 1346 1246 reddat
1392 1190 1563 1260 ipsam
1605 1187 1709 1243 sibi

148 1288 476 1343 munitionem
502 1328 521 1351 ,
568 1287 660 1342 sed
693 1286 947 1358 quoniam
992 1283 1045 1339 id
1074 1285 1145 1317 m
1172 1282 1421 1353 optinere
1461 1296 1563 1335 non
1613 1296 1709 1349 po-

150 1378 339 1445 tuit'",
388 1376 658 1432 Tetbaldo
700 1375 897 1432 comite
943 1374 1266 1430 omnimodis
1291 1372 1361 1411 ³⁸⁸
1389 1370 1703 1435 obsistente,

152 1468 361 1525 infensus
384 1467 732 1536 Lauduuum,
766 1466 986 1539 llngoue
1012 1465 1335 1527 inconsulto,
1364 1463 1586 1518 recessit
1612 1462 1703 1516 ⁸³³.

150 1558 410 1613 Tetbaldns
437 1574 469 1613 a
500 1558 787 1614 Coalieiaco
815 1559 884 1593 "“
930 1558 1112 1629 plures
1140 1572 1349 1622 eorum,
1391 1570 1526 1625 quos
1560 1554 1706 1609 intus

154 1650 420 1712 invenerat,
447 1650 678 1719 expulit.
729 1650 966 1704 Domnns
1003 1647 1257 1701 Artoldus
1285 1644 1565 1716 prmfatum
1598 1643 1707 1698 Bo-

153 1738 345 1805 dulfum,
374 1738 818 1795 Noviomcnsium
848 1740 1103 1802 electum,
1142 1737 1327 1793 Remis
1350 1736 1565 1792 ordinat
1592 1735 1706 1805 cpi-

1813 554 1883 608 ab
1918 551 2117 608 Ottonc
2158 551 2405 621 regressi,
2442 551 2713 613 nuntiant,
2746 550 2884 603 nolle
2908 551 3072 603 immo
3099 548 3389 617 prohibere

1814 642 2063 701 Ottonem
2095 657 2296 713 regem,
2328 656 2396 695 ne
2436 639 2757 696 Fredericus
2800 640 2879 692 vel
2925 639 3119 708 aliquis
3161 653 3384 692 suorum

1814 735 1974 788 ullam
2026 734 2098 768 ⁸⁸⁸
2152 731 2501 786 munitionem
2550 731 2601 784 in
2642 730 2744 785 hoc
2800 745 2962 801 regno
3010 730 3244 792 habeat,
3281 726 3387 782 nisi

1812 839 2133 879 consensum
2161 824 2303 892 regis
2349 822 2623 879 Lndowici
2669 837 2831 893 super
2866 823 2969 877 hoc
3010 821 3112 876 sibi
3139 821 3389 877 obtinere

1811 927 1994 989 queat.

1882 1009 2122 1080 llungarl
2164 1008 2232 1063 ab
2268 1006 2419 1062 ltalia
2446 1004 2775 1061 transcensis
2806 1004 2877 1038 ⁸⁸⁸
2907 1003 3131 1074 Alpibus
3157 1003 3389 1074 egressi,

1811 1103 2158 1176 Aquitaniam
2205 1099 2433 1171 ingressi
2468 1107 2624 1165 sunt;
2673 1098 2855 1167 ibique
2891 1106 3000 1153 tota
3036 1111 3173 1167 pene
3201 1096 3389 1150 demo-

1810 1197 1912 1252 rati
1958 1203 2167 1257 :estate,
2197 1192 2380 1247 multis
2409 1190 2549 1246 hanc
2590 1190 2868 1259 regionem
2901 1189 3102 1260 rapinis
3134 1196 3188 1244 et
3215 1189 3387 1244 inter-

1809 1287 2116 1344 actionibus
2137 1285 2209 1318 '"
2234 1285 2589 1347 attriverant;
2624 1283 2808 1352 sicque
2830 1298 2925 1354 per
2949 1283 3154 1338 Italiam
3182 1284 3386 1357 reversi

1808 1386 1932 1433 sunt
1962 1377 2013 1430 in
2062 1384 2261 1430 terram
2303 1389 2477 1430 suam.
2532 1373 2852 1428 Ludowicus
2899 1389 2992 1429 rex
3032 1375 3391 1430 munitionem

1806 1468 2078 1537 quandam
2114 1466 2331 1521 nomine
2355 1464 2609 1527 Brcuam,
2641 1479 2803 1534 quam
2833 1465 3051 1534 quidam
3084 1466 3384 1534 pra'dones,

1806 1558 2102 1614 Gotbertus
2149 1554 2358 1610 scilicet
2397 1569 2462 1608 ac
2508 1553 2679 1608 frater
2723 1552 2840 1622 ejus
2877 1552 3241 1623 Angilbertus,
3268 1571 3391 1609 mn-

1808 1645 2137 1711 nieraut'",
2187 1644 2433 1709 obsidet,
2482 1643 2814 1714 pennriaque
2858 1642 3018 1698 famis
3046 1650 3381 1714 oppressam,

1806 1737 1950 1806 capit
1984 1736 2201 1792 tandem
2230 1734 2300 1770 ⁹⁹⁹
2331 1750 2393 1790 ac
2423 1734 2620 1801 diruit;
2666 1735 2790 1789 inde
2818 1749 3086 1799 reversus,
3117 1736 3182 1789 ad
3215 1736 3390 1791 colle-

156 1845 360 1901 scopum.
407 1831 774 1902 Berengarius
808 1832 1025 1903 quidam
1061 1833 1312 1901 princeps
1356 1829 1521 1884 Italia!
1546 1869 1562 1893 ,
1612 1843 1703 1881 ve-
1737 1811 1780 1870 Β
1809 1830 1994 1901 quium
2039 1828 2244 1883 Arnnlt‘i
2282 1837 2338 1884 et
2384 1827 2622 1899 llngonis
2672 1826 3048 1896 proﬁciscitur.
3098 1827 3169 1882 At
3208 1828 3385 1900 Hugo,

155 1935 287 1986 neno,
314 1930 369 1975 ut
391 1920 601 1985 ferunt,
635 1932 826 1978 necato
854 1921 1107 1980 Lotbario
1135 1937 1281 1993 rege,
1306 1919 1543 1992 llugonis
1568 1918 1699 1985 lilio,

157 2028 228 2067 rex
252 2009 468 2068 efﬁcitur
496 2012 690 2069 italiar.
718 2015 874 2070 Anno

776 2104 1058 2162 DCCCCLI

158 2192 435 2251 Ludovicus
462 2212 561 2250 rex
594 2194 938 2266 Aquitaniam
986 2211 1107 2250 cum
1159 2194 1400 2251 exercitu
1428 2193 1582 2265 petiit
1606 2192 1699 2258 ⁸⁸⁸,

163 2284 235 2337 sel
273 2295 550 2354 antequam
623 2289 850 2342 eandem
918 2287 1292 2357 ingrederetur
1350 2284 1700 2356 provintiam,

162 2376 318 2432 fiat-lus
338 2378 751 2444 Constantinus,
778 2379 994 2437 Viennae
1021 2381 1288 2450 princeps,
1312 2388 1367 2435 et
1392 2378 1701 2447 Stephanus

160 2466 475 2523 Arventontm
522 2471 727 2541 praasul
771 2471 838 2525 ad
867 2488 988 2527 eum
1017 2473 1319 2535 venientes,
1346 2471 1426 2526 sui
1458 2469 1699 2525 ellicinn-

162 2566 251 2624 tur;
291 2561 417 2615 idem
457 2578 597 2617 vero
617 2562 901 2633 cpiscopus
943 2564 1137 2634 opimis
1166 2579 1289 2619 eum
1320 2563 1553 2616 honorat
1583 2577 1698 2615 mn-

161 2650 354 2703 ueribus.
393 2650 706 2707 Willelmus
752 2669 963 2722 quoque
1007 2653 1337 2708 Pietavensis
1377 2652 1587 2706 obviam
1625 2649 1699 2683 ⁸⁸⁵

160 2754 197 2793 et
231 2739 331 2795 fuit.
378 2742 633 2813 Dumque
668 2753 911 2801 moratur
950 2745 1293 2815 Aquitaniam
1337 2760 1427 2798 rex
1470 2744 1695 2805 intrare,

163 2831 276 2894 gravi
315 2833 604 2903 corripitur
641 2833 991 2899 infirmitate;
1048 2851 1207 2904 quem
1254 2834 1551 2905 suscipiens
1597 2832 1698 2887 Le-

168 2917 303 2973 taldns
316 2919 403 2981 ⁸⁸⁸.
429 2922 655 2992 quidam
681 2921 1004 2994 Bnrguudia:
1031 2940 1234 2991 comes,
1256 2925 1345 2994 qui
1379 2930 1503 2978 tunc
1530 2922 1693 2977 eziam

166 3023 262 3063 suus
286 3012 479 3066 noviter
506 3012 740 3069 effectus
764 3026 904 3079 erat,
933 3016 1134 3070 utiliter
1156 3032 1278 3070 cum
1311 3014 1364 3067 iu
1400 3015 1510 3083 ipsa
1537 3013 1695 3084 :egri-

169 3100 308 3155 tudine
328 3102 655 3160 observavit.
709 3105 992 3174 lleparatis
1018 3107 1181 3177 igitur
1208 3107 1306 3161 sibi
1340 3106 1564 3168 viribus,
1599 3120 1691 3158 rex

1806 1922 2061 1991 quoniam
2117 1919 2359 1975 infensus
2404 1929 2519 1976 erat
2589 1921 2814 1976 Arunlfo
2872 1934 3091 1994 propter
3144 1934 3391 1977 castrum

1809 2011 2246 2066 Monasteriolnm
2276 2019 2331 2066 et
2373 2020 2571 2065 terram
2618 2013 2888 2081 quondam
2934 2012 3137 2067 Erluini
3166 2054 3180 2077 ,
3220 2028 3383 2083 quam

1805 2103 1947 2158 idem
1978 2102 2237 2158 Aruulfus
2276 2115 2676 2173 occupaverat,
2727 2104 2793 2157 ad
2843 2104 3016 2174 ipsum
3056 2104 3381 2175 colloquium

1804 2193 1991 2248 venire
2044 2192 2252 2256 uoluit;
2300 2194 2392 2246 scd
2443 2194 2614 2262 ipsam
2680 2204 2878 2247 terram
2931 2193 3209 2263 ingressus
3259 2210 3389 2250 cum

1807 2281 2085 2353 Rotgario,
2122 2281 2326 2336 Erluiui
2376 2282 2507 2344 filio,
2555 2282 2825 2352 quoddam
2866 2296 3105 2337 castrum
3150 2284 3387 2340 obsedit.

1804 2372 1917 2427 Rex
1962 2382 2178 2434 autem,
2235 2382 2449 2441 petente
2493 2372 2563 2405 ’°°
2607 2372 2875 2440 Arnulfo,
2928 2376 2995 2429 ad
3049 2390 3172 2429 eum
3215 2377 3382 2441 misit,

1804 2467 2081 2536 ipsamque
2108 2466 2443 2520 obsidionem
2476 2465 2667 2520 resolvi
2711 2465 2870 2530 fecit,
2907 2466 3255 2536 induciasqne
3300 2468 3391 2521 τοι

1802 2564 2018 2628 treugas
2051 2556 2217 2629 [inter
2249 2558 2393 2628 ipsos
2416 2555 2510 2629 Ml]
2558 2572 2729 2629 usque
2762 2558 2827 2611 ad
2859 2557 3127 2614 Kalzndas
3157 2561 3382 2616 Decem-

1802 2648 1915 2703 bris
1945 2649 2175 2720 accepit.
2938 2672 2941 2675 ·

1870 2740 2219 2813 Otlogebam
2244 2742 2448 2812 regina,
2476 2751 2649 2799 mater
2670 2744 2944 2800 Ludovvici
2972 2744 3131 2818 regis,
3161 2759 3383 2816 egressa

1801 2832 2083 2897 Landuuo,
2128 2834 2553 2889 conducentibus
2595 2850 2655 2891 se
2697 2835 3017 2905 quibusdam
3046 2845 3177 2890 tam
3224 2834 3382 2892 lleri-

1799 2924 1935 2978 berti
1981 2939 2141 2993 quam
2185 2924 2456 2979 Adalberti
2502 2924 2689 2982 fratris
2730 2926 2900 2996 ipsius
2938 2927 3265 2992 hominibus,
3312 2926 3380 2981 al

1798 3015 2139 3070 llcrihertum
2167 3016 2559 3087 prolicisritur;
2602 3018 2695 3088 qui
2738 3019 3038 3087 suscipiens
3063 3034 3206 3083 eam,
3232 3019 3381 3074 ducit

1800 3109 1851 3162 in
1881 3107 2183 3178 conjugem.
2239 3108 2391 3165 Unde
2419 3125 2512 3165 rex
2545 3110 2865 3167 Ludowicus
2893 3112 3081 3179 iratus,
3109 3112 3381 3167 abbatiant

165 3187 205 3242 in
255 3190 514 3249 Franciam
588 3196 912 3265 regreditur.
986 3196 1191 3250 Interea
1258 3195 1578 3250 Frelericus
1622 3193 1694 3227 ⁸⁸⁸
1722 3165 1766 3227 C
1797 3212 1997 3257 sancte
2024 3201 2227 3266 Maria},
2255 3218 2414 3271 quam
2463 3203 2575 3273 ipsa
2619 3202 2861 3259 Lauduni
2888 3204 3125 3271 tenebat,
3154 3207 3378 3276 recepit,

165 3278 462 3335 Adalberouis
524 3279 769 3352 episcopi
840 3282 1047 3351 frater,
1097 3283 1187 3353 qui
1244 3282 1403 3336 filiam
1454 3281 1694 3351 llngonis

164 3367 375 3437 principis
402 3371 498 3425 sibi
529 3373 915 3444 desponderat,
954 3374 1006 3428 in
1060 3377 1159 3428 hoc
1191 3390 1411 3444 regnum
1448 3375 1691 3440 veniens,

165 3459 466 3515 munitionem
499 3463 550 3516 in
582 3461 705 3518 loco
734 3465 823 3533 qui
857 3464 1053 3518 dicitur
1082 3462 1245 3518 Panis
1273 3462 1341 3495 ⁸³⁷
1392 3461 1563 3535 (108),
1612 3463 1693 3517 itt-

163 3552 358 3614 consulto
399 3571 518 3627 rege
566 3558 657 3612 vel
708 3559 889 3631 regina
931 3571 1242 3615 construere
1272 3561 1459 3632 coepit,
1492 3571 1547 3617 et
1575 3559 1691 3617 loca

165 3639 492 3714 cizeumposita
539 3650 756 3705 crebris
804 3651 1291 3721 dcprtedationibus
1334 3653 1536 3723 diripit.
1586 3653 1692 3709 Pro

163 3745 316 3805 quare
340 3739 484 3795 valde
524 3739 792 3797 molestus
830 3758 924 3797 rex
973 3742 1329 3812 Ludowieus,
1369 3744 1689 3811 legationem

163 3836 281 3878 suam
305 3828 472 3901 dirigit
503 3833 570 3887 ad
612 3832 885 3891 Ottouem.
917 3834 1067 3907 llngo
1095 3836 1345 3908 princeps
1370 3838 1436 3891 ad
1462 3838 1690 3892 eundem

164 3925 305 3983 regem
347 3918 597 3978 Ottunem
626 3964 642 3987 ,
691 3925 950 3987 invitatus
998 3926 1063 3982 ad
1115 3926 1287 3998 ipsmn
1325 3926 1417 3995 ⁸⁸⁸,
1463 3928 1688 3991 vadens,

165 4001 269 4057 duos
288 4006 352 4070 illi
373 4015 629 4079 praemisit
657 4014 858 4081 leones,
886 4024 940 4070 et
968 4016 1079 4086 ipse
1107 4032 1225 4072 mox
1259 4018 1575 4072 subsecutus
1595 4016 1687 4080 ⁸⁸³.

166 4089 409 4155 honoriﬁce
451 4103 518 4157 ab
561 4105 757 4160 eodem
808 4106 859 4175 in
912 4107 1101 4163 diebus
1149 4108 1362 4178 pasrlne
1408 4118 1691 4178 susceptus

164 4193 253 4251 est;
279 4189 620 4265 decenterque
653 4195 871 4252 habitus
899 4199 965 4251 ab
991 4214 1079 4264 eo,
1124 4215 1218 4267 per
1247 4200 1391 4270 ipsos
1422 4201 1690 4270 paschalis

167 4273 480 4338 sollemnitatis
502 4286 618 4340 dies
640 4286 946 4350 exultanter
969 4289 1136 4359 Aquis
1157 4306 1274 4345 cum
1306 4290 1420 4359 ipso
1442 4290 1511 4325 ¹¹⁹⁹
1539 4307 1689 4344 mana

168 4364 244 4429 s't;
269 4371 527 4444 multisque
554 4378 715 4433 donis
742 4379 919 4448 npitne
966 4380 1032 4435 ab
1066 4396 1130 4435 eo
1165 4391 1479 4438 muneratus
1508 4398 1687 4437 rever-

1797 3301 1852 3348 et
1892 3292 2178 3365 Gerhergze
2224 3294 2377 3348 uxori
2429 3311 2539 3350 sua:
2585 3295 2774 3361 dedit;
2837 3296 3023 3351 fiscum
3050 3296 3121 3331 ’⁸³
3167 3313 3381 3368 quoque

1794 3383 2112 3439 Atoniacatn
2152 3400 2249 3439 suo
2284 3385 2522 3441 dominio
2561 3382 2817 3442 subdidit.
2866 3385 2993 3443 Otto
3037 3403 3126 3442 rex
3171 3387 3379 3442 Italiam

1796 3474 1959 3541 adiit;
2010 3475 2077 3530 ad
2119 3475 2272 3545 cujus
2316 3477 2606 3531 adventum
2646 3475 2971 3548 Berengario
2998 3477 3382 3549 Longobardo—

1797 3582 1914 3620 runt
1958 3566 2029 3600 ’⁸⁸
2079 3582 2204 3637 rege
2235 3568 2316 3621 ab
2360 3569 2494 3622 urbe
2540 3567 2702 3637 Papia
2750 3565 3025 3639 fugiente,
3092 3569 3208 3638 ipse
3253 3571 3380 3627 Otto

1794 3656 2018 3710 candent
2065 3655 2366 3727 ingreditur
2393 3657 2605 3722 urbem,
2628 3652 2855 3711 uxorem
2891 3672 3107 3728 quoque
3134 3657 3377 3716 Lotharii

1794 3745 1936 3815 regis
1961 3745 2218 3810 defuncti,
2249 3745 2341 3799 filii
2378 3745 2635 3816 llugouis,
2662 3760 2902 3801 sororem
2931 3745 3201 3803 Chonradi
3235 3752 3378 3819 regis

1790 3835 2057 3902 Jureusis,
2104 3837 2205 3892 sibi
2244 3835 2524 3908 coniugem
2567 3837 2721 3891 duxit
2745 3837 2837 3892 “'.
2890 3835 3180 3895 Sarraceui
3230 3852 3377 3897 mea”.

1795 3938 1906 3983 tmn
1941 3928 2157 3999 Alpium
2191 3928 2520 3992 obsidentes,
2549 3944 2579 3981 a
2603 3928 2903 3984 viatoribus
2929 3927 3156 3985 Romam
3184 3942 3374 4001 peten-

1793 4024 1935 4080 tibus
1977 4024 2236 4080 tributum
2275 4024 2578 4097 accipiunt,
2622 4033 2675 4081 et
2715 4025 2795 4082 sic
2838 4042 2931 4083 eos
2971 4026 3207 4083 transire
3247 4041 3375 4098 per-

1792 4115 2030 4169 tuittttnt.
2078 4115 2232 4171 Auno
2722 4146 2727 4151 -
3356 4134 3361 4144 ‘

2426 4209 2735 4267 DCCCCLII

1790 4302 1916 4358 Otto
1937 4302 2008 4336 ’θ’
2035 4320 2129 4359 rex
2176 4302 2498 4376 legationem
2533 4320 2629 4375 pro
2659 4304 3005 4377 susceptione
3032 4304 3115 4359 sui
3142 4303 3373 4359 Romam

1780 4393 2005 4464 dirigit,
2050 4409 2155 4463 qua
2199 4409 2304 4448 non
2344 4392 2563 4449 obtenta
2592 4435 2607 4460 ,
2653 4409 2775 4449 cum
2824 4408 2993 4450 uxore
3033 4393 3088 4449 in
3135 4410 3231 4450 sua
3283 4410 3371 4449 re-

169 4455 282 4575 :i'tur,
308 4464 589 4526 deduccnte
611 4489 671 4525 se
698 4472 834 4528 duce
865 4473 1148 4529 Cltourado
1173 4491 1341 4545 usque
1370 4476 1434 4529 ad
1466 4477 1682 4533 fluvium
1713 4516 1762 4575 Β
1789 4486 2051 4556 greditur,
2098 4486 2338 4541 dimissis
2383 4486 2449 4541 ad
2495 4486 2792 4540 ρυειοαίεηη
2836 4486 3015 4558 papim
3052 4487 3371 4556 quibusdam

170 4541 431 4608 Maternum.
479 4559 579 4627 Qui
627 4563 731 4616 dux
784 4561 1102 4621 Chonradns
1143 4566 1460 4634 quibusdam
1513 4566 1687 4624 infeué

168 4637 307 4688 suam
340 4642 793 4715 Lothariensibns,
829 4662 1005 4708 turres
1053 4656 1388 4724 quorundam
1419 4658 1598 4721 deicit,
1633 4669 1689 4716 et

168 4731 377 4822 ‘l‘ltttftlntn
413 4736 826 4800 Virdnnensium
880 4744 1177 4800 honoribus
1230 4748 1451 4818 privat;
1527 4751 1685 4822 Bagi-

169 4815 268 4869 tterii
290 4819 350 4854 ‘"
390 4841 506 4883 vero
540 4834 758 4888 comitis
796 4836 1065 4903 quoddam
1092 4836 1163 4869 ⁸⁹⁸
1205 4815 1481 4897 castellum
1517 4815 1683 4914 capit,

1789 4589 1857 4629 ex
1902 4575 2032 4630 suis.
2082 4574 2405 4630 Lndowicus
2446 4591 2568 4630 cum
2606 4574 2879 4647 Gerberga
2926 4576 3110 4647 regina
3154 4575 3370 4630 Laudu-

1792 4682 1918 4721 num
1961 4668 2154 4738 repetit
2193 4653 2285 4723 W.
2354 4667 2714 4739 Berengarius
2766 4686 2860 4724 rex
2908 4671 2974 4723 ad
3021 4669 3368 4724 Cho’nradum

1774 4757 2001 4824 ducem,
2029 4758 2118 4828 qui
2148 4757 2327 4830 Papiae
2364 4769 2721 4826 remanserat,
2765 4761 2946 4825 venit;
2989 4775 3019 4814 a
3048 4777 3155 4831 quo
3183 4761 3235 4816 in
3268 4760 3371 4816 ﬁde

1790 4846 1959 4917 ipsius
1982 4857 2287 4916 susceptus,
2316 4848 2381 4904 ad
2408 4847 2660 4904 Ottonetn
2702 4848 3037 4919 perducitur.
3083 4848 3255 4918 Quem
3286 4848 3374 4904 ille

1456 4995 1690 5067 VARIAS
1725 4998 2130 5056 LECTIONES.

218 5079 530 5161 '7‘_uidnllam
564 5099 623 5161 9.,
659 5101 906 5158 indellam
944 5054 997 5158 3.

218 5102 275 5123 ἠ
297 5102 530 5150 ttututtam
564 5102 623 5161 9.,
659 5102 906 5158 indellam
944 5103 997 5158 3.
1110 5103 1180 5136 ⁸⁷⁵
1207 5102 1447 5164 bramam
1480 5109 1530 5164 1.

174 5147 259 5202 αὶιι.
280 5155 328 5202 ἓ-
357 5162 388 5202 Ἄ
473 5166 541 5200 In
570 5174 735 5202 mm“-
768 5175 1014 5202 amna..-
1043 5173 1075 5202 τι
1174 5173 1244 5202 sat
1284 5180 1505 5202 -....---:..

442 5236 555 5248 Α-

176 5109 541 5215 ηὶὶῖνὲιιιὲιιιιιιξξι.
564 5109 623 5161 ‘3.
659 5109 912 5186 indellattt
944 5109 997 5158 3.
1110 5109 1180 5136 ⁵⁷³
1207 5109 1447 5164 bramam
1480 5109 1530 5164 1.
1606 5109 1677 5142 ⁸⁷⁸
1707 5111 1845 5167 deest
1883 5113 1938 5173 2.
1970 5117 2024 5170 3.

176 5190 347 5248 κει),
394 5202 405 5215 -
442 5236 470 5248 Α
526 5173 1113 5248 ,ιιιοεζιέι-οιηιιιὺυδρη
1174 5173 1244 5248 ⁸⁸ξ
1283 5180 1511 5237 recessit
1557 5179 1618 5233 T.
1649 5196 1676 5232 a
1704 5178 1797 5247 (1.,
1828 5192 1961 5248 etp.
1998 5186 2050 5239 t.

2111 5113 2185 5218 “7:
2221 5117 2507 5175 haberetur
2541 5115 2595 5178 ε,
2625 5114 2681 5171 5.
2744 5119 2817 5153 ⁸⁷³
2844 5118 2982 5198 deest
3007 5119 3060 5173 3.
3139 5120 3210 5154 '7'
3240 5134 3294 5200 ιι.
3325 5129 3379 5236 ἓ.

2176 5187 2224 5220 ⁸¹
2252 5192 2473 5236 antliam
2502 5189 2552 5236 Ι-
2588 5187 2663 5236 2?
2749 5191 2820 5225 ³⁸³
2848 5195 3009 5236 necnt
3039 5186 3098 5236 2-
3144 5197 3281 5236 ιιριιι
3368 5218 3379 5234 .

2176 5187 2224 5220 δ’
2252 5192 2473 5247 codiaco
2502 5189 2553 5248 i.
2588 5187 2663 5242 ει
2749 5191 2820 5225 ³⁸³
2848 5187 3009 5248 peciit
3039 5186 3098 5248 2,
3144 5188 3281 5248 petit
3327 5186 3383 5236 3.
