  <div class='ocr_page' id='page_1' title='image "/cluster/home/n/w/nwhite01/storage/ocr_20150623/135/hvd.32044015471758/247.png"; bbox 0 0 3872 5326; ppageno 0'>
   <div class='ocr_carea' id='block_1_1' title="bbox 455 312 561 368">
    <p class='ocr_par' dir='ltr' id='par_1_1' title="bbox 455 312 561 368">
     <span class='ocr_line' id='line_1_1' title="bbox 455 312 561 368; baseline 0.009 -3"><span class='ocrx_word' id='word_1_1' title='bbox 455 312 561 368; x_wconf 72' lang='grc' dir='ltr'><strong>ιτθ</strong></span> 
     </span>
    </p>
   </div>
   <div class='ocr_carea' id='block_1_2' title="bbox 1528 305 2647 367">
    <p class='ocr_par' dir='ltr' id='par_1_2' title="bbox 1528 305 2647 367">
     <span class='ocr_line' id='line_1_2' title="bbox 1528 305 2647 367; baseline 0.004 -5"><span class='ocrx_word' id='word_1_2' title='bbox 1528 305 1912 366; x_wconf 76' lang='lat' dir='ltr'><strong>FLODOARDI</strong></span> <span class='ocrx_word' id='word_1_3' title='bbox 1951 306 2268 365; x_wconf 77' lang='lat' dir='ltr'><strong>CANONICI</strong></span> <span class='ocrx_word' id='word_1_4' title='bbox 2311 310 2647 367; x_wconf 75' lang='lat' dir='ltr'><strong>llEMENSlS</strong></span> 
     </span>
    </p>
   </div>
   <div class='ocr_carea' id='block_1_3' title="bbox 3612 314 3708 372">
    <p class='ocr_par' dir='ltr' id='par_1_3' title="bbox 3612 314 3708 372">
     <span class='ocr_line' id='line_1_3' title="bbox 3612 314 3708 372; baseline 0 -2"><span class='ocrx_word' id='word_1_5' title='bbox 3612 314 3708 372; x_wconf 66' lang='grc' dir='ltr'>ιω</span> 
     </span>
    </p>
   </div>
   <div class='ocr_carea' id='block_1_4' title="bbox 455 420 3707 498">
    <p class='ocr_par' dir='ltr' id='par_1_4' title="bbox 455 420 3707 498">
     <span class='ocr_line' id='line_1_4' title="bbox 455 420 3707 498; baseline 0.001 -15"><span class='ocrx_word' id='word_1_6' title='bbox 455 428 685 497; x_wconf 66' lang='lat' dir='ltr'><strong>benigne</strong></span> <span class='ocrx_word' id='word_1_7' title='bbox 708 423 1028 494; x_wconf 78' lang='lat' dir='ltr'><strong>suscipiens,</strong></span> <span class='ocrx_word' id='word_1_8' title='bbox 1055 423 1327 478; x_wconf 76' lang='lat' dir='ltr'><strong>concessis</strong></span> <span class='ocrx_word' id='word_1_9' title='bbox 1352 420 1525 476; x_wconf 84' lang='lat' dir='ltr'><strong>eidem</strong></span> <span class='ocrx_word' id='word_1_10' title='bbox 1550 421 1728 484; x_wconf 87' lang='lat' dir='ltr'><strong>rebus,</strong></span> <span class='ocrx_word' id='word_1_11' title='bbox 1743 430 1903 491; x_wconf 86' lang='lat' dir='ltr'><strong>prout</strong></span> <span class='ocrx_word' id='word_1_12' title='bbox 1932 422 2033 478; x_wconf 86' lang='lat' dir='ltr'><strong>sibi</strong></span> <span class='ocrx_word' id='word_1_13' title='bbox 2067 432 2109 487; x_wconf 77' lang='grc' dir='ltr'>Α</span> <span class='ocrx_word' id='word_1_14' title='bbox 2142 424 2354 480; x_wconf 88' lang='lat' dir='ltr'><strong>mittere</strong></span> <span class='ocrx_word' id='word_1_15' title='bbox 2376 465 2391 491; x_wconf 93' lang='lat'><strong>,</strong></span> <span class='ocrx_word' id='word_1_16' title='bbox 2452 426 2595 496; x_wconf 90' lang='lat' dir='ltr'><strong>quod</strong></span> <span class='ocrx_word' id='word_1_17' title='bbox 2641 425 2767 481; x_wconf 88' lang='lat' dir='ltr'><strong>olim</strong></span> <span class='ocrx_word' id='word_1_18' title='bbox 2791 466 2804 486; x_wconf 91' lang='lat'><strong>.</strong></span> <span class='ocrx_word' id='word_1_19' title='bbox 2853 425 3166 497; x_wconf 75' lang='lat' dir='ltr'><strong>priusquam</strong></span> <span class='ocrx_word' id='word_1_20' title='bbox 3214 426 3419 482; x_wconf 78' lang='lat' dir='ltr'><strong>Italiam</strong></span> <span class='ocrx_word' id='word_1_21' title='bbox 3462 438 3707 498; x_wconf 87' lang='lat' dir='ltr'><strong>peteret,</strong></span> 
     </span>
    </p>
   </div>
   <div class='ocr_carea' id='block_1_5' title="bbox 457 511 2037 583">
    <p class='ocr_par' dir='ltr' id='par_1_5' title="bbox 457 511 2037 583">
     <span class='ocr_line' id='line_1_5' title="bbox 457 511 2037 583; baseline -0.001 -13"><span class='ocrx_word' id='word_1_22' title='bbox 457 518 630 570; x_wconf 76' lang='lat' dir='ltr'><strong>visum</strong></span> <span class='ocrx_word' id='word_1_23' title='bbox 677 515 798 575; x_wconf 84' lang='lat' dir='ltr'><strong>fuit,</strong></span> <span class='ocrx_word' id='word_1_24' title='bbox 842 512 1164 583; x_wconf 86' lang='lat' dir='ltr'><strong>quibusdam</strong></span> <span class='ocrx_word' id='word_1_25' title='bbox 1213 514 1266 569; x_wconf 90' lang='lat' dir='ltr'><strong>in</strong></span> <span class='ocrx_word' id='word_1_26' title='bbox 1313 512 1466 567; x_wconf 83' lang='lat' dir='ltr'><strong>Italia</strong></span> <span class='ocrx_word' id='word_1_27' title='bbox 1508 512 1578 544; x_wconf 75' lang='grc'><strong>⁹⁰⁸</strong></span> <span class='ocrx_word' id='word_1_28' title='bbox 1607 511 1832 581; x_wconf 88' lang='lat' dir='ltr'><strong>paciﬁce</strong></span> <span class='ocrx_word' id='word_1_29' title='bbox 1859 513 2037 568; x_wconf 91' lang='lat' dir='ltr'><strong>redire</strong></span> 
     </span>
    </p>
   </div>
   <div class='ocr_carea' id='block_1_6' title="bbox 456 603 2035 677">
    <p class='ocr_par' dir='ltr' id='par_1_6' title="bbox 456 603 2035 677">
     <span class='ocr_line' id='line_1_6' title="bbox 456 603 2035 677; baseline -0.001 -17"><span class='ocrx_word' id='word_1_30' title='bbox 456 606 729 677; x_wconf 80' lang='lat' dir='ltr'><strong>permisit;</strong></span> <span class='ocrx_word' id='word_1_31' title='bbox 766 605 882 674; x_wconf 87' lang='lat' dir='ltr'><strong>ipse</strong></span> <span class='ocrx_word' id='word_1_32' title='bbox 907 618 1123 673; x_wconf 90' lang='lat' dir='ltr'><strong>quoque</strong></span> <span class='ocrx_word' id='word_1_33' title='bbox 1146 603 1274 659; x_wconf 89' lang='lat' dir='ltr'><strong>Otto</strong></span> <span class='ocrx_word' id='word_1_34' title='bbox 1298 603 1445 676; x_wconf 79' lang='lat' dir='ltr'><strong>(l09)</strong></span> <span class='ocrx_word' id='word_1_35' title='bbox 1472 612 1594 674; x_wconf 86' lang='lat' dir='ltr'><strong>post</strong></span> <span class='ocrx_word' id='word_1_36' title='bbox 1616 603 2035 659; x_wconf 85' lang='lat' dir='ltr'><strong>celebrationem</strong></span> 
     </span>
    </p>
   </div>
   <div class='ocr_carea' id='block_1_7' title="bbox 455 693 2038 767">
    <p class='ocr_par' dir='ltr' id='par_1_7' title="bbox 455 693 2038 767">
     <span class='ocr_line' id='line_1_7' title="bbox 455 693 2038 767; baseline -0.001 -16"><span class='ocrx_word' id='word_1_37' title='bbox 455 695 670 767; x_wconf 84' lang='lat' dir='ltr'><strong>paschae</strong></span> <span class='ocrx_word' id='word_1_38' title='bbox 708 694 932 766; x_wconf 79' lang='lat' dir='ltr'><strong>Papiam</strong></span> <span class='ocrx_word' id='word_1_39' title='bbox 975 693 1298 764; x_wconf 73' lang='lat' dir='ltr'><strong>regreditur.</strong></span> <span class='ocrx_word' id='word_1_40' title='bbox 1348 693 1501 765; x_wconf 83' lang='lat' dir='ltr'><strong>llugo</strong></span> <span class='ocrx_word' id='word_1_41' title='bbox 1542 708 1727 748; x_wconf 90' lang='lat' dir='ltr'><strong>comes</strong></span> <span class='ocrx_word' id='word_1_42' title='bbox 1766 708 1888 749; x_wconf 87' lang='lat' dir='ltr'><strong>cum</strong></span> <span class='ocrx_word' id='word_1_43' title='bbox 1924 695 2038 750; x_wconf 88' lang='lat' dir='ltr'><strong>suis</strong></span> 
     </span>
    </p>
   </div>
   <div class='ocr_carea' id='block_1_8' title="bbox 456 782 2037 856">
    <p class='ocr_par' dir='ltr' id='par_1_8' title="bbox 456 782 2037 856">
     <span class='ocr_line' id='line_1_8' title="bbox 456 782 2037 856; baseline -0.002 -15"><span class='ocrx_word' id='word_1_44' title='bbox 456 800 618 856; x_wconf 80' lang='lat' dir='ltr'><strong>super</strong></span> <span class='ocrx_word' id='word_1_45' title='bbox 663 784 963 839; x_wconf 78' lang='lat' dir='ltr'><strong>Maternam</strong></span> <span class='ocrx_word' id='word_1_46' title='bbox 1006 782 1230 839; x_wconf 83' lang='lat' dir='ltr'><strong>ﬂuvium</strong></span> <span class='ocrx_word' id='word_1_47' title='bbox 1274 784 1462 850; x_wconf 91' lang='lat' dir='ltr'><strong>venit;</strong></span> <span class='ocrx_word' id='word_1_48' title='bbox 1511 785 1596 839; x_wconf 90' lang='lat' dir='ltr'><strong>cui</strong></span> <span class='ocrx_word' id='word_1_49' title='bbox 1643 784 1881 839; x_wconf 85' lang='lat' dir='ltr'><strong>occurrit</strong></span> <span class='ocrx_word' id='word_1_50' title='bbox 1929 787 2037 838; x_wconf 83' lang='lat' dir='ltr'><strong>dux</strong></span> 
     </span>
    </p>
   </div>
   <div class='ocr_carea' id='block_1_9' title="bbox 455 875 2034 946">
    <p class='ocr_par' dir='ltr' id='par_1_9' title="bbox 455 875 2034 946">
     <span class='ocr_line' id='line_1_9' title="bbox 455 875 2034 946; baseline -0.001 -13"><span class='ocrx_word' id='word_1_51' title='bbox 455 875 777 933; x_wconf 89' lang='lat' dir='ltr'><strong>Cbouradus</strong></span> <span class='ocrx_word' id='word_1_52' title='bbox 824 892 947 931; x_wconf 90' lang='lat' dir='ltr'><strong>cum</strong></span> <span class='ocrx_word' id='word_1_53' title='bbox 989 877 1308 946; x_wconf 86' lang='lat' dir='ltr'><strong>quibusdam</strong></span> <span class='ocrx_word' id='word_1_54' title='bbox 1356 876 1835 944; x_wconf 81' lang='lat' dir='ltr'><strong>Lothariensiluis;</strong></span> <span class='ocrx_word' id='word_1_55' title='bbox 1886 877 2034 931; x_wconf 90' lang='lat' dir='ltr'><strong>obsi-</strong></span> 
     </span>
    </p>
   </div>
   <div class='ocr_carea' id='block_1_10' title="bbox 457 967 2033 1040">
    <p class='ocr_par' dir='ltr' id='par_1_10' title="bbox 457 967 2033 1040">
     <span class='ocr_line' id='line_1_10' title="bbox 457 967 2033 1040; baseline -0.002 -15"><span class='ocrx_word' id='word_1_56' title='bbox 457 971 691 1040; x_wconf 82' lang='lat' dir='ltr'><strong>dentque</strong></span> <span class='ocrx_word' id='word_1_57' title='bbox 749 969 958 1040; x_wconf 85' lang='lat' dir='ltr'><strong>pariter</strong></span> <span class='ocrx_word' id='word_1_58' title='bbox 1012 968 1371 1025; x_wconf 88' lang='lat' dir='ltr'><strong>munitionem</strong></span> <span class='ocrx_word' id='word_1_59' title='bbox 1426 969 1567 1039; x_wconf 88' lang='lat' dir='ltr'><strong>apud</strong></span> <span class='ocrx_word' id='word_1_60' title='bbox 1625 967 1900 1027; x_wconf 79' lang='lat' dir='ltr'><strong>Maruilum</strong></span> <span class='ocrx_word' id='word_1_61' title='bbox 1930 968 2033 1032; x_wconf 68' lang='lat'><strong>&quot;9,</strong></span> 
     </span>
    </p>
   </div>
   <div class='ocr_carea' id='block_1_11' title="bbox 457 1059 2037 1134">
    <p class='ocr_par' dir='ltr' id='par_1_11' title="bbox 457 1059 2037 1134">
     <span class='ocr_line' id='line_1_11' title="bbox 457 1059 2037 1134; baseline -0.001 -16"><span class='ocrx_word' id='word_1_62' title='bbox 457 1079 618 1134; x_wconf 88' lang='lat' dir='ltr'><strong>quam</strong></span> <span class='ocrx_word' id='word_1_63' title='bbox 660 1062 1001 1134; x_wconf 81' lang='lat' dir='ltr'><strong>nageualdus</strong></span> <span class='ocrx_word' id='word_1_64' title='bbox 1020 1062 1089 1095; x_wconf 83' lang='grc'><strong>⁹¹⁰</strong></span> <span class='ocrx_word' id='word_1_65' title='bbox 1116 1075 1300 1127; x_wconf 82' lang='lat' dir='ltr'><strong>comes</strong></span> <span class='ocrx_word' id='word_1_66' title='bbox 1339 1075 1459 1117; x_wconf 90' lang='lat' dir='ltr'><strong>cum</strong></span> <span class='ocrx_word' id='word_1_67' title='bbox 1501 1061 1813 1117; x_wconf 85' lang='lat' dir='ltr'><strong>hominibus</strong></span> <span class='ocrx_word' id='word_1_68' title='bbox 1854 1059 2037 1117; x_wconf 88' lang='lat' dir='ltr'><strong>domui</strong></span> 
     </span>
    </p>
   </div>
   <div class='ocr_carea' id='block_1_12' title="bbox 454 1149 2036 1224">
    <p class='ocr_par' dir='ltr' id='par_1_12' title="bbox 454 1149 2036 1224">
     <span class='ocr_line' id='line_1_12' title="bbox 454 1149 2036 1224; baseline -0.003 -13"><span class='ocrx_word' id='word_1_69' title='bbox 454 1153 667 1211; x_wconf 78' lang='lat' dir='ltr'><strong>Artoldi</strong></span> <span class='ocrx_word' id='word_1_70' title='bbox 713 1152 959 1224; x_wconf 70' lang='lat' dir='ltr'><strong>prmsulis</strong></span> <span class='ocrx_word' id='word_1_71' title='bbox 1015 1153 1160 1208; x_wconf 82' lang='lat' dir='ltr'><strong>intra</strong></span> <span class='ocrx_word' id='word_1_72' title='bbox 1208 1153 1384 1223; x_wconf 80' lang='lat' dir='ltr'><strong>ipsum</strong></span> <span class='ocrx_word' id='word_1_73' title='bbox 1429 1149 1648 1208; x_wconf 81' lang='lat' dir='ltr'><strong>ﬂuvium</strong></span> <span class='ocrx_word' id='word_1_74' title='bbox 1697 1167 1867 1223; x_wconf 85' lang='lat' dir='ltr'><strong>nuper</strong></span> <span class='ocrx_word' id='word_1_75' title='bbox 1904 1167 2036 1207; x_wconf 85' lang='lat' dir='ltr'><strong>con—</strong></span> 
     </span>
    </p>
   </div>
   <div class='ocr_carea' id='block_1_13' title="bbox 457 1242 2036 1314">
    <p class='ocr_par' dir='ltr' id='par_1_13' title="bbox 457 1242 2036 1314">
     <span class='ocr_line' id='line_1_13' title="bbox 457 1242 2036 1314; baseline 0 -16"><span class='ocrx_word' id='word_1_76' title='bbox 457 1250 767 1310; x_wconf 80' lang='lat' dir='ltr'><strong>struxerat;</strong></span> <span class='ocrx_word' id='word_1_77' title='bbox 814 1243 1199 1314; x_wconf 78' lang='lat' dir='ltr'><strong>instructisque</strong></span> <span class='ocrx_word' id='word_1_78' title='bbox 1238 1242 1425 1309; x_wconf 84' lang='lat' dir='ltr'><strong>multis</strong></span> <span class='ocrx_word' id='word_1_79' title='bbox 1469 1242 1706 1313; x_wconf 89' lang='lat' dir='ltr'><strong>undique</strong></span> <span class='ocrx_word' id='word_1_80' title='bbox 1751 1243 2036 1308; x_wconf 70' lang='lat' dir='ltr'><strong>machin&#39;s,</strong></span> 
     </span>
    </p>
   </div>
   <div class='ocr_carea' id='block_1_14' title="bbox 459 1333 2038 1406">
    <p class='ocr_par' dir='ltr' id='par_1_14' title="bbox 459 1333 2038 1406">
     <span class='ocr_line' id='line_1_14' title="bbox 459 1333 2038 1406; baseline 0 -18"><span class='ocrx_word' id='word_1_81' title='bbox 459 1333 673 1390; x_wconf 78' lang='lat' dir='ltr'><strong>fortiter</strong></span> <span class='ocrx_word' id='word_1_82' title='bbox 714 1336 1072 1406; x_wconf 85' lang='lat' dir='ltr'><strong>opprimunt;</strong></span> <span class='ocrx_word' id='word_1_83' title='bbox 1133 1334 1460 1404; x_wconf 89' lang='lat' dir='ltr'><strong>tandemque</strong></span> <span class='ocrx_word' id='word_1_84' title='bbox 1503 1351 1610 1401; x_wconf 89' lang='lat' dir='ltr'><strong>non</strong></span> <span class='ocrx_word' id='word_1_85' title='bbox 1658 1334 1776 1389; x_wconf 90' lang='lat' dir='ltr'><strong>sine</strong></span> <span class='ocrx_word' id='word_1_86' title='bbox 1819 1350 2038 1389; x_wconf 91' lang='lat' dir='ltr'><strong>suorum</strong></span> 
     </span>
    </p>
   </div>
   <div class='ocr_carea' id='block_1_15' title="bbox 459 1426 2042 1501">
    <p class='ocr_par' dir='ltr' id='par_1_15' title="bbox 459 1426 2042 1501">
     <span class='ocr_line' id='line_1_15' title="bbox 459 1426 2042 1501; baseline 0.001 -21"><span class='ocrx_word' id='word_1_87' title='bbox 459 1426 662 1480; x_wconf 82' lang='lat' dir='ltr'><strong>damno</strong></span> <span class='ocrx_word' id='word_1_88' title='bbox 699 1426 921 1497; x_wconf 85' lang='lat' dir='ltr'><strong>capiunt</strong></span> <span class='ocrx_word' id='word_1_89' title='bbox 959 1435 1121 1496; x_wconf 91' lang='lat' dir='ltr'><strong>atque</strong></span> <span class='ocrx_word' id='word_1_90' title='bbox 1161 1427 1515 1501; x_wconf 83' lang='lat' dir='ltr'><strong>succendunt,</strong></span> <span class='ocrx_word' id='word_1_91' title='bbox 1558 1426 1642 1482; x_wconf 87' lang='lat' dir='ltr'><strong>his</strong></span> <span class='ocrx_word' id='word_1_92' title='bbox 1666 1427 1734 1460; x_wconf 73' lang='grc'><strong><em>’³³</em></strong></span> <span class='ocrx_word' id='word_1_93' title='bbox 1761 1427 1851 1496; x_wconf 91' lang='lat' dir='ltr'><strong>qui</strong></span> <span class='ocrx_word' id='word_1_94' title='bbox 1896 1427 2042 1482; x_wconf 91' lang='lat' dir='ltr'><strong>intus</strong></span> 
     </span>
    </p>
   </div>
   <div class='ocr_carea' id='block_1_16' title="bbox 456 1517 2038 1589">
    <p class='ocr_par' dir='ltr' id='par_1_16' title="bbox 456 1517 2038 1589">
     <span class='ocr_line' id='line_1_16' title="bbox 456 1517 2038 1589; baseline 0 -17"><span class='ocrx_word' id='word_1_95' title='bbox 456 1527 611 1572; x_wconf 85' lang='lat' dir='ltr'><strong>erant</strong></span> <span class='ocrx_word' id='word_1_96' title='bbox 653 1518 721 1573; x_wconf 87' lang='lat' dir='ltr'><strong>ad</strong></span> <span class='ocrx_word' id='word_1_97' title='bbox 763 1517 921 1573; x_wconf 85' lang='lat' dir='ltr'><strong>fidem</strong></span> <span class='ocrx_word' id='word_1_98' title='bbox 960 1517 1231 1574; x_wconf 85' lang='lat' dir='ltr'><strong>Chonradi</strong></span> <span class='ocrx_word' id='word_1_99' title='bbox 1279 1519 1536 1589; x_wconf 86' lang='lat' dir='ltr'><strong>egressis.</strong></span> <span class='ocrx_word' id='word_1_100' title='bbox 1584 1519 1821 1588; x_wconf 81' lang='lat' dir='ltr'><strong>Nepotes</strong></span> <span class='ocrx_word' id='word_1_101' title='bbox 1860 1517 2038 1589; x_wconf 87' lang='lat' dir='ltr'><strong>llugo-</strong></span> 
     </span>
    </p>
   </div>
   <div class='ocr_carea' id='block_1_17' title="bbox 456 1607 2040 1673">
    <p class='ocr_par' dir='ltr' id='par_1_17' title="bbox 456 1607 2040 1673">
     <span class='ocr_line' id='line_1_17' title="bbox 456 1607 2040 1673; baseline 0.001 -10"><span class='ocrx_word' id='word_1_102' title='bbox 456 1608 582 1673; x_wconf 87' lang='lat' dir='ltr'><strong>nis,</strong></span> <span class='ocrx_word' id='word_1_103' title='bbox 637 1608 956 1665; x_wconf 79' lang='lat' dir='ltr'><strong>Heribertus</strong></span> <span class='ocrx_word' id='word_1_104' title='bbox 997 1620 1052 1664; x_wconf 91' lang='lat' dir='ltr'><strong>et</strong></span> <span class='ocrx_word' id='word_1_105' title='bbox 1095 1607 1389 1665; x_wconf 77' lang='lat' dir='ltr'><strong>Rotbertus</strong></span> <span class='ocrx_word' id='word_1_106' title='bbox 1413 1610 1503 1673; x_wconf 67' lang='grc' dir='ltr'><strong>θη,</strong></span> <span class='ocrx_word' id='word_1_107' title='bbox 1553 1610 1769 1667; x_wconf 85' lang='lat' dir='ltr'><strong>interim</strong></span> <span class='ocrx_word' id='word_1_108' title='bbox 1820 1610 1874 1663; x_wconf 90' lang='lat' dir='ltr'><strong>iu</strong></span> <span class='ocrx_word' id='word_1_109' title='bbox 1923 1608 2040 1666; x_wconf 88' lang='lat' dir='ltr'><strong>loco</strong></span> 
     </span>
    </p>
   </div>
   <div class='ocr_carea' id='block_1_18' title="bbox 455 1698 2036 1768">
    <p class='ocr_par' dir='ltr' id='par_1_18' title="bbox 455 1698 2036 1768">
     <span class='ocr_line' id='line_1_18' title="bbox 455 1698 2036 1768; baseline 0.002 -16"><span class='ocrx_word' id='word_1_110' title='bbox 455 1699 546 1768; x_wconf 86' lang='lat' dir='ltr'><strong>qui</strong></span> <span class='ocrx_word' id='word_1_111' title='bbox 574 1698 773 1754; x_wconf 89' lang='lat' dir='ltr'><strong>dicitur</strong></span> <span class='ocrx_word' id='word_1_112' title='bbox 799 1698 1174 1754; x_wconf 82' lang='lat' dir='ltr'><strong>Mons-Felicis</strong></span> <span class='ocrx_word' id='word_1_113' title='bbox 1197 1699 1298 1765; x_wconf 83' lang='lat' dir='ltr'><strong>sibi</strong></span> <span class='ocrx_word' id='word_1_114' title='bbox 1332 1699 1686 1757; x_wconf 85' lang='lat' dir='ltr'><strong>munitionem</strong></span> <span class='ocrx_word' id='word_1_115' title='bbox 1730 1700 2036 1766; x_wconf 87' lang='lat' dir='ltr'><strong>instruunt;</strong></span> 
     </span>
    </p>
   </div>
   <div class='ocr_carea' id='block_1_19' title="bbox 2136 513 3707 593">
    <p class='ocr_par' dir='ltr' id='par_1_19' title="bbox 2136 513 3707 593">
     <span class='ocr_line' id='line_1_19' title="bbox 2136 513 3707 593; baseline 0.006 -26"><span class='ocrx_word' id='word_1_116' title='bbox 2136 513 2384 585; x_wconf 82' lang='lat' dir='ltr'><strong>Liudulfo</strong></span> <span class='ocrx_word' id='word_1_117' title='bbox 2415 515 2783 585; x_wconf 75' lang='lat' dir='ltr'><strong>deiegarerat,</strong></span> <span class='ocrx_word' id='word_1_118' title='bbox 2812 524 2867 571; x_wconf 87' lang='lat' dir='ltr'><strong>et</strong></span> <span class='ocrx_word' id='word_1_119' title='bbox 2895 525 3173 587; x_wconf 89' lang='lat' dir='ltr'><strong>magnates</strong></span> <span class='ocrx_word' id='word_1_120' title='bbox 3214 533 3343 573; x_wconf 89' lang='lat' dir='ltr'><strong>suos</strong></span> <span class='ocrx_word' id='word_1_121' title='bbox 3381 521 3559 575; x_wconf 83' lang='lat' dir='ltr'><strong>eidem</strong></span> <span class='ocrx_word' id='word_1_122' title='bbox 3586 536 3707 593; x_wconf 85' lang='lat' dir='ltr'><strong>pro-</strong></span> 
     </span>
    </p>
   </div>
   <div class='ocr_carea' id='block_1_20' title="bbox 2136 603 3711 683">
    <p class='ocr_par' dir='ltr' id='par_1_20' title="bbox 2136 603 3711 683">
     <span class='ocr_line' id='line_1_20' title="bbox 2136 603 3711 683; baseline 0.008 -28"><span class='ocrx_word' id='word_1_123' title='bbox 2136 603 2353 663; x_wconf 79' lang='lat' dir='ltr'><strong>mittere</strong></span> <span class='ocrx_word' id='word_1_124' title='bbox 2395 604 2704 660; x_wconf 89' lang='lat' dir='ltr'><strong>ﬁdelitatem</strong></span> <span class='ocrx_word' id='word_1_125' title='bbox 2745 607 3097 678; x_wconf 78' lang='lat' dir='ltr'><strong>jurejurando</strong></span> <span class='ocrx_word' id='word_1_126' title='bbox 3138 607 3361 665; x_wconf 80' lang='lat' dir='ltr'><strong>fecerat.</strong></span> <span class='ocrx_word' id='word_1_127' title='bbox 3409 610 3526 665; x_wconf 80' lang='lat' dir='ltr'><strong>Rex</strong></span> <span class='ocrx_word' id='word_1_128' title='bbox 3556 613 3711 683; x_wconf 82' lang='lat' dir='ltr'><strong>igitur</strong></span> 
     </span>
    </p>
   </div>
   <div class='ocr_carea' id='block_1_21' title="bbox 2136 694 3713 777">
    <p class='ocr_par' dir='ltr' id='par_1_21' title="bbox 2136 694 3713 777">
     <span class='ocr_line' id='line_1_21' title="bbox 2136 694 3713 777; baseline 0.008 -28"><span class='ocrx_word' id='word_1_129' title='bbox 2136 694 2479 751; x_wconf 83' lang='lat' dir='ltr'><strong>Chonradum</strong></span> <span class='ocrx_word' id='word_1_130' title='bbox 2506 696 2571 729; x_wconf 83' lang='grc'><strong>⁹²¹</strong></span> <span class='ocrx_word' id='word_1_131' title='bbox 2603 712 2632 751; x_wconf 90' lang='lat' dir='ltr'><strong>a</strong></span> <span class='ocrx_word' id='word_1_132' title='bbox 2677 698 2875 777; x_wconf 82' lang='lat' dir='ltr'><strong>ducatu</strong></span> <span class='ocrx_word' id='word_1_133' title='bbox 2905 698 3336 754; x_wconf 87' lang='lat' dir='ltr'><strong>Lothariensium</strong></span> <span class='ocrx_word' id='word_1_134' title='bbox 3372 713 3633 767; x_wconf 89' lang='lat' dir='ltr'><strong>removet,</strong></span> <span class='ocrx_word' id='word_1_135' title='bbox 3663 715 3713 762; x_wconf 90' lang='lat' dir='ltr'><strong>ct</strong></span> 
     </span>
    </p>
   </div>
   <div class='ocr_carea' id='block_1_22' title="bbox 2136 782 3713 864">
    <p class='ocr_par' dir='ltr' id='par_1_22' title="bbox 2136 782 3713 864">
     <span class='ocr_line' id='line_1_22' title="bbox 2136 782 3713 864; baseline 0.008 -23"><span class='ocrx_word' id='word_1_136' title='bbox 2136 787 2453 844; x_wconf 85' lang='lat' dir='ltr'><strong>Chouradus</strong></span> <span class='ocrx_word' id='word_1_137' title='bbox 2494 789 2769 859; x_wconf 63' lang='lat' dir='ltr'><strong>quaerebat</strong></span> <span class='ocrx_word' id='word_1_138' title='bbox 2809 782 2867 845; x_wconf 86' lang='lat' dir='ltr'><strong>ut</strong></span> <span class='ocrx_word' id='word_1_139' title='bbox 2912 806 3088 864; x_wconf 85' lang='lat' dir='ltr'><strong>regem</strong></span> <span class='ocrx_word' id='word_1_140' title='bbox 3133 803 3370 864; x_wconf 80' lang='lat' dir='ltr'><strong>caperet.</strong></span> <span class='ocrx_word' id='word_1_141' title='bbox 3416 793 3537 862; x_wconf 84' lang='lat' dir='ltr'><strong>Quo</strong></span> <span class='ocrx_word' id='word_1_142' title='bbox 3572 813 3713 852; x_wconf 86' lang='lat' dir='ltr'><strong>com-</strong></span> 
     </span>
    </p>
   </div>
   <div class='ocr_carea' id='block_1_23' title="bbox 2136 878 3711 952">
    <p class='ocr_par' dir='ltr' id='par_1_23' title="bbox 2136 878 3711 952">
     <span class='ocr_line' id='line_1_23' title="bbox 2136 878 3711 952; baseline 0.008 -23"><span class='ocrx_word' id='word_1_143' title='bbox 2136 884 2309 944; x_wconf 88' lang='lat' dir='ltr'><strong>perto,</strong></span> <span class='ocrx_word' id='word_1_144' title='bbox 2336 892 2431 932; x_wconf 72' lang='lat' dir='ltr'><strong>rex</strong></span> <span class='ocrx_word' id='word_1_145' title='bbox 2452 878 2522 909; x_wconf 66' lang='lat'><strong>9&quot;</strong></span> <span class='ocrx_word' id='word_1_146' title='bbox 2548 887 2704 934; x_wconf 87' lang='lat' dir='ltr'><strong>caute</strong></span> <span class='ocrx_word' id='word_1_147' title='bbox 2742 894 2800 936; x_wconf 86' lang='lat' dir='ltr'><strong>se</strong></span> <span class='ocrx_word' id='word_1_148' title='bbox 2842 894 3003 951; x_wconf 88' lang='lat' dir='ltr'><strong>agerc</strong></span> <span class='ocrx_word' id='word_1_149' title='bbox 3033 881 3216 952; x_wconf 71' lang='lat' dir='ltr'><strong>cmpit,</strong></span> <span class='ocrx_word' id='word_1_150' title='bbox 3243 882 3308 937; x_wconf 90' lang='lat' dir='ltr'><strong>de</strong></span> <span class='ocrx_word' id='word_1_151' title='bbox 3339 883 3564 939; x_wconf 88' lang='lat' dir='ltr'><strong>interitu</strong></span> <span class='ocrx_word' id='word_1_152' title='bbox 3593 902 3711 941; x_wconf 82' lang='lat' dir='ltr'><strong>vero</strong></span> 
     </span>
    </p>
   </div>
   <div class='ocr_carea' id='block_1_24' title="bbox 2137 964 3709 1044">
    <p class='ocr_par' dir='ltr' id='par_1_24' title="bbox 2137 964 3709 1044">
     <span class='ocr_line' id='line_1_24' title="bbox 2137 964 3709 1044; baseline 0.007 -24"><span class='ocrx_word' id='word_1_153' title='bbox 2137 964 2405 1022; x_wconf 88' lang='lat' dir='ltr'><strong>Chonradi</strong></span> <span class='ocrx_word' id='word_1_154' title='bbox 2449 983 2728 1038; x_wconf 81' lang='lat' dir='ltr'><strong>qtuerere;</strong></span> <span class='ocrx_word' id='word_1_155' title='bbox 2790 969 3110 1026; x_wconf 87' lang='lat' dir='ltr'><strong>Chonradus</strong></span> <span class='ocrx_word' id='word_1_156' title='bbox 3156 981 3333 1027; x_wconf 88' lang='lat' dir='ltr'><strong>autem</strong></span> <span class='ocrx_word' id='word_1_157' title='bbox 3376 975 3575 1044; x_wconf 86' lang='lat' dir='ltr'><strong>oppida</strong></span> <span class='ocrx_word' id='word_1_158' title='bbox 3618 991 3709 1031; x_wconf 83' lang='lat' dir='ltr'><strong>sua</strong></span> 
     </span>
    </p>
   </div>
   <div class='ocr_carea' id='block_1_25' title="bbox 2137 1058 3712 1133">
    <p class='ocr_par' dir='ltr' id='par_1_25' title="bbox 2137 1058 3712 1133">
     <span class='ocr_line' id='line_1_25' title="bbox 2137 1058 3712 1133; baseline 0.007 -21"><span class='ocrx_word' id='word_1_159' title='bbox 2137 1058 2367 1114; x_wconf 86' lang='lat' dir='ltr'><strong>munire.</strong></span> <span class='ocrx_word' id='word_1_160' title='bbox 2410 1058 2481 1113; x_wconf 83' lang='lat' dir='ltr'><strong>At</strong></span> <span class='ocrx_word' id='word_1_161' title='bbox 2516 1059 2850 1132; x_wconf 82' lang='lat' dir='ltr'><strong>Ragenarius</strong></span> <span class='ocrx_word' id='word_1_162' title='bbox 2873 1061 2964 1129; x_wconf 74' lang='lat' dir='ltr'><strong>m,</strong></span> <span class='ocrx_word' id='word_1_163' title='bbox 2991 1061 3040 1116; x_wconf 90' lang='lat' dir='ltr'><strong>ei</strong></span> <span class='ocrx_word' id='word_1_164' title='bbox 3075 1063 3187 1133; x_wconf 88' lang='lat' dir='ltr'><strong>jam</strong></span> <span class='ocrx_word' id='word_1_165' title='bbox 3213 1064 3413 1119; x_wconf 89' lang='lat' dir='ltr'><strong>dudum</strong></span> <span class='ocrx_word' id='word_1_166' title='bbox 3445 1066 3712 1133; x_wconf 87' lang='lat' dir='ltr'><strong>inimicus,</strong></span> 
     </span>
    </p>
   </div>
   <div class='ocr_carea' id='block_1_26' title="bbox 2138 1150 3707 1222">
    <p class='ocr_par' dir='ltr' id='par_1_26' title="bbox 2138 1150 3707 1222">
     <span class='ocr_line' id='line_1_26' title="bbox 2138 1150 3707 1222; baseline 0.007 -21"><span class='ocrx_word' id='word_1_167' title='bbox 2138 1150 2406 1222; x_wconf 79' lang='lat' dir='ltr'><strong>quoddam</strong></span> <span class='ocrx_word' id='word_1_168' title='bbox 2447 1152 2617 1222; x_wconf 87' lang='lat' dir='ltr'><strong>ipsius</strong></span> <span class='ocrx_word' id='word_1_169' title='bbox 2656 1153 3077 1209; x_wconf 89' lang='lat' dir='ltr'><strong>munitissimum</strong></span> <span class='ocrx_word' id='word_1_170' title='bbox 3119 1155 3329 1211; x_wconf 77' lang='lat' dir='ltr'><strong>obsidet</strong></span> <span class='ocrx_word' id='word_1_171' title='bbox 3355 1157 3428 1188; x_wconf 64' lang='lat'><strong>9”</strong></span> <span class='ocrx_word' id='word_1_172' title='bbox 3458 1166 3707 1213; x_wconf 87' lang='lat' dir='ltr'><strong>castmm.</strong></span> 
     </span>
    </p>
   </div>
   <div class='ocr_carea' id='block_1_27' title="bbox 2139 1244 3709 1319">
    <p class='ocr_par' dir='ltr' id='par_1_27' title="bbox 2139 1244 3709 1319">
     <span class='ocr_line' id='line_1_27' title="bbox 2139 1244 3709 1319; baseline 0.003 -19"><span class='ocrx_word' id='word_1_173' title='bbox 2139 1244 2373 1302; x_wconf 85' lang='lat' dir='ltr'><strong>Collecta</strong></span> <span class='ocrx_word' id='word_1_174' title='bbox 2395 1244 2465 1279; x_wconf 76' lang='grc'><strong>’³⁸</strong></span> <span class='ocrx_word' id='word_1_175' title='bbox 2489 1260 2618 1316; x_wconf 86' lang='lat' dir='ltr'><strong>ergo</strong></span> <span class='ocrx_word' id='word_1_176' title='bbox 2637 1246 2708 1277; x_wconf 80' lang='grc'><strong>⁹²⁸</strong></span> <span class='ocrx_word' id='word_1_177' title='bbox 2730 1245 3048 1302; x_wconf 86' lang='lat' dir='ltr'><strong>Chonradus</strong></span> <span class='ocrx_word' id='word_1_178' title='bbox 3069 1256 3265 1316; x_wconf 88' lang='lat' dir='ltr'><strong>quanta</strong></span> <span class='ocrx_word' id='word_1_179' title='bbox 3290 1249 3467 1319; x_wconf 88' lang='lat' dir='ltr'><strong>potuit</strong></span> <span class='ocrx_word' id='word_1_180' title='bbox 3489 1249 3709 1305; x_wconf 67' lang='lat' dir='ltr'><strong>militum</strong></span> 
     </span>
    </p>
   </div>
   <div class='ocr_carea' id='block_1_28' title="bbox 2140 1334 3713 1406">
    <p class='ocr_par' dir='ltr' id='par_1_28' title="bbox 2140 1334 3713 1406">
     <span class='ocr_line' id='line_1_28' title="bbox 2140 1334 3713 1406; baseline 0.003 -18"><span class='ocrx_word' id='word_1_181' title='bbox 2140 1350 2322 1397; x_wconf 89' lang='lat' dir='ltr'><strong>manu,</strong></span> <span class='ocrx_word' id='word_1_182' title='bbox 2350 1334 2416 1391; x_wconf 88' lang='lat' dir='ltr'><strong>ad</strong></span> <span class='ocrx_word' id='word_1_183' title='bbox 2443 1334 2812 1391; x_wconf 86' lang='lat' dir='ltr'><strong>resolvemlam</strong></span> <span class='ocrx_word' id='word_1_184' title='bbox 2836 1344 3089 1406; x_wconf 86' lang='lat' dir='ltr'><strong>preperat</strong></span> <span class='ocrx_word' id='word_1_185' title='bbox 3113 1335 3474 1390; x_wconf 88' lang='lat' dir='ltr'><strong>obsidionem.</strong></span> <span class='ocrx_word' id='word_1_186' title='bbox 3515 1337 3713 1404; x_wconf 85' lang='lat' dir='ltr'><strong>Quibus</strong></span> 
     </span>
    </p>
   </div>
   <div class='ocr_carea' id='block_1_29' title="bbox 2140 1423 3712 1496">
    <p class='ocr_par' dir='ltr' id='par_1_29' title="bbox 2140 1423 3712 1496">
     <span class='ocr_line' id='line_1_29' title="bbox 2140 1423 3712 1496; baseline 0.004 -21"><span class='ocrx_word' id='word_1_187' title='bbox 2140 1432 2328 1493; x_wconf 88' lang='lat' dir='ltr'><strong>mutuo</strong></span> <span class='ocrx_word' id='word_1_188' title='bbox 2349 1424 2657 1495; x_wconf 84' lang='lat' dir='ltr'><strong>congressis</strong></span> <span class='ocrx_word' id='word_1_189' title='bbox 2679 1433 2731 1478; x_wconf 93' lang='lat' dir='ltr'><strong>et</strong></span> <span class='ocrx_word' id='word_1_190' title='bbox 2758 1424 2999 1496; x_wconf 89' lang='lat' dir='ltr'><strong>pluribus</strong></span> <span class='ocrx_word' id='word_1_191' title='bbox 3022 1423 3293 1494; x_wconf 86' lang='lat' dir='ltr'><strong>utrimque</strong></span> <span class='ocrx_word' id='word_1_192' title='bbox 3315 1428 3611 1496; x_wconf 85' lang='lat' dir='ltr'><strong>peremptis</strong></span> <span class='ocrx_word' id='word_1_193' title='bbox 3629 1428 3712 1494; x_wconf 82' lang='grc'><strong>⁹¹⁷,</strong></span> 
     </span>
    </p>
   </div>
   <div class='ocr_carea' id='block_1_30' title="bbox 2141 1512 3713 1585">
    <p class='ocr_par' dir='ltr' id='par_1_30' title="bbox 2141 1512 3713 1585">
     <span class='ocr_line' id='line_1_30' title="bbox 2141 1512 3713 1585; baseline 0.003 -17"><span class='ocrx_word' id='word_1_194' title='bbox 2141 1512 2462 1569; x_wconf 88' lang='lat' dir='ltr'><strong>Chonradus</strong></span> <span class='ocrx_word' id='word_1_195' title='bbox 2501 1514 2554 1568; x_wconf 91' lang='lat' dir='ltr'><strong>in</strong></span> <span class='ocrx_word' id='word_1_196' title='bbox 2599 1512 2781 1585; x_wconf 80' lang='lat' dir='ltr'><strong>fugam</strong></span> <span class='ocrx_word' id='word_1_197' title='bbox 2826 1514 3055 1577; x_wconf 87' lang='lat' dir='ltr'><strong>vertitur</strong></span> <span class='ocrx_word' id='word_1_198' title='bbox 3077 1513 3168 1582; x_wconf 77' lang='lat'><strong>”‘,</strong></span> <span class='ocrx_word' id='word_1_199' title='bbox 3210 1523 3267 1570; x_wconf 90' lang='lat' dir='ltr'><strong>et</strong></span> <span class='ocrx_word' id='word_1_200' title='bbox 3304 1515 3496 1571; x_wconf 87' lang='lat' dir='ltr'><strong>urbem</strong></span> <span class='ocrx_word' id='word_1_201' title='bbox 3516 1518 3589 1550; x_wconf 79' lang='lat'><strong>°&quot;</strong></span> <span class='ocrx_word' id='word_1_202' title='bbox 3613 1517 3713 1573; x_wconf 75' lang='lat' dir='ltr'><strong>llo-</strong></span> 
     </span>
    </p>
   </div>
   <div class='ocr_carea' id='block_1_31' title="bbox 2140 1607 2816 1679">
    <p class='ocr_par' dir='ltr' id='par_1_31' title="bbox 2140 1607 2816 1679">
     <span class='ocr_line' id='line_1_31' title="bbox 2140 1607 2816 1679; baseline 0.003 -19"><span class='ocrx_word' id='word_1_203' title='bbox 2140 1607 2376 1677; x_wconf 80' lang='lat' dir='ltr'><strong>gontiam</strong></span> <span class='ocrx_word' id='word_1_204' title='bbox 2400 1607 2471 1639; x_wconf 73' lang='grc'><strong>³³⁸</strong></span> <span class='ocrx_word' id='word_1_205' title='bbox 2501 1607 2816 1679; x_wconf 80' lang='lat' dir='ltr'><strong>ingreditur.</strong></span> 
     </span>
    </p>
   </div>
   <div class='ocr_carea' id='block_1_32' title="bbox 2213 1695 3715 1770">
    <p class='ocr_par' dir='ltr' id='par_1_32' title="bbox 2213 1695 3715 1770">
     <span class='ocr_line' id='line_1_32' title="bbox 2213 1695 3715 1770; baseline 0.003 -18"><span class='ocrx_word' id='word_1_206' title='bbox 2213 1695 2426 1754; x_wconf 83' lang='lat' dir='ltr'><strong>Interea</strong></span> <span class='ocrx_word' id='word_1_207' title='bbox 2467 1696 2738 1770; x_wconf 89' lang='lat' dir='ltr'><strong>Gerberga</strong></span> <span class='ocrx_word' id='word_1_208' title='bbox 2794 1698 2978 1768; x_wconf 84' lang='lat' dir='ltr'><strong>regina</strong></span> <span class='ocrx_word' id='word_1_209' title='bbox 3033 1698 3276 1754; x_wconf 89' lang='lat' dir='ltr'><strong>Lauduni</strong></span> <span class='ocrx_word' id='word_1_210' title='bbox 3339 1701 3588 1770; x_wconf 88' lang='lat' dir='ltr'><strong>geminos</strong></span> <span class='ocrx_word' id='word_1_211' title='bbox 3642 1713 3715 1757; x_wconf 88' lang='lat' dir='ltr'><strong>est</strong></span> 
     </span>
    </p>
   </div>
   <div class='ocr_carea' id='block_1_33' title="bbox 456 1788 3714 1865">
    <p class='ocr_par' dir='ltr' id='par_1_33' title="bbox 456 1788 3714 1865">
     <span class='ocr_line' id='line_1_33' title="bbox 456 1788 3714 1865; baseline 0 -18"><span class='ocrx_word' id='word_1_212' title='bbox 456 1792 643 1862; x_wconf 86' lang='lat' dir='ltr'><strong>sicque</strong></span> <span class='ocrx_word' id='word_1_213' title='bbox 684 1801 794 1846; x_wconf 91' lang='lat' dir='ltr'><strong>tam</strong></span> <span class='ocrx_word' id='word_1_214' title='bbox 839 1791 994 1865; x_wconf 84' lang='lat' dir='ltr'><strong>Hugo</strong></span> <span class='ocrx_word' id='word_1_215' title='bbox 1034 1807 1194 1862; x_wconf 91' lang='lat' dir='ltr'><strong>quam</strong></span> <span class='ocrx_word' id='word_1_216' title='bbox 1236 1792 1559 1849; x_wconf 85' lang='lat' dir='ltr'><strong>Chonradus</strong></span> <span class='ocrx_word' id='word_1_217' title='bbox 1601 1802 1947 1849; x_wconf 86' lang='lat' dir='ltr'><strong>revertuntur</strong></span> <span class='ocrx_word' id='word_1_218' title='bbox 1987 1794 2038 1849; x_wconf 80' lang='lat' dir='ltr'><strong>in</strong></span> <span class='ocrx_word' id='word_1_219' title='bbox 2075 1788 2121 1845; x_wconf 71' lang='lat' dir='ltr'><strong>li</strong></span> <span class='ocrx_word' id='word_1_220' title='bbox 2143 1790 2300 1847; x_wconf 81' lang='lat' dir='ltr'><strong>enixa</strong></span> <span class='ocrx_word' id='word_1_221' title='bbox 2327 1831 2340 1852; x_wconf 93' lang='lat'><strong>,</strong></span> <span class='ocrx_word' id='word_1_222' title='bbox 2407 1805 2637 1860; x_wconf 90' lang='lat' dir='ltr'><strong>quorum</strong></span> <span class='ocrx_word' id='word_1_223' title='bbox 2680 1806 2818 1845; x_wconf 88' lang='lat' dir='ltr'><strong>unus</strong></span> <span class='ocrx_word' id='word_1_224' title='bbox 2862 1790 3126 1854; x_wconf 83' lang='lat' dir='ltr'><strong>Karolus,</strong></span> <span class='ocrx_word' id='word_1_225' title='bbox 3194 1791 3331 1846; x_wconf 86' lang='lat' dir='ltr'><strong>alter</strong></span> <span class='ocrx_word' id='word_1_226' title='bbox 3373 1803 3598 1849; x_wconf 89' lang='lat' dir='ltr'><strong>vocatus</strong></span> <span class='ocrx_word' id='word_1_227' title='bbox 3642 1804 3714 1849; x_wconf 85' lang='lat' dir='ltr'><strong>est</strong></span> 
     </span>
    </p>
   </div>
   <div class='ocr_carea' id='block_1_34' title="bbox 457 1882 2042 1950">
    <p class='ocr_par' dir='ltr' id='par_1_34' title="bbox 457 1882 2042 1950">
     <span class='ocr_line' id='line_1_34' title="bbox 457 1882 2042 1950; baseline 0 -12"><span class='ocrx_word' id='word_1_228' title='bbox 457 1897 577 1939; x_wconf 84' lang='lat' dir='ltr'><strong>sua.</strong></span> <span class='ocrx_word' id='word_1_229' title='bbox 628 1882 738 1938; x_wconf 83' lang='lat' dir='ltr'><strong>Nec</strong></span> <span class='ocrx_word' id='word_1_230' title='bbox 780 1898 956 1950; x_wconf 87' lang='lat' dir='ltr'><strong>mora,</strong></span> <span class='ocrx_word' id='word_1_231' title='bbox 1003 1899 1096 1939; x_wconf 79' lang='lat' dir='ltr'><strong>rex</strong></span> <span class='ocrx_word' id='word_1_232' title='bbox 1135 1882 1460 1945; x_wconf 86' lang='lat' dir='ltr'><strong>Ludowicus</strong></span> <span class='ocrx_word' id='word_1_233' title='bbox 1494 1892 1542 1939; x_wconf 86' lang='lat' dir='ltr'><strong>et</strong></span> <span class='ocrx_word' id='word_1_234' title='bbox 1578 1884 1836 1940; x_wconf 78' lang='lat' dir='ltr'><strong>Arloldus</strong></span> <span class='ocrx_word' id='word_1_235' title='bbox 1863 1885 2042 1939; x_wconf 84' lang='lat' dir='ltr'><strong>archi-</strong></span> 
     </span>
    </p>
   </div>
   <div class='ocr_carea' id='block_1_35' title="bbox 456 1974 2046 2046">
    <p class='ocr_par' dir='ltr' id='par_1_35' title="bbox 456 1974 2046 2046">
     <span class='ocr_line' id='line_1_35' title="bbox 456 1974 2046 2046; baseline -0.001 -16"><span class='ocrx_word' id='word_1_236' title='bbox 456 1976 744 2046; x_wconf 88' lang='lat' dir='ltr'><strong>episcopus</strong></span> <span class='ocrx_word' id='word_1_237' title='bbox 787 1990 907 2030; x_wconf 88' lang='lat' dir='ltr'><strong>cum</strong></span> <span class='ocrx_word' id='word_1_238' title='bbox 931 1974 1002 2006; x_wconf 79' lang='grc'><strong>⁰¹³</strong></span> <span class='ocrx_word' id='word_1_239' title='bbox 1030 1974 1343 2045; x_wconf 81' lang='lat' dir='ltr'><strong>Ragenaldo</strong></span> <span class='ocrx_word' id='word_1_240' title='bbox 1383 1976 1582 2031; x_wconf 89' lang='lat' dir='ltr'><strong>comite</strong></span> <span class='ocrx_word' id='word_1_241' title='bbox 1624 1974 1847 2045; x_wconf 88' lang='lat' dir='ltr'><strong>profecti</strong></span> <span class='ocrx_word' id='word_1_242' title='bbox 1882 1990 2046 2046; x_wconf 88' lang='lat' dir='ltr'><strong>super</strong></span> 
     </span>
    </p>
   </div>
   <div class='ocr_carea' id='block_1_36' title="bbox 458 2065 2045 2138">
    <p class='ocr_par' dir='ltr' id='par_1_36' title="bbox 458 2065 2045 2138">
     <span class='ocr_line' id='line_1_36' title="bbox 458 2065 2045 2138; baseline 0.001 -17"><span class='ocrx_word' id='word_1_243' title='bbox 458 2066 755 2122; x_wconf 81' lang='lat' dir='ltr'><strong>Maternam</strong></span> <span class='ocrx_word' id='word_1_244' title='bbox 786 2065 1028 2132; x_wconf 83' lang='lat' dir='ltr'><strong>ﬁuvimn,</strong></span> <span class='ocrx_word' id='word_1_245' title='bbox 1056 2068 1432 2131; x_wconf 84' lang='lat' dir='ltr'><strong>munitionem.</strong></span> <span class='ocrx_word' id='word_1_246' title='bbox 1456 2084 1618 2138; x_wconf 89' lang='lat' dir='ltr'><strong>quam</strong></span> <span class='ocrx_word' id='word_1_247' title='bbox 1654 2067 1860 2137; x_wconf 73' lang='lat' dir='ltr'><strong>praefati</strong></span> <span class='ocrx_word' id='word_1_248' title='bbox 1895 2070 2045 2138; x_wconf 88' lang='lat' dir='ltr'><strong>priu-</strong></span> 
     </span>
    </p>
   </div>
   <div class='ocr_carea' id='block_1_37' title="bbox 458 2157 2049 2227">
    <p class='ocr_par' dir='ltr' id='par_1_37' title="bbox 458 2157 2049 2227">
     <span class='ocr_line' id='line_1_37' title="bbox 458 2157 2049 2227; baseline 0.001 -14"><span class='ocrx_word' id='word_1_249' title='bbox 458 2157 609 2226; x_wconf 79' lang='lat' dir='ltr'><strong>cipes</strong></span> <span class='ocrx_word' id='word_1_250' title='bbox 630 2158 1043 2223; x_wconf 87' lang='lat' dir='ltr'><strong>succenderant,</strong></span> <span class='ocrx_word' id='word_1_251' title='bbox 1070 2165 1364 2218; x_wconf 91' lang='lat' dir='ltr'><strong>restruuut.</strong></span> <span class='ocrx_word' id='word_1_252' title='bbox 1386 2159 1744 2214; x_wconf 82' lang='lat' dir='ltr'><strong>custodesattc</strong></span> <span class='ocrx_word' id='word_1_253' title='bbox 1770 2159 1840 2213; x_wconf 80' lang='lat' dir='ltr'><strong>ibi</strong></span> <span class='ocrx_word' id='word_1_254' title='bbox 1866 2159 2049 2227; x_wconf 87' lang='lat' dir='ltr'><strong>plures</strong></span> 
     </span>
    </p>
   </div>
   <div class='ocr_carea' id='block_1_38' title="bbox 466 2245 2048 2319">
    <p class='ocr_par' dir='ltr' id='par_1_38' title="bbox 466 2245 2048 2319">
     <span class='ocr_line' id='line_1_38' title="bbox 466 2245 2048 2319; baseline 0.002 -18"><span class='ocrx_word' id='word_1_255' title='bbox 466 2246 777 2301; x_wconf 74' lang='lat' dir='ltr'><strong>institerant.</strong></span> <span class='ocrx_word' id='word_1_256' title='bbox 841 2245 968 2302; x_wconf 90' lang='lat' dir='ltr'><strong>lude</strong></span> <span class='ocrx_word' id='word_1_257' title='bbox 1020 2264 1113 2303; x_wconf 87' lang='lat' dir='ltr'><strong>rex</strong></span> <span class='ocrx_word' id='word_1_258' title='bbox 1162 2263 1282 2303; x_wconf 89' lang='lat' dir='ltr'><strong>cum</strong></span> <span class='ocrx_word' id='word_1_259' title='bbox 1325 2248 1637 2319; x_wconf 80' lang='lat' dir='ltr'><strong>Ragenaldo</strong></span> <span class='ocrx_word' id='word_1_260' title='bbox 1683 2249 2048 2319; x_wconf 88' lang='lat' dir='ltr'><strong>proﬁciscitur</strong></span> 
     </span>
    </p>
   </div>
   <div class='ocr_carea' id='block_1_39' title="bbox 462 2336 2044 2409">
    <p class='ocr_par' dir='ltr' id='par_1_39' title="bbox 462 2336 2044 2409">
     <span class='ocr_line' id='line_1_39' title="bbox 462 2336 2044 2409; baseline 0.003 -18"><span class='ocrx_word' id='word_1_261' title='bbox 462 2337 518 2391; x_wconf 88' lang='lat' dir='ltr'><strong>in</strong></span> <span class='ocrx_word' id='word_1_262' title='bbox 564 2345 749 2407; x_wconf 88' lang='lat' dir='ltr'><strong>partes</strong></span> <span class='ocrx_word' id='word_1_263' title='bbox 775 2336 1067 2395; x_wconf 78' lang='lat' dir='ltr'><strong>Victuriaci</strong></span> <span class='ocrx_word' id='word_1_264' title='bbox 1092 2338 1163 2371; x_wconf 65' lang='grc'><strong>⁹¹⁸</strong></span> <span class='ocrx_word' id='word_1_265' title='bbox 1184 2340 1376 2403; x_wconf 87' lang='lat' dir='ltr'><strong>castri,</strong></span> <span class='ocrx_word' id='word_1_266' title='bbox 1424 2340 1565 2409; x_wconf 86' lang='lat' dir='ltr'><strong>quod</strong></span> <span class='ocrx_word' id='word_1_267' title='bbox 1595 2341 1814 2394; x_wconf 82' lang='lat' dir='ltr'><strong>tenebat</strong></span> <span class='ocrx_word' id='word_1_268' title='bbox 1836 2339 2044 2395; x_wconf 85' lang='lat' dir='ltr'><strong>Walte-</strong></span> 
     </span>
    </p>
   </div>
   <div class='ocr_carea' id='block_1_40' title="bbox 458 2430 2044 2501">
    <p class='ocr_par' dir='ltr' id='par_1_40' title="bbox 458 2430 2044 2501">
     <span class='ocr_line' id='line_1_40' title="bbox 458 2430 2044 2501; baseline 0.003 -19"><span class='ocrx_word' id='word_1_269' title='bbox 458 2430 574 2484; x_wconf 89' lang='lat' dir='ltr'><strong>rius</strong></span> <span class='ocrx_word' id='word_1_270' title='bbox 615 2430 859 2500; x_wconf 88' lang='lat' dir='ltr'><strong>quidam,</strong></span> <span class='ocrx_word' id='word_1_271' title='bbox 903 2432 996 2501; x_wconf 88' lang='lat' dir='ltr'><strong>qui</strong></span> <span class='ocrx_word' id='word_1_272' title='bbox 1036 2446 1210 2501; x_wconf 87' lang='lat' dir='ltr'><strong>nuper</strong></span> <span class='ocrx_word' id='word_1_273' title='bbox 1253 2447 1284 2486; x_wconf 90' lang='lat' dir='ltr'><strong>a</strong></span> <span class='ocrx_word' id='word_1_274' title='bbox 1323 2448 1447 2501; x_wconf 80' lang='lat' dir='ltr'><strong>rege</strong></span> <span class='ocrx_word' id='word_1_275' title='bbox 1489 2431 1782 2495; x_wconf 88' lang='lat' dir='ltr'><strong>defecerat,</strong></span> <span class='ocrx_word' id='word_1_276' title='bbox 1826 2441 1878 2488; x_wconf 93' lang='lat' dir='ltr'><strong>et</strong></span> <span class='ocrx_word' id='word_1_277' title='bbox 1921 2448 2044 2488; x_wconf 92' lang='lat' dir='ltr'><strong>cum</strong></span> 
     </span>
    </p>
   </div>
   <div class='ocr_carea' id='block_1_41' title="bbox 460 2518 2049 2591">
    <p class='ocr_par' dir='ltr' id='par_1_41' title="bbox 460 2518 2049 2591">
     <span class='ocr_line' id='line_1_41' title="bbox 460 2518 2049 2591; baseline 0.004 -20"><span class='ocrx_word' id='word_1_278' title='bbox 460 2518 577 2588; x_wconf 87' lang='lat' dir='ltr'><strong>ipso</strong></span> <span class='ocrx_word' id='word_1_279' title='bbox 618 2528 802 2574; x_wconf 90' lang='lat' dir='ltr'><strong>castro</strong></span> <span class='ocrx_word' id='word_1_280' title='bbox 846 2535 905 2575; x_wconf 87' lang='lat' dir='ltr'><strong>se</strong></span> <span class='ocrx_word' id='word_1_281' title='bbox 950 2520 1241 2577; x_wconf 88' lang='lat' dir='ltr'><strong>lleriberto</strong></span> <span class='ocrx_word' id='word_1_282' title='bbox 1290 2522 1625 2581; x_wconf 83' lang='lat' dir='ltr'><strong>subdiderat.</strong></span> <span class='ocrx_word' id='word_1_283' title='bbox 1677 2522 1847 2591; x_wconf 81' lang='lat' dir='ltr'><strong>Cujus</strong></span> <span class='ocrx_word' id='word_1_284' title='bbox 1892 2522 2049 2578; x_wconf 88' lang='lat' dir='ltr'><strong>villas</strong></span> 
     </span>
    </p>
   </div>
   <div class='ocr_carea' id='block_1_42' title="bbox 459 2607 2045 2682">
    <p class='ocr_par' dir='ltr' id='par_1_42' title="bbox 459 2607 2045 2682">
     <span class='ocr_line' id='line_1_42' title="bbox 459 2607 2045 2682; baseline 0.003 -20"><span class='ocrx_word' id='word_1_285' title='bbox 459 2607 953 2678; x_wconf 67' lang='lat' dir='ltr'><strong>depraedationibus</strong></span> <span class='ocrx_word' id='word_1_286' title='bbox 1008 2612 1380 2682; x_wconf 86' lang='lat' dir='ltr'><strong>incendiisque</strong></span> <span class='ocrx_word' id='word_1_287' title='bbox 1439 2612 1761 2678; x_wconf 83' lang='lat' dir='ltr'><strong>devastaul,</strong></span> <span class='ocrx_word' id='word_1_288' title='bbox 1836 2628 2045 2679; x_wconf 88' lang='lat' dir='ltr'><strong>necnon</strong></span> 
     </span>
    </p>
   </div>
   <div class='ocr_carea' id='block_1_43' title="bbox 459 2696 2043 2770">
    <p class='ocr_par' dir='ltr' id='par_1_43' title="bbox 459 2696 2043 2770">
     <span class='ocr_line' id='line_1_43' title="bbox 459 2696 2043 2770; baseline 0.003 -19"><span class='ocrx_word' id='word_1_289' title='bbox 459 2696 813 2768; x_wconf 83' lang='lat' dir='ltr'><strong>Pontigonem</strong></span> <span class='ocrx_word' id='word_1_290' title='bbox 869 2699 1098 2764; x_wconf 88' lang='lat' dir='ltr'><strong>ﬁscum,</strong></span> <span class='ocrx_word' id='word_1_291' title='bbox 1153 2716 1312 2770; x_wconf 83' lang='lat' dir='ltr'><strong>quem</strong></span> <span class='ocrx_word' id='word_1_292' title='bbox 1363 2700 1679 2757; x_wconf 86' lang='lat' dir='ltr'><strong>lleribcrtus</strong></span> <span class='ocrx_word' id='word_1_293' title='bbox 1729 2703 2043 2768; x_wconf 76' lang='lat' dir='ltr'><strong>invaserat;</strong></span> 
     </span>
    </p>
   </div>
   <div class='ocr_carea' id='block_1_44' title="bbox 462 2789 2048 2861">
    <p class='ocr_par' dir='ltr' id='par_1_44' title="bbox 462 2789 2048 2861">
     <span class='ocr_line' id='line_1_44' title="bbox 462 2789 2048 2861; baseline 0.001 -14"><span class='ocrx_word' id='word_1_294' title='bbox 462 2789 734 2861; x_wconf 78' lang='lat' dir='ltr'><strong>aliamque</strong></span> <span class='ocrx_word' id='word_1_295' title='bbox 782 2791 1137 2848; x_wconf 87' lang='lat' dir='ltr'><strong>munitionem</strong></span> <span class='ocrx_word' id='word_1_296' title='bbox 1182 2808 1276 2848; x_wconf 80' lang='lat' dir='ltr'><strong>rex</strong></span> <span class='ocrx_word' id='word_1_297' title='bbox 1316 2801 1506 2848; x_wconf 88' lang='lat' dir='ltr'><strong>contra</strong></span> <span class='ocrx_word' id='word_1_298' title='bbox 1546 2793 1911 2849; x_wconf 80' lang='lat' dir='ltr'><strong>Victuriacum</strong></span> <span class='ocrx_word' id='word_1_299' title='bbox 1961 2793 2048 2848; x_wconf 83' lang='lat' dir='ltr'><strong>in-</strong></span> 
     </span>
    </p>
   </div>
   <div class='ocr_carea' id='block_1_45' title="bbox 464 2887 2051 2961">
    <p class='ocr_par' dir='ltr' id='par_1_45' title="bbox 464 2887 2051 2961">
     <span class='ocr_line' id='line_1_45' title="bbox 464 2887 2051 2961; baseline 0.003 -22"><span class='ocrx_word' id='word_1_300' title='bbox 464 2888 651 2950; x_wconf 81' lang='lat' dir='ltr'><strong>struit,</strong></span> <span class='ocrx_word' id='word_1_301' title='bbox 695 2894 749 2941; x_wconf 88' lang='lat' dir='ltr'><strong>et</strong></span> <span class='ocrx_word' id='word_1_302' title='bbox 793 2888 1053 2956; x_wconf 88' lang='lat' dir='ltr'><strong>quosdam</strong></span> <span class='ocrx_word' id='word_1_303' title='bbox 1096 2887 1197 2943; x_wconf 91' lang='lat' dir='ltr'><strong>sibi</strong></span> <span class='ocrx_word' id='word_1_304' title='bbox 1244 2889 1425 2944; x_wconf 85' lang='lat' dir='ltr'><strong>ﬁdeles</strong></span> <span class='ocrx_word' id='word_1_305' title='bbox 1462 2905 1529 2946; x_wconf 78' lang='lat' dir='ltr'><strong>ex</strong></span> <span class='ocrx_word' id='word_1_306' title='bbox 1562 2890 1874 2961; x_wconf 74' lang='lat' dir='ltr'><strong>paribusm</strong></span> <span class='ocrx_word' id='word_1_307' title='bbox 1902 2890 2051 2947; x_wconf 86' lang='lat' dir='ltr'><strong>Wal-</strong></span> 
     </span>
    </p>
   </div>
   <div class='ocr_carea' id='block_1_46' title="bbox 464 2974 2053 3051">
    <p class='ocr_par' dir='ltr' id='par_1_46' title="bbox 464 2974 2053 3051">
     <span class='ocr_line' id='line_1_46' title="bbox 464 2974 2053 3051; baseline 0.004 -22"><span class='ocrx_word' id='word_1_308' title='bbox 464 2974 585 3029; x_wconf 86' lang='lat' dir='ltr'><strong>terii</strong></span> <span class='ocrx_word' id='word_1_309' title='bbox 652 2976 719 3033; x_wconf 89' lang='lat' dir='ltr'><strong>ad</strong></span> <span class='ocrx_word' id='word_1_310' title='bbox 780 2978 1085 3033; x_wconf 81' lang='lat' dir='ltr'><strong>custodiam</strong></span> <span class='ocrx_word' id='word_1_311' title='bbox 1148 2979 1278 3036; x_wconf 91' lang='lat' dir='ltr'><strong>inibi</strong></span> <span class='ocrx_word' id='word_1_312' title='bbox 1321 2980 1390 3012; x_wconf 78' lang='grc'><strong>⁹¹⁶</strong></span> <span class='ocrx_word' id='word_1_313' title='bbox 1439 2980 1703 3047; x_wconf 82' lang='lat' dir='ltr'><strong>dimittit;</strong></span> <span class='ocrx_word' id='word_1_314' title='bbox 1769 2982 2053 3051; x_wconf 79' lang='lat' dir='ltr'><strong>ipsamque</strong></span> 
     </span>
    </p>
   </div>
   <div class='ocr_carea' id='block_1_47' title="bbox 463 3068 2047 3145">
    <p class='ocr_par' dir='ltr' id='par_1_47' title="bbox 463 3068 2047 3145">
     <span class='ocr_line' id='line_1_47' title="bbox 463 3068 2047 3145; baseline 0.004 -23"><span class='ocrx_word' id='word_1_315' title='bbox 463 3068 820 3125; x_wconf 88' lang='lat' dir='ltr'><strong>munitionem</strong></span> <span class='ocrx_word' id='word_1_316' title='bbox 863 3070 1113 3131; x_wconf 87' lang='lat' dir='ltr'><strong>Odalrico</strong></span> <span class='ocrx_word' id='word_1_317' title='bbox 1159 3073 1339 3128; x_wconf 83' lang='lat' dir='ltr'><strong>abbati</strong></span> <span class='ocrx_word' id='word_1_318' title='bbox 1382 3073 1598 3129; x_wconf 85' lang='lat' dir='ltr'><strong>cuidam</strong></span> <span class='ocrx_word' id='word_1_319' title='bbox 1637 3090 1700 3129; x_wconf 81' lang='lat' dir='ltr'><strong>ex</strong></span> <span class='ocrx_word' id='word_1_320' title='bbox 1740 3073 2047 3145; x_wconf 84' lang='lat' dir='ltr'><strong>Burgundia</strong></span> 
     </span>
    </p>
   </div>
   <div class='ocr_carea' id='block_1_48' title="bbox 2144 1879 3712 1954">
    <p class='ocr_par' dir='ltr' id='par_1_48' title="bbox 2144 1879 3712 1954">
     <span class='ocr_line' id='line_1_48' title="bbox 2144 1879 3712 1954; baseline 0.001 -20"><span class='ocrx_word' id='word_1_321' title='bbox 2144 1879 2462 1947; x_wconf 88' lang='lat' dir='ltr'><strong>lleinricus;</strong></span> <span class='ocrx_word' id='word_1_322' title='bbox 2508 1881 2600 1936; x_wconf 90' lang='lat' dir='ltr'><strong>sed</strong></span> <span class='ocrx_word' id='word_1_323' title='bbox 2645 1879 2930 1936; x_wconf 85' lang='lat' dir='ltr'><strong>lleinrlcus</strong></span> <span class='ocrx_word' id='word_1_324' title='bbox 2973 1897 3094 1936; x_wconf 73' lang='lat' dir='ltr'><strong>mox</strong></span> <span class='ocrx_word' id='word_1_325' title='bbox 3122 1880 3189 1913; x_wconf 76' lang='grc'><strong>⁸³⁸</strong></span> <span class='ocrx_word' id='word_1_326' title='bbox 3230 1891 3352 1953; x_wconf 91' lang='lat' dir='ltr'><strong>post</strong></span> <span class='ocrx_word' id='word_1_327' title='bbox 3396 1882 3712 1954; x_wconf 83' lang='lat' dir='ltr'><strong>baptismum</strong></span> 
     </span>
    </p>
   </div>
   <div class='ocr_carea' id='block_1_49' title="bbox 2143 1968 3717 2042">
    <p class='ocr_par' dir='ltr' id='par_1_49' title="bbox 2143 1968 3717 2042">
     <span class='ocr_line' id='line_1_49' title="bbox 2143 1968 3717 2042; baseline 0.001 -18"><span class='ocrx_word' id='word_1_328' title='bbox 2143 1968 2427 2024; x_wconf 89' lang='lat' dir='ltr'><strong>defunctus</strong></span> <span class='ocrx_word' id='word_1_329' title='bbox 2467 1978 2569 2024; x_wconf 88' lang='lat' dir='ltr'><strong>est.</strong></span> <span class='ocrx_word' id='word_1_330' title='bbox 2619 1969 2866 2041; x_wconf 85' lang='lat' dir='ltr'><strong>Synodus</strong></span> <span class='ocrx_word' id='word_1_331' title='bbox 2895 1969 3133 2040; x_wconf 89' lang='lat' dir='ltr'><strong>quinque</strong></span> <span class='ocrx_word' id='word_1_332' title='bbox 3174 1971 3556 2042; x_wconf 87' lang='lat' dir='ltr'><strong>episcoporum</strong></span> <span class='ocrx_word' id='word_1_333' title='bbox 3587 1974 3717 2042; x_wconf 80' lang='lat' dir='ltr'><strong>apud</strong></span> 
     </span>
    </p>
   </div>
   <div class='ocr_carea' id='block_1_50' title="bbox 2143 2060 3704 2120">
    <p class='ocr_par' dir='ltr' id='par_1_50' title="bbox 2143 2060 3704 2120">
     <span class='ocr_line' id='line_1_50' title="bbox 2143 2060 3704 2120; baseline 0.003 -5"><span class='ocrx_word' id='word_1_334' title='bbox 2143 2072 2390 2117; x_wconf 81' lang='lat' dir='ltr'><strong>sanetum</strong></span> <span class='ocrx_word' id='word_1_335' title='bbox 2437 2060 2830 2117; x_wconf 83' lang='lat' dir='ltr'><strong>Theodericum</strong></span> <span class='ocrx_word' id='word_1_336' title='bbox 2878 2063 2932 2117; x_wconf 89' lang='lat' dir='ltr'><strong>in</strong></span> <span class='ocrx_word' id='word_1_337' title='bbox 2981 2063 3251 2118; x_wconf 89' lang='lat' dir='ltr'><strong>territorio</strong></span> <span class='ocrx_word' id='word_1_338' title='bbox 3292 2062 3552 2119; x_wconf 77' lang='lat' dir='ltr'><strong>llcmensi</strong></span> <span class='ocrx_word' id='word_1_339' title='bbox 3589 2064 3704 2120; x_wconf 71' lang='lat' dir='ltr'><strong>cele</strong></span> 
     </span>
    </p>
   </div>
   <div class='ocr_carea' id='block_1_51' title="bbox 2144 2151 3717 2227">
    <p class='ocr_par' dir='ltr' id='par_1_51' title="bbox 2144 2151 3717 2227">
     <span class='ocr_line' id='line_1_51' title="bbox 2144 2151 3717 2227; baseline 0.002 -20"><span class='ocrx_word' id='word_1_340' title='bbox 2144 2153 2351 2217; x_wconf 88' lang='lat' dir='ltr'><strong>bratur,</strong></span> <span class='ocrx_word' id='word_1_341' title='bbox 2379 2151 2603 2209; x_wconf 81' lang='lat' dir='ltr'><strong>Artoldo</strong></span> <span class='ocrx_word' id='word_1_342' title='bbox 2628 2153 3030 2225; x_wconf 84' lang='lat' dir='ltr'><strong>archiepiscopo</strong></span> <span class='ocrx_word' id='word_1_343' title='bbox 3061 2153 3406 2225; x_wconf 72' lang='lat' dir='ltr'><strong>prmsidente.</strong></span> <span class='ocrx_word' id='word_1_344' title='bbox 3454 2156 3537 2211; x_wconf 76' lang='lat' dir='ltr'><strong>Ad</strong></span> <span class='ocrx_word' id='word_1_345' title='bbox 3567 2172 3717 2227; x_wconf 80' lang='lat' dir='ltr'><strong>quam</strong></span> 
     </span>
    </p>
   </div>
   <div class='ocr_carea' id='block_1_52' title="bbox 2145 2241 3713 2319">
    <p class='ocr_par' dir='ltr' id='par_1_52' title="bbox 2145 2241 3713 2319">
     <span class='ocr_line' id='line_1_52' title="bbox 2145 2241 3713 2319; baseline 0.003 -24"><span class='ocrx_word' id='word_1_346' title='bbox 2145 2251 2368 2319; x_wconf 82' lang='lat' dir='ltr'><strong>vocatus</strong></span> <span class='ocrx_word' id='word_1_347' title='bbox 2390 2241 2732 2312; x_wconf 82' lang='lat' dir='ltr'><strong>Ragenaldus</strong></span> <span class='ocrx_word' id='word_1_348' title='bbox 2771 2259 2956 2298; x_wconf 89' lang='lat' dir='ltr'><strong>comes</strong></span> <span class='ocrx_word' id='word_1_349' title='bbox 2994 2244 3062 2299; x_wconf 92' lang='lat' dir='ltr'><strong>ob</strong></span> <span class='ocrx_word' id='word_1_350' title='bbox 3095 2260 3180 2300; x_wconf 92' lang='lat' dir='ltr'><strong>res</strong></span> <span class='ocrx_word' id='word_1_351' title='bbox 3220 2244 3634 2301; x_wconf 67' lang='lat' dir='ltr'><strong>recclesiasticas</strong></span> <span class='ocrx_word' id='word_1_352' title='bbox 3656 2246 3713 2299; x_wconf 80' lang='lat' dir='ltr'><strong>ab</strong></span> 
     </span>
    </p>
   </div>
   <div class='ocr_carea' id='block_1_53' title="bbox 2144 2331 3712 2406">
    <p class='ocr_par' dir='ltr' id='par_1_53' title="bbox 2144 2331 3712 2406">
     <span class='ocr_line' id='line_1_53' title="bbox 2144 2331 3712 2406; baseline -0.001 -19"><span class='ocrx_word' id='word_1_353' title='bbox 2144 2345 2211 2387; x_wconf 90' lang='lat' dir='ltr'><strong>eo</strong></span> <span class='ocrx_word' id='word_1_354' title='bbox 2232 2347 2508 2402; x_wconf 76' lang='lat' dir='ltr'><strong>pervasus,</strong></span> <span class='ocrx_word' id='word_1_355' title='bbox 2532 2331 2717 2387; x_wconf 86' lang='lat' dir='ltr'><strong>venire</strong></span> <span class='ocrx_word' id='word_1_356' title='bbox 2739 2332 2927 2400; x_wconf 90' lang='lat' dir='ltr'><strong>noluit,</strong></span> <span class='ocrx_word' id='word_1_357' title='bbox 2953 2333 3046 2388; x_wconf 89' lang='lat' dir='ltr'><strong>sed</strong></span> <span class='ocrx_word' id='word_1_358' title='bbox 3067 2332 3387 2403; x_wconf 87' lang='lat' dir='ltr'><strong>deprecatus</strong></span> <span class='ocrx_word' id='word_1_359' title='bbox 3412 2343 3498 2389; x_wconf 90' lang='lat' dir='ltr'><strong>est</strong></span> <span class='ocrx_word' id='word_1_360' title='bbox 3526 2351 3712 2406; x_wconf 86' lang='lat' dir='ltr'><strong>regem,</strong></span> 
     </span>
    </p>
   </div>
   <div class='ocr_carea' id='block_1_54' title="bbox 2147 2420 3709 2492">
    <p class='ocr_par' dir='ltr' id='par_1_54' title="bbox 2147 2420 3709 2492">
     <span class='ocr_line' id='line_1_54' title="bbox 2147 2420 3709 2492; baseline 0 -17"><span class='ocrx_word' id='word_1_361' title='bbox 2147 2437 2215 2477; x_wconf 88' lang='lat' dir='ltr'><strong>ne</strong></span> <span class='ocrx_word' id='word_1_362' title='bbox 2258 2420 2845 2487; x_wconf 75' lang='lat' dir='ltr'><strong>excommunicaretur,</strong></span> <span class='ocrx_word' id='word_1_363' title='bbox 2892 2429 2952 2474; x_wconf 91' lang='lat' dir='ltr'><strong>ut</strong></span> <span class='ocrx_word' id='word_1_364' title='bbox 3002 2422 3069 2476; x_wconf 91' lang='lat' dir='ltr'><strong>ad</strong></span> <span class='ocrx_word' id='word_1_365' title='bbox 3119 2422 3384 2492; x_wconf 83' lang='lat' dir='ltr'><strong>synodum</strong></span> <span class='ocrx_word' id='word_1_366' title='bbox 3441 2423 3709 2487; x_wconf 86' lang='lat' dir='ltr'><strong>mitteret;</strong></span> 
     </span>
    </p>
   </div>
   <div class='ocr_carea' id='block_1_55' title="bbox 2145 2512 3712 2584">
    <p class='ocr_par' dir='ltr' id='par_1_55' title="bbox 2145 2512 3712 2584">
     <span class='ocr_line' id='line_1_55' title="bbox 2145 2512 3712 2584; baseline -0.002 -15"><span class='ocrx_word' id='word_1_367' title='bbox 2145 2514 2299 2584; x_wconf 89' lang='lat' dir='ltr'><strong>cujus</strong></span> <span class='ocrx_word' id='word_1_368' title='bbox 2325 2512 2837 2579; x_wconf 81' lang='lat' dir='ltr'><strong>excommunicatio,</strong></span> <span class='ocrx_word' id='word_1_369' title='bbox 2858 2526 2980 2584; x_wconf 89' lang='lat' dir='ltr'><strong>rege</strong></span> <span class='ocrx_word' id='word_1_370' title='bbox 3007 2521 3241 2583; x_wconf 90' lang='lat' dir='ltr'><strong>petente,</strong></span> <span class='ocrx_word' id='word_1_371' title='bbox 3267 2520 3397 2568; x_wconf 90' lang='lat' dir='ltr'><strong>tunc</strong></span> <span class='ocrx_word' id='word_1_372' title='bbox 3418 2512 3712 2569; x_wconf 86' lang='lat' dir='ltr'><strong>intermissa</strong></span> 
     </span>
    </p>
   </div>
   <div class='ocr_carea' id='block_1_56' title="bbox 2146 2602 3711 2675">
    <p class='ocr_par' dir='ltr' id='par_1_56' title="bbox 2146 2602 3711 2675">
     <span class='ocr_line' id='line_1_56' title="bbox 2146 2602 3711 2675; baseline -0.005 -13"><span class='ocrx_word' id='word_1_373' title='bbox 2146 2615 2249 2662; x_wconf 89' lang='lat' dir='ltr'><strong>est.</strong></span> <span class='ocrx_word' id='word_1_374' title='bbox 2298 2605 2423 2661; x_wconf 88' lang='lat' dir='ltr'><strong>Otto</strong></span> <span class='ocrx_word' id='word_1_375' title='bbox 2465 2620 2558 2659; x_wconf 77' lang='lat' dir='ltr'><strong>rex</strong></span> <span class='ocrx_word' id='word_1_376' title='bbox 2603 2602 2789 2658; x_wconf 90' lang='lat' dir='ltr'><strong>urbem</strong></span> <span class='ocrx_word' id='word_1_377' title='bbox 2831 2603 3176 2675; x_wconf 83' lang='lat' dir='ltr'><strong>Mogontiam,</strong></span> <span class='ocrx_word' id='word_1_378' title='bbox 3212 2604 3301 2658; x_wconf 87' lang='lat' dir='ltr'><strong>ubi</strong></span> <span class='ocrx_word' id='word_1_379' title='bbox 3326 2603 3711 2675; x_wconf 75' lang='lat' dir='ltr'><strong>Cbonmduss:</strong></span> 
     </span>
    </p>
   </div>
   <div class='ocr_carea' id='block_1_57' title="bbox 2151 2693 3712 2765">
    <p class='ocr_par' dir='ltr' id='par_1_57' title="bbox 2151 2693 3712 2765">
     <span class='ocr_line' id='line_1_57' title="bbox 2151 2693 3712 2765; baseline -0.003 -15"><span class='ocrx_word' id='word_1_380' title='bbox 2151 2703 2452 2765; x_wconf 89' lang='lat' dir='ltr'><strong>receperat,</strong></span> <span class='ocrx_word' id='word_1_381' title='bbox 2479 2693 2722 2759; x_wconf 81' lang='lat' dir='ltr'><strong>obsidet;</strong></span> <span class='ocrx_word' id='word_1_382' title='bbox 2774 2694 3094 2763; x_wconf 85' lang='lat' dir='ltr'><strong>tandemque</strong></span> <span class='ocrx_word' id='word_1_383' title='bbox 3128 2702 3249 2764; x_wconf 90' lang='lat' dir='ltr'><strong>post</strong></span> <span class='ocrx_word' id='word_1_384' title='bbox 3274 2693 3410 2748; x_wconf 73' lang='lat' dir='ltr'><strong>tinos</strong></span> <span class='ocrx_word' id='word_1_385' title='bbox 3435 2693 3554 2748; x_wconf 78' lang='lat' dir='ltr'><strong>fere</strong></span> <span class='ocrx_word' id='word_1_386' title='bbox 3581 2709 3712 2748; x_wconf 62' lang='lat' dir='ltr'><strong>meno</strong></span> 
     </span>
    </p>
   </div>
   <div class='ocr_carea' id='block_1_58' title="bbox 2149 2783 3711 2856">
    <p class='ocr_par' dir='ltr' id='par_1_58' title="bbox 2149 2783 3711 2856">
     <span class='ocr_line' id='line_1_58' title="bbox 2149 2783 3711 2856; baseline -0.001 -16"><span class='ocrx_word' id='word_1_387' title='bbox 2149 2799 2238 2840; x_wconf 89' lang='lat' dir='ltr'><strong>ses</strong></span> <span class='ocrx_word' id='word_1_388' title='bbox 2278 2801 2399 2838; x_wconf 89' lang='lat' dir='ltr'><strong>cum</strong></span> <span class='ocrx_word' id='word_1_389' title='bbox 2440 2799 2658 2856; x_wconf 87' lang='lat' dir='ltr'><strong>egresso</strong></span> <span class='ocrx_word' id='word_1_390' title='bbox 2697 2784 2763 2839; x_wconf 91' lang='lat' dir='ltr'><strong>ad</strong></span> <span class='ocrx_word' id='word_1_391' title='bbox 2811 2800 2870 2840; x_wconf 89' lang='lat' dir='ltr'><strong>se</strong></span> <span class='ocrx_word' id='word_1_392' title='bbox 2906 2783 3191 2841; x_wconf 88' lang='lat' dir='ltr'><strong>Chonrado</strong></span> <span class='ocrx_word' id='word_1_393' title='bbox 3237 2784 3475 2850; x_wconf 92' lang='lat' dir='ltr'><strong>locutus,</strong></span> <span class='ocrx_word' id='word_1_394' title='bbox 3500 2794 3557 2839; x_wconf 90' lang='lat' dir='ltr'><strong>et</strong></span> <span class='ocrx_word' id='word_1_395' title='bbox 3585 2784 3711 2839; x_wconf 87' lang='lat' dir='ltr'><strong>obsi-</strong></span> 
     </span>
    </p>
   </div>
   <div class='ocr_carea' id='block_1_59' title="bbox 2151 2873 3710 2945">
    <p class='ocr_par' dir='ltr' id='par_1_59' title="bbox 2151 2873 3710 2945">
     <span class='ocr_line' id='line_1_59' title="bbox 2151 2873 3710 2945; baseline -0.003 -16"><span class='ocrx_word' id='word_1_396' title='bbox 2151 2874 2307 2929; x_wconf 72' lang='lat' dir='ltr'><strong>dibus</strong></span> <span class='ocrx_word' id='word_1_397' title='bbox 2348 2874 2414 2929; x_wconf 89' lang='lat' dir='ltr'><strong>ab</strong></span> <span class='ocrx_word' id='word_1_398' title='bbox 2458 2888 2523 2929; x_wconf 91' lang='lat' dir='ltr'><strong>eo</strong></span> <span class='ocrx_word' id='word_1_399' title='bbox 2567 2874 2841 2944; x_wconf 80' lang='lat' dir='ltr'><strong>acceptis,</strong></span> <span class='ocrx_word' id='word_1_400' title='bbox 2903 2882 3053 2929; x_wconf 90' lang='lat' dir='ltr'><strong>trans</strong></span> <span class='ocrx_word' id='word_1_401' title='bbox 3103 2873 3352 2928; x_wconf 79' lang='lat' dir='ltr'><strong>Rhenum</strong></span> <span class='ocrx_word' id='word_1_402' title='bbox 3403 2874 3710 2945; x_wconf 84' lang='lat' dir='ltr'><strong>regreditur.</strong></span> 
     </span>
    </p>
   </div>
   <div class='ocr_carea' id='block_1_60' title="bbox 2152 2962 3711 3036">
    <p class='ocr_par' dir='ltr' id='par_1_60' title="bbox 2152 2962 3711 3036">
     <span class='ocr_line' id='line_1_60' title="bbox 2152 2962 3711 3036; baseline -0.001 -19"><span class='ocrx_word' id='word_1_403' title='bbox 2152 2962 2260 3020; x_wconf 84' lang='lat' dir='ltr'><strong>Nec</strong></span> <span class='ocrx_word' id='word_1_404' title='bbox 2306 2980 2476 3030; x_wconf 84' lang='lat' dir='ltr'><strong>mora,</strong></span> <span class='ocrx_word' id='word_1_405' title='bbox 2523 2964 2869 3031; x_wconf 87' lang='lat' dir='ltr'><strong>Cbonradus,</strong></span> <span class='ocrx_word' id='word_1_406' title='bbox 2911 2965 3134 3020; x_wconf 88' lang='lat' dir='ltr'><strong>dimisso</strong></span> <span class='ocrx_word' id='word_1_407' title='bbox 3171 2964 3458 3036; x_wconf 62' lang='lat' dir='ltr'><strong>Mogontiaa</strong></span> <span class='ocrx_word' id='word_1_408' title='bbox 3505 2965 3711 3020; x_wconf 82' lang='lat' dir='ltr'><strong>militum</strong></span> 
     </span>
    </p>
   </div>
   <div class='ocr_carea' id='block_1_61' title="bbox 2153 3058 3713 3131">
    <p class='ocr_par' dir='ltr' id='par_1_61' title="bbox 2153 3058 3713 3131">
     <span class='ocr_line' id='line_1_61' title="bbox 2153 3058 3713 3131; baseline -0.003 -18"><span class='ocrx_word' id='word_1_409' title='bbox 2153 3072 2371 3113; x_wconf 89' lang='lat' dir='ltr'><strong>suorum</strong></span> <span class='ocrx_word' id='word_1_410' title='bbox 2416 3059 2692 3128; x_wconf 62' lang='lat' dir='ltr'><strong>prtesidio,</strong></span> <span class='ocrx_word' id='word_1_411' title='bbox 2736 3058 3055 3114; x_wconf 83' lang='lat' dir='ltr'><strong>Mettensem</strong></span> <span class='ocrx_word' id='word_1_412' title='bbox 3097 3068 3300 3130; x_wconf 80' lang='lat' dir='ltr'><strong>appetit</strong></span> <span class='ocrx_word' id='word_1_413' title='bbox 3326 3059 3543 3126; x_wconf 89' lang='lat' dir='ltr'><strong>urbem,</strong></span> <span class='ocrx_word' id='word_1_414' title='bbox 3571 3073 3713 3131; x_wconf 80' lang='lat' dir='ltr'><strong>quam</strong></span> 
     </span>
    </p>
   </div>
   <div class='ocr_carea' id='block_1_62' title="bbox 463 3148 2047 3234">
    <p class='ocr_par' dir='ltr' id='par_1_62' title="bbox 463 3152 2047 3234">
     <span class='ocr_line' id='line_1_62' title="bbox 463 3152 2047 3234; baseline 0.004 -22"><span class='ocrx_word' id='word_1_415' title='bbox 463 3159 793 3224; x_wconf 86' lang='lat' dir='ltr'><strong>committit;</strong></span> <span class='ocrx_word' id='word_1_416' title='bbox 846 3168 902 3215; x_wconf 92' lang='lat' dir='ltr'><strong>et</strong></span> <span class='ocrx_word' id='word_1_417' title='bbox 948 3162 1026 3216; x_wconf 91' lang='lat' dir='ltr'><strong>sic</strong></span> <span class='ocrx_word' id='word_1_418' title='bbox 1069 3162 1386 3217; x_wconf 85' lang='lat' dir='ltr'><strong>Laudunum</strong></span> <span class='ocrx_word' id='word_1_419' title='bbox 1430 3164 1644 3234; x_wconf 88' lang='lat' dir='ltr'><strong>repetit.</strong></span> <span class='ocrx_word' id='word_1_420' title='bbox 1714 3162 1824 3218; x_wconf 84' lang='lat' dir='ltr'><strong>Nec</strong></span> <span class='ocrx_word' id='word_1_421' title='bbox 1874 3152 2047 3230; x_wconf 86' lang='lat' dir='ltr'><strong>mora,</strong></span> 
     </span>
    </p>
   </div>
   <div class='ocr_carea' id='block_1_63' title="bbox 2149 3148 3714 3234">
    <p class='ocr_par' dir='ltr' id='par_1_63' title="bbox 2156 3148 3714 3221">
     <span class='ocr_line' id='line_1_63' title="bbox 2156 3148 3714 3221; baseline -0.002 -16"><span class='ocrx_word' id='word_1_422' title='bbox 2156 3164 2278 3205; x_wconf 84' lang='lat' dir='ltr'><strong>mox</strong></span> <span class='ocrx_word' id='word_1_423' title='bbox 2303 3149 2501 3204; x_wconf 84' lang='lat' dir='ltr'><strong>furtiva</strong></span> <span class='ocrx_word' id='word_1_424' title='bbox 2528 3150 2773 3221; x_wconf 80' lang='lat' dir='ltr'><strong>pervadit</strong></span> <span class='ocrx_word' id='word_1_425' title='bbox 2796 3149 3086 3220; x_wconf 89' lang='lat' dir='ltr'><strong>irrcptione</strong></span> <span class='ocrx_word' id='word_1_426' title='bbox 3110 3150 3199 3203; x_wconf 76' lang='grc'><strong>⁹³¹.</strong></span> <span class='ocrx_word' id='word_1_427' title='bbox 3234 3148 3363 3206; x_wconf 79' lang='grc' dir='ltr'><strong>Οιιο</strong></span> <span class='ocrx_word' id='word_1_428' title='bbox 3389 3166 3483 3205; x_wconf 78' lang='lat' dir='ltr'><strong>rex</strong></span> <span class='ocrx_word' id='word_1_429' title='bbox 3514 3159 3714 3205; x_wconf 83' lang='lat' dir='ltr'><strong>vocatus</strong></span> 
     </span>
    </p>
   </div>
   <div class='ocr_carea' id='block_1_64' title="bbox 469 3247 2048 3325">
    <p class='ocr_par' dir='ltr' id='par_1_64' title="bbox 469 3247 2048 3325">
     <span class='ocr_line' id='line_1_64' title="bbox 469 3247 2048 3325; baseline 0.009 -24"><span class='ocrx_word' id='word_1_430' title='bbox 469 3247 670 3304; x_wconf 77' lang='lat' dir='ltr'><strong>Remos</strong></span> <span class='ocrx_word' id='word_1_431' title='bbox 712 3265 833 3305; x_wconf 86' lang='lat' dir='ltr'><strong>cum</strong></span> <span class='ocrx_word' id='word_1_432' title='bbox 884 3253 1065 3322; x_wconf 87' lang='lat' dir='ltr'><strong>regina</strong></span> <span class='ocrx_word' id='word_1_433' title='bbox 1118 3256 1428 3308; x_wconf 87' lang='lat' dir='ltr'><strong>revertitur.</strong></span> <span class='ocrx_word' id='word_1_434' title='bbox 1481 3254 1737 3311; x_wconf 81' lang='lat' dir='ltr'><strong>Artoldus</strong></span> <span class='ocrx_word' id='word_1_435' title='bbox 1780 3256 2048 3325; x_wconf 56' lang='lat' dir='ltr'><strong>archiepie</strong></span> 
     </span>
    </p>
   </div>
   <div class='ocr_carea' id='block_1_65' title="bbox 466 3343 2048 3413">
    <p class='ocr_par' dir='ltr' id='par_1_65' title="bbox 466 3343 2048 3413">
     <span class='ocr_line' id='line_1_65' title="bbox 466 3343 2048 3413; baseline 0.004 -17"><span class='ocrx_word' id='word_1_436' title='bbox 466 3355 664 3412; x_wconf 85' lang='lat' dir='ltr'><strong>scepus</strong></span> <span class='ocrx_word' id='word_1_437' title='bbox 692 3343 744 3398; x_wconf 90' lang='lat' dir='ltr'><strong>iu</strong></span> <span class='ocrx_word' id='word_1_438' title='bbox 773 3345 1105 3400; x_wconf 84' lang='lat' dir='ltr'><strong>monasterio</strong></span> <span class='ocrx_word' id='word_1_439' title='bbox 1135 3347 1307 3401; x_wconf 88' lang='lat' dir='ltr'><strong>sancti</strong></span> <span class='ocrx_word' id='word_1_440' title='bbox 1334 3346 1510 3402; x_wconf 87' lang='lat' dir='ltr'><strong>Basoli</strong></span> <span class='ocrx_word' id='word_1_441' title='bbox 1537 3357 1833 3402; x_wconf 84' lang='lat' dir='ltr'><strong>monachos</strong></span> <span class='ocrx_word' id='word_1_442' title='bbox 1861 3347 2048 3413; x_wconf 86' lang='lat' dir='ltr'><strong>mittit,</strong></span> 
     </span>
    </p>
   </div>
   <div class='ocr_carea' id='block_1_66' title="bbox 464 3432 2053 3506">
    <p class='ocr_par' dir='ltr' id='par_1_66' title="bbox 464 3432 2053 3506">
     <span class='ocr_line' id='line_1_66' title="bbox 464 3432 2053 3506; baseline 0.007 -21"><span class='ocrx_word' id='word_1_443' title='bbox 464 3432 702 3501; x_wconf 76' lang='lat' dir='ltr'><strong>expulsis</strong></span> <span class='ocrx_word' id='word_1_444' title='bbox 745 3433 959 3490; x_wconf 86' lang='lat' dir='ltr'><strong>clericis</strong></span> <span class='ocrx_word' id='word_1_445' title='bbox 999 3436 1090 3506; x_wconf 85' lang='lat' dir='ltr'><strong>qui</strong></span> <span class='ocrx_word' id='word_1_446' title='bbox 1128 3438 1440 3493; x_wconf 87' lang='lat' dir='ltr'><strong>serviebant</strong></span> <span class='ocrx_word' id='word_1_447' title='bbox 1476 3439 1547 3494; x_wconf 92' lang='lat' dir='ltr'><strong>ibi</strong></span> <span class='ocrx_word' id='word_1_448' title='bbox 1572 3439 1664 3505; x_wconf 70' lang='lat'><strong>“7,</strong></span> <span class='ocrx_word' id='word_1_449' title='bbox 1709 3440 2053 3496; x_wconf 85' lang='lat' dir='ltr'><strong>committens</strong></span> 
     </span>
    </p>
   </div>
   <div class='ocr_carea' id='block_1_67' title="bbox 468 3522 1807 3588">
    <p class='ocr_par' dir='ltr' id='par_1_67' title="bbox 468 3522 1807 3588">
     <span class='ocr_line' id='line_1_67' title="bbox 468 3522 1807 3588; baseline 0.007 -11"><span class='ocrx_word' id='word_1_450' title='bbox 468 3522 600 3578; x_wconf 88' lang='lat' dir='ltr'><strong>illud</strong></span> <span class='ocrx_word' id='word_1_451' title='bbox 627 3523 925 3582; x_wconf 88' lang='lat' dir='ltr'><strong>llincmaro</strong></span> <span class='ocrx_word' id='word_1_452' title='bbox 950 3535 1005 3582; x_wconf 87' lang='lat' dir='ltr'><strong>et</strong></span> <span class='ocrx_word' id='word_1_453' title='bbox 1031 3526 1290 3583; x_wconf 83' lang='lat' dir='ltr'><strong>Rotmaro</strong></span> <span class='ocrx_word' id='word_1_454' title='bbox 1316 3528 1620 3588; x_wconf 85' lang='lat' dir='ltr'><strong>abbatibus.</strong></span> <span class='ocrx_word' id='word_1_455' title='bbox 1653 3531 1807 3587; x_wconf 79' lang='lat' dir='ltr'><strong>Auno</strong></span> 
     </span>
    </p>
   </div>
   <div class='ocr_carea' id='block_1_68' title="bbox 1058 3618 1421 3677">
    <p class='ocr_par' dir='ltr' id='par_1_68' title="bbox 1058 3618 1421 3677">
     <span class='ocr_line' id='line_1_68' title="bbox 1058 3618 1421 3677; baseline 0 -1"><span class='ocrx_word' id='word_1_456' title='bbox 1058 3672 1063 3676; x_wconf 88' lang='lat'><strong>.</strong></span> <span class='ocrx_word' id='word_1_457' title='bbox 1095 3618 1421 3677; x_wconf 74' lang='lat' dir='ltr'><strong>DCCCCLIII</strong></span> 
     </span>
    </p>
   </div>
   <div class='ocr_carea' id='block_1_69' title="bbox 468 3704 2052 3786">
    <p class='ocr_par' dir='ltr' id='par_1_69' title="bbox 468 3704 2052 3786">
     <span class='ocr_line' id='line_1_69' title="bbox 468 3704 2052 3786; baseline 0.006 -23"><span class='ocrx_word' id='word_1_458' title='bbox 468 3704 781 3776; x_wconf 83' lang='lat' dir='ltr'><strong>incipiente,</strong></span> <span class='ocrx_word' id='word_1_459' title='bbox 820 3707 973 3781; x_wconf 89' lang='lat' dir='ltr'><strong>llugo</strong></span> <span class='ocrx_word' id='word_1_460' title='bbox 1011 3710 1264 3783; x_wconf 80' lang='lat' dir='ltr'><strong>princeps</strong></span> <span class='ocrx_word' id='word_1_461' title='bbox 1303 3713 1510 3785; x_wconf 78' lang='lat' dir='ltr'><strong>legatos</strong></span> <span class='ocrx_word' id='word_1_462' title='bbox 1554 3715 1719 3769; x_wconf 88' lang='lat' dir='ltr'><strong>mittit</strong></span> <span class='ocrx_word' id='word_1_463' title='bbox 1761 3729 1829 3771; x_wconf 86' lang='lat' dir='ltr'><strong>au</strong></span> <span class='ocrx_word' id='word_1_464' title='bbox 1873 3730 2052 3786; x_wconf 84' lang='lat' dir='ltr'><strong>regem</strong></span> 
     </span>
    </p>
   </div>
   <div class='ocr_carea' id='block_1_70' title="bbox 471 3796 2054 3877">
    <p class='ocr_par' dir='ltr' id='par_1_70' title="bbox 471 3796 2054 3877">
     <span class='ocr_line' id='line_1_70' title="bbox 471 3796 2054 3877; baseline 0.008 -26"><span class='ocrx_word' id='word_1_465' title='bbox 471 3796 821 3855; x_wconf 83' lang='lat' dir='ltr'><strong>Ludowicum</strong></span> <span class='ocrx_word' id='word_1_466' title='bbox 872 3817 972 3872; x_wconf 88' lang='lat' dir='ltr'><strong>pro</strong></span> <span class='ocrx_word' id='word_1_467' title='bbox 1017 3814 1150 3872; x_wconf 89' lang='lat' dir='ltr'><strong>pace</strong></span> <span class='ocrx_word' id='word_1_468' title='bbox 1192 3818 1256 3859; x_wconf 91' lang='lat' dir='ltr'><strong>ac</strong></span> <span class='ocrx_word' id='word_1_469' title='bbox 1282 3805 1355 3843; x_wconf 65' lang='grc' dir='ltr'><strong>ἰε</strong></span> <span class='ocrx_word' id='word_1_470' title='bbox 1387 3806 1677 3861; x_wconf 85' lang='lat' dir='ltr'><strong>concordia</strong></span> <span class='ocrx_word' id='word_1_471' title='bbox 1724 3807 1867 3861; x_wconf 90' lang='lat' dir='ltr'><strong>inter</strong></span> <span class='ocrx_word' id='word_1_472' title='bbox 1911 3808 2054 3877; x_wconf 91' lang='lat' dir='ltr'><strong>ipsos</strong></span> 
     </span>
    </p>
   </div>
   <div class='ocr_carea' id='block_1_71' title="bbox 473 3888 2059 3966">
    <p class='ocr_par' dir='ltr' id='par_1_71' title="bbox 473 3888 2059 3966">
     <span class='ocr_line' id='line_1_71' title="bbox 473 3888 2059 3966; baseline 0.005 -24"><span class='ocrx_word' id='word_1_473' title='bbox 473 3888 738 3944; x_wconf 87' lang='lat' dir='ltr'><strong>ﬁrmanda</strong></span> <span class='ocrx_word' id='word_1_474' title='bbox 764 3930 781 3955; x_wconf 93' lang='lat'><strong>,</strong></span> <span class='ocrx_word' id='word_1_475' title='bbox 826 3900 1019 3961; x_wconf 83' lang='lat' dir='ltr'><strong>petens</strong></span> <span class='ocrx_word' id='word_1_476' title='bbox 1059 3902 1119 3949; x_wconf 87' lang='lat' dir='ltr'><strong>ut</strong></span> <span class='ocrx_word' id='word_1_477' title='bbox 1161 3895 1343 3965; x_wconf 86' lang='lat' dir='ltr'><strong>regina</strong></span> <span class='ocrx_word' id='word_1_478' title='bbox 1385 3894 1656 3966; x_wconf 80' lang='lat' dir='ltr'><strong>Gerberga</strong></span> <span class='ocrx_word' id='word_1_479' title='bbox 1707 3911 1864 3951; x_wconf 90' lang='lat' dir='ltr'><strong>suum</strong></span> <span class='ocrx_word' id='word_1_480' title='bbox 1910 3904 2059 3966; x_wconf 86' lang='lat' dir='ltr'><strong>petat</strong></span> 
     </span>
    </p>
   </div>
   <div class='ocr_carea' id='block_1_72' title="bbox 468 3976 2057 4054">
    <p class='ocr_par' dir='ltr' id='par_1_72' title="bbox 468 3976 2057 4054">
     <span class='ocr_line' id='line_1_72' title="bbox 468 3976 2057 4054; baseline 0.004 -20"><span class='ocrx_word' id='word_1_481' title='bbox 468 3976 799 4049; x_wconf 79' lang='lat' dir='ltr'><strong>colloquium</strong></span> <span class='ocrx_word' id='word_1_482' title='bbox 827 3981 938 4048; x_wconf 78' lang='lat' dir='ltr'><strong>m;</strong></span> <span class='ocrx_word' id='word_1_483' title='bbox 1006 3983 1147 4051; x_wconf 90' lang='lat' dir='ltr'><strong>quod</strong></span> <span class='ocrx_word' id='word_1_484' title='bbox 1191 3994 1245 4039; x_wconf 87' lang='lat' dir='ltr'><strong>et</strong></span> <span class='ocrx_word' id='word_1_485' title='bbox 1293 3983 1459 4048; x_wconf 88' lang='lat' dir='ltr'><strong>fecit,</strong></span> <span class='ocrx_word' id='word_1_486' title='bbox 1516 3985 1942 4054; x_wconf 88' lang='lat' dir='ltr'><strong>muneribusque</strong></span> <span class='ocrx_word' id='word_1_487' title='bbox 1989 3983 2057 4040; x_wconf 88' lang='lat' dir='ltr'><strong>ab</strong></span> 
     </span>
    </p>
   </div>
   <div class='ocr_carea' id='block_1_73' title="bbox 474 4071 2057 4145">
    <p class='ocr_par' dir='ltr' id='par_1_73' title="bbox 474 4071 2057 4145">
     <span class='ocr_line' id='line_1_73' title="bbox 474 4071 2057 4145; baseline 0.003 -20"><span class='ocrx_word' id='word_1_488' title='bbox 474 4071 663 4125; x_wconf 89' lang='lat' dir='ltr'><strong>eodem</strong></span> <span class='ocrx_word' id='word_1_489' title='bbox 687 4071 758 4102; x_wconf 79' lang='grc'><strong>⁹²⁰</strong></span> <span class='ocrx_word' id='word_1_490' title='bbox 788 4072 1050 4128; x_wconf 87' lang='lat' dir='ltr'><strong>honorata</strong></span> <span class='ocrx_word' id='word_1_491' title='bbox 1076 4073 1277 4132; x_wconf 79' lang='lat' dir='ltr'><strong>Remos</strong></span> <span class='ocrx_word' id='word_1_492' title='bbox 1302 4075 1494 4140; x_wconf 81' lang='lat' dir='ltr'><strong>rediit;</strong></span> <span class='ocrx_word' id='word_1_493' title='bbox 1538 4075 1879 4144; x_wconf 88' lang='lat' dir='ltr'><strong>obtinuitque</strong></span> <span class='ocrx_word' id='word_1_494' title='bbox 1903 4073 2057 4145; x_wconf 81' lang='lat' dir='ltr'><strong>llugo</strong></span> 
     </span>
    </p>
   </div>
   <div class='ocr_carea' id='block_1_74' title="bbox 476 4163 2056 4233">
    <p class='ocr_par' dir='ltr' id='par_1_74' title="bbox 476 4163 2056 4233">
     <span class='ocr_line' id='line_1_74' title="bbox 476 4163 2056 4233; baseline 0.004 -20"><span class='ocrx_word' id='word_1_495' title='bbox 476 4173 507 4214; x_wconf 88' lang='lat' dir='ltr'><strong>a</strong></span> <span class='ocrx_word' id='word_1_496' title='bbox 530 4173 678 4231; x_wconf 89' lang='lat' dir='ltr'><strong>rege,</strong></span> <span class='ocrx_word' id='word_1_497' title='bbox 706 4170 762 4215; x_wconf 90' lang='lat' dir='ltr'><strong>ut</strong></span> <span class='ocrx_word' id='word_1_498' title='bbox 793 4163 1041 4228; x_wconf 89' lang='lat' dir='ltr'><strong>munitio,</strong></span> <span class='ocrx_word' id='word_1_499' title='bbox 1067 4180 1186 4233; x_wconf 77' lang='lat' dir='ltr'><strong>qua:</strong></span> <span class='ocrx_word' id='word_1_500' title='bbox 1210 4175 1393 4220; x_wconf 89' lang='lat' dir='ltr'><strong>contra</strong></span> <span class='ocrx_word' id='word_1_501' title='bbox 1424 4167 1789 4221; x_wconf 78' lang='lat' dir='ltr'><strong>Vieluriacum</strong></span> <span class='ocrx_word' id='word_1_502' title='bbox 1817 4175 2056 4221; x_wconf 88' lang='lat' dir='ltr'><strong>castrum</strong></span> 
     </span>
    </p>
   </div>
   <div class='ocr_carea' id='block_1_75' title="bbox 478 4248 2059 4324">
    <p class='ocr_par' dir='ltr' id='par_1_75' title="bbox 478 4248 2059 4324">
     <span class='ocr_line' id='line_1_75' title="bbox 478 4248 2059 4324; baseline 0.003 -20"><span class='ocrx_word' id='word_1_503' title='bbox 478 4256 796 4304; x_wconf 85' lang='lat' dir='ltr'><strong>constructa</strong></span> <span class='ocrx_word' id='word_1_504' title='bbox 839 4248 1047 4317; x_wconf 86' lang='lat' dir='ltr'><strong>fuerat,</strong></span> <span class='ocrx_word' id='word_1_505' title='bbox 1094 4253 1413 4307; x_wconf 90' lang='lat' dir='ltr'><strong>solveretur.</strong></span> <span class='ocrx_word' id='word_1_506' title='bbox 1460 4253 1718 4308; x_wconf 79' lang='lat' dir='ltr'><strong>Placitum</strong></span> <span class='ocrx_word' id='word_1_507' title='bbox 1760 4268 1890 4324; x_wconf 91' lang='lat' dir='ltr'><strong>ergo</strong></span> <span class='ocrx_word' id='word_1_508' title='bbox 1930 4268 2059 4308; x_wconf 88' lang='lat' dir='ltr'><strong>con-</strong></span> 
     </span>
    </p>
   </div>
   <div class='ocr_carea' id='block_1_76' title="bbox 484 4326 2061 4415">
    <p class='ocr_par' dir='ltr' id='par_1_76' title="bbox 484 4326 2061 4415">
     <span class='ocr_line' id='line_1_76' title="bbox 484 4326 2061 4415; baseline 0.001 -18"><span class='ocrx_word' id='word_1_509' title='bbox 484 4339 685 4397; x_wconf 72' lang='lat' dir='ltr'><strong>cordia:</strong></span> <span class='ocrx_word' id='word_1_510' title='bbox 730 4357 794 4396; x_wconf 88' lang='lat' dir='ltr'><strong>ac</strong></span> <span class='ocrx_word' id='word_1_511' title='bbox 834 4342 985 4411; x_wconf 86' lang='lat' dir='ltr'><strong>pacis</strong></span> <span class='ocrx_word' id='word_1_512' title='bbox 1024 4358 1121 4398; x_wconf 66' lang='lat' dir='ltr'><strong>re;</strong></span> <span class='ocrx_word' id='word_1_513' title='bbox 1160 4352 1216 4399; x_wconf 89' lang='lat' dir='ltr'><strong>et</strong></span> <span class='ocrx_word' id='word_1_514' title='bbox 1261 4340 1410 4415; x_wconf 86' lang='lat' dir='ltr'><strong>llugo</strong></span> <span class='ocrx_word' id='word_1_515' title='bbox 1453 4326 1722 4398; x_wconf 85' lang='lat' dir='ltr'><strong>mediante</strong></span> <span class='ocrx_word' id='word_1_516' title='bbox 1762 4345 2061 4414; x_wconf 79' lang='lat' dir='ltr'><strong>quadrage-</strong></span> 
     </span>
    </p>
   </div>
   <div class='ocr_carea' id='block_1_77' title="bbox 472 4431 2059 4488">
    <p class='ocr_par' dir='ltr' id='par_1_77' title="bbox 472 4431 2059 4488">
     <span class='ocr_line' id='line_1_77' title="bbox 472 4431 2059 4488; baseline 0.001 -4"><span class='ocrx_word' id='word_1_517' title='bbox 472 4431 619 4487; x_wconf 73' lang='lat' dir='ltr'><strong>sima</strong></span> <span class='ocrx_word' id='word_1_518' title='bbox 661 4432 833 4488; x_wconf 90' lang='lat' dir='ltr'><strong>iniere</strong></span> <span class='ocrx_word' id='word_1_519' title='bbox 876 4432 1204 4488; x_wconf 86' lang='lat' dir='ltr'><strong>Suessiouis.</strong></span> <span class='ocrx_word' id='word_1_520' title='bbox 1254 4433 1507 4488; x_wconf 77' lang='lat' dir='ltr'><strong>Exoritur</strong></span> <span class='ocrx_word' id='word_1_521' title='bbox 1551 4432 1751 4487; x_wconf 86' lang='lat' dir='ltr'><strong>interea</strong></span> <span class='ocrx_word' id='word_1_522' title='bbox 1794 4433 1937 4487; x_wconf 90' lang='lat' dir='ltr'><strong>inter</strong></span> <span class='ocrx_word' id='word_1_523' title='bbox 1966 4432 2059 4488; x_wconf 90' lang='lat' dir='ltr'><strong>0t-</strong></span> 
     </span>
    </p>
   </div>
   <div class='ocr_carea' id='block_1_78' title="bbox 2154 3228 3713 3317">
    <p class='ocr_par' dir='ltr' id='par_1_78' title="bbox 2154 3228 3713 3317">
     <span class='ocr_line' id='line_1_78' title="bbox 2154 3228 3713 3317; baseline -0.002 -21"><span class='ocrx_word' id='word_1_524' title='bbox 2154 3257 2184 3296; x_wconf 86' lang='lat' dir='ltr'><strong>a</strong></span> <span class='ocrx_word' id='word_1_525' title='bbox 2223 3239 2392 3317; x_wconf 81' lang='lat' dir='ltr'><strong>fratre</strong></span> <span class='ocrx_word' id='word_1_526' title='bbox 2440 3228 2713 3308; x_wconf 83' lang='lat' dir='ltr'><strong>lleinrico,</strong></span> <span class='ocrx_word' id='word_1_527' title='bbox 2758 3239 3060 3310; x_wconf 85' lang='lat' dir='ltr'><strong>Bajoariam</strong></span> <span class='ocrx_word' id='word_1_528' title='bbox 3089 3241 3158 3273; x_wconf 83' lang='grc'><strong>’³³</strong></span> <span class='ocrx_word' id='word_1_529' title='bbox 3183 3242 3341 3313; x_wconf 90' lang='lat' dir='ltr'><strong>petit,</strong></span> <span class='ocrx_word' id='word_1_530' title='bbox 3387 3257 3553 3312; x_wconf 88' lang='lat' dir='ltr'><strong>quam</strong></span> <span class='ocrx_word' id='word_1_531' title='bbox 3595 3240 3713 3294; x_wconf 85' lang='lat' dir='ltr'><strong>ﬁlius</strong></span> 
     </span>
    </p>
   </div>
   <div class='ocr_carea' id='block_1_79' title="bbox 2152 3330 3713 3409">
    <p class='ocr_par' dir='ltr' id='par_1_79' title="bbox 2152 3330 3713 3409">
     <span class='ocr_line' id='line_1_79' title="bbox 2152 3330 3713 3409; baseline -0.003 -21"><span class='ocrx_word' id='word_1_532' title='bbox 2152 3332 2270 3409; x_wconf 83' lang='lat' dir='ltr'><strong>ejus</strong></span> <span class='ocrx_word' id='word_1_533' title='bbox 2296 3332 2597 3399; x_wconf 77' lang='lat' dir='ltr'><strong>Liudull‘us,</strong></span> <span class='ocrx_word' id='word_1_534' title='bbox 2643 3332 2815 3401; x_wconf 87' lang='lat' dir='ltr'><strong>captis</strong></span> <span class='ocrx_word' id='word_1_535' title='bbox 2856 3331 3174 3403; x_wconf 87' lang='lat' dir='ltr'><strong>quibusdam</strong></span> <span class='ocrx_word' id='word_1_536' title='bbox 3216 3330 3462 3398; x_wconf 77' lang='lat' dir='ltr'><strong>urbibus,</strong></span> <span class='ocrx_word' id='word_1_537' title='bbox 3491 3333 3713 3387; x_wconf 71' lang='lat' dir='ltr'><strong>devasta-</strong></span> 
     </span>
    </p>
   </div>
   <div class='ocr_carea' id='block_1_80' title="bbox 2152 3421 3714 3494">
    <p class='ocr_par' dir='ltr' id='par_1_80' title="bbox 2152 3421 3714 3494">
     <span class='ocr_line' id='line_1_80' title="bbox 2152 3421 3714 3494; baseline -0.005 -13"><span class='ocrx_word' id='word_1_538' title='bbox 2152 3426 2264 3481; x_wconf 86' lang='lat' dir='ltr'><strong>bat.</strong></span> <span class='ocrx_word' id='word_1_539' title='bbox 2305 3425 2623 3481; x_wconf 87' lang='lat' dir='ltr'><strong>Chonradus</strong></span> <span class='ocrx_word' id='word_1_540' title='bbox 2663 3424 2980 3479; x_wconf 82' lang='lat' dir='ltr'><strong>Mettensem</strong></span> <span class='ocrx_word' id='word_1_541' title='bbox 3003 3424 3076 3456; x_wconf 69' lang='grc'>’³⁸</span> <span class='ocrx_word' id='word_1_542' title='bbox 3101 3438 3315 3494; x_wconf 86' lang='lat' dir='ltr'><strong>quoque</strong></span> <span class='ocrx_word' id='word_1_543' title='bbox 3358 3421 3574 3487; x_wconf 89' lang='lat' dir='ltr'><strong>urbem,</strong></span> <span class='ocrx_word' id='word_1_544' title='bbox 3614 3430 3714 3492; x_wconf 74' lang='lat' dir='ltr'><strong>post</strong></span> 
     </span>
    </p>
   </div>
   <div class='ocr_carea' id='block_1_81' title="bbox 2154 3514 3712 3588">
    <p class='ocr_par' dir='ltr' id='par_1_81' title="bbox 2154 3514 3712 3588">
     <span class='ocr_line' id='line_1_81' title="bbox 2154 3514 3712 3588; baseline -0.006 -15"><span class='ocrx_word' id='word_1_545' title='bbox 2154 3534 2260 3574; x_wconf 88' lang='lat' dir='ltr'><strong>non</strong></span> <span class='ocrx_word' id='word_1_546' title='bbox 2288 3518 2556 3573; x_wconf 85' lang='lat' dir='ltr'><strong>modicam</strong></span> <span class='ocrx_word' id='word_1_547' title='bbox 2588 3517 2756 3585; x_wconf 89' lang='lat' dir='ltr'><strong>ipsius</strong></span> <span class='ocrx_word' id='word_1_548' title='bbox 2785 3516 3257 3588; x_wconf 70' lang='lat' dir='ltr'><strong>deprazdationem,</strong></span> <span class='ocrx_word' id='word_1_549' title='bbox 3282 3517 3499 3569; x_wconf 86' lang='lat' dir='ltr'><strong>hortatu</strong></span> <span class='ocrx_word' id='word_1_550' title='bbox 3524 3514 3612 3577; x_wconf 84' lang='grc'><strong>⁹³³,</strong></span> <span class='ocrx_word' id='word_1_551' title='bbox 3633 3528 3712 3567; x_wconf 87' lang='lat' dir='ltr'><strong>ceu</strong></span> 
     </span>
    </p>
   </div>
   <div class='ocr_carea' id='block_1_82' title="bbox 2155 3606 3713 3683">
    <p class='ocr_par' dir='ltr' id='par_1_82' title="bbox 2155 3606 3713 3683">
     <span class='ocr_line' id='line_1_82' title="bbox 2155 3606 3713 3683; baseline -0.008 -16"><span class='ocrx_word' id='word_1_552' title='bbox 2155 3610 2646 3683; x_wconf 72' lang='lat' dir='ltr'><strong>fertur,~Agcnol;li</strong></span> <span class='ocrx_word' id='word_1_553' title='bbox 2687 3609 2898 3665; x_wconf 89' lang='lat' dir='ltr'><strong>abbatis</strong></span> <span class='ocrx_word' id='word_1_554' title='bbox 2939 3609 3175 3679; x_wconf 90' lang='lat' dir='ltr'><strong>reliquit.</strong></span> <span class='ocrx_word' id='word_1_555' title='bbox 3223 3607 3539 3664; x_wconf 81' lang='lat' dir='ltr'><strong>Wicfredus</strong></span> <span class='ocrx_word' id='word_1_556' title='bbox 3583 3606 3713 3661; x_wconf 85' lang='lat' dir='ltr'><strong>Colo-</strong></span> 
     </span>
    </p>
   </div>
   <div class='ocr_carea' id='block_1_83' title="bbox 2155 3684 3717 3770">
    <p class='ocr_par' dir='ltr' id='par_1_83' title="bbox 2155 3684 3717 3770">
     <span class='ocr_line' id='line_1_83' title="bbox 2155 3684 3717 3770; baseline -0.006 -13"><span class='ocrx_word' id='word_1_557' title='bbox 2155 3684 2360 3757; x_wconf 86' lang='lat' dir='ltr'><strong>niensis</strong></span> <span class='ocrx_word' id='word_1_558' title='bbox 2400 3697 3002 3770; x_wconf 82' lang='lat' dir='ltr'><strong>antistesdefungitur,</strong></span> <span class='ocrx_word' id='word_1_559' title='bbox 3049 3708 3104 3753; x_wconf 85' lang='lat' dir='ltr'><strong>et</strong></span> <span class='ocrx_word' id='word_1_560' title='bbox 3146 3698 3348 3762; x_wconf 82' lang='lat' dir='ltr'><strong>Brimo,</strong></span> <span class='ocrx_word' id='word_1_561' title='bbox 3395 3696 3568 3752; x_wconf 84' lang='lat' dir='ltr'><strong>frater</strong></span> <span class='ocrx_word' id='word_1_562' title='bbox 3594 3694 3717 3762; x_wconf 75' lang='lat' dir='ltr'><strong>regis</strong></span> 
     </span>
    </p>
   </div>
   <div class='ocr_carea' id='block_1_84' title="bbox 2156 3783 3716 3860">
    <p class='ocr_par' dir='ltr' id='par_1_84' title="bbox 2156 3783 3716 3860">
     <span class='ocr_line' id='line_1_84' title="bbox 2156 3783 3716 3860; baseline -0.006 -13"><span class='ocrx_word' id='word_1_563' title='bbox 2156 3789 2393 3854; x_wconf 87' lang='lat' dir='ltr'><strong>Ottonis,</strong></span> <span class='ocrx_word' id='word_1_564' title='bbox 2425 3789 2553 3844; x_wconf 90' lang='lat' dir='ltr'><strong>inibi</strong></span> <span class='ocrx_word' id='word_1_565' title='bbox 2584 3787 2825 3860; x_wconf 76' lang='lat' dir='ltr'><strong>pontifex</strong></span> <span class='ocrx_word' id='word_1_566' title='bbox 2850 3787 3163 3853; x_wconf 89' lang='lat' dir='ltr'><strong>ordinatur;</strong></span> <span class='ocrx_word' id='word_1_567' title='bbox 3192 3787 3276 3840; x_wconf 89' lang='lat' dir='ltr'><strong>cui</strong></span> <span class='ocrx_word' id='word_1_568' title='bbox 3295 3786 3461 3841; x_wconf 91' lang='lat' dir='ltr'><strong>etiam</strong></span> <span class='ocrx_word' id='word_1_569' title='bbox 3493 3801 3587 3840; x_wconf 82' lang='lat' dir='ltr'><strong>rex</strong></span> <span class='ocrx_word' id='word_1_570' title='bbox 3612 3783 3716 3840; x_wconf 85' lang='lat' dir='ltr'><strong>Otto</strong></span> 
     </span>
    </p>
   </div>
   <div class='ocr_carea' id='block_1_85' title="bbox 2158 3876 3287 3952">
    <p class='ocr_par' dir='ltr' id='par_1_85' title="bbox 2158 3876 3287 3952">
     <span class='ocr_line' id='line_1_85' title="bbox 2158 3876 3287 3952; baseline -0.003 -18"><span class='ocrx_word' id='word_1_571' title='bbox 2158 3895 2380 3952; x_wconf 82' lang='lat' dir='ltr'><strong>regnum</strong></span> <span class='ocrx_word' id='word_1_572' title='bbox 2411 3879 2766 3935; x_wconf 84' lang='lat' dir='ltr'><strong>Lothariensc</strong></span> <span class='ocrx_word' id='word_1_573' title='bbox 2794 3878 3102 3932; x_wconf 90' lang='lat' dir='ltr'><strong>committit.</strong></span> <span class='ocrx_word' id='word_1_574' title='bbox 3134 3876 3287 3931; x_wconf 80' lang='lat' dir='ltr'><strong>Anno</strong></span> 
     </span>
    </p>
   </div>
   <div class='ocr_carea' id='block_1_86' title="bbox 2725 3965 3150 4025">
    <p class='ocr_par' dir='ltr' id='par_1_86' title="bbox 2725 3965 3150 4025">
     <span class='ocr_line' id='line_1_86' title="bbox 2725 3965 3150 4025; baseline -0.009 0"><span class='ocrx_word' id='word_1_575' title='bbox 2725 3965 3055 4025; x_wconf 79' lang='lat' dir='ltr'><strong>DCCCCIJV</strong></span> <span class='ocrx_word' id='word_1_576' title='bbox 3081 3967 3150 4000; x_wconf 76' lang='grc'><strong>⁸³⁸</strong></span> 
     </span>
    </p>
   </div>
   <div class='ocr_carea' id='block_1_87' title="bbox 2157 4055 3715 4132">
    <p class='ocr_par' dir='ltr' id='par_1_87' title="bbox 2157 4055 3715 4132">
     <span class='ocr_line' id='line_1_87' title="bbox 2157 4055 3715 4132; baseline -0.006 -14"><span class='ocrx_word' id='word_1_577' title='bbox 2157 4070 2602 4132; x_wconf 70' lang='lat' dir='ltr'><strong>prtemcmoratus</strong></span> <span class='ocrx_word' id='word_1_578' title='bbox 2652 4060 3008 4125; x_wconf 79' lang='lat' dir='ltr'><strong>Clionradus,</strong></span> <span class='ocrx_word' id='word_1_579' title='bbox 3071 4067 3229 4129; x_wconf 87' lang='lat' dir='ltr'><strong>pacto</strong></span> <span class='ocrx_word' id='word_1_580' title='bbox 3287 4074 3409 4112; x_wconf 90' lang='lat' dir='ltr'><strong>cum</strong></span> <span class='ocrx_word' id='word_1_581' title='bbox 3472 4055 3715 4128; x_wconf 82' lang='lat' dir='ltr'><strong>&quot;nugaris</strong></span> 
     </span>
    </p>
   </div>
   <div class='ocr_carea' id='block_1_88' title="bbox 2160 4151 3714 4225">
    <p class='ocr_par' dir='ltr' id='par_1_88' title="bbox 2160 4151 3714 4225">
     <span class='ocr_line' id='line_1_88' title="bbox 2160 4151 3714 4225; baseline -0.005 -18"><span class='ocrx_word' id='word_1_582' title='bbox 2160 4155 2311 4215; x_wconf 88' lang='lat' dir='ltr'><strong>inito.</strong></span> <span class='ocrx_word' id='word_1_583' title='bbox 2360 4169 2454 4210; x_wconf 91' lang='lat' dir='ltr'><strong>eos</strong></span> <span class='ocrx_word' id='word_1_584' title='bbox 2495 4169 2590 4224; x_wconf 90' lang='lat' dir='ltr'><strong>per</strong></span> <span class='ocrx_word' id='word_1_585' title='bbox 2626 4169 2848 4225; x_wconf 83' lang='lat' dir='ltr'><strong>regnum</strong></span> <span class='ocrx_word' id='word_1_586' title='bbox 2893 4152 3246 4207; x_wconf 89' lang='lat' dir='ltr'><strong>Lothariensc</strong></span> <span class='ocrx_word' id='word_1_587' title='bbox 3287 4151 3525 4215; x_wconf 87' lang='lat' dir='ltr'><strong>deducit,</strong></span> <span class='ocrx_word' id='word_1_588' title='bbox 3569 4162 3714 4219; x_wconf 84' lang='lat' dir='ltr'><strong>usque</strong></span> 
     </span>
    </p>
   </div>
   <div class='ocr_carea' id='block_1_89' title="bbox 2161 4240 3713 4315">
    <p class='ocr_par' dir='ltr' id='par_1_89' title="bbox 2161 4240 3713 4315">
     <span class='ocr_line' id='line_1_89' title="bbox 2161 4240 3713 4315; baseline -0.006 -17"><span class='ocrx_word' id='word_1_589' title='bbox 2161 4245 2212 4298; x_wconf 92' lang='lat' dir='ltr'><strong>in</strong></span> <span class='ocrx_word' id='word_1_590' title='bbox 2262 4252 2460 4298; x_wconf 88' lang='lat' dir='ltr'><strong>terram</strong></span> <span class='ocrx_word' id='word_1_591' title='bbox 2504 4243 2790 4315; x_wconf 74' lang='lat' dir='ltr'><strong>liagenarii</strong></span> <span class='ocrx_word' id='word_1_592' title='bbox 2816 4242 2883 4274; x_wconf 81' lang='lat'><strong>”&#39;</strong></span> <span class='ocrx_word' id='word_1_593' title='bbox 2915 4242 3151 4307; x_wconf 90' lang='lat' dir='ltr'><strong>scilicet,</strong></span> <span class='ocrx_word' id='word_1_594' title='bbox 3198 4240 3375 4295; x_wconf 67' lang='lat' dir='ltr'><strong>remuli</strong></span> <span class='ocrx_word' id='word_1_595' title='bbox 3416 4240 3534 4307; x_wconf 91' lang='lat' dir='ltr'><strong>sui,</strong></span> <span class='ocrx_word' id='word_1_596' title='bbox 3576 4248 3713 4306; x_wconf 78' lang='lat' dir='ltr'><strong>atque</strong></span> 
     </span>
    </p>
   </div>
   <div class='ocr_carea' id='block_1_90' title="bbox 2158 4328 3711 4404">
    <p class='ocr_par' dir='ltr' id='par_1_90' title="bbox 2158 4328 3711 4404">
     <span class='ocr_line' id='line_1_90' title="bbox 2158 4328 3711 4404; baseline -0.006 -16"><span class='ocrx_word' id='word_1_597' title='bbox 2158 4334 2427 4389; x_wconf 84' lang='lat' dir='ltr'><strong>Brunonis</strong></span> <span class='ocrx_word' id='word_1_598' title='bbox 2471 4334 2742 4404; x_wconf 83' lang='lat' dir='ltr'><strong>episcopi;</strong></span> <span class='ocrx_word' id='word_1_599' title='bbox 2799 4332 3074 4403; x_wconf 86' lang='lat' dir='ltr'><strong>nimiaque</strong></span> <span class='ocrx_word' id='word_1_600' title='bbox 3096 4331 3165 4364; x_wconf 69' lang='lat'><strong>9&quot;</strong></span> <span class='ocrx_word' id='word_1_601' title='bbox 3199 4342 3417 4401; x_wconf 88' lang='lat' dir='ltr'><strong>peracta</strong></span> <span class='ocrx_word' id='word_1_602' title='bbox 3463 4328 3711 4400; x_wconf 64' lang='lat' dir='ltr'><strong>depraeda-</strong></span> 
     </span>
    </p>
   </div>
   <div class='ocr_carea' id='block_1_91' title="bbox 2165 4419 3715 4496">
    <p class='ocr_par' dir='ltr' id='par_1_91' title="bbox 2165 4419 3715 4496">
     <span class='ocr_line' id='line_1_91' title="bbox 2165 4419 3715 4496; baseline -0.007 -16"><span class='ocrx_word' id='word_1_603' title='bbox 2165 4427 2338 4490; x_wconf 89' lang='lat' dir='ltr'><strong>tione,</strong></span> <span class='ocrx_word' id='word_1_604' title='bbox 2382 4442 2506 4482; x_wconf 89' lang='lat' dir='ltr'><strong>cum</strong></span> <span class='ocrx_word' id='word_1_605' title='bbox 2547 4426 2723 4496; x_wconf 69' lang='lat' dir='ltr'><strong>przeda</strong></span> <span class='ocrx_word' id='word_1_606' title='bbox 2771 4440 2962 4496; x_wconf 82' lang='lat' dir='ltr'><strong>magna</strong></span> <span class='ocrx_word' id='word_1_607' title='bbox 3010 4424 3456 4494; x_wconf 88' lang='lat' dir='ltr'><strong>captivorumque</strong></span> <span class='ocrx_word' id='word_1_608' title='bbox 3503 4419 3715 4474; x_wconf 81' lang='lat' dir='ltr'><strong>multilu-</strong></span> 
     </span>
    </p>
   </div>
   <div class='ocr_carea' id='block_1_92' title="bbox 483 4506 3707 4596">
    <p class='ocr_par' dir='ltr' id='par_1_92' title="bbox 483 4506 3707 4596">
     <span class='ocr_line' id='line_1_92' title="bbox 483 4506 3707 4596; baseline -0.004 -18"><span class='ocrx_word' id='word_1_609' title='bbox 483 4532 665 4579; x_wconf 84' lang='lat' dir='ltr'><strong>tonem</strong></span> <span class='ocrx_word' id='word_1_610' title='bbox 709 4538 886 4596; x_wconf 86' lang='lat' dir='ltr'><strong>regem</strong></span> <span class='ocrx_word' id='word_1_611' title='bbox 922 4535 979 4579; x_wconf 90' lang='lat' dir='ltr'><strong>et</strong></span> <span class='ocrx_word' id='word_1_612' title='bbox 1002 4525 1310 4580; x_wconf 85' lang='lat' dir='ltr'><strong>Liudulfum</strong></span> <span class='ocrx_word' id='word_1_613' title='bbox 1355 4525 1520 4579; x_wconf 90' lang='lat' dir='ltr'><strong>ﬁlium</strong></span> <span class='ocrx_word' id='word_1_614' title='bbox 1549 4524 1685 4594; x_wconf 82' lang='lat' dir='ltr'><strong>ejus,</strong></span> <span class='ocrx_word' id='word_1_615' title='bbox 1711 4524 2056 4580; x_wconf 80' lang='lat' dir='ltr'><strong>Chonradum</strong></span> <span class='ocrx_word' id='word_1_616' title='bbox 2094 4506 2135 4566; x_wconf 79' lang='lat' dir='ltr'>D</span> <span class='ocrx_word' id='word_1_617' title='bbox 2162 4518 2286 4573; x_wconf 85' lang='lat' dir='ltr'><strong>dine</strong></span> <span class='ocrx_word' id='word_1_618' title='bbox 2331 4532 2552 4588; x_wconf 90' lang='lat' dir='ltr'><strong>regnum</strong></span> <span class='ocrx_word' id='word_1_619' title='bbox 2599 4516 2973 4587; x_wconf 58' lang='lat' dir='ltr'><strong>ingrediuntur</strong></span> <span class='ocrx_word' id='word_1_620' title='bbox 3025 4513 3318 4569; x_wconf 73' lang='lat' dir='ltr'><strong>Ludoivici.</strong></span> <span class='ocrx_word' id='word_1_621' title='bbox 3390 4512 3584 4581; x_wconf 82' lang='lat' dir='ltr'><strong>Sicque</strong></span> <span class='ocrx_word' id='word_1_622' title='bbox 3628 4522 3707 4579; x_wconf 73' lang='lat' dir='ltr'><strong>per</strong></span> 
     </span>
    </p>
   </div>
   <div class='ocr_carea' id='block_1_93' title="bbox 482 4615 2059 4686">
    <p class='ocr_par' dir='ltr' id='par_1_93' title="bbox 482 4615 2059 4686">
     <span class='ocr_line' id='line_1_93' title="bbox 482 4615 2059 4686; baseline 0.002 -20"><span class='ocrx_word' id='word_1_623' title='bbox 482 4627 701 4685; x_wconf 81' lang='lat' dir='ltr'><strong>quoque</strong></span> <span class='ocrx_word' id='word_1_624' title='bbox 744 4616 935 4670; x_wconf 86' lang='lat' dir='ltr'><strong>ducem</strong></span> <span class='ocrx_word' id='word_1_625' title='bbox 978 4626 1029 4670; x_wconf 91' lang='lat' dir='ltr'><strong>ct</strong></span> <span class='ocrx_word' id='word_1_626' title='bbox 1071 4616 1331 4683; x_wconf 86' lang='lat' dir='ltr'><strong>quosdam</strong></span> <span class='ocrx_word' id='word_1_627' title='bbox 1379 4615 1528 4684; x_wconf 85' lang='lat' dir='ltr'><strong>regni</strong></span> <span class='ocrx_word' id='word_1_628' title='bbox 1570 4615 1739 4686; x_wconf 89' lang='lat' dir='ltr'><strong>ipsius</strong></span> <span class='ocrx_word' id='word_1_629' title='bbox 1781 4616 2059 4685; x_wconf 88' lang='lat' dir='ltr'><strong>primates,</strong></span> 
     </span>
    </p>
   </div>
   <div class='ocr_carea' id='block_1_94' title="bbox 480 4706 2064 4781">
    <p class='ocr_par' dir='ltr' id='par_1_94' title="bbox 480 4706 2064 4781">
     <span class='ocr_line' id='line_1_94' title="bbox 480 4706 2064 4781; baseline 0.001 -23"><span class='ocrx_word' id='word_1_630' title='bbox 480 4706 774 4762; x_wconf 87' lang='lat' dir='ltr'><strong>discordia.</strong></span> <span class='ocrx_word' id='word_1_631' title='bbox 815 4708 952 4764; x_wconf 81' lang='lat' dir='ltr'><strong>Nato</strong></span> <span class='ocrx_word' id='word_1_632' title='bbox 976 4709 1240 4780; x_wconf 84' lang='lat' dir='ltr'><strong>siquidem</strong></span> <span class='ocrx_word' id='word_1_633' title='bbox 1272 4708 1381 4781; x_wconf 89' lang='lat' dir='ltr'><strong>regi</strong></span> <span class='ocrx_word' id='word_1_634' title='bbox 1413 4708 1522 4763; x_wconf 86' lang='lat' dir='ltr'><strong>ﬁlio</strong></span> <span class='ocrx_word' id='word_1_635' title='bbox 1548 4723 1613 4762; x_wconf 78' lang='lat' dir='ltr'><strong>ex</strong></span> <span class='ocrx_word' id='word_1_636' title='bbox 1645 4707 1902 4763; x_wconf 88' lang='lat' dir='ltr'><strong>moderna</strong></span> <span class='ocrx_word' id='word_1_637' title='bbox 1934 4721 2064 4760; x_wconf 91' lang='lat' dir='ltr'><strong>con-</strong></span> 
     </span>
    </p>
   </div>
   <div class='ocr_carea' id='block_1_95' title="bbox 476 4796 2066 4870">
    <p class='ocr_par' dir='ltr' id='par_1_95' title="bbox 476 4796 2066 4870">
     <span class='ocr_line' id='line_1_95' title="bbox 476 4796 2066 4870; baseline 0 -18"><span class='ocrx_word' id='word_1_638' title='bbox 476 4796 624 4866; x_wconf 82' lang='lat' dir='ltr'><strong>juge,</strong></span> <span class='ocrx_word' id='word_1_639' title='bbox 654 4798 925 4854; x_wconf 84' lang='lat' dir='ltr'><strong>ferebatur</strong></span> <span class='ocrx_word' id='word_1_640' title='bbox 947 4801 1123 4856; x_wconf 89' lang='lat' dir='ltr'><strong>eidem</strong></span> <span class='ocrx_word' id='word_1_641' title='bbox 1165 4813 1329 4870; x_wconf 90' lang='lat' dir='ltr'><strong>puero</strong></span> <span class='ocrx_word' id='word_1_642' title='bbox 1370 4815 1463 4855; x_wconf 74' lang='lat' dir='ltr'><strong>rex</strong></span> <span class='ocrx_word' id='word_1_643' title='bbox 1500 4814 1721 4870; x_wconf 81' lang='lat' dir='ltr'><strong>regnum</strong></span> <span class='ocrx_word' id='word_1_644' title='bbox 1754 4815 1911 4854; x_wconf 88' lang='lat' dir='ltr'><strong>suum</strong></span> <span class='ocrx_word' id='word_1_645' title='bbox 1942 4814 2066 4868; x_wconf 73' lang='lat' dir='ltr'><strong>pro-</strong></span> 
     </span>
    </p>
   </div>
   <div class='ocr_carea' id='block_1_96' title="bbox 2165 4597 3715 4683">
    <p class='ocr_par' dir='ltr' id='par_1_96' title="bbox 2165 4597 3715 4683">
     <span class='ocr_line' id='line_1_96' title="bbox 2165 4597 3715 4683; baseline -0.01 -18"><span class='ocrx_word' id='word_1_646' title='bbox 2165 4626 2327 4683; x_wconf 82' lang='lat' dir='ltr'><strong>pagos</strong></span> <span class='ocrx_word' id='word_1_647' title='bbox 2355 4611 2424 4642; x_wconf 67' lang='grc'><strong>⁸³³</strong></span> <span class='ocrx_word' id='word_1_648' title='bbox 2453 4607 2966 4671; x_wconf 75' lang='lat' dir='ltr'><strong>Veromandensem,</strong></span> <span class='ocrx_word' id='word_1_649' title='bbox 3010 4605 3421 4660; x_wconf 89' lang='lat' dir='ltr'><strong>Laudunenscm</strong></span> <span class='ocrx_word' id='word_1_650' title='bbox 3451 4611 3604 4671; x_wconf 87' lang='lat' dir='ltr'><strong>atque</strong></span> <span class='ocrx_word' id='word_1_651' title='bbox 3629 4597 3715 4650; x_wconf 70' lang='lat' dir='ltr'><strong>lie—</strong></span> 
     </span>
    </p>
   </div>
   <div class='ocr_carea' id='block_1_97' title="bbox 2165 4691 3717 4769">
    <p class='ocr_par' dir='ltr' id='par_1_97' title="bbox 2165 4691 3717 4769">
     <span class='ocr_line' id='line_1_97' title="bbox 2165 4691 3717 4769; baseline -0.012 -10"><span class='ocrx_word' id='word_1_652' title='bbox 2165 4718 2428 4767; x_wconf 90' lang='lat' dir='ltr'><strong>mensem,</strong></span> <span class='ocrx_word' id='word_1_653' title='bbox 2455 4701 2903 4758; x_wconf 88' lang='lat' dir='ltr'><strong>Catalaunensem</strong></span> <span class='ocrx_word' id='word_1_654' title='bbox 2948 4713 3163 4769; x_wconf 85' lang='lat' dir='ltr'><strong>qucque</strong></span> <span class='ocrx_word' id='word_1_655' title='bbox 3213 4703 3573 4756; x_wconf 88' lang='lat' dir='ltr'><strong>transeuntes,</strong></span> <span class='ocrx_word' id='word_1_656' title='bbox 3602 4691 3717 4743; x_wconf 82' lang='lat' dir='ltr'><strong>Ilur-</strong></span> 
     </span>
    </p>
   </div>
   <div class='ocr_carea' id='block_1_98' title="bbox 2167 4791 3711 4869">
    <p class='ocr_par' dir='ltr' id='par_1_98' title="bbox 2167 4791 3711 4869">
     <span class='ocr_line' id='line_1_98' title="bbox 2167 4791 3711 4869; baseline -0.014 -19"><span class='ocrx_word' id='word_1_657' title='bbox 2167 4796 2420 4869; x_wconf 82' lang='lat' dir='ltr'><strong>gundiam</strong></span> <span class='ocrx_word' id='word_1_658' title='bbox 2462 4796 2684 4850; x_wconf 89' lang='lat' dir='ltr'><strong>intrant.</strong></span> <span class='ocrx_word' id='word_1_659' title='bbox 2743 4792 2981 4860; x_wconf 82' lang='lat' dir='ltr'><strong>Quorum</strong></span> <span class='ocrx_word' id='word_1_660' title='bbox 3028 4806 3132 4845; x_wconf 89' lang='lat' dir='ltr'><strong>nou</strong></span> <span class='ocrx_word' id='word_1_661' title='bbox 3178 4803 3342 4859; x_wconf 82' lang='lat' dir='ltr'><strong>parva</strong></span> <span class='ocrx_word' id='word_1_662' title='bbox 3392 4800 3581 4839; x_wconf 85' lang='lat' dir='ltr'><strong>manus</strong></span> <span class='ocrx_word' id='word_1_663' title='bbox 3623 4791 3711 4834; x_wconf 84' lang='lat' dir='ltr'><strong>tam</strong></span> 
     </span>
    </p>
   </div>
   <div class='ocr_carea' id='block_1_99' title="bbox 1753 4927 2440 4991">
    <p class='ocr_par' dir='ltr' id='par_1_99' title="bbox 1753 4927 2440 4991">
     <span class='ocr_line' id='line_1_99' title="bbox 1753 4927 2440 4991; baseline -0.007 -5"><span class='ocrx_word' id='word_1_664' title='bbox 1753 4930 1983 4987; x_wconf 67' lang='lat' dir='ltr'><strong>VARUS</strong></span> <span class='ocrx_word' id='word_1_665' title='bbox 2040 4927 2440 4991; x_wconf 76' lang='lat' dir='ltr'><strong>LECTIONES.</strong></span> 
     </span>
    </p>
   </div>
   <div class='ocr_carea' id='block_1_100' title="bbox 556 5029 3713 5113">
    <p class='ocr_par' dir='ltr' id='par_1_100' title="bbox 556 5029 3713 5113">
     <span class='ocr_line' id='line_1_100' title="bbox 556 5029 3713 5113; baseline -0.009 -4"><span class='ocrx_word' id='word_1_666' title='bbox 556 5042 991 5113; x_wconf 70' lang='lat' dir='ltr'><strong>&quot;‘mlibusdam.</strong></span> <span class='ocrx_word' id='word_1_667' title='bbox 1025 5045 1078 5100; x_wconf 84' lang='lat' dir='ltr'><strong>in</strong></span> <span class='ocrx_word' id='word_1_668' title='bbox 1108 5044 1314 5100; x_wconf 73' lang='lat' dir='ltr'><strong>Italiam</strong></span> <span class='ocrx_word' id='word_1_669' title='bbox 1342 5061 1396 5113; x_wconf 69' lang='grc' dir='ltr'><strong>ι).</strong></span> <span class='ocrx_word' id='word_1_670' title='bbox 1427 5046 1479 5099; x_wconf 74' lang='lat'><strong>2.</strong></span> <span class='ocrx_word' id='word_1_671' title='bbox 1557 5046 1627 5080; x_wconf 66' lang='grc' dir='ltr'><strong>’θ’</strong></span> <span class='ocrx_word' id='word_1_672' title='bbox 1652 5044 1953 5101; x_wconf 90' lang='lat' dir='ltr'><strong>maroillum</strong></span> <span class='ocrx_word' id='word_1_673' title='bbox 1981 5042 2035 5097; x_wconf 83' lang='lat'><strong>5.</strong></span> <span class='ocrx_word' id='word_1_674' title='bbox 2108 5043 2177 5075; x_wconf 74' lang='lat' dir='ltr'><strong>m</strong></span> <span class='ocrx_word' id='word_1_675' title='bbox 2207 5040 2521 5113; x_wconf 78' lang='lat' dir='ltr'><strong>ragenoldus</strong></span> <span class='ocrx_word' id='word_1_676' title='bbox 2546 5038 2980 5113; x_wconf 25' lang='lat' dir='ltr'><strong>asumma“</strong></span> <span class='ocrx_word' id='word_1_677' title='bbox 3005 5036 3075 5068; x_wconf 76' lang='grc' dir='ltr'><strong>ιιι</strong></span> <span class='ocrx_word' id='word_1_678' title='bbox 3102 5035 3168 5089; x_wconf 89' lang='lat' dir='ltr'><strong>iis</strong></span> <span class='ocrx_word' id='word_1_679' title='bbox 3185 5033 3345 5113; x_wconf 27' lang='lat'><strong>2,5,</strong></span> <span class='ocrx_word' id='word_1_680' title='bbox 3372 5032 3470 5113; x_wconf 49' lang='lat' dir='ltr'><strong>f1-</strong></span> <span class='ocrx_word' id='word_1_681' title='bbox 3499 5029 3713 5113; x_wconf 47' lang='lat' dir='ltr'><strong>magna:</strong></span> 
     </span>
    </p>
   </div>
   <div class='ocr_carea' id='block_1_101' title="bbox 483 5101 3469 5194">
    <p class='ocr_par' dir='ltr' id='par_1_101' title="bbox 483 5101 3469 5194">
     <span class='ocr_line' id='line_1_101' title="bbox 483 5101 3469 5194; baseline -0.003 -28"><span class='ocrx_word' id='word_1_682' title='bbox 483 5111 539 5194; x_wconf 52' lang='grc' dir='ltr'><strong>ᾖ.</strong></span> <span class='ocrx_word' id='word_1_683' title='bbox 731 5127 785 5182; x_wconf 75' lang='lat' dir='ltr'><strong>p.’</strong></span> <span class='ocrx_word' id='word_1_684' title='bbox 811 5128 861 5194; x_wconf 68' lang='grc' dir='ltr'><strong>ε.</strong></span> <span class='ocrx_word' id='word_1_685' title='bbox 892 5101 1029 5194; x_wconf 22' lang='lat' dir='ltr'><strong>cui:1</strong></span> <span class='ocrx_word' id='word_1_686' title='bbox 1048 5115 1123 5194; x_wconf 77' lang='lat'><strong>2_,_</strong></span> <span class='ocrx_word' id='word_1_687' title='bbox 1144 5116 1199 5166; x_wconf 75' lang='grc'><strong>5.</strong></span> <span class='ocrx_word' id='word_1_688' title='bbox 1241 5183 1253 5194; x_wconf 83' lang='lat'><em>_</em></span> <span class='ocrx_word' id='word_1_689' title='bbox 1274 5101 1809 5194; x_wconf 52' lang='grc' dir='ltr'><strong>ἰδ’γνίαῃεςίςιρίβ.-</strong></span> <span class='ocrx_word' id='word_1_690' title='bbox 1869 5113 2033 5194; x_wconf 45' lang='lat' dir='ltr'><strong>“lita</strong></span> <span class='ocrx_word' id='word_1_691' title='bbox 2064 5114 2205 5194; x_wconf 73' lang='lat' dir='ltr'><strong>l,_2,</strong></span> <span class='ocrx_word' id='word_1_692' title='bbox 2236 5101 2294 5194; x_wconf 63' lang='grc' dir='ltr'><strong>ξῖ</strong></span> <span class='ocrx_word' id='word_1_693' title='bbox 2324 5109 2565 5194; x_wconf 58' lang='lat' dir='ltr'><strong>partibus</strong></span> <span class='ocrx_word' id='word_1_694' title='bbox 2590 5101 2661 5194; x_wconf 65' lang='lat' dir='ltr'><strong>riu</strong></span> <span class='ocrx_word' id='word_1_695' title='bbox 2689 5101 2904 5194; x_wconf 41' lang='lat' dir='ltr'><strong>Chiam.</strong></span> <span class='ocrx_word' id='word_1_696' title='bbox 2936 5105 3104 5193; x_wconf 74' lang='lat' dir='ltr'><strong>Bouq.</strong></span> <span class='ocrx_word' id='word_1_697' title='bbox 3150 5101 3469 5194; x_wconf 17' lang='lat' dir='ltr'><strong>“didii-5:</strong></span> 
     </span>
    </p>
   </div>
   <div class='ocr_carea' id='block_1_102' title="bbox 3566 5093 3711 5146">
    <p class='ocr_par' dir='ltr' id='par_1_102' title="bbox 3566 5093 3711 5146">
     <span class='ocr_line' id='line_1_102' title="bbox 3566 5093 3711 5146; baseline -0.014 0"><span class='ocrx_word' id='word_1_698' title='bbox 3566 5093 3627 5129; x_wconf 73' lang='grc'><strong>’⁸⁷</strong></span> <span class='ocrx_word' id='word_1_699' title='bbox 3654 5094 3711 5146; x_wconf 84' lang='lat' dir='ltr'><strong>illi</strong></span> 
     </span>
    </p>
   </div>
   <div class='ocr_carea' id='block_1_103' title="bbox 3464 5166 3694 5194">
    <p class='ocr_par' dir='ltr' id='par_1_103' title="bbox 3464 5166 3694 5194">
     <span class='ocr_line' id='line_1_103' title="bbox 3464 5166 3694 5194; baseline 0 0"><span class='ocrx_word' id='word_1_700' title='bbox 3464 5170 3499 5194; x_wconf 76' lang='grc' dir='ltr'><strong>ο</strong></span> <span class='ocrx_word' id='word_1_701' title='bbox 3586 5166 3647 5194; x_wconf 55' lang='grc' dir='ltr'><strong>οἰδ</strong></span> <span class='ocrx_word' id='word_1_702' title='bbox 3668 5179 3694 5194; x_wconf 72' lang='grc' dir='ltr'><em>Α</em></span> 
     </span>
    </p>
   </div>
  </div>
