3872 5326
138 309 233 409 l81

138 569 483 613 revertuntur
512 558 564 611 in
591 572 708 611 sua.
735 554 1081 618 Lu.!mvieus,
1112 554 1253 607 ﬁlius
1281 554 1439 623 regis,
1471 552 1715 607 Lauduni

136 651 466 720 defungitur.
514 649 837 704 Lndovvieus
883 664 975 701 rex
1014 662 1265 717 egressus
1306 645 1581 709 Lauduno,
1613 645 1719 700 Rc-

136 757 408 805 naeusem,
454 739 600 793 velut
620 738 690 770 ’π
717 736 786 793 ibi
833 747 1159 800 moraturus,
1204 733 1480 805 rt-petit’“
1507 734 1715 789 urbem.

135 834 441 903 Antequam
481 846 609 886 vero
655 830 720 884 ad
763 829 1008 883 Axonam
1030 827 1098 859 9"
1125 826 1344 880 ﬂuvium
1390 826 1715 897 perveniret,

134 924 392 994 apparuit
430 923 480 977 ei
520 921 675 990 quasi
718 919 874 990 lupus
911 917 1246 989 praecedens;
1288 932 1447 986 quem
1482 914 1718 969 admisso

134 1014 417 1067 insecutus
441 1026 603 1079 equo,
646 1009 967 1080 prolabitur,
995 1008 1341 1078 graviterque
1364 1005 1581 1061 attritus
1609 1003 1717 1061 Rc-

133 1119 251 1157 mos
301 1100 567 1165 defertur,
618 1109 673 1153 et
717 1107 995 1169 protracto
1042 1096 1263 1167 langore
1291 1094 1361 1127 ⁸⁸³
1405 1095 1714 1159 decubans,

132 1190 535 1248 elcfantiasi'“
574 1199 726 1262 peste
771 1184 1133 1259 perfunditur.
1182 1185 1300 1254 Quo
1349 1185 1539 1241 morbo
1584 1200 1716 1240 con-

134 1287 312 1340 fectus
338 1325 355 1349 ,
405 1283 548 1339 diem
599 1280 796 1337 clausit
840 1289 1140 1335 extremum
1166 1320 1181 1346 ,
1237 1278 1587 1348 sepultusque
1632 1285 1722 1331 est

131 1377 275 1448 apud
320 1384 573 1429 sanetum
615 1372 940 1442 Remigium.
1004 1369 1279 1440 Gerberga
1328 1370 1512 1440 regina
1554 1368 1719 1423 mittit

130 1470 194 1520 ad
246 1465 563 1534 llugonem,
609 1462 726 1532 ejus
771 1461 1053 1517 consilium
1097 1468 1155 1516 et
1195 1460 1457 1515 auxilium
1484 1469 1712 1531 petens.

132 1557 306 1624 Quam
358 1555 445 1609 ille
495 1554 563 1610 ad
613 1552 939 1623 colloquium
989 1552 1242 1615 asciscit,
1307 1560 1362 1606 et
1410 1551 1714 1605 venientem

134 1644 436 1699 honoriﬁce
478 1644 706 1713 suscipit
750 1652 913 1712 atque
942 1641 1282 1707 consolatur;
1324 1639 1465 1695 et”
1492 1640 1557 1695 de
1587 1654 1714 1710 pro-

133 1734 382 1789 vectione
417 1732 512 1787 filii
552 1732 670 1802 ejus
710 1732 765 1786 in
808 1746 1031 1799 regnum
1062 1729 1366 1801 pollicetur.
1411 1727 1710 1792 Liudulfus,

1593 346 1926 404 ANNAI.ES.

138 467 349 539 prmliis
393 481 554 537 quam
603 464 804 519 morb'.s
849 464 1095 530 interiit;
1152 462 1319 518 ceteri
1369 478 1464 532 per
1510 462 1716 516 Italiam
1745 471 1796 529 Α

3296 349 3400 406 482

2451 463 2754 520 DCCCCLV

1823 569 1912 610 rex
1944 554 2069 609 Otto
2104 554 2372 624 llungaris
2413 556 2480 610 de
2531 555 2661 612 locis
2700 556 2812 611 suis
2841 552 3137 625 praedatum
3169 569 3393 624 progre-

1817 644 2092 700 dientibus
2127 646 2341 701 obviam
2389 646 2683 715 profectus,
2733 644 2987 716 pugnavit
3037 659 3161 698 cum
3209 644 3311 708 eis.
3342 654 3399 699 et

1778 735 1969 811 ,vicil,
2028 750 2127 790 nec
2180 750 2274 791 eos
2306 736 2512 809 ingredi
2571 751 2737 808 regna
2784 752 2879 792 sua
2922 735 3189 805 permisit.
3246 734 3398 804 Ilugo

1817 827 2069 899 princeps
2116 827 2445 898 Gerbcrgam
2492 829 2732 900 reginam
2792 844 2916 884 cum
2973 827 3084 882 lilio
3120 843 3219 883 suo
3270 842 3399 897 rege

1818 917 2077 973 Lothario
2132 917 2374 973 Parisios
2418 917 2714 973 honorifice
2743 917 2810 972 ad
2847 918 3046 987 pascha
3077 915 3397 986 suscipiens,

1818 1010 2073 1064 decenter
2122 1025 2306 1065 secum
2337 1024 2431 1079 per
2456 1010 2635 1080 plures
2688 1009 2917 1065 detinuit
2945 1008 3089 1074 dies;
3113 1008 3241 1063 inde
3268 1023 3392 1063 cum

1818 1100 1935 1172 ipso
1961 1116 2086 1172 rege
2110 1102 2163 1157 iu
2196 1102 2541 1171 Aquitaniam
2572 1102 2642 1134 ’⁸ο
2670 1101 2965 1171 profectus.
3000 1102 3189 1164 urbem
3217 1099 3400 1157 Picta-

1819 1194 1927 1248 vim
1957 1195 2131 1264 petiit.
2159 1194 2488 1250 Willelmum
2517 1210 2645 1251 vero
2675 1194 2745 1251 ibi
2774 1209 2880 1249 non
2903 1194 3204 1257 inveniunt,
3228 1206 3400 1261 Ipsam

1819 1295 1997 1342 tamen
2030 1284 2218 1343 urbem
2264 1286 2538 1352 obsident,
2567 1287 2767 1355 diuque
2810 1286 2864 1340 in
2907 1285 3095 1342 eadem
3123 1284 3403 1339 obsidione

1819 1376 2120 1435 residentes
2162 1376 2296 1432 nihil
2349 1378 2669 1448 proficiunt;
2716 1370 2957 1431 castrum
2989 1386 3169 1432 tamen
3200 1383 3404 1431 sancta:

1817 1468 2163 1537 Radegundis
2192 1468 2313 1523 urbi
2338 1468 2650 1539 contiguum
2677 1467 3021 1538 Ragennldus
3040 1480 3224 1523 comes
3251 1466 3396 1522 clan-

1816 1559 2024 1614 destina
2052 1555 2123 1589 "°
2170 1557 2466 1627 irruptione
2494 1558 2561 1590 ’⁸⁸
2583 1558 2749 1628 cepit,
2780 1566 2942 1627 atque
2970 1557 3039 1588 "'
3071 1571 3397 1611 succensum

1815 1657 1929 1715 est;
1959 1649 2173 1705 tandem
2212 1657 2333 1718 post
2356 1649 2489 1703 duos
2518 1663 2750 1713 menses,
2778 1647 3021 1702 exercitu
3051 1646 3226 1700 victus
3247 1646 3388 1699 iudi-

1815 1742 1996 1810 gentia
2042 1737 2286 1809 fatigato,
2330 1738 2398 1795 ab
2424 1737 2709 1812 obsidione
2749 1737 3064 1793 disceditur.
3096 1734 3402 1819 Willelmus

131 1826 363 1897 expulso
409 1825 661 1880 lleinrico
705 1833 901 1894 patruo
933 1821 1002 1854 ’π
1047 1839 1183 1887 suo,
1239 1822 1410 1876 tocius
1455 1820 1714 1892 Bajoaria:

1821 1829 2047 1885 collecto
2097 1828 2339 1883 eitercitu
2389 1842 2507 1892 suo,
2558 1825 2854 1881 exercitum
2910 1825 3052 1894 regis
3076 1814 3396 1892 insequitur.

132 1915 470 1970 nanciscitur
491 1914 875 1985 principatum.
904 1912 1290 1967 Lotharieuses
1315 1919 1421 1965 tant
1444 1908 1713 1965 Clionradi

132 2007 288 2061 ducis
317 2005 774 2069 infestationibus,
814 2019 976 2074 quant
1019 2003 1217 2057 mutuis
1253 2002 1396 2056 inter
1425 2016 1482 2055 se
1512 2001 1717 2071 (lepra:-

128 2094 446 2165 dationibus
487 2094 816 2149 lacerantur.
859 2092 1178 2147 Fulcbarius
1199 2091 1290 2155 ’",
1328 2090 1565 2145 decanos
1598 2105 1713 2143 mo-

133 2186 361 2240 nasterii
403 2185 577 2239 sancti
624 2183 884 2246 Medardi,
932 2182 1368 2238 Noviomensium
1405 2180 1592 2238 Remis
1626 2197 1717 2237 or-

129 2280 355 2332 dinatur
378 2277 448 2309 ⁸³⁸
474 2277 778 2346 episcopus.
831 2275 1174 2339 Fredcricus,
1223 2272 1389 2328 frater
1413 2273 1718 2344 .Adalbero-

131 2369 216 2422 nis
236 2367 312 2398 ’δ’
343 2367 612 2437 episc0pi,
652 2365 894 2437 Hugonis
934 2365 1196 2435 principis
1222 2364 1384 2419 tiliam
1412 2363 1557 2418 ducit
1584 2379 1717 2417 uxo-

132 2473 273 2514 rem.
303 2457 659 2523 Raueiacum,
685 2458 1035 2512 munitionem
1055 2453 1367 2528 Ragenaldi.
1402 2454 1717 2510 lleribcrtus

132 2565 325 2605 comes
373 2566 469 2620 per
507 2552 769 2620 quosdam
815 2547 1073 2604 satellites
1117 2562 1246 2602 suos
1288 2543 1482 2601 furtiva
1525 2559 1718 2617 perva«

131 2642 207 2695 dit
226 2641 301 2673 ’³⁸
332 2642 630 2711 irruptione
655 2641 746 2695 ⁸⁸⁸.

200 2731 494 2787 Lotharius
530 2747 685 2802 puer,
733 2731 874 2786 Illius
917 2729 1189 2785 Ludowici
1217 2771 1232 2796 ,
1284 2730 1423 2800 apud
1471 2739 1715 2784 sanctum

132 2824 439 2897 Remigium
466 2842 559 2881 rex
581 2835 933 2881 consecratur
957 2826 1024 2880 ab
1042 2825 1269 2882 Artoldo
1290 2826 1714 2895 archiepiscopo,

135 2916 352 2969 favente
379 2914 600 2985 llugone
626 2916 890 2986 principe,
919 2932 982 2971 ac
1010 2917 1258 2972 Brunone
1286 2917 1716 2991 archiepiscopo,

133 3005 440 3075 ceterisque
483 3005 802 3074 prwsulibos
841 3021 905 3061 ac
943 3006 1257 3077 proceribus
1295 3004 1555 3071 Francia},
1585 3006 1721 3062 Bur-

130 3098 347 3168 gaudia:
371 3096 441 3127 ⁹⁸¹
471 3108 633 3167 atque
672 3098 998 3167 Aquitaniae.
1057 3097 1361 3169 Burgundia
1407 3113 1623 3169 quoque
1663 3108 1719 3155 et

131 3162 426 3258 Aquitania
472 3162 681 3260 llugoni
726 3162 924 3244 dantur
968 3188 1037 3243 ab
1082 3162 1216 3260 ipso.
1273 3162 1710 3245 Castrbm-Rau-
1747 3162 1792 3221 Ο

132 3280 344 3333 ciaeum
394 3278 707 3349 Ragenaldo
753 3281 1015 3345 redditur,
1059 3279 1200 3335 datis
1229 3282 1546 3350 quibusdam
1575 3281 1717 3337 villis

132 3368 425 3424 Ileribcrto
466 3385 531 3426 ex
570 3379 721 3440 parte
758 3369 1073 3441 Ragenaldi.
1121 3372 1186 3426 Et
1225 3372 1407 3444 regina
1443 3372 1714 3446 Gerbcrga

131 3477 255 3515 cum
286 3462 396 3515 lilio
423 3477 549 3533 rege
571 3464 641 3496 ’³³
669 3462 987 3520 Laudunum
1012 3468 1321 3521 revertitur.
1362 3466 1470 3523 Nec
1497 3467 1714 3539 longum

132 3564 253 3623 post
293 3554 494 3610 milites
530 3555 825 3627 Ragenaldi
862 3557 1134 3626 quandam
1169 3559 1518 3615 munitionem
1559 3558 1716 3614 Heri-

129 3641 303 3711 berti,
358 3661 480 3717 qua:
523 3647 722 3702 dicitur
762 3647 1168 3715 Mons-Felicis,
1227 3658 1376 3704 trans
1418 3649 1713 3706 Maternam

130 3729 356 3788 ﬂuvium
398 3734 734 3791 clandestina
761 3736 831 3769 '”
860 3737 1158 3807 irruptione
1180 3739 1250 3770 ’⁵⁸
1277 3740 1515 3809 capiunt.
1563 3739 1716 3795 lleriv

129 3820 317 3877 bertus
358 3824 526 3894 igitur
564 3835 621 3881 et
664 3825 932 3882 Robertus
975 3827 1143 3884 frater
1179 3827 1294 3896 ejus
1331 3829 1555 3884 eandem
1597 3846 1718 3886 mu-

131 3917 395 3971 nitionem
432 3920 698 3985 obsident,
741 3931 798 3976 et
841 3921 1157 3976 lleribertus
1197 3921 1399 3993 legatos
1424 3922 1609 3979 Remis
1647 3922 1715 3979 ad

131 4006 506 4077 Ragenaldum
545 4011 728 4076 mittit,
773 4026 871 4080 pro
919 4011 1190 4066 reddendo
1218 4012 1319 4067 sibi
1346 4012 1563 4082 oppido.
1608 4013 1717 4065 Ah-

132 4100 244 4152 nnit
289 4099 664 4168 Ragenaldus,
709 4102 811 4158 nisi
857 4102 924 4157 ab
961 4102 1242 4160 obsidione
1286 4104 1618 4169 discedatur,
1662 4113 1718 4158 et

132 4189 199 4242 ai
239 4191 513 4245 examinis
556 4195 819 4248 rationem
848 4196 1174 4250 conveniant
1214 4211 1313 4266 pro
1354 4196 1625 4266 subreptis
1646 4196 1716 4227 ’⁸⁸

133 4289 325 4335 mutuo
373 4281 478 4336 sibi
528 4285 742 4339 castris.
807 4285 925 4353 Quo
971 4286 1155 4351 facto,
1211 4288 1367 4344 villas
1412 4290 1605 4360 recipit
1648 4289 1718 4345 ab

134 4368 445 4435 lleriberto,
494 4388 632 4443 quas
666 4391 765 4445 pro
802 4378 1149 4444 praedictum
1177 4389 1356 4436 castro
1397 4382 1636 4445 dederat,
1662 4388 1718 4435 et

131 4462 391 4532 oppidum
439 4461 863 4521 Montis-Felicis
912 4465 1197 4524 lleriberto
1245 4469 1437 4524 reddit.
1500 4470 1718 4527 Albrico

1821 1922 1939 1989 Quo
1990 1922 2196 1986 audito.
2229 1935 2323 1976 rex
2370 1928 2425 1974 et
2455 1918 2608 1990 llugo
2633 1925 2820 1973 contra
2862 1917 3104 1973 redeunt.
3155 1915 3395 1983 Quorum

1817 2012 2163 2067 multitudine
2212 2010 2515 2066 comminus
2565 2009 2703 2075 visa,
2752 2007 3056 2062 Willclmus
3103 2007 3154 2061 in
3210 2004 3391 2073 fugam

1817 2101 2066 2156 vertitur.
2120 2098 2291 2166 Quem
2328 2099 2487 2170 regia:
2514 2098 2660 2154 acies
2704 2097 2984 2159 insecutae,
3017 2096 3213 2151 multos
3235 2094 3398 2163 Aqui-

1818 2205 2068 2250 tanorum
2117 2195 2452 2257 interimunt,
2501 2194 2789 2250 nonnullos
2834 2192 3093 2249 nobilium
3126 2193 3277 2247 vivos
3304 2206 3396 2247 ca-

1817 2288 1994 2358 piunt.
2024 2285 2329 2341 Willelmus
2355 2302 2475 2341 cum
2501 2285 2691 2355 paucis
2724 2285 2811 2339 vix
2835 2285 3008 2340 evasit
3028 2283 3119 2338 ⁸⁸³.

1890 2379 2129 2449 llungari
2167 2394 2293 2434 cum
2334 2379 2594 2433 inmensis
2617 2377 2786 2446 copiis
2822 2386 2878 2431 et
2912 2375 3114 2445 ingenti
3152 2373 3397 2427 ntultitu-

1817 2470 1944 2525 dine
1990 2469 2319 2539 Bajoarium,
2353 2469 2750 2540 ingrediuntur,
2775 2468 3016 2523 volentes
3038 2464 3222 2520 venire
3249 2463 3303 2518 iu
3325 2463 3397 2497 ’“

1820 2559 2128 2616 Franciam.
2159 2559 2359 2615 Contra
2390 2574 2527 2629 quos
2554 2558 2679 2615 Otto
2712 2573 2801 2613 rex
2836 2572 2958 2611 cum
2990 2554 3252 2616 Burislao.
3276 2552 3405 2607 Saro

1821 2660 2088 2706 matarum
2120 2649 2269 2722 (“0)
2294 2649 2556 2721 principe,
2603 2659 2657 2705 et
2695 2646 2982 2703 Chonrado
2998 2646 3113 2716 jam
3131 2644 3234 2699 sibi
3258 2642 3405 2713 paci.

1801 2741 1982 2813 .ﬁcato
2036 2740 2293 2812 pugnavit
2340 2741 2520 2810 (lit);
2548 2749 2601 2795 ct
2640 2739 2857 2794 eosdem
2903 2732 3402 2804 Hungarosintcri-

1822 2848 2000 2897 mens,
2031 2842 2257 2888 cunctos
2304 2847 2442 2902 pene
2489 2832 2705 2888 delevit.
2732 2829 3049 2885 Chonradus
3074 2836 3277 2892 autem,
3307 2825 3399 2896 qui

1822 2923 1979 2981 valde
2007 2922 2223 2980 fortiter
2263 2938 2326 2979 ea
2354 2923 2440 2977 die
2468 2929 2821 2993 pugnaverat,
2846 2928 2902 2975 et
2925 2934 3105 2990 regem
3136 2915 3405 2988 prtecipue

1824 3017 1891 3073 de
1940 3016 2165 3072 victoria
2214 3013 2635 3077 confortaverat,
2696 3012 2894 3067 ibidem
2955 3015 3266 3080 peremptus
3299 3015 3401 3063 est.

1825 3105 1955 3161 Post
1978 3106 2080 3160 hoc
2103 3104 2301 3159 bellum
2323 3103 2579 3175 pugnavit
2614 3118 2707 3158 rex
2734 3100 2861 3157 Otto
2890 3115 3014 3156 cum
3037 3097 3246 3154 duobus
3273 3094 3405 3150 Sar-

1823 3205 2089 3250 matarum
2117 3192 2368 3264 regibus;
2399 3200 2453 3246 et
2477 3187 2806 3261 suifragantc
2833 3188 2935 3245 sibi
2978 3187 3224 3242 Burislao
3250 3197 3400 3254 rege,

1823 3300 1982 3354 quem
2032 3284 2231 3338 dudum
2267 3281 2366 3338 sibi
2409 3281 2741 3342 subdiderat.
2796 3278 3023 3335 victoria
3067 3275 3270 3347 potitus
3295 3279 3398 3327 est.

1822 3374 2110 3431 Fulchario
2139 3373 2393 3444 episcopo
2443 3370 2722 3435 defuncto.
2776 3372 2992 3425 tandem
3026 3376 3142 3437 post
3165 3365 3406 3438 quiaque

1822 3478 2038 3520 menses
2080 3461 2343 3519 lladulfus
2383 3462 2627 3533 quidam,
2675 3459 3051 3517 Lauduneusis
3092 3457 3345 3527 clericus,
3371 3474 3402 3510 a

1822 3552 2268 3608 Noviomensibus
2314 3552 2539 3618 electus,
2566 3550 2636 3606 ab
2659 3549 2907 3614 Artoldo,
2951 3547 3223 3603 Roricone
3250 3563 3315 3605 ac
3334 3545 3406 3580 ’θ’

1820 3643 2054 3700 Gibuino
2086 3642 2271 3699 Remis
2300 3643 2583 3698 ordinatur
2609 3641 2913 3711 episcopus.
2943 3640 3099 3693 Anno

2430 3729 2759 3788 DCCCCLVI

1821 3842 1919 3882 rex
1949 3824 2073 3883 Otto
2102 3825 2359 3896 placitum
2378 3823 2569 3880 habuit
2605 3822 2745 3894 apud
2769 3819 3159 3892 Engulenheim
3190 3819 3259 3852 '“
3279 3834 3403 3875 cum

1821 3913 2289 3979 Lethariensibus,
2328 3928 2358 3967 a
2381 3913 2578 3983 quibus
2623 3921 2679 3966 et
2705 3910 2923 3969 obsides
2950 3908 3160 3980 accepit
3178 3907 3245 3963 de
3272 3923 3406 3962 cun-

1820 4010 1923 4066 ctis
1978 4022 2115 4079 pene
2147 4007 2387 4078 ipsormn
2449 4003 2679 4075 oppidis.
2720 4002 2852 4056 Item
2880 3998 3025 4053 aliud
3054 3997 3308 4068 placitum
3336 3997 3405 4051 ab

1821 4102 1889 4134 ’"
1927 4116 1993 4156 eo
2030 4109 2152 4171 post
2196 4099 2401 4171 pascha
2440 4096 2677 4155 Colonia:
2721 4094 2965 4150 habitum
3006 4099 3125 4156 est;
3174 4088 3263 4145 ubi
3295 4103 3403 4145 non

1820 4207 2023 4264 paucos
2057 4207 2087 4246 a
2108 4190 2561 4246 Lothnriensihus
2590 4188 2873 4242 thesauros
2906 4183 3138 4255 accepit.
3176 4180 3405 4251 Moxque

1819 4284 2129 4356 pestilentia
2177 4299 2340 4353 super
2385 4278 2729 4337 Germaniam
2793 4290 3119 4345 omnemque
3175 4273 3403 4331 Galliam

1821 4375 2010 4443 clfusa,
2042 4375 2297 4430 interiere
2343 4372 2602 4436 nonnulli,
2632 4371 2814 4442 plures
2841 4368 2991 4440 gravi
3037 4376 3162 4423 sunt
3184 4365 3404 4436 langore

1821 4466 2074 4523 confecti.
2145 4466 2440 4523 Rotbertus
2491 4462 2831 4520 Trevirensis
2873 4460 3156 4530 episcopus
3199 4457 3288 4521 ⁸⁸⁸,
3347 4464 3405 4512 et

133 4553 365 4620 patricio
387 4553 753 4609 Romanorum
777 4545 1210 4622 dehmcto,'ﬁlius
1229 4557 1347 4626 ejus
1367 4557 1713 4627 Octavianus,
1747 4532 1794 4591 Ῑ)
1822 4558 2137 4615 Baldericus
2165 4558 2235 4591 ’⁸³
2282 4556 2452 4627 (H2).
2501 4564 2556 4609 et
2598 4554 2668 4585 ⁹⁷⁰
2708 4553 2813 4607 duo
2861 4550 2952 4604 alii
2978 4547 3214 4617 episcopi
3238 4562 3307 4603 ex
3335 4561 3401 4601 ea

134 4655 255 4695 cum
304 4651 450 4697 esset
496 4643 759 4705 clericus.
816 4646 1179 4717 principatum
1204 4648 1275 4681 ’⁸⁸
1321 4648 1546 4718 adeptus
1589 4658 1711 4715 est;

133 4731 335 4801 quique
365 4742 578 4804 postea,
607 4732 862 4790 defuncto
890 4736 1140 4807 Agapito,
1176 4736 1587 4808 suggerentibus
1612 4736 1715 4793 sibi

133 4819 417 4891 Romanis,
442 4839 581 4896 papa
613 4824 774 4881 Urbis
798 4824 1048 4882 efﬁcitur.
1075 4827 1233 4881 Auno

1820 4658 1976 4720 peste
1999 4649 2119 4705 sine
2157 4660 2309 4703 mora
2337 4643 2574 4699 defuncti
2601 4650 2746 4698 sunt.
2786 4640 3077 4696 Lotbarius
3110 4652 3202 4691 rex
3226 4636 3419 4692 muni~

1825 4739 2026 4794 tionem
2079 4736 2346 4807 quandam
2398 4747 2561 4803 super
2609 4728 2933 4786 Charumm
2964 4725 3211 4790 (luvium,
3236 4739 3399 4793 quam

1823 4827 2159 4899 Ragcnarius
2181 4826 2252 4858 ⁹⁷²
2276 4836 2462 4881 comes
2508 4820 2724 4878 Ursioui
2750 4819 2962 4875 cuidam
2994 4812 3280 4871 Rcmensis
3296 4826 3402 4867 tec-

1402 4940 1634 4997 νΑιιιέΕ
1673 4941 2076 5000 LECTIONES.

213 5030 276 5063 m
306 5031 464 5085 velud
497 5032 565 5101 2._
589 5030 749 5086 veluti
781 5034 923 5088 m.5.
997 5035 1066 5069 ’δι
1098 5033 1309 5101 repetiit
1335 5032 1396 5091 2.
1449 5034 1503 5089 5.

1640 5035 1709 5068 ’⁸³
1736 5051 1964 5092 axouem
1994 5033 2059 5093 2.
2090 5031 2143 5085 5.

2273 5033 2343 5065 ’⁸³
2373 5032 2634 5102 languore
2658 5030 2715 5084 2.
2848 5027 3024 5102 “ita
3051 5024 3087 5079 2
3114 5034 3164 5102 et
3195 5023 3401 5102 Richter.

135 5118 170 5172 e_
185 5102 402 5155 efantire
433 5102 487 5172 1.
520 5099 931 5172 θμξριιειηιίειείε
953 5102 1005 5156 5.
1082 5093 1243 5155 “Vae
1268 5103 1302 5156 2
1321 5143 1336 5167 ,
1362 5103 1414 5158 5.
1490 5103 1560 5136 ’⁸⁸
1588 5107 1762 5172 patrio
1807 5108 1857 5161 1.
1933 5104 2003 5136 ⁸³⁷
2033 5102 2289 5159 fulcarius
2318 5104 2375 5168 Ξ,
2404 5093 2741 5172 5.Ῠῐιι1ιίιιιυε
2768 5103 2879 5172 5ινλἈ
2932 5096 3002 5129 ’⁸⁸
3023 5096 3322 5172 ,οΐάῖιξξιιιεε
3347 5093 3402 5145 3-

135 5170 204 5205 ’δ’
227 5172 400 5220 ιιιΙμΗ).
435 5171 504 5220 2.
552 5162 622 5221 5.’
677 5171 749 5203 ⁹⁸⁰
779 5171 980 5225 invadit
1006 5174 1060 5227 5.
1134 5171 1202 5204 ⁹⁸¹
1233 5162 1334 5226 iur.
1364 5173 1427 5232 2,
1461 5173 1514 5226 5.
1587 5162 1659 5207 ⁵⁸⁸
1683 5177 1824 5231 deest
1848 5176 1903 5231 2.
1936 5174 2083 5226 adest
2125 5183 2171 5226 et
2201 5176 2342 5237 apud
2361 5162 2670 5227 'Riclcerum.
2748 5174 2819 5206 ’5'
2844 5165 3069 5240 deest}.
3243 5162 3409 5240 clam-
