3872 5326
516 339 615 396 ικδ

1562 334 1950 395 ηουολιωι
1988 336 2301 393 ωδωιια
2339 336 2683 393 REMER'SIS

3664 330 3767 393 ιιι

518 454 701 510 elesuc
734 452 884 507 militi
942 451 1256 511 abstulerat.
1299 453 1584 524 pugnando
1619 462 1854 522 recepit;
1906 461 1963 507 et
2008 453 2089 507 in-
2118 461 2160 517 Α
2192 451 2445 506 ποΙι-εκιξ
2475 452 2756 507 Remeusis
2783 460 2835 507 et
2859 451 3001 517 aliis,
3034 467 3402 523 quoscumque
3428 453 3622 510 ascisci
3670 466 3771 523 pn-

520 543 699 599 fantes
716 541 1003 612 Ragenarii
1034 558 1096 597 ac
1118 542 1316 596 milites
1336 542 1595 612 quosdam
1620 542 1816 597 ibidem
1842 544 2088 598 inventos

517 646 700 685 secum
730 629 983 695 abduxit;
1027 631 1311 700 ipsumque
1351 640 1588 685 castrum
1612 631 1877 699 direptum
1901 631 2088 685 incen-

513 722 616 777 dit.
635 721 786 793 Hngo
808 722 1063 793 princeps
1087 722 1242 776 obiit.
1267 720 1539 792 Gerberga
1562 724 1742 794 regina
1765 722 2087 790 colloquium

524 816 709 869 habuit
738 830 858 868 cum
893 816 1141 871 Rruuone
1186 816 1351 871 fratre
1377 832 1494 880 suo,
1523 816 1611 870 ubi
1634 815 1888 885 prredicto
1915 815 2091 884 Rage-

520 907 672 962 nario
701 908 782 962 sui
809 906 1006 963 milites
1035 916 1091 962 et
1111 907 1345 962 infantes
1382 906 1709 972 redduntur;
1736 907 1931 976 regina:
1961 920 2088 962 vero

515 998 912 1069 possessiones,
970 1013 1107 1069 quas
1162 999 1236 1054 illi
1285 1000 1551 1068 quondam
1597 998 1928 1055 Cislebertus
1980 999 2087 1053 dux

518 1090 663 1145 dotis
714 1090 931 1145 nomine
988 1089 1212 1146 dederat
1242 1131 1256 1154 ,
1307 1091 1683 1145 restituuntur.
1737 1090 2091 1160 Episcopatus

520 1179 860 1235 Trevirensis
888 1180 1099 1235 cuidam
1122 1180 1392 1252 llaynrico
1424 1181 1516 1247 ⁸⁷³,
1545 1180 1688 1251 regis
1715 1180 1928 1237 Ottonis
1961 1196 2090 1250 pro-

514 1270 742 1341 pinquo,
791 1270 967 1325 datur.
1020 1269 1305 1325 Fulbertus
1349 1268 1760 1325 Camaracensis
1808 1270 2091 1340 episcopus

520 1357 860 1428 defungitur;
887 1367 941 1412 et
962 1358 1135 1430 ipsum
1166 1360 1495 1430 episcopium
1524 1359 1738 1413 cuidam
1766 1358 2092 1430 Ber‘engario

521 1450 949 1505 Transrhenensi
1006 1451 1204 1507 clerico
1259 1451 1530 1511 tribuitur.
1596 1451 1774 1521 nepoti
1838 1450 2087 1515 Buvonis,

513 1539 932 1597 Catalaunensis
949 1539 1022 1574 ’⁷⁵
1050 1543 1320 1611 quondam
1373 1542 1632 1613 episcopi.
1676 1543 1879 1612 quique
1907 1543 2090 1599 Remis

514 1633 800 1689 ordinatur
820 1634 888 1689 ab
911 1633 1135 1689 Artoldo
1160 1635 1565 1705 archiepiscopo
1588 1634 1684 1690 '7'.
1709 1635 1863 1689 Anno

1144 1725 1492 1782 DCCCCLVII

2192 545 2311 607 tuit,
2340 546 2528 600 amicis
2571 545 2806 601 advenit.
2858 544 2999 615 Rege
3045 546 3260 600 tandem
3279 545 3541 601 [.othario
3561 547 3768 601 adven-

2190 641 2357 698 tante,
2387 633 2743 688 mediantibus
2792 633 3073 688 lleriberto
3102 651 3163 691 ac
3183 632 3450 689 Rotberto
3480 635 3764 698 fratribus.

2188 734 2423 778 castrum
2458 722 2700 793 jussione
2729 724 2970 781 Tetbaldi
3014 728 3272 797 redditur.
3328 727 3459 783 Otto
3504 742 3600 782 rex
3643 726 3767 782 bel-

2158 810 2296 867 ‘lum
2332 813 2404 846 ’⁸⁸
2429 816 2689 868 advorsus
2743 814 3019 869 Sarmatas
3059 813 3246 870 habuit
3272 809 3363 871 δ”.
3392 810 3579 870 Bruno
3606 816 3766 873 Colo-

2189 905 2391 959 niensis
2414 906 2851 976 archiepiscopus
2893 924 3015 962 cunt
3042 910 3279 963 exercitu
3329 908 3762 963 Lothariensium

2188 1008 2288 1064 per
2321 992 2604 1048 Frauciam
2640 996 3003 1065 proficiscitur
3051 997 3105 1051 in
3138 990 3530 1068 Burgtmdiam,
3553 996 3763 1053 locutu-

2190 1098 2285 1139 rus
2308 1097 2429 1140 Cum
2469 1085 2747 1141 sororibus
2772 1101 2836 1142 ac
2866 1086 3147 1155 nepotibus
3170 1088 3303 1142 suis.
3327 1086 3486 1141 Auno

2811 1177 3086 1234 DCCCCLI
3097 1178 3138 1233 Χ

2188 1264 2370 1319 Bruno
2420 1262 2612 1322 iterum
2644 1268 2714 1300 κο
2745 1268 2798 1323 in
2850 1268 3131 1325 Franciam
3159 1271 3328 1335 venit,
3358 1279 3417 1325 et
3437 1270 3579 1340 apud
3601 1270 3732 1325 Com
3752 1302 3764 1311 υ

2189 1354 2440 1424 pendium
2472 1371 2593 1411 cum
2623 1358 2803 1429 regina
2850 1373 3038 1413 sorore
3087 1374 3155 1414 ac
3203 1359 3491 1427 nepotibus
3521 1359 3634 1414 suis
3651 1360 3763 1413 dis-

2191 1448 2542 1504 eordantibus
2585 1466 2683 1521 pro
2716 1451 3034 1522 quihusdam
3062 1453 3275 1517 castris,
3299 1468 3420 1524 quae
3440 1469 3537 1508 rex
3565 1452 3763 1506 Lothas

2193 1538 2304 1594 rius
2345 1554 2410 1595 ex
2464 1539 2769 1611 Burgundia
2813 1553 3112 1612 receperat,
3162 1545 3495 1616 colloquium
3539 1544 3758 1603 habuit:

2191 1631 2574 1702 obsidibusque
2622 1635 2783 1700 datis,
2828 1650 3015 1704 pacem
3063 1636 3202 1692 inter
3231 1638 3377 1706 ipsos
3399 1653 3575 1707 usque
3596 1639 3661 1693 ad
3689 1638 3758 1670 '“

2194 1720 2430 1777 futttruut
2486 1723 2739 1794 placitum
2794 1726 2863 1764 ’θ’
2910 1727 3130 1797 pepigit.
3184 1724 3477 1781 Lotharius
3505 1745 3598 1782 rex
3637 1744 3758 1782 cum

520 1815 755 1882 quadam
787 1823 944 1871 nocte
981 1815 1034 1869 in
1077 1830 1264 1871 mense
1307 1814 1564 1871 Januario
1594 1813 1855 1871 illustrata
1880 1826 1962 1872 est
1989 1834 2087 1873 ac
2121 1805 2163 1863 Β
2193 1822 2365 1868 matre
2416 1814 2598 1884 regina
2646 1813 2922 1869 Coloniam
2976 1815 3337 1886 proficiscitur
3363 1812 3435 1848 ’”
3484 1816 3539 1870 in
3580 1816 3761 1871 diebus

517 1905 683 1960 clesia
717 1904 998 1960 Remeosis
1023 1914 1225 1960 sancta:
1253 1905 1344 1960 Dei
1377 1907 1654 1977 genitricis
1685 1918 1906 1977 repente
1931 1913 2089 1979 paulo

519 2004 644 2065 post
671 1995 900 2049 mediam
930 2005 1140 2050 noctem
1165 1996 1235 2031 ⁸⁷⁸
1261 2011 1454 2069 magno
1497 1998 1797 2069 splendore.
1829 2011 2091 2070 praesente

516 2084 720 2137 domno
741 2083 962 2138 Artoldo
981 2084 1407 2156 arrhiepiscopo,
1432 2088 1754 2142 ammirante
1782 2090 1851 2122 ’⁷⁷
1879 2106 2093 2162 quoque

520 2171 731 2240 pariter
784 2170 1074 2227 Withardo
1104 2175 1346 2228 custode.
1394 2174 1681 2231 Lothan’us
1708 2194 1802 2232 rex
1847 2180 1899 2233 in
1935 2197 2093 2252 supe-

523 2261 722 2314 riorem
776 2260 1050 2331 profectus
1077 2272 1159 2318 cst
1183 2264 1565 2335 Burgundiam.
1605 2268 1871 2324 Bellorum
1897 2270 2097 2325 tumul-

527 2360 613 2405 tus
632 2352 903 2421 agitantur
928 2352 1069 2408 inter
1098 2353 1429 2420 Brunonem,
1453 2371 1517 2410 ex
1543 2359 1768 2427 praesule
1805 2360 2015 2426 docent,
2039 2368 2094 2416 et

525 2441 883 2511 Ragenarium
906 2442 1158 2498 cemitem
1180 2455 1496 2517 ceterosque
1527 2445 1942 2514 Lotharieuses;
1967 2451 2092 2505 item

523 2534 578 2587 in
610 2533 837 2588 Francia
883 2535 1024 2589 inter
1050 2533 1368 2591 Balduinum
1432 2537 1597 2592 filium
1652 2537 1859 2593 Arnnlii
1884 2549 1938 2595 et
1958 2539 2094 2594 Rot-

520 2638 587 2691 ga
597 2622 733 2677 rium
754 2626 1028 2693 quondam
1046 2625 1251 2680 Erluini
1277 2628 1346 2681 ob
1366 2636 1605 2684 castrum
1621 2629 1982 2685 Ambianense
2000 2631 2093 2682 "'.

522 2710 815 2766 ltotbertus
846 2711 984 2767 filius
1016 2713 1287 2768 lleriberti
1316 2731 1373 2770 se
1409 2716 1665 2771 Lothario
1702 2718 1814 2785 regi
1844 2719 2095 2773 commit-

524 2802 607 2855 tit.
646 2802 936 2857 Lotharius
986 2819 1079 2858 rex
1107 2820 1227 2858 cum
1279 2814 1450 2862 matre
1475 2807 1546 2842 ’τ’
1576 2817 1629 2862 et
1679 2810 1845 2863 amita
1874 2809 1944 2841 ’⁸ο
1977 2823 2096 2874 sua,

522 2892 709 2947 relicta
768 2892 1010 2964 llugonis
1032 2893 1127 2960 ⁸⁸⁸,
1169 2895 1379 2950 obviam
1414 2899 1585 2967 pergit
1607 2900 1658 2953 in
1687 2916 1879 2971 pagunt
1906 2901 2096 2956 Cuma-

526 2998 804 3039 raceusem
829 2984 1091 3040 avunculo
1116 3001 1216 3042 suo
1258 2986 1515 3044 Brunoni.
1554 2989 1748 3045 Videns
1771 3005 1899 3046 vero
1925 2992 2099 3061 Rage—

523 3076 733 3138 uarius,
766 3091 870 3130 non
900 3091 1062 3147 posse
1101 3092 1162 3132 se
1190 3078 1421 3133 venienti
1458 3080 1709 3135 insistere
1742 3081 2091 3145 multitudini,

2190 1906 2422 1975 pascha},
2448 1914 2754 1959 moraturus
2774 1905 2875 1960 hac
2921 1903 3210 1961 festivitate
3236 1921 3357 1961 cum
3380 1905 3647 1960 avunculo
3666 1922 3760 1959 suo

2189 1996 2461 2051 Brunone.
2502 1995 2744 2065 Dataqne
2795 1996 2867 2050 illi
2922 1996 3215 2051 securitate
3264 1997 3329 2051 de
3372 2012 3543 2064 regno
3571 1996 3761 2050 Lotha-

2194 2088 2391 2148 riense.
2433 2097 2485 2142 et
2510 2088 2830 2158 quihusdam
2876 2091 3110 2160 acceptis
3153 2089 3221 2144 ab
3272 2090 3541 2145 avunculo
3589 2090 3757 2149 donis.

2192 2176 2508 2232 Laudunutu
2563 2177 2877 2231 revertitur.
2922 2176 3312 2233 Lotharieuscs
3333 2194 3362 2231 a
3391 2181 3532 2232 duce
3561 2178 3758 2231 Rruuo-

2192 2282 2259 2321 ne
2281 2268 2352 2299 ’"
2403 2267 2727 2334 desciscunt,
2774 2268 3029 2324 suadente
3077 2270 3309 2338 quodam
3359 2270 3623 2331 Immone,
3674 2269 3757 2337 qui

2193 2356 2309 2421 ejus
2329 2357 2529 2427 pridem
2562 2357 2903 2413 consiliarius
2936 2360 3185 2414 extiterat
3209 2369 3263 2415 et
3297 2361 3365 2413 ab
3397 2374 3465 2413 eo
3494 2374 3664 2427 nuper
3685 2374 3759 2411 rc-

2193 2455 2454 2509 ccsserat,
2501 2457 2722 2516 propter
2776 2446 2968 2518 oppida
2993 2450 3235 2518 qumdam
3267 2449 3509 2518 ipsorum
3545 2448 3758 2506 uovitia.

2195 2553 2313 2607 qua:
2372 2538 2511 2592 idem
2563 2540 2665 2592 dux
2733 2540 2901 2593 cvcrti
2949 2540 3319 2609 praecipiebat,
3366 2538 3586 2606 aliaque
3606 2553 3757 2592 onera

2196 2629 2328 2697 ipsis
2345 2629 2417 2669 ⁹⁹³
2448 2631 2678 2694 insueta,
2705 2646 2824 2701 qua:
2868 2629 2972 2685 illis
3019 2630 3291 2699 imponere
3311 2630 3448 2684 velle
3469 2628 3755 2685 ferebatur.

2197 2717 2401 2785 Quibus
2452 2721 2788 2790 postmodum
2818 2720 3058 2776 evocatis
3079 2720 3170 2786 ⁸⁸⁸,
3213 2720 3565 2776 Frederienm
3604 2735 3759 2790 quen—

2198 2811 2319 2863 dam
2349 2812 2599 2866 comitem
2622 2812 2702 2866 eis
2730 2809 2845 2867 vice
2882 2828 2977 2866 sua
3020 2810 3275 2882 praafecit.
3302 2811 3568 2865 Arnnlfus
3590 2824 3757 2865 comes

2199 2902 2381 2957 Remis
2407 2904 2570 2966 venit,
2598 2911 2652 2957 et
2678 2901 2973 2957 mcclesiam
2998 2911 3197 2956 sancta:
3223 2901 3404 2955 Marias
3429 2916 3539 2955 non
3561 2898 3759 2952 modico

2198 2993 2405 3064 argenti
2454 2991 2691 3061 pondere
2746 2993 3080 3057 numeravit;
3149 2992 3289 3045 unde
3336 3006 3524 3053 arma,
3579 2988 3760 3058 quibus

2200 3085 2372 3140 sancti
2410 3085 2595 3140 Calisti
2620 3084 2689 3116 ⁸⁸⁷
2717 3084 2997 3155 sanctique
3037 3083 3233 3138 Nicasii
3264 3098 3327 3136 ac
3353 3091 3562 3135 sauch
3583 3080 3760 3132 Eutro-

524 3170 592 3223 ad
621 3169 925 3225 Brunonem
948 3170 1099 3224 venit
1121 3170 1211 3224 ⁹⁸².
1241 3171 1311 3225 At
1337 3172 1461 3240 quia
1493 3174 1749 3241 qtnesitos
1775 3174 1904 3229 dare
1930 3175 2099 3228 noluit
2124 3156 2167 3217 (ἶ
2201 3179 2300 3247 pia:
2340 3174 2579 3230 membra
2607 3184 3018 3243 ceterorumque
3070 3182 3379 3227 sanctorum
3429 3169 3758 3240 quorundam

524 3259 765 3321 obsides,
794 3274 916 3312 eum
939 3258 1011 3292 ί⁸³
1058 3259 1239 3315 Bruno
1268 3263 1755 3330 camprcltendeus,
1786 3265 1885 3318 sub
1913 3274 2097 3319 custo-

527 3349 615 3403 dia
643 3364 826 3403 secum
871 3349 1122 3415 deduxit;
1156 3365 1255 3405 nec
1299 3350 1466 3405 multo
1515 3362 1637 3421 post
1675 3362 1825 3408 trans
1853 3355 2096 3409 Rhenum

534 3439 587 3494 in
615 3438 835 3493 exilium
881 3439 1046 3494 misit.
1087 3439 1370 3497 Liudulfns
1415 3441 1629 3500 Ottonis
1656 3444 1812 3508 filius,
1844 3447 1932 3515 qui
1964 3461 2101 3515 pene

529 3539 695 3587 tatam
752 3515 1063 3585 obtinuerat
1128 3530 1353 3597 Italiam,
1403 3534 1554 3598 obiit.
1585 3535 1945 3606 sepeliturqne
1986 3536 2101 3590 llo-

527 3620 722 3689 gootite
742 3622 880 3690 apud
903 3631 1149 3676 sanctum
1176 3621 1462 3677 Albanum.
1496 3625 1651 3680 Anno

1136 3714 1511 3771 DCCCCLVIII

527 3819 771 3864 castrum
795 3807 1139 3866 Codieiacum
1173 3809 1389 3879 quidam
1422 3810 1605 3888 fideles
1623 3810 1829 3867 Artoldi
1860 3813 2104 3883 prtesnlis

530 3902 864 3958 clandestina
896 3903 1113 3973 capiunt
1139 3904 1436 3975 irruptione
1462 3905 1553 3959 "".
1593 3892 1902 3961 ilarduinus
1923 3905 2102 3974 subje-

530 4004 650 4050 ctus
677 3993 946 4061 Tethaldi,
984 3997 1074 4053 cui
1126 3996 1421 4053 Tetbaldus
1478 3998 1618 4053 idem
1647 4001 1992 4054 commiserat
2021 4010 2108 4053 ca-

527 4092 724 4148 strum,
765 4085 953 4139 videns
997 4086 1249 4155 oppidum
1295 4097 1532 4155 captum,
1575 4087 1817 4158 confugit
1855 4088 1926 4121 ’”
1982 4104 2104 4143 eum

531 4173 646 4227 suis
669 4174 721 4226 in
744 4189 950 4229 arcem.
979 4175 1110 4230 Erat
1147 4185 1327 4230 autem
1353 4177 1518 4232 turris
1549 4177 1636 4231 illa
1663 4178 1992 4233 firmissima.
2026 4181 2066 4232 Λ

529 4279 694 4333 quam
744 4267 1157 4335 expugnandam
1225 4269 1450 4322 veniens
1498 4283 1590 4323 rex
1639 4268 1928 4324 Lotltarius
1982 4285 2105 4324 cum

531 4354 735 4408 dontno
782 4355 1003 4409 Artoldo
1036 4365 1089 4410 et
1136 4358 1406 4412 nonnullis
1456 4359 1578 4414 aliis
1631 4360 1897 4431 episcopis
1943 4370 2105 4430 atque

531 4445 846 4508 comitibus,
874 4460 973 4514 per
1019 4446 1152 4501 duas
1199 4447 1310 4503 fere
1336 4448 1476 4504 hanc
1516 4450 1723 4505 obsidet
1745 4451 2103 4517 ebdomadas;

2198 3271 2415 3339 pignera
2459 3266 2824 3332 continentur,
2860 3274 3067 3320 ornata:
3117 3264 3198 3317 vel
3224 3272 3499 3332 ccuperta:
3524 3260 3600 3293 ’9’
3624 3269 3758 3313 sunt.

2199 3358 2304 3414 Sed
2351 3366 2404 3413 et
2457 3359 2723 3428 quendam
2779 3340 3383 3425 evangeliormn'hnjns
3427 3347 3762 3407 {ecclesiteli-

2198 3450 2353 3505 brum
2389 3465 2523 3503 auro
2562 3457 2891 3518 argentoque
2944 3445 3249 3510 decoravit;
3277 3446 3616 3498 monasterio
3639 3454 3761 3509 quo-

2198 3560 2303 3615 que
2331 3544 2399 3575 ⁹⁹⁹
2422 3542 2592 3597 sancti
2649 3540 2877 3611 Remigii
2918 3541 3054 3594 dona
3100 3536 3350 3592 contulit.
3384 3534 3641 3591 Castrum
3677 3530 3759 3585 Di-

2199 3632 2411 3686 vionem
2437 3630 2527 3662 ¹⁶⁰⁰
2559 3629 2850 3684 Rothertus
2874 3642 3054 3682 comes
3104 3626 3329 3687 invadit,
3365 3623 3512 3694 regis
3539 3618 3762 3689 expulsis

2198 3721 2468 3778 fidelibus.
2519 3719 2857 3789 Quapropter
2909 3715 3234 3771 accitus'°“
3279 3713 3463 3768 anno
3513 3712 3658 3780 regis
3709 3722 3762 3761 ac

2204 3814 2399 3884 reginte
2427 3811 2705 3882 petitione,
2734 3811 2788 3864 in
2834 3807 3195 3879 Burgundiam
3220 3805 3365 3859 venit
3392 3818 3518 3859 eum
3550 3802 3646 3833 ¹⁹⁶²
3675 3797 3763 3854 lo

2203 3901 2570 3959 tharieusibus
2597 3898 2823 3970 aliisque
2852 3899 2955 3953 sibi
2991 3896 3223 3955 subditis
3260 3894 3501 3965 populis;
3531 3892 3765 3959 idemque

2198 3974 2459 4059 rastrum,
2513 3992 2607 4047 sed
2657 4000 2713 4045 et
2765 3990 2965 4045 Treras
3007 3989 3282 4044 civitatem
3329 4002 3493 4055 quam
3524 3982 3764 4055 praefatus

2203 4084 2506 4155 potiebatur
2526 4080 2839 4145 Rotbertus,
2875 4078 3156 4132 obsidione
3177 4075 3359 4129 vallat.
3384 4074 3544 4129 Anno

2836 4165 3143 4224 DCCCCLX

2205 4266 2343 4337 apud
2363 4265 2691 4321 Altmootetn
2724 4271 2961 4319 castrum
3013 4261 3317 4332 proditores
3346 4259 3571 4331 quidam
3600 4257 3766 4327 depre-

2204 4358 2357 4413 hensi
2386 4367 2511 4412 sunt
2532 4372 2562 4411 a
2588 4355 2854 4419 Manasse,
2890 4362 3084 4424 nepote
3133 4352 3313 4407 domui
3346 4351 3562 4405 Artoldi
3586 4362 3765 4420 prrsu-

2206 4448 2293 4511 lis,
2330 4463 2393 4502 ac
2418 4443 2656 4503 damnati
2679 4444 3000 4514 suspendio;
3032 4445 3173 4497 inter
3199 4456 3336 4512 quos
3362 4441 3529 4495 etiam
3568 4435 3763 4508 preshi.

534 4536 750 4590 tandem
801 4538 1086 4606 nepotibus
1124 4538 1480 4594 llardnini'”
1531 4542 1768 4610 acceptis
1802 4542 2098 4609 obsidibus,
2131 4530 2177 4586 Ι)
2205 4550 2289 4595 ter
2335 4541 2575 4610 quidam.
2630 4538 2859 4593 Munitio
2906 4550 3069 4607 quam
3121 4542 3316 4590 vocant
3366 4534 3631 4588 Macerias
3660 4529 3761 4570 ⁸⁸⁸³·

535 4625 606 4678 ab
633 4625 914 4681 obsidione
945 4628 1257 4682 disceditur.
1305 4628 1442 4683 Tum
1482 4628 1770 4684 Tetbaldus
1790 4630 2105 4696 adveniens,

535 4714 732 4784 oppido
768 4731 872 4770 non
922 4717 1198 4786 recipitur,
1243 4733 1599 4791 reversusque
1629 4735 1725 4791 per
1751 4736 1944 4791 pagum
1968 4721 2111 4776 Lau-

537 4807 832 4860 duuensem
887 4815 943 4861 et
990 4807 1399 4874 Suessonicmn,
1440 4811 1643 4881 rapinis
1688 4809 2001 4877 desteviens,
2056 4812 2108 4867 in

2206 4631 2306 4686 sita
2341 4629 2437 4663 ‘°“
2487 4644 2648 4699 supra
2681 4626 2883 4682 Mosam
2918 4624 3055 4681 infra
3106 4635 3305 4680 terram
3361 4622 3653 4678 Rentensis
3674 4636 3764 4673 aer.

2208 4722 2411 4786 clesize,
2463 4720 2689 4777 Artoldo
2734 4717 3137 4788 archiepiscopo
3185 4714 3430 4771 redditur
3449 4713 3656 4786 [rorant
3685 4708 3762 4741 ¹’⁶⁸

2211 4812 2502 4867 Frederico
2541 4808 2975 4863 Lothariensium
3015 4804 3174 4878 duce]
3227 4820 3257 4858 a
3313 4805 3634 4865 Lantberto,
3686 4797 3761 4867 qui

539 4909 634 4947 sua
667 4896 982 4964 regreditur.
999 4897 1256 4953 Homines
1277 4898 1520 4955 Tetbaldi
1545 4898 1895 4957 munitionem
1921 4899 2115 4973 [quan-
2212 4916 2333 4956 eam
2359 4909 2543 4955 tenere
2569 4897 2975 4969 prohibebatur.
3008 4896 3314 4951 Richardus
3334 4888 3481 4948 ﬁlius
3509 4882 3761 4948 Willeltri.

542 4984 665 5022 (Iam
694 4983 786 5022 "7|
862 5001 983 5022 turn
1009 4998 1233 5022 vnn-unu-
1278 4988 1411 5022 [fama

1486 4992 1819 5022 ΙΜᾹΛηΙῖΙιηρ
1859 5007 1978 5022 -.ι-ιιι
2006 4992 2108 5020 ..ΞΜ

2214 4992 2668 5020 Νλαιωαη-ηιιιηκ
2695 4986 2955 5020 ηνῖηηῖηἶα
2974 4985 3064 5018 ίθοε
3302 4981 3547 5020 “aiuntsic
3588 4978 3764 5018 Trans.
