3872 5326
455 276 558 333 ἆεἹ

456 504 578 544 nem
611 485 1101 557 archiepiscopum,
1143 484 1405 554 elegimus
1438 485 1504 539 ad
1535 486 1905 557 episcopatum
1935 489 2027 520 ¹⁰⁸⁷

455 582 777 636 Remeusem
818 562 1123 635 Odelrieum
1162 578 1254 610 ¹⁰³⁸
1293 578 1555 633 illustrem
1591 578 1880 643 clericum,
1916 579 2027 634 ilu-

453 672 606 746 gonis
654 670 934 739 cujusdam
992 669 1205 725 cornitis
1259 669 1469 734 tilium,
1510 668 1724 725 favente
1771 669 2027 724 LOthario

450 778 579 834 rege
615 777 738 817 cum
780 761 968 833 regina
1004 768 1177 814 matre
1212 758 1543 829 prastatoque
1579 759 1848 813 Bruuone.
1897 756 2027 826 Qui-

450 870 559 927 que
599 854 783 911 Remis
814 852 1099 908 ordinatur
1127 852 1195 907 ab
1233 842 1502 922 episcopis
1534 850 1766 907 Widone
1800 850 2026 907 Suesso-

451 946 575 1000 nico
595 986 609 1009 ,
646 943 914 998 lloricone
940 940 1283 995 Laudunensi
1302 979 1318 1006 ,
1346 939 1581 996 Gibuino
1601 938 1979 995 Catalaunensi
2005 979 2022 1006 ,

400 1086 404 1093 ,
450 1033 681 1090 lladulfo
717 1032 1093 1096 Noviomcnsi,
1131 1029 1410 1085 Wicfrcdo
1451 1027 1798 1084 Virdunensi.
1830 1027 1988 1084 Anno

1036 1119 1416 1176 DCCCCLXlll

448 1214 736 1271 Odelricus
791 1212 883 1245 ¹⁰⁸⁹
933 1211 1217 1267 Bernensis
1274 1210 1716 1281 archiepiscopus
1767 1225 2023 1282 proceres

449 1305 698 1360 Frauciae
721 1345 736 1370 ,
776 1303 866 1374 qui
903 1300 1276 1374 possessiones
1311 1302 1571 1372 quasdam
1612 1300 1899 1358 Remcusis
1930 1308 2022 1358 oc;

445 1404 781 1466 cupaverant
815 1393 1103 1460 aecciesize,
1143 1392 1327 1446 vocari
1364 1389 1513 1447 fecit.
1556 1390 1667 1462 Ego
1701 1405 1828 1446 vero
1854 1432 1870 1457 ,
1909 1390 2022 1445 fra-

442 1501 565 1549 ctus
599 1500 757 1546 aetate
796 1500 849 1546 ct
888 1490 1104 1545 attritus
1139 1473 1489 1554 infirmitate,
1528 1482 1890 1543 ministerium
1925 1486 2018 1520 ³³⁵⁵

442 1584 684 1639 abdicari
700 1583 999 1654 prmlatura:
1023 1597 1203 1636 coram
1226 1581 1414 1636 eodem
1437 1579 1682 1650 praesule.
1704 1578 1913 1648 Quique
1933 1594 2019 1634 me

443 1675 545 1731 hoc
588 1673 877 1728 absolvens
905 1671 1069 1743 jugo,
1108 1671 1368 1740 imposuit
1402 1671 1531 1724 illud
1567 1685 1662 1741 per
1700 1669 2015 1725 electionem

1551 278 1937 336 monemur
1976 254 2292 340 emolliat
2334 274 2676 341 Rmmnsrs

450 401 630 464 brata.
658 394 822 465 Cujus
849 393 1133 465 legationis
1188 380 1380 450 redditi
1416 394 1679 451 certiores
1708 413 1803 467 per
1830 398 2035 450 Bruuo-
2064 412 2106 464 Α

3601 286 3694 350 ιεε

2214 399 2341 453 Otto
2379 401 2673 471 imperator
2710 400 2780 455 ab
2819 403 2951 458 urbe
2998 403 3166 458 Roma
3213 404 3554 476 regrediens,
3600 409 3696 464 Cu-

2135 492 2336 547 loniatn
2394 494 2578 559 venit,
2633 495 2812 564 ibique
2863 482 3193 567 Cerbergam
3245 499 3515 569 reginam,
3549 516 3694 555 soro-

2135 597 2247 636 rem
2300 598 2486 648 suam,
2541 598 2664 638 cum
2719 583 2815 616 ¹⁰⁶⁸
2869 583 2994 639 filiis
3049 585 3303 640 Lothario
3354 603 3482 658 rege
3528 588 3696 644 Κπο-

2130 671 2288 741 inque
2343 687 2511 741 puero
2564 673 2631 727 ad
2684 688 2744 728 se
2791 674 3128 740 venientem,
3176 676 3427 747 excepit;
3476 686 3531 731 et
3580 694 3699 733 cum

2126 762 2209 816 eis
2262 761 2488 830 aliisque
2536 762 2722 818 multis
2778 763 3094 834 proceribus
3143 766 3398 836 placitum
3449 783 3701 839 magnum

2126 849 2330 904 habuit.
2382 850 2487 916 Qui
2530 849 2747 917 Romae,
2793 849 3088 907 Octaviano
3133 868 3304 923 papa,
3356 870 3386 908 a
3430 870 3539 925 quo
3586 854 3700 910 fue-

2125 948 2210 993 rat
2246 949 2532 1011 susceptus
2567 949 2623 995 et
2671 941 2739 995 ad
2783 941 2998 1014 imperii
3050 945 3283 1014 regenda
3338 945 3698 1015 gubernacula

2122 1027 2477 1099 benedictus,
2543 1032 2611 1087 ab
2673 1032 2817 1090 Urbe
2875 1035 3159 1107 digresso,
3224 1046 3279 1091 et
3341 1053 3485 1109 saepe
3551 1039 3697 1094 illum

2122 1128 2411 1176 revocante
2471 1124 2841 1192 imperatore,
2904 1141 2935 1180 a
2985 1142 3128 1197 quo,
3193 1129 3319 1198 quia
3378 1130 3446 1185 de
3504 1130 3695 1187 inreli-

2122 1212 2374 1279 giositate
2427 1229 2524 1268 sua
2579 1214 2984 1286 Corripiebatur
3027 1219 3227 1273 reverti
3278 1218 3530 1286 nolente,
3572 1236 3697 1276 eon-

2121 1312 2340 1376 gregata
2364 1306 2590 1377 synodo,
2626 1305 2927 1361 Iohannem
2950 1308 3099 1379 (115)
3120 1309 3385 1364 illustrem
3430 1312 3695 1380 quendam

2120 1391 2361 1463 ejusdem
2416 1395 2676 1451 recclesiae
2729 1396 2988 1452 clericum
3049 1412 3148 1467 per
3200 1399 3524 1456 electionem
3586 1404 3691 1459 Ro-

2121 1501 2407 1543 manorum
2457 1504 2649 1560 papam
2699 1491 2942 1546 ordinari
2992 1491 3140 1548 fecit.
3198 1492 3306 1549 Sed
3356 1509 3426 1549 eo
3476 1493 3692 1564 Papiam

2119 1580 2462 1649 regredieute
2521 1581 2641 1647 “‘9,
2698 1581 3029 1639 Octavianus
3089 1600 3119 1639 a
3180 1586 3440 1641 Romanis
3507 1587 3691 1657 recipi-

2116 1677 2247 1734 tur;
2305 1684 2405 1724 nec
2453 1670 2624 1725 undto
2668 1660 2791 1741 post
2839 1673 2950 1727 vita
2998 1673 3248 1729 deceSsit.
3294 1673 3547 1730 Joltanne
3574 1690 3690 1730 vero

442 1760 673 1817 fratrum
715 1772 1023 1833 nostrorum
1057 1762 1149 1794 ¹⁰⁵¹
1182 1761 1362 1832 nepoti
1399 1777 1520 1817 meo
1558 1760 1857 1816 Flodoardo
1898 1761 2008 1828 ⁸⁸⁸³,
2044 1764 2086 1822 Β
2114 1772 2235 1811 cum
2280 1755 2606 1827 imperatore
2648 1760 2969 1815 demorante
2998 1759 3489 1830 Partim-Romani
3532 1777 3690 1832 quen-

444 1853 846 1924 septuagesimo
870 1852 1047 1907 aetatis
1073 1867 1206 1907 mere
1235 1867 1396 1906 anno.
1434 1848 1884 1906 Catalaunensem
1920 1866 2009 1905 ur-

442 1948 597 2012 bem,
630 1945 859 2014 praesule
897 1932 1131 2000 Gibuino
1167 1956 1420 2016 egresso,
1456 1940 1774 1999 lleribertus
1803 1952 1855 1998 et
1880 1941 2014 1997 Rot-

421 2028 632 2091 bertus
670 2035 863 2089 fratres
899 2034 1188 2099 obsident;
1237 2033 1612 2105 explicitisque
1659 2034 1871 2087 tandem
1921 2030 2014 2064 ¹⁰⁵¹

425 2105 719 2192 ἰιιηιιΙίιιὶε,
753 2126 873 2198 igne
899 2126 1266 2191 succendunt;
1294 2125 1496 2203 milites
1521 2138 1648 2180 vero
1677 2124 1732 2178 in
1753 2122 1845 2155 ³⁸³⁸⁸
1869 2133 2015 2178 turre

438 2217 671 2288 quadam
702 2216 794 2247 ¹⁰⁸⁸
825 2216 929 2271 1οεί
967 2229 1262 2270 conscensa
1312 2215 1624 2269 liberantur.
1659 2214 1815 2269 Auno

462 2292 467 2295 ’
632 2308 635 2309 ⁷
923 2319 927 2323 ·
1015 2298 1394 2359 DCCCCLXIV

437 2380 646 2468 hiemps
673 2397 766 2430 1°”
795 2411 987 2468 magna
1037 2404 1093 2452 et
1145 2410 1334 2466 aspera
1381 2395 1536 2451 valde
1577 2393 1679 2450 fuit
1718 2394 1808 2428 “'7
1842 2411 2013 2465 usque

434 2488 701 2543 Kalendas
716 2487 993 2543 Febroarii
1010 2469 1124 2518 “‘7'
1143 2486 1361 2541 mensis.
1381 2487 1616 2540 Domnus
1642 2485 2010 2556 praesulOdel-

422 2582 581 2657 ritus
616 2580 936 2635 Tetbaldum
985 2578 1254 2650 quendam
1309 2593 1591 2648 procerem
1634 2578 2009 2632 excommuni—

437 2683 529 2729 cat
571 2673 667 2706 ³⁰⁸⁸
715 2683 938 2745 propter
990 2671 1229 2728 castrum
1283 2672 1629 2751 Codiciacnm
1673 2681 1729 2725 et
1766 2672 2010 2741 qutedan’t

435 2766 635 2836 praedia
671 2767 843 2822 sancti
880 2766 1143 2836 Remigii,
1179 2779 1297 2834 qure
1334 2764 1576 2835 improbe
1613 2762 1923 2819 obtinuerat
1958 2766 2014 2817 e't

439 2842 793 2935 pertinaciter
850 2856 1138 2911 retinebat.
1201 2854 1519 2909 lleribertus
1580 2870 1764 2910 comes
1826 2851 2009 2908 villam

432 2947 767 3019 Sparnaeum
818 2948 866 3003 ei
919 2947 1127 3013 reddit,
1179 2955 1233 3003 et
1288 2946 1591 3003 amiciciani
1621 2947 1828 3018 prmfati
1868 2948 2009 3019 prac-

435 3039 570 3115 sulis
618 3039 969 3109 impetravit;
1022 3049 1231 3094 ceteras
1277 3026 1490 3109 quoque
1542 3038 1699 3093 villas
1753 3038 1845 3078 ὀυ
1896 3037 2007 3095 Re-

2119 1848 2245 1902 darn
2292 1846 2650 1904 Benedictum
2699 1851 2868 1920 ipsius
2915 1852 3172 1908 mcclesiae
3214 1855 3563 1909 scrinian‘um
3599 1854 3689 1909 eli-

2115 1930 2249 2011 gunt
2297 1950 2460 2011 atque
2504 1942 2812 2013 pontificem
2867 1945 2969 2000 sibi
3020 1946 3257 1999 ordinari
3307 1945 3557 2012 faciunt,
3603 1947 3686 2016 qui

2114 2031 2169 2085 in
2223 2029 2484 2087 Johannis
2527 2032 2797 2089 electione
2846 2045 3204 2090 consenserat
3255 2037 3350 2068 ⁸⁸⁷⁸
3408 2047 3465 2090 ct
3518 2037 3686 2090 eidem

2116 2120 2368 2175 subditus
2414 2116 2694 2177 extiterat.
2726 2121 3023 2193 Imperator
3065 2124 3190 2181 Otto
3238 2126 3469 2180 Romam
3517 2141 3687 2181 rever-

2114 2225 2242 2275 sus,
2290 2221 2584 2267 convocata
2635 2229 2829 2285 magna
2897 2218 3140 2289 synodo,
3188 2227 3245 2272 et
3299 2218 3387 2250 ¹⁰⁷¹
3444 2217 3687 2274 Johanue

2114 2300 2168 2355 in
2218 2300 2345 2357 sede
2393 2310 2493 2355 Sua
2533 2302 2819 2370 restituto,
2862 2304 3212 2360 Benedictum
3253 2302 3367 2370 ¹⁰⁷’¹,
3414 2307 3685 2376 episeopo—

2114 2405 2232 2446 rum
2290 2389 2383 2422 ¹⁰⁷³
2437 2392 2606 2446 totius
2664 2393 2857 2463 synodi
2908 2394 3117 2464 judicio
3184 2394 3539 2465 depositum,
3597 2396 3687 2449 ει»-

2112 2481 2265 2536 duxit
2296 2481 2389 2516 “7‘
2417 2497 2600 2537 secum
2630 2493 2685 2537 et
2713 2484 2767 2537 in
2801 2484 3092 2540 Samnium
3122 2476 3341 2542 direxit.
3374 2487 3532 2542 Anno

2702 2599 3009 2656 DCCCCLX
3018 2599 3082 2655 Vl

2183 2690 2470 2747 Letharius
2491 2708 2588 2750 rex
2618 2709 2837 2768 uxorem
2878 2694 3083 2763 accepit
3104 2676 3378 2759 Emmam,
3405 2686 3680 2747 filiam.....

2113 2783 2259 2853 (116)
2286 2785 2424 2852 regis
2462 2786 2734 2855 quondam
2775 2783 2945 2839 Italici
2976 2785 3089 2838 “'7‘.
3118 2783 3399 2840 Odclricus
3426 2782 3684 2852 archiepi-

2111 2866 2304 2945 Scopus
2352 2875 2717 2947 Ragenaldum
2780 2877 3034 2932 comitem
3094 2876 3529 2932 excommunicat
3593 2888 3683 2944 pro

2110 2967 2249 3021 villis
2267 2968 2522 3024 mcclesiaz
2559 2969 2863 3033 Bernensis,
2911 2985 3044 3039 quas
3086 2964 3441 3038 pertinaciter
3488 2966 3683 3021 retine-

2109 3056 2202 3112 bat
2233 3058 2346 3111 ⁸⁸⁷⁵.
2382 3059 2449 3115 Et
2475 3060 2589 3129 ipse
2637 3075 2821 3115 comes
2864 3060 2979 3114 loca
3011 3061 3254 3129 quredam
3303 3058 3547 3128 ejusdem
3573 3058 3682 3128 epi-

436 3129 639 3183 mensis
673 3129 930 3185 accelesiae
958 3169 973 3194 ,
1010 3145 1143 3200 quas
1180 3140 1574 3201 occupaverat.
1613 3131 1786 3185 cidem
1824 3131 2003 3202 ponti-

2125 3148 2274 3217 lcopii
2306 3164 2426 3204 cum
2457 3150 2567 3204 suis
2606 3150 2926 3221 pervadens,
2960 3150 3163 3220 rapinis
3198 3150 3568 3221 incendiisque
3588 3151 3679 3206 de-

433 3216 520 3271 fici
566 3218 830 3286 repetenti
881 3218 971 3250 ¹⁰⁶⁰
1017 3235 1123 3273 non
1177 3220 1404 3290 ambigit
1449 3217 1695 3274 reddere.
1745 3221 1902 3275 Auno

985 3336 989 3340 ι
1026 3308 1383 3365 DCCCCLXV
1454 3306 1457 3307 ⁷
1783 3313 1801 3322 "
1982 3310 1986 3315 ’

433 3397 563 3453 Otto
596 3397 733 3454 (ilius
761 3397 1034 3471 Hugonis,
1067 3401 1157 3469 qui
1187 3400 1511 3471 Burgundiae
1540 3410 1799 3471 praeerat.
1832 3402 2001 3470 obiit,

434 3500 490 3545 et
521 3498 758 3547 rectores
787 3490 1029 3561 ejusdem
1081 3489 1103 3563 [
1128 3500 1284 3545 terrae
1315 3490 1452 3565 κει]
1504 3493 1571 3548 ad
1601 3493 1694 3528 ¹⁶⁶¹
1727 3492 2003 3566 llugonem

434 3590 489 3636 ct
541 3582 816 3638 Oddonem
876 3581 969 3615 ¹⁰⁶³
1021 3582 1316 3648 clericum,
1376 3583 1569 3639 fratres
1618 3585 1786 3655 ipsius
1813 3584 1833 3649 .’
1887 3600 2005 3642 sese

436 3680 778 3727 convertunt.
839 3668 1064 3727 Arnulfo
1121 3686 1335 3743 quoque
1383 3672 1627 3744 principe
1671 3672 2001 3738 decedente,

438 3780 640 3826 terram
695 3771 838 3826 illius
896 3786 991 3827 rex
1049 3756 1340 3826 Lotharius
1394 3764 1711 3842 ingreditur,
1773 3779 1826 3825 et
1879 3774 2006 3841 pro—

431 3876 587 3917 ceres
632 3862 800 3934 ipsius
855 3861 1175 3933 provintiaz,
1230 3860 1509 3918 mediante
1548 3858 1816 3918 Rorieune
1861 3878 2003 3933 prae-

429 3953 545 4008 sule
613 3953 995 4018 Lauduuensi,
1053 3952 1227 4007 eidem
1282 3953 1622 4008 subiciuntur
1674 3954 1809 4022 regi.
1887 3952 2004 4021 Quo

432 4041 747 4096 Laudunum
800 4051 1075 4112 repetente
1123 4032 1237 4106 ‘5“,
1290 4036 1679 4112 tnater'ipsius
1732 4040 2003 4113 Gerberga

435 4130 623 4201 regina
667 4145 789 4186 cum
846 4132 954 4185 tilio
1002 4131 1201 4186 Karolo
1251 4146 1422 4201 puero
1473 4128 1671 4186 ibide‘rn
1718 4135 2006 4188 remansit.

430 4222 713 4278 Odciricus
767 4224 1208 4292 archiepiscopus
1259 4222 1592 4293 Sparnacum
1643 4224 1713 4277 ab
1757 4224 1847 4256 ¹⁶⁶⁸
1894 4225 2003 4280 lle-

435 4314 643 4368 riberto
674 4314 917 4385 recepit,
949 4324 1004 4368 et
1037 4313 1384 4369 Codiciacum
1415 4330 1445 4368 a
1474 4313 1768 4382 Tetbaldo;
1810 4332 2001 4387 quem-

426 4417 533 4471 que
570 4402 659 4433 ¹⁹⁶⁶
691 4420 722 4457 a
753 4403 965 4460 vinculo
1000 4404 1091 4436 ⁸⁰⁶⁷
1121 4404 1696 4460 excommunicationis
1725 4406 1953 4463 absolvit
1980 4425 1995 4475 ;

426 4501 483 4546 et
533 4492 641 4548 tilio
680 4493 885 4564 ipsius,
938 4495 1030 4564 qui
1080 4495 1252 4551 eidem
1292 4508 1352 4551 se
1390 4484 1776 4563 commiserat,
1818 4497 1992 4568 ipsum

427 4584 702 4638 concessit
739 4594 996 4655 castrum.

2107 3232 2317 3294 vastat.

2247 3392 2404 3447 Addit
2446 3394 2611 3449 codex
2644 3395 2693 3447 l.
3080 3391 3239 3445 Addit
3272 3391 3444 3447 eddea:
3467 3391 3525 3445 Ξ.

2112 3516 2118 3520 -
2178 3484 2375 3540 Eodem
2427 3493 2665 3555 tempore
2716 3486 2859 3538 dire-

2106 3566 2208 3613 σιω
2235 3564 2359 3609 sunt
2372 3555 2564 3610 littera:
2580 3571 2609 3608 a
2625 3555 2855 3624 quodam

2105 3625 2341 3706 comite.
2376 3625 2498 3703 duci
2564 3624 2859 3706 Aquitano-

2107 3709 2225 3748 rum
2252 3735 2268 3760 ,
2310 3693 2443 3749 ‘baéc
2496 3693 2852 3748 continentes.

2106 3763 2239 3833 Duri
2272 3794 2275 3799 -
2308 3763 2715 3833 Aquitanorum
2786 3760 2870 3815 6..

2104 3830 2417 3902 Bay/naidas
2469 3847 2637 3887 comes
2678 3830 2857 3902 Porti-

2107 3904 2303 3974 nensia,
2352 3902 2597 3974 quicquid
2640 3901 2853 3974 quilibet

2107 3972 2269 4042 (genus
2288 4040 2315 4042 __
2331 3972 2553 4026 restituat
2605 3972 2850 4042 primum.

2104 4041 2182 4094 De
2216 4040 2557 4095 collocatione
2595 4040 2771 4095 nostra
2806 4049 2854 4094 et

2105 4112 2168 4169 de
2189 4109 2523 4181 profectione,
2551 4113 2619 4166 de
2636 4126 2743 4181 qua
2770 4126 2852 4164 me

2106 4180 2372 4249 monuisti,
2403 4180 2704 4234 coutradito
2741 4196 2852 4234 om-

2108 4247 2252 4302 nino.
2298 4247 2434 4302 Nam
2488 4260 2614 4303 rcta:
2653 4260 2699 4303 et
2743 4250 2849 4303 alia

2106 4317 2483 4387 impedimenta;
2512 4321 2737 4387 oﬁiciunt
2762 4319 2851 4372 iti-

2107 4388 2218 4457 neri
2242 4398 2435 4440 nostra.
2460 4386 2564 4442 Sed
2585 4389 2647 4441 de
2666 4404 2851 4457 genea-

1705 4739 1943 4796 VARL’E
1980 4743 2386 4805 LECTIONES.

501 4874 591 4906 “‘7
617 4874 926 4945 episcopum
949 4874 1005 4945 2.
1037 4875 1091 4929 5.

2999 3483 3119 3551 lpso
3142 3496 3288 3537 anno
3319 3482 3555 3551 virvlue
3594 3496 3679 3535 ve.

2930 3550 3224 3615 nerahilis,
3285 3560 3341 3606 et
3404 3550 3680 3605 Bernensis

2930 3621 3189 3677 mcclesim
3204 3623 3492 3689 presbiter,
3513 3621 3677 3673 uomi-

2929 3709 2996 3747 ne
3030 3691 3392 3753 Frodoardus,
3430 3691 3681 3744 sanctita-

2927 3763 2997 3817 tis
3026 3763 3228 3816 bonore
3275 3760 3366 3792 ¹⁰¹⁷
3413 3774 3680 3813 venenu-

2926 3832 3047 3895 dus,
3083 3830 3352 3899 castitatis
3397 3828 3679 3899 splendore

2925 3901 3221 3972 angelicas,
3245 3898 3457 3972 fulgore
3472 3899 3678 3967 sapien-

2927 3969 3022 4026 tiai
3055 3969 3268 4025 caelicus
3310 3969 3407 4001 “7'
3461 3976 3677 4022 caetera-

2926 4054 3153 4109 runtqne
3173 4039 3437 4109 virtutum
3457 4037 3676 4109 insigni-

2923 4111 3026 4166 bus
3063 4107 3401 4169 abuudauter
3452 4107 3545 4139 ⁸⁰⁴¹⁹
3580 4121 3674 4175 op-

2961 4180 3099 4235 letus
3126 4220 3142 4246 ,
3176 4214 3181 4223 ς
3325 4176 3674 4247 praecedentis

2924 4196 3099 4304 Ιξὶῗὲῧῗ
3122 4196 3669 4317 ἐιιὲοτιιέἶιῖῗῗὲθῧῗίἓῗ

2926 4335 3045 4374 rum
3115 4319 3345 4373 dictator
3378 4316 3385 4317 7
3409 4316 3669 4386 egregius,

2924 4390 3112 4456 quinto
3225 4387 3317 4419 ¹⁰⁸⁰
3410 4386 3670 4439 Kalendas

2025 4470 2075 4528 ι)
2101 4454 2258 4524 legiu.
2301 4473 2391 4510 seu
2440 4458 2504 4510 de
2558 4454 2847 4525 paréntela,
2923 4454 3123 4527 Aprilis
3166 4457 3257 4490 ¹⁰⁸⁸
3316 4464 3550 4528 terrena:
3586 4467 3671 4521 pe~

2096 4542 2316 4609 qu'a'me
2346 4538 2842 4609 prresenvlelnarrure
2914 4526 3290 4609 regriuatipttis
3365 4526 3671 4609 relinquetis

2094 4593 2321 4662 nolebas,
2348 4593 2496 4666 'quod
2538 4596 2659 4649 inde
2704 4595 2842 4656 nari.
2915 4593 3099 4664 exilia,
3144 4597 3335 4662 civica,
3393 4606 3459 4650 ut
3502 4593 3669 4649 credi-

1177 4873 1265 4906 -""
1294 4873 1585 4930 odclricum
1611 4894 1750 4931 corr.
1790 4877 2029 4933 odelrico
2060 4880 2110 4934 l.
2141 4880 2437 4936 odalrieum
2464 4882 2519 4937 2.
2550 4881 2606 4938 5.
2682 4882 2775 4915 ¹⁰¹⁵⁹
2802 4885 3072 4940 odalricus
3094 4885 3148 4939 2.
3175 4886 3230 4940 5.
3309 4883 3405 4916 ⁸⁸⁸⁸
3431 4882 3665 4939 ministe-

427 4944 510 4997 rio
557 4942 741 4999 me'2.
770 4942 823 4999 5.
902 4944 994 4975 ¹⁰⁸ι
1030 4959 1269 4998 meorum
1294 4942 1349 4998 5.
1421 4945 1513 4980 ¹⁰⁵¹
1552 4942 1838 5002 frodoardo
1883 4948 1937 5002 2.
1981 4947 2035 5002 '5.
2064 4993 2077 5003 ,
2113 4949 2205 4989 ¹⁰ι³
2232 4951 2373 5005 deest
2398 4950 2453 5005 2.
2511 4951 2623 4985 ’ωδε
2650 4968 2701 5006 v.
2731 4953 2769 5006 i.
2814 4955 2997 5009 desunt
3023 4952 3079 5010 2.
3108 4954 3161 5008 5.

3247 4954 3342 4987 ιοι·
3383 4954 3419 5006 ι.
3448 4970 3502 5025 q.
3532 4951 3662 5025 ξς».

433 5013 526 5049 ¹⁰⁸⁶
552 5016 777 5070 hvemns
802 5013 858 5068 2.
914 5013 1007 5044 ¹⁰⁸τ
1048 5014 1186 5067 deest
1212 5013 1266 5067 2.
1324 5013 1436 5052 ¹⁴³⁸⁷⁶
1468 5014 1722 5070 februarii
1747 5017 1803 5070 2.
1835 5018 1891 5070 5.
1968 5019 2063 5050 ¹⁰⁵⁸
2091 5020 2579 5070 εεεςοηιιηιιηὶεθνίι
2602 5025 2656 5070 9.
2736 5022 2828 5054 ³⁸⁸⁸
2855 5024 2995 5070 deest
3028 5026 3077 5070 t.
3137 5024 3228 5056 "0°
3255 5013 3557 5070 rnnnseénti
3584 5021 3665 5070 5b.
