3872 5326
184 147 273 197 tua
1609 124 1947 185 ANNALES.

987 263 1128 314 mus,
1190 247 1412 318 adeptus
1473 255 1556 318 est
1595 245 1738 318 jura.
1773 248 1820 306 Α
1850 249 1961 296 tate
1991 238 2229 296 redditas
2269 236 2490 307 gratias.
2530 236 2639 290 vita
2685 235 2939 298 decessit,
2977 233 3228 289 videlicet
3249 232 3431 304 vigilia

185 254 347 311 litteris
368 253 457 306 tibi
485 267 599 305 mea
625 267 752 304 cura
766 266 914 303 man-

185 331 281 379 dul.
310 323 557 376 Mathilde
579 332 625 374 et
656 320 913 373 Alberada

187 397 324 465 ﬁlice!
350 393 558 465 fuerunt
619 389 912 465 (ἐρώει-ρας.

189 457 254 519 De
279 457 521 516 lfutltilde
541 462 789 529 processit
816 457 913 529 Ro.

189 535 345 602 dulfus
390 547 493 591 rex,
537 527 582 602 et
643 527 915 602 Mat/tildis

190 597 321 658 soror
352 602 479 669 ejus.
537 598 616 652 De
654 597 916 669 Alberada

988 318 1118 372 Mira
1150 327 1202 372 et
1229 316 1465 371 inaudita
1516 316 1742 369 inunda-

989 390 1066 442 tio
1090 389 1281 458 pluviaa
1309 397 1366 440 et
1403 387 1585 458 fragor
1607 385 1744 458 toni-

991 454 1103 512 trui—
1123 474 1184 513 ac
1227 454 1534 512 coruscatio
1568 454 1744 524 fulgo-

990 531 1066 582 ris
1093 529 1296 582 decima
1325 526 1592 579 Kalendas
1640 527 1745 576 Att-

990 599 1128 668 gttsli
1154 598 1345 652 accidit
1363 596 1455 636 ίοκι
1479 596 1601 649 967.
1618 593 1742 648 968.

194 667 549 726 Emenirudis.
644 669 718 720 De
805 667 919 719 Ma-
991 667 1115 722 969.

194 742 332 796 tltilde
350 740 458 808 filia
483 737 759 808 Mathilda:
797 736 919 808 Ber-
992 737 1118 808 970.

195 823 258 866 ta.
350 805 430 862 'De
567 805 918 860 Ertttentrude
991 807 1058 863 97
1069 808 1086 860 l
1099 847 1116 861 .

194 883 358 950 Agnes.
386 878 456 931 De
481 876 641 950 Berta
657 875 916 950 Geraldus

196 945 494 1003 Grnerensis.
579 945 657 1000 De
730 945 920 1015 Agnete
991 947 1116 1000 975.

198 1018 334 1072 Wido
370 1017 531 1070 ηδ’-⁸.
991 1017 1118 1071 974.

996 1087 1123 1142 975.

252 1315 394 1370 Anno
417 1313 519 1369 976
541 1314 806 1369 destruxit
839 1313 1126 1380 Adelbcro,
1170 1316 1388 1372 nomine
1418 1331 1528 1372 non
1553 1318 1749 1371 merito

194 1405 623 1476 archiepiscopus,
682 1415 963 1460 arcuatum
1029 1422 1186 1476 opus,
1233 1409 1375 1478 quod
1419 1417 1540 1463 erat
1598 1424 1753 1464 secus

198 1496 358 1549 valvas
411 1496 666 1550 ecclesiae
709 1506 910 1551 sancta:
955 1497 1136 1552 Mariae
1209 1499 1532 1565 Rcmensis;
1591 1515 1754 1570 supra

3329 117 3434 173 490

1847 332 2021 388 sancti
2049 331 2268 386 Thomze
2299 328 2525 401 apostoli
2564 337 2684 398 post
2709 327 2893 382 laudes
2929 327 3024 380 Dei
3060 324 3426 379 matutinales.

1847 426 1967 496 Ipso
1993 438 2134 478 anno
2171 423 2318 478 circa
2348 434 2585 475 mensem
2611 421 2908 490 Augustum
2937 426 3144 488 septem
3186 417 3423 472 denariis

1847 516 2126 570 emebatur
2150 513 2256 566 vini
2283 511 2511 566 modius.

1918 606 2075 660 Anno
2101 605 2203 659 977
2245 602 2510 657 Adalbero
2553 601 2643 634 ¹⁶⁹²
2673 599 2904 670 juvenis,
2937 599 3025 668 qui
3058 590 3174 654 erat
3199 613 3275 674 ex
3326 597 3428 652 Lo-

1851 696 2012 752 tharii
2052 704 2208 750 natus
2249 709 2434 766 regno,
2477 692 2731 745 Roriconi
2761 691 3010 759 episcopo
3053 690 3310 743 successit
3339 687 3430 740 tali

1851 785 2029 840 modo.
2065 784 2306 854 Septima
2358 783 2565 838 decima
2617 783 2706 814 “'9’
2746 781 3014 838 Kalendas
3045 779 3343 840 Februarii,
3380 780 3430 832 in

1852 876 2031 932 natale
2059 877 2227 930 sancti
2252 874 2489 930 Marcelli
2522 889 2694 944 papae,
2719 873 2916 926 donum
2942 871 3194 940 episeopii
3219 869 3436 923 Lauda-

1851 967 2033 1022 nensis
2079 966 2334 1020 tecclesize
2378 965 2430 1018 in
2486 964 2600 1032 ipsa
2651 962 2859 1031 accepit
2910 959 3150 1014 mcclesia
3195 957 3436 1012 Lotbarii

1854 1058 1998 1128 regis
2028 1057 2331 1128 largitione.
2363 1055 2566 1109 Deinde
2601 1068 2771 1107 [102135
2800 1052 2890 1083 ¹⁰⁹³
2927 1049 3196 1104 Kalendas
3217 1046 3436 1118 Aprilis,

1851 1147 2033 1217 vigilia
2056 1145 2306 1200 videlicet
2342 1141 2770 1197 annuntiationis
2813 1139 3113 1201 dominicae,
3169 1136 3439 1207 presbiter

1855 1248 1938 1292 est
1967 1236 2058 1268 ¹⁰⁹¹⁵
2078 1235 2361 1290 ordinatus
2385 1234 2436 1286 in
2468 1231 2778 1300 prtescripta
2811 1239 3012 1284 sancta:
3044 1228 3222 1281 Maria:
3252 1225 3441 1280 :eccle-

1856 1326 1935 1380 sia
1986 1326 2053 1379 ab
2101 1324 2509 1393 archiepiscopo
2553 1320 2892 1374 Adelberone
2952 1318 3152 1371 lletnis.
3202 1317 3443 1385 Denique

1860 1418 1950 1449 ¹⁰⁹³
1991 1426 2177 1486 postea
2208 1415 2476 1470 Kalendas
2501 1411 2703 1482 Aprilis
2735 1410 3018 1479 episcopus
3046 1418 3131 1462 est
3159 1407 3442 1462 ordinatus

1860 1509 1913 1563 in
1944 1517 2131 1563 sancto
2175 1507 2472 1577 palmarum
2517 1504 2623 1558 die.
2658 1502 2793 1556 Exin
2835 1499 3150 1553 Lautlunum
3202 1498 3438 1560 rediens,

196 1587 320 1656 ¹Ι¹³⁰ά
362 1586 526 1641 auare
568 1587 741 1642 ⁵³¹¹⁰ίί
783 1586 1084 1643 δίηνθιοτίδ
1129 1589 1450 1656 habebatur,
1493 1600 1546 1645 ει
1576 1590 1752 1647 fomes
1782 1598 1824 1657 B
1855 1614 2066 1653 sacrum
2117 1598 2356 1653 chrisma
2397 1594 2633 1650 sacravit
2687 1589 3071 1647 tccclesiastico
3126 1601 3311 1650 more,
3354 1586 3442 1640 die

196 1678 318 1732 miro
337 1694 491 1747 Opere
517 1689 675 1732 erant
708 1680 887 1747 positi.
920 1680 986 1733 Et
1025 1681 1076 1734 in
1110 1681 1223 1750 ipso
1257 1692 1499 1753 tempore
1526 1685 1754 1753 quadra-

193 1773 388 1842 gesima;
422 1771 532 1836 "",
560 1771 784 1842 majoris
832 1773 1144 1827 ebdomada:
1175 1773 1311 1828 feria
1344 1785 1556 1844 quarta,
1593 1776 1750 1829 tertia

193 1861 379 1916 decima
427 1863 691 1917 Kalendas
741 1863 862 1918 Maii
926 1864 1149 1921 indictio
1205 1866 1295 1898 ¹⁰⁸⁷
1336 1877 1554 1935 quarta,
1607 1867 1752 1920 circa

198 1953 402 2006 mediam
430 1953 590 2017 diem,
630 1954 826 2008 bellum
871 1955 1047 2024 agitur
1092 1955 1231 2008 inter
1276 1954 1552 2019 Karolum,
1612 1956 1754 2026 regis

198 2041 346 2094 filium
368 2041 582 2098 fratrem
609 2043 779 2114 (M3),
809 2053 864 2098 et
889 2044 1237 2099 Godefridum
1265 2055 1424 2114 atque
1444 2045 1752 2112 Arnulfum,

195 2127 555 2188 Lotharienses
589 2135 833 2189 comites.
871 2135 927 2188 In
979 2150 1088 2205 quo
1145 2137 1286 2191 bello
1333 2137 1647 2190 ceciderunt
1687 2151 1756 2190 ex
1839 2121 1849 2153 ί

196 2228 331 2288 parte
359 2220 532 2277 Karoli
584 2224 650 2278 de
702 2224 1018 2293 proceribus
1059 2226 1248 2280 Emmo
1290 2226 1356 2280 de
1399 2226 1626 2296 Longia,
1661 2226 1755 2296 qui

195 2320 301 2364 erat
329 2311 474 2366 miles
500 2311 742 2384 Hugonis
769 2315 942 2378 ducis,
979 2323 1034 2370 et
1064 2315 1233 2369 lletdo
1259 2317 1352 2348 ¹⁰⁸⁸
1378 2316 1550 2371 ﬁdelis
1577 2317 1756 2372 Karoli

199 2403 392 2469 etalii;
429 2419 492 2459 ex
535 2416 690 2475 parte
722 2423 850 2460 vero
899 2409 1175 2463 Godefridi
1221 2410 1389 2465 multo
1431 2410 1654 2480 plures;
1704 2417 1759 2466 et

201 2492 301 2564 ipse
325 2494 635 2563 Godefridus
663 2499 848 2554 lancea
881 2501 1158 2571 perfossus
1187 2503 1252 2556 ad
1288 2512 1486 2558 terram
1523 2504 1757 2572 cecidit;

202 2586 396 2642 tandem
425 2605 453 2643 a
477 2591 591 2645 suis
617 2601 738 2661 post
772 2593 901 2648 solis
922 2608 1175 2649 occasum
1201 2605 1494 2664 utcumque
1516 2597 1760 2653 sublatus

98 2681 100 2688 ί
200 2676 590 2752 deportatusque
631 2691 732 2737 est.
764 2683 865 2750 Qui
913 2694 1094 2756 postea
1129 2703 1224 2757 per
1250 2690 1425 2758 spatia
1451 2698 1762 2759 temporum

200 2767 339 2830 vixit.
387 2773 476 2826 sed
531 2789 822 2843 numquam
875 2776 1115 2845 pristinze
1181 2780 1398 2833 sanitati
1445 2779 1761 2850 plenissime

203 2857 462 2913 restitutus
496 2858 614 2914 fliit.
646 2861 906 2918 Arnulfus
939 2865 1154 2934 quippe,
1194 2876 1250 2921 ut
1293 2866 1475 2922 ferunt
1497 2869 1758 2935 nonnulli,

1856 1703 1986 1742 vero
2032 1689 2245 1758 paschae
2300 1687 2533 1756 primum
2579 1684 2672 1715 ¹⁰⁹⁶
2700 1684 2751 1737 in
2803 1681 3018 1751 propria
3056 1678 3257 1732 resedit
3290 1677 3437 1731 sedc.

1857 1779 2116 1834 Hadulfus
2151 1778 2527 1833 Noviomensis
2568 1776 2870 1846 cpiscopus,
2914 1772 3002 1841 qui
3043 1778 3162 1824 erat
3201 1778 3444 1838 tempore.

1856 1872 2068 1942 prolixo
2097 1870 2313 1941 paralisi
2348 1870 2581 1940 pessime
2623 1880 2932 1938 percussus,
2966 1861 3244 1916 nativitate
3271 1859 3443 1914 sancti

1855 1964 2116 2019 Johannis
2139 1962 2414 2032 Baptistae,
2448 1974 2566 2029 quae
2596 1966 2705 2010 tum
2730 1955 2988 2024 temporis
3007 1949 3274 2005 dominica
3290 1947 3444 2002 acci-

1858 2056 1935 2110 dit
1958 2055 2063 2120 die,
2118 2053 2366 2123 spiritum
2402 2050 2675 2105 exhalavit
2719 2048 2831 2100 ⁸⁰⁹⁷.
2880 2045 3001 2115 Ipso
3031 2059 3172 2098 anno
3206 2051 3447 2111 tempore

1859 2147 2143 2202 vindemiae
2191 2161 2384 2215 magna
2418 2142 2521 2196 fuit
2558 2141 2710 2210 copia
2759 2138 2890 2201 vini,
2931 2137 2983 2190 in
3017 2143 3226 2189 tantum
3251 2141 3311 2186 ut
3339 2147 3446 2185 non

1859 2240 2086 2310 amplius
2118 2254 2216 2308 pro
2259 2251 2366 2290 uno
2396 2235 2504 2289 vini
2538 2234 2630 2267 ¹⁰⁹⁸
2657 2231 2835 2286 modio
2876 2228 3186 2282 venditores
3223 2224 3327 2280 nisi
3354 2232 3448 2277 aut

1860 2328 2097 2399 quinque
2123 2336 2216 2380 aut
2236 2334 2495 2396 quattuor
2517 2338 2610 2378 seu
2641 2332 2751 2377 tres
2767 2320 2857 2351 ¹⁰⁹⁹
2874 2316 3124 2372 denarios
3145 2316 3210 2369 ab
3236 2321 3448 2385 empto-

1862 2420 2012 2474 ribus
2038 2418 2391 2486 accipiebant.

1929 2509 2088 2566 Anno
2136 2509 2239 2564 978
2283 2509 2367 2562 vir
2409 2506 2620 2562 Domini
2662 2502 3014 2559 Malcallanus
3063 2497 3179 2565 ίίοθ,
3229 2495 3450 2551 natione

1862 2601 2204 2664 liibernicus,
2235 2599 2289 2653 in
2313 2599 2494 2669 vigilia
2523 2596 2695 2652 sancti
2731 2592 3001 2650 Vincentii
3032 2588 3205 2644 levita:
3234 2579 3288 2641 et
3307 2599 3456 2640 mar-

1864 2695 1983 2748 tiris
2005 2695 2169 2748 vitam
2197 2693 2587 2753 transitoriam,
2617 2703 2777 2759 quam
2822 2685 3055 2740 habebat
3081 2695 3300 2736 exesam
3335 2679 3450 2744 “°‘,

1865 2785 2121 2849 deseruit,
2145 2793 2198 2838 et
2225 2800 2349 2838 cum
2385 2783 2493 2836 Deo
2524 2782 2663 2846 vivo,
2695 2779 2780 2833 cui
2810 2777 2902 2808 ¹¹⁰¹
2932 2775 3298 2830 indesinenter
3321 2771 3448 2825 dum

1864 2876 2042 2930 adhuc
2071 2875 2274 2929 viveret
2293 2872 2515 2928 servivit
2539 2871 2653 2935 ¹¹⁰³,
2686 2870 2867 2924 vivere
2898 2867 3128 2933 feliciter
3150 2859 3443 2918 inchoavit.

202 2942 365 3015 ευςθιη
390 2950 589 3005 tamdiu
630 2967 882 3009 remeans
909 2957 1100 3021 tenuit,
1129 2972 1410 3028 quousque
1453 2959 1504 3013 in
1542 2961 1757 3030 propria
1787 2952 1833 3016 C
1865 2965 2234 3036 Quipraefatus
2265 2965 2433 3019 abbas
2465 2965 2516 3018 in
2548 2961 2642 2993 ¹¹⁰⁸
2659 2975 2886 3030 corpore
2919 2960 3192 3023 humatus,
3219 2953 3455 3026 quiescit

203 3039 420 3106 veniens,
446 3043 726 3113 quiescere
749 3048 941 3117 quivit.
975 3049 1092 3118 Ipso
1112 3050 1164 3103 in
1197 3065 1340 3106 anno
1370 3051 1525 3106 tertia
1551 3053 1758 3107 decima

203 3123 444 3226 Kalendas
477 3132 719 3189 Januarii
759 3139 954 3207 prmsul
985 3139 1181 3195 liorico
1210 3151 1410 3197 sanctae
1432 3141 1757 3198 Laudunen-

205 3221 273 3271 sis
295 3221 551 3290 :eeclesize,
585 3226 678 3294 qui
715 3235 833 3280 erat
861 3227 1082 3298 langore
1122 3230 1214 3262 ¹⁰⁸⁹
1250 3231 1470 3301 paralisi
1511 3232 1603 3264 ¹⁰⁹⁰
1635 3247 1759 3287 cor-

208 3319 390 3380 reptus,
415 3323 533 3384 post
558 3316 763 3372 multas
786 3333 850 3372 ac
873 3318 1082 3376 debitas
1109 3321 1220 3376 Deo
1257 3337 1357 3392 pro
1389 3323 1502 3394 ipsa
1533 3322 1765 3377 i:.flrmi-

1863 3058 1918 3112 in
1944 3057 2186 3112 accclesia
2218 3055 2358 3110 beati
2388 3051 2664 3108 Michaelis
2693 3049 3036 3118 archangeli;
3089 3047 3242 3115 cujus
3286 3045 3452 3099 abba.

1864 3149 2015 3211 tiam,
2052 3147 2178 3201 dum
2225 3144 2580 3215 corporaliter
2624 3143 2676 3197 in
2730 3144 2833 3198 hoc
2862 3139 3046 3196 seculo
3079 3139 3264 3194 vivens
3299 3149 3455 3191 man-

1867 3237 1940 3293 sit
1963 3236 2074 3300 “°’,
2105 3236 2194 3306 pio
2228 3234 2595 3291 moderamine
2621 3232 2784 3287 rexit.

1687 3437 1941 3509 Ea'plicil.

1497 3566 1730 3622 VARl/E
1771 3565 2178 3623 LECTIONES.

272 3670 422 3749 ""4:
435 3675 570 3729 Hinc
600 3677 839 3749 dimidia:
866 3680 1071 3749 pagina:
1095 3681 1320 3749 spatium
1363 3690 1509 3734 vacat
1534 3683 1588 3735 1.
1667 3681 1758 3713 ¹⁰⁸⁵
1792 3681 1892 3734 Hic
1912 3680 2086 3748 deﬁcit
2120 3679 2277 3733 codd.
2310 3678 2346 3731 2
2373 3692 2425 3730 a.
2481 3677 2596 3749 _‘°“
2623 3674 3036 3749 quadragesimo
3067 3674 3141 3749 5._
3196 3668 3454 3749 "fundi-

205 3743 367 3800 ctione
393 3745 444 3800 5.

207 3814 361 3882 ptimo
382 3817 587 3872 decimo
635 3818 669 3871 5
711 3819 763 3871 b.

211 3881 292 3915 ¹⁶⁹⁷
315 3888 536 3940 exalavit
580 3889 635 3940 5.

213 3951 295 3987 ⁸³⁸³
319 3971 434 4011 cum
471 3958 700 4014 Domino
721 3957 878 4028 cujus
901 3961 954 4014 5.
1036 3961 1128 3992 ³⁸⁸³
1167 3951 1468 4017 serviverat
1512 3962 1566 4016 5.

531 3747 736 3822 ’°"_d_.
768 3747 978 3822 Ahettt‘o
1005 3752 1058 3804 5.
1122 3747 1229 3822 ⁷ξ⁰⁸⁹
1275 3750 1534 3822 languore
1569 3752 1623 3805 Ξ.
1700 3753 1793 3784 ¹⁰⁹⁰
1825 3747 2154 3822 paralisis

845 3819 937 3850 “"
968 3835 1106 3873 noua
1133 3819 1184 3874 5.
1247 3819 1389 3875 nouo
1424 3822 1458 3874 5
1500 3824 1553 3877 b.
1631 3822 1724 3854 ¹⁰⁹⁵
1765 3819 1903 3875 deest
1929 3822 1982 3872 5.

716 3889 812 3960 ιοθέ
848 3891 955 3943 vini
983 3907 1090 3943 uno
1139 3891 1192 3944 5.
1271 3891 1364 3922 ¹⁰⁹⁹
1389 3907 1440 3960 q.
1475 3906 1691 3946 severos
1715 3894 1766 3945 tl.
1793 3893 1846 3946 5.

1646 3963 1738 3994 ¹¹⁰ι
1769 3962 1908 4017 deest
1929 3962 1983 4015 2.
2063 3961 2156 3994 ¹¹⁹⁶
2183 3976 2228 4015 s.
2260 3951 2580 4014 mane'ret‘S.

2255 3749 2345 3781 ¹⁰⁹¹
2373 3739 2658 3802 adalberto
2713 3745 2767 3799 2.
2817 3739 3072 3797 εῐιιειὺθτο
3109 3743 3163 3796 5.
3242 3739 3338 3779 ⁸⁸⁸⁸
3366 3755 3454 3794 se-

2085 3819 2177 3851 mr
2217 3819 2396 3873 Remis
2444 3818 2676 3886 denique
2707 3816 2760 3870 5.
2791 3885 2809 3886 η
2850 3813 2944 3886 ξ⁰²⁶
2987 3815 3166 3886 Ρΐῖιηίι
3195 3809 3275 3865 2?
3317 3809 3355 3866 δ

1928 3890 2360 3944 ¹¹⁰⁰Μιι1υτιιιὶιιυε
2389 3890 2442 3942 5.
2469 3877 2764 3943 maléalnus
2785 3885 2820 3939 5
2849 3885 2902 3940 b.
2983 3877 3073 3916 ι’ίοί
3109 3894 3358 3937 exossam
3384 3877 3438 3933 2.

1645 4205 1879 4263 NOTAE.

275 4337 408 4414 (ηδ)
436 4341 636 4398 Filium
667 4341 950 4412 Ludovici,
981 4340 1204 4396 fratrem
1233 4339 1498 4404 Lotbarii,
1530 4352 1739 4410 regum.
