3872 5326
149 301 261 358 495

151 410 416 482 Angelico
438 409 612 465 doctis
639 410 843 465 monitu
875 409 1202 480 pastoribus.
1231 407 1287 462 ltt
1314 415 1366 463 te

151 501 392 557 Cwlicus
419 510 672 555 ostensus
696 501 851 570 panis
876 514 984 570 quo
1007 498 1189 554 vivere
1209 497 1448 566 gaudent

151 592 384 661 Agmina
416 590 562 646 celsa
591 591 724 660 poli,
753 591 952 661 gaudet
981 604 1089 658 quo
1117 589 1300 643 vivere
1327 587 1578 651 mundus,

130 680 310 750 ,(llG)
340 679 602 736 Primitiis
631 681 853 746 nostris,
883 681 935 734 in
969 688 1020 733 te
1049 678 1277 734 salvatio
1305 685 1494 732 nostra

133 757 308 836 3'Visa,
342 774 573 829 docente
607 784 779 838 astro,
811 773 1116 842 donataque
1135 787 1359 825 munere
1382 770 1562 838 digno.

119 885 134 914 π
154 864 363 933 [lisque
391 863 523 918 fides
553 871 664 917 toto
693 871 752 917 ut
777 871 995 917 maneat
1023 861 1271 917 devotior
1302 874 1439 923 atro,

155 956 398 1027 Virginis
428 973 495 1011 ex
520 957 716 1011 haustu
745 957 944 1011 sacrati
969 956 1086 1010 haec
1111 956 1223 1024 ipsa
1248 951 1430 1008 Maria:

156 1046 328 1103 Stella
359 1047 540 1102 nitens
568 1048 712 1117 putei
745 1049 990 1116 signatur
1014 1046 1162 1102 fonte
1195 1044 1363 1109 tueri,

155 1137 426 1194 Omnibus
455 1139 598 1193 haud
628 1139 853 1210 passim,
877 1138 1090 1194 mundis
1112 1137 1276 1192 modo
1301 1135 1486 1198 corde,
1518 1140 1744 1188 retecta.

156 1231 290 1299 Quae
315 1232 603 1286 tenebrosa
630 1232 741 1298 ditt,
772 1247 890 1303 quae
913 1231 1115 1302 perfida
1147 1229 1310 1287 corda
1336 1229 1584 1299 gerebas,

158 1321 296 1376 Caeli
323 1321 506 1376 lumen
544 1323 694 1377 ltutni
726 1323 946 1378 latitans
975 1323 1207 1394 Egypte
1234 1334 1502 1376 reservas.

157 1413 400 1479 Nazara,
425 1415 716 1490 magniﬁco
747 1414 874 1470 felix
905 1414 1238 1485 splendescis
1269 1413 1488 1467 alumno

157 1505 260 1573 Qui
291 1516 511 1560 terrena
547 1505 757 1571 fovens,
787 1505 1030 1561 caelestia
1056 1504 1176 1559 luce
1207 1507 1465 1568 serenat,

159 1595 551 1665 llumanasque
576 1597 787 1652 animas
823 1612 1018 1667 supero
1045 1596 1249 1667 fulgore
1272 1595 1568 1658 decoratis,

160 1683 235 1738 De
259 1686 480 1754 propria
512 1686 712 1739 virtute
746 1687 826 1740 sui
855 1685 995 1740 bona
1028 1694 1224 1740 cuncta
1257 1683 1550 1739 ministrat.

160 1775 289 1843 Quae
315 1776 522 1846 pridem
555 1777 792 1834 tenebris
817 1795 1029 1843 errans,
1059 1777 1299 1842 Galilaea,
1333 1776 1537 1831 latebas
1558 1816 1574 1840 ,

162 1865 390 1936 Suspice
403 1882 760 1938 progressum
786 1868 966 1924 lumen
998 1870 1062 1923 de
1092 1869 1295 1924 lumine
1333 1883 1545 1922 verum.

162 1955 240 2012 Tu
263 1974 500 2029 quoque,
528 1960 688 2031 digna
719 1961 890 2027 Cana,
920 1971 1074 2032 grato
1103 1961 1285 2014 lcclarc
1323 1960 1518 2015 decore

162 2048 280 2115 Quo
309 2049 545 2104 validum
575 2051 686 2105 vini
715 2052 962 2120 concepit
987 2051 1204 2123 lympha
1231 2064 1499 2120 saporem.

161 2138 404 2196 Fimbria
435 2149 717 2197 contactos
743 2144 1068 2198 medicantis
1097 2142 1474 2199 Genncsarcos

163 2228 476 2284 Morborum
502 2239 755 2300 :egrotos,
779 2232 932 2301 pulso
957 2234 1048 2287 dat
1071 2233 1284 2288 turbine
1312 2233 1481 2288 laetos.

167 2315 308 2372 Villa
336 2319 742 2391 Capharnaum,
777 2323 1038 2378 virtutum
1067 2339 1289 2378 munere
1317 2323 1548 2395 pinguis,

168 2406 458 2465 Ditescens
481 2411 674 2464 harum
706 2411 812 2466 late
837 2413 1105 2483 respergis
1131 2413 1375 2476 odorem,

167 2500 283 2568 Quo
305 2503 479 2557 variis
502 2512 798 2574 properant
819 2514 1009 2572 gentes
1037 2503 1346 2576 regionibus
1369 2503 1445 2558 uti

166 2592 231 2647 Et
263 2592 465 2648 ﬂamen
491 2595 614 2649 vita:
637 2611 794 2649 sensu
826 2604 1046 2665 captare
1066 2595 1209 2650 fideli

170 2682 392 2737 Sidonis
413 2683 674 2754 Tyriique
699 2684 822 2750 viri,
847 2685 1128 2756 Syriaeque
1163 2684 1361 2749 coloni,

171 2770 362 2828 Plebes
398 2772 706 2844 Judaetnque
735 2773 1174 2844 Samaritumque
1201 2783 1453 2829 catervas.

171 2861 452 2919 Bethanize
478 2865 656 2931 tellus,
687 2865 897 2936 gemina
921 2867 1121 2921 virtute
1149 2865 1384 2936 refulgcs
1410 2879 1426 2920 :

171 2952 300 3006 Aret
320 2968 428 3022 qua
455 2955 680 3021 sterilis,
707 2955 878 3026 surgit
903 2957 969 3011 de
1007 2965 1180 3011 morte
1208 2955 1401 3010 fidelis.

171 3039 214 3098 Ο
240 3043 481 3116 Solyma:
513 3060 734 3115 nomen,
756 3062 990 3119 quonam
1019 3056 1070 3103 te
1101 3046 1342 3102 carmine
1364 3044 1629 3117 pangam!
1727 3061 1732 3066 ’

590 297 681 353 DE
715 293 1094 354 TRIUMPI-IIS
1123 291 1398 354 CHRISTI
1429 289 1519 350 ET
1561 271 1664 348 SS.
1688 273 2126 350 PALES'I‘INE
2155 289 2342 350 LIBRI
2377 288 2578 349 TBES.
2619 317 2689 334 --
2730 291 2860 349 LIB.
2904 289 2948 346 I.

3316 285 3426 348 ιω

1664 426 1670 434 ί
1765 407 1814 464 Δ
1843 403 1886 461 0
1905 402 2227 491 Jerusalem,
2263 405 2412 476 pacis
2430 420 2550 476 quae
2580 405 2717 461 visio
2737 405 2876 461 dicta

1845 495 2134 552 Pacilicutn
2172 513 2353 567 regem
2381 499 2619 568 spernis!
2661 497 2799 565 Quid
2829 495 3013 552 munla
3043 508 3194 567 pacti

1843 592 2083 658 Amittis,
2107 591 2309 662 proprii
2334 591 2605 647 contraria
2628 591 2887 655 nominis,
2913 588 3120 644 audens

1843 685 2134 741 Auctorem
2167 685 2338 754 pacis,
2363 684 2454 754 qui
2483 683 2777 739 conciliare
2796 681 3046 753 supernis

1843 773 1952 829 Res
1976 775 2112 843 petit
2139 775 2428 840 humanas,
2455 774 2825 844 pessumdare.
2858 772 3076 828 Perdita
3100 785 3352 843 quaerens

1846 867 2102 922 Terribili
2124 877 2338 936 spectas
2365 869 2688 924 morientem
2713 866 2944 938 pessima
2977 866 3147 940 vultu,
3175 939 3178 942 .
3321 859 3342 944 ἰ

1847 959 1999 1027 Quod
2023 960 2303 1030 pavefacta
2329 968 2474 1014 metu
2503 959 2718 1030 fugiunt
2745 957 3012 1014 elementa
3036 959 3250 1014 videre!

1843 1051 2017 1106 Terra
2044 1051 2248 1115 tremit,
2278 1051 2462 1105 radios
2487 1049 2674 1106 condit
2703 1049 2783 1105 sol
2807 1048 2927 1105 Iuce
2956 1048 3157 1122 fugata,

1849 1142 1994 1200 Saxa
2038 1151 2302 1214 crepant,
2356 1150 2704 1199 monumenta
2754 1149 2970 1213 patent,
3027 1147 3156 1196 sunt
3203 1140 3428 1196 carbasa

3133 1229 3360 1314 [scissas

1849 1327 2048 1384 Durior
2076 1334 2131 1385 et
2161 1326 2306 1383 saxis
2328 1326 2508 1382 neseis
2547 1325 2658 1381 fera
2689 1323 2934 1381 scindere
2959 1323 3158 1380 corda!
3322 1310 3333 1358 Ῡ
3407 1310 3419 1358 -ῗ

1851 1417 2121 1473 Funditu‘s
2149 1432 2416 1482 eversam,
2443 1432 2550 1486 quo
2573 1425 2626 1472 te
2657 1416 2914 1487 prodente
2942 1423 3094 1471 reatu

1850 1508 2130 1575 Novimus,
2161 1516 2215 1563 et
2241 1508 2430 1579 dignas
2474 1508 2700 1563 solvisse
2723 1507 2963 1578 piamine
2985 1520 3200 1578 poenas.

1851 1598 1922 1654 At
1956 1587 2099 1652 nunc
2129 1597 2182 1651 in
2205 1596 2398 1652 melius
2420 1605 2671 1668 reparata
2697 1597 2904 1662 nitens,
2931 1597 3189 1668 pretiosa:

1854 1687 2022 1759 Ligna
2051 1686 2230 1741 crucis
2258 1700 2465 1752 servas,
2493 1694 2548 1740 et
2587 1686 2730 1742 celsa
2759 1695 2958 1757 tropaea
2983 1685 3287 1757 resignatis,

1777 1753 1824 1815 Β
1856 1753 1988 1834 ῡιῆη
2011 1777 2124 1846 jam
2151 1776 2528 1832 Christiferum
2552 1776 2828 1846 placamus
2847 1753 3060 1831 honore
3097 1753 3433 1852 sepulcrum,

1856 1870 2006 1927 Unde
2030 1868 2237 1924 inferna
2263 1878 2452 1939 petens
2474 1877 2660 1939 portas
2689 1868 2952 1938 confregit
2975 1868 3172 1923 Averni

1853 1963 2060 2032 Agnus,
2087 1971 2142 2017 et
2170 1976 2472 2032 exsurgens
2495 1960 2699 2016 tumulo
2721 1960 2889 2031 spolia
2921 1959 3096 2031 ampla
3127 1956 3362 2017 reduxit.
3399 1979 3424 1992 -~

1853 2054 2057 2126 Inclyta
2088 2068 2194 2124 qua
2222 2053 2383 2108 niveo
2411 2053 2567 2108 tellus
2589 2052 2797 2107 radiata
2823 2053 3043 2118 decore,

1854 2144 2111 2216 Corporis
2141 2159 2204 2198 ac
2229 2142 2424 2197 summi
2452 2151 2626 2197 tactus
2645 2142 2856 2214 oppleta
2885 2143 3095 2214 vigore,

1854 2232 2057 2288 llausta
2079 2232 2254 2303 replet
2284 2231 2450 2287 varia:
2479 2232 2739 2286 mundum
2768 2231 3053 2302 splendore
3081 2231 3258 2287 nitela!
3284 2248 3298 2285 :

1856 2322 2097 2379 Morbida
2126 2321 2367 2378 membra
2399 2320 2609 2390 levans,
2641 2329 2805 2391 atque
2847 2330 2968 2377 atra
3012 2335 3216 2378 venena
3261 2316 3439 2396 repel-
3510 2359 3518 2368 .

3199 2410 3362 2485 (lens.
3399 2407 3410 2440 ·’

1857 2501 2036 2571 Quare
2065 2517 2212 2559 nunc
2244 2501 2417 2573 magis
2447 2516 2506 2557 es
2529 2508 2641 2557 toto
2668 2501 2994 2558 venerabilis
3021 2500 3156 2557 orbe
3413 2501 3422 2534 ῖ·

1858 2595 2030 2661 Quam
2067 2594 2338 2664 quondam
2368 2592 2530 2647 unius
2559 2607 2757 2647 curans
2784 2591 3044 2647 solemnia
3075 2591 3271 2663 gentis,

1857 2683 2014 2739 Mons
2052 2684 2203 2747 uber,
2237 2698 2394 2738 mons
2423 2681 2702 2738 exsultans
2722 2722 2737 2748 ,
2765 2696 2921 2737 mons
2947 2682 3167 2754 pinguis
3192 2681 3372 2748 olirze,

1857 2773 2301 2828 lmmarcescibili
2336 2773 2580 2828 retinens
2612 2773 2836 2843 vestigia
2871 2770 2996 2828 feno

1858 2870 2032 2936 Felix,
2066 2887 2186 2942 quae
2207 2870 2444 2937 Domini,
2461 2869 2649 2950 Patris
2677 2869 2871 2926 solium
2893 2868 3204 2938 subeuntis,

1860 2961 2189 3034 lmpressere
2212 2959 2400 3034 pedes,
2433 2961 2558 3018 caeli
2581 2975 2821 3018 convexa
2849 2969 3117 3034 petentes.

1643 3195 1872 3257 CAPUT
1909 3197 1976 3254 Il.

1314 3311 1390 3367 De
1409 3313 1625 3369 ecclesia
1653 3309 1895 3371 beam”!
1900 3311 2029 3368 aria:
2055 3309 2224 3383 (147).

173 3436 323 3493 Felix
352 3435 568 3492 ovallis
593 3434 872 3508 .Iosaphat,
907 3453 1028 3508 qua:
1061 3439 1302 3495 membra
1331 3439 1502 3497 beatae

179 3530 424 3599 Virginis
453 3539 618 3600 atque
646 3529 740 3584 Dci
771 3531 1046 3601 genitricis
1077 3532 1277 3586 habere
1313 3531 1488 3588 locata

177 3619 352 3690 Digna
394 3628 612 3688 reperta
655 3619 896 3689 quidem,
927 3621 1020 3674 sed
1061 3637 1168 3675 non
1201 3623 1535 3679 abscondere
1577 3621 1764 3679 mundi

183 3713 347 3781 Digna
373 3713 465 3767 ditt
499 3712 731 3777 stellam,
757 3713 921 3767 divini
957 3713 1174 3768 luntinis
1197 3713 1372 3766 aulam
1395 3753 1412 3779 ,

180 3803 326 3858 Luce
353 3813 758 3868 coruscantem,
789 3820 950 3874 quant
983 3804 1258 3874 splendida
1281 3804 1392 3858 lilia
1415 3803 1657 3872 vallant,

183 3893 431 3948 Ilumano
459 3894 669 3964 generi,
695 3894 926 3950 rutilans
957 3911 1077 3966 qua:
1096 3894 1260 3964 jattua
1293 3895 1427 3952 lucis

185 3986 415 4051 Effulsit,
448 3987 682 4057 malique
712 3989 910 4058 palatia
934 3988 1078 4043 celsa
1115 3987 1356 4042 reclusit.

185 4077 542 4135 Constantino
562 4079 742 4133 aulam
773 4081 925 4150 cujus
956 4079 1254 4134 lubricante
1294 4079 1622 4150 parandam,

186 4170 444 4227 Traditur
474 4175 582 4228 huc
631 4183 816 4228 vastas
847 4173 999 4227 illum
1021 4173 1344 4242 applicuiSse
1373 4171 1654 4227 columnas

182 4265 464 4333 Aptandas
489 4265 666 4334 operi,
703 4273 814 4320 tum
839 4264 1048 4319 nisibus
1068 4264 1263 4319 ordine
1292 4264 1476 4334 plures

183 4352 432 4410 Artiﬁces
459 4355 674 4410 trivisse
698 4355 834 4420 dies,
867 4354 1012 4408 nulla
1037 4349 1414 4425 artejuvante.
1453 4378 1455 4380 ·
1488 4349 1492 4356 “

185 4444 408 4502 Cassan
434 4448 656 4503 tandem
689 4445 888 4519 ingenii
921 4447 1208 4502 conamine
1228 4456 1448 4510 cuncto.

187 4533 345 4607 Virgo
373 4538 612 4610 benigna
646 4525 805 4594 docet
833 4554 938 4609 qua
964 4539 1070 4593 sint
1096 4534 1296 4593 virtute
1323 4537 1566 4594 locandce
1593 4549 1633 4592 :‘

184 4624 452 4683 Admonet
475 4626 780 4696 redicolam,
811 4635 933 4699 post
955 4627 1111 4684 irrita
1142 4636 1317 4698 erepta
1354 4621 1652 4699 soporum,

1790 4135 1796 4175 ’l
1868 4168 2028 4226 Alma
2059 4169 2274 4247 quidem
2306 4185 2476 4242 puero
2503 4187 2622 4243 qua:
2646 4170 2876 4243 praebuit
2904 4171 3072 4228 ubera
3105 4135 3348 4240 Christo,

1708 4698 1710 4700 ,
1795 4639 1851 4700 D

1791 3423 1838 3514 C
1868 3445 1984 3500 Arti
2009 3445 2135 3515 quid
2160 3443 2371 3515 jungat,
2402 3440 2598 3498 divinis
2628 3451 2802 3499 terrea
2835 3443 3072 3499 cedant:

1867 3535 2124 3592 Aferulis
2150 3549 2348 3604 pueros
2381 3542 2492 3589 tres
2547 3542 2775 3598 evocet,
2818 3533 3026 3605 hacque
3049 3533 3270 3604 juvetur
3345 3535 3350 3538 ’

1867 3626 2106 3682 Innocua
2129 3625 2406 3680 annitente
2432 3641 2623 3691 manu;
2649 3635 2974 3696 superetque
3003 3623 3264 3681 laborent.

1870 3716 2081 3771 Mature
2103 3729 2329 3786 surgens
2356 3716 2592 3768 monitus
2617 3715 2705 3771 ille
2735 3717 2896 3771 edere
2921 3724 3096 3772 certat

1876 3805 2224 3876 Pusiolosque
2249 3804 2430 3861 schola
2458 3817 2567 3862 tres
2594 3807 2793 3875 acciet,
2825 3817 2991 3878 utque
3016 3809 3274 3879 probetur

1873 3898 2232 3968 Simplicitate
2263 3898 2429 3951 Deum
2480 3897 2737 3967 gaudere,
2768 3906 3014 3970 patratur
3036 3897 3088 3953 in
3119 3898 3251 3955 hora
3294 3894 3297 3896 ’

1869 3989 1968 4045 llis
1991 3987 2134 4061 quod
2158 3987 2326 4043 multa
2359 3987 2535 4043 virum
2583 4004 2777 4046 manus
2825 3998 2946 4046 arte
2973 4005 3233 4064 moraque
3261 3974 3424 4061 nequi

3249 4083 3372 4158 [ne

1873 4255 1999 4318 Sola
2030 4259 2124 4316 Dei
2155 4263 2411 4331 genitrix,
2439 4273 2493 4318 et
2517 4264 2671 4335 virgo
2695 4279 2960 4335 puerpera
2995 4262 3133 4334 sola,
3228 4278 3232 4282 λ

1871 4354 2002 4422 Qua:
2030 4355 2154 4410 coeli
2186 4353 2318 4409 fovit
2350 4355 2494 4426 regis
2517 4354 2742 4424 puerilia
2767 4355 3032 4421 membra,

1870 4444 2168 4501 Parvorum
2192 4446 2390 4501 rectrix
2420 4456 2475 4499 et
2500 4445 2862 4516 simplicitatis
2890 4444 3120 4500 amatrix

1874 4535 2080 4606 Enitet,
2104 4537 2474 4608 exemplisque
2495 4536 2689 4609 probat
2716 4550 2774 4594 se
2804 4547 3030 4595 noscere
3056 4552 3278 4608 parvos.

1603 4775 1994 4850 -csrurtu.

1351 4887 1429 4943 De
1454 4903 1616 4958 puero
1639 4889 1704 4944 ab
1729 4888 1848 4960 igne
1877 4886 2097 4941 liberato
2127 4882 2320 4957 (HT).

189 5011 275 5069 Sic
304 5027 534 5084 puerum
569 5009 811 5066 truciore
840 5022 970 5080 rogo
999 5006 1292 5078 Babylonis
1314 5007 1590 5068 adactum,

192 5103 352 5140 ﬂuam
380 5114 542 5140 nolnl-
597 5102 984 5140 ncnitlilmcmm
1015 5101 1250 5140 foricmm
1282 5098 1512 5140 farm-int-
1537 5097 1618 5140 ira

1877 5002 2127 5059 Mollibus
2155 5009 2214 5056 ut
2242 4998 2463 5070 plumis,
2493 4999 2664 5057 roseis
2697 5000 3040 5059 discumbere
3069 5018 3321 5087 prun“

1879 5091 2156 5140 Cernitur-
2186 5099 2242 5140 et
2269 5098 2452 5140 ranttts
2473 5089 2652 5140 nonuli
2685 5091 2922 5140 slinante
2954 5107 3198 5140 nomn“
