3872 5326
450 263 558 322 ωδ
1046 315 1048 318 ,
1203 250 1593 318 FLODOARDI
1628 247 1947 305 CANONICI
1986 243 2334 302 REMENSIS
2371 241 2736 300 OPUSCULA
2777 240 3102 297 METRICA.
3599 235 3696 298 ωε

1903 381 2129 439 CAPUT
2165 381 2253 437 ιν.

1234 479 1306 534 De
1329 477 1588 547 beneﬁciis
1613 475 1924 547 quibusdam
1954 475 2200 542 prwstitis
2221 489 2314 542 per
2333 472 2538 525 beatam
2567 469 2796 524 Mariam
2827 467 2995 540 (148).

455 600 670 672 Colligit
691 598 804 654 haec
835 610 1030 668 parvos
1051 594 1154 648 hac
1181 590 1528 662 simplicitate
1555 589 1808 654 nitentes,
2065 593 2115 651 Α
2144 587 2211 641 Et
2236 586 2392 656 stipls
2415 583 2649 654 indignis
2676 583 2850 638 victus
2875 579 3136 637 solamina
3163 579 3377 636 confert
3401 598 3415 634 :

453 671 612 760 Quos,
631 688 942 756 ubicunque
972 693 1179 755 tegens,
1210 681 1410 735 mundo
1435 678 1640 734 solatur
1667 677 1721 732 in
1755 675 1922 733 omni.
2143 679 2348 735 Horrea
2374 679 2457 733 vel
2482 679 2672 733 subita:
2710 677 2923 747 replens
2947 673 3311 730 cumulamine
3341 671 3546 742 frugis,

455 783 497 837 E
531 781 730 853 quibus
758 779 815 834 in
839 777 1054 848 Solyma
1084 776 1269 846 plures
1299 780 1541 835 tutatur;
1574 779 1796 840 egentes
2143 769 2313 826 Sacra
2340 768 2423 824 vel
2452 767 2690 824 aureolis
2717 781 2952 824 onerans
2983 765 3174 821 altaria
3207 763 3420 820 massis.

453 877 718 960 Confovet
743 890 813 933 ac
832 873 957 929 vitae
985 869 1239 941 suffragia
1267 861 1786 938 praestat'alumnis':

1891 1035 2119 1093 CAPUT
2161 1035 2226 1093 γ.

1449 1135 1524 1190 De
1542 1132 1769 1206 quodam
1798 1132 2019 1204 pignora
2039 1131 2138 1186 Dei
2165 1128 2445 1187 Genitricis
2471 1128 2664 1198 ferente
2697 1124 2870 1197 (M9).

461 1287 633 1366 ipsius
655 1284 784 1361 hinc
809 1281 1028 1356 quidam
1057 1292 1278 1338 sumens
1310 1277 1394 1349 pia
1422 1275 1668 1346 pignora,
1693 1270 1885 1327 morbo
2142 1265 2616 1337 Prosubignntqne
2657 1261 2838 1334 ﬂagris
2883 1268 3096 1332 captum
3116 1301 3131 1327 ,
3181 1258 3509 1332 plexumqne
3557 1259 3699 1317 relino

461 1387 652 1424 nam
679 1389 875 1424 nutum
897 1376 1053 1424 nanis
1077 1371 1278 1424 Christi
1307 1371 1632 1424 baptismate
1651 1365 1796 1422 sacri
3431 1350 3640 1424 [ίΙιιυηιι

3457 1360 3640 1421 qunnt,

459 1387 654 1458 Leprae
679 1389 875 1439 exutus
897 1376 1053 1448 aquis
1077 1371 1278 1430 Christi
1307 1371 1632 1440 baptismate
1651 1365 1796 1422 sacri

458 1477 641 1548 (Saepe
661 1472 856 1546 quibus
882 1468 970 1524 tali
999 1465 1182 1537 plures
1203 1478 1233 1517 a
1261 1461 1380 1516 labe
1409 1458 1700 1548 levantur),

454 1546 596 1622 Dum
619 1562 824 1634 repetit
849 1557 1103 1630 patriam,
1133 1552 1333 1610 deserti
1375 1551 1590 1606 interna
1617 1546 1859 1600 latrones

453 1657 814 1713 Perscrutans
841 1650 1068 1722 patitur,
1090 1644 1309 1718 gerulus
1330 1641 1566 1697 nudatur
1592 1637 1816 1702 amictu,

453 1747 674 1802 Munera
702 1758 864 1814 capsa
895 1751 1081 1813 tegens
1101 1736 1331 1808 rapitur,
1359 1733 1671 1801 fulvumque
1695 1736 1882 1800 putata

454 1833 741 1892 Occultare
770 1832 972 1895 dolum,
1006 1843 1156 1900 spem
1183 1827 1362 1881 tracta
1391 1821 1666 1892 intercipit
1698 1819 1816 1874 auri
1843 1836 1858 1884 ;

452 1925 685 1999 Moxque
715 1937 848 1996 pyra
876 1935 1104 1978 accensa
1130 1916 1362 1974 ﬂammis
1387 1916 1606 1972 inventa
1637 1913 1944 1978 retrudnnt,

2145 1451 2246 1507 Vix
2280 1447 2368 1504 ille
2394 1461 2709 1516 exsurgens,
2738 1445 2977 1500 cinerum
3004 1453 3064 1499 nt
3095 1443 3330 1499 recidiva
3365 1452 3579 1513 recepta

2145 1541 2404 1612 Respicit,
2437 1538 2672 1594 incensis
2707 1545 2910 1590 astrata
2944 1535 3201 1590 immnnia
3228 1535 3418 1606 prunis
3441 1575 3458 1599 ,

2144 1625 2338 1684 Nescia
2365 1627 2616 1690 fervoris,
2653 1633 2888 1695 pretiosa
2906 1627 3088 1695 jacere
3128 1625 3329 1680 talenta
3349 1666 3364 1690 ,

2145 1718 2372 1788 Ipsaque
2406 1717 2660 1786 despecto
2692 1717 2984 1770 renitentia
3019 1705 3249 1786 tegmina
3284 1717 3473 1782 fumo;

2143 1809 2260 1864 Non
2291 1809 2530 1864 sensisse
2559 1809 2736 1880 ignes,
2769 1822 2984 1863 omnem
3011 1809 3282 1878 sprevisse
3307 1823 3580 1878 vaporem.

2145 1901 2434 1956 Immemor
2458 1900 2583 1955 hinc
2611 1914 2786 1969 paena:
2808 1899 3048 1969 gaudens
3076 1899 3196 1953 data
3225 1900 3442 1969 przemia
3469 1897 3624 1961 tollit,

2062 1989 2108 2048 Β
2137 1990 2316 2047 Laetus
2347 1992 2450 2046 iter
2473 1991 2663 2061 carpit,
2699 1999 2872 2059 empto
2899 1990 2949 2044 in
2990 2005 3086 2045 sna
3118 1991 3335 2045 tramite
3366 1989 3532 2044 ducit.

1908 2165 2138 2223 CAPUT
2177 2166 2262 2220 VI.

1659 2257 1757 2348 .De
1783 2259 1994 2326 ﬂuentis
2029 2256 2334 2312 Jordam'cis
2366 2252 2537 2326 (l50).

453 2375 690 2433 Vulnera
715 2375 988 2446 praedictis
1016 2389 1119 2444 qua
1154 2372 1307 2443 plura
1335 2369 1583 2426 lavantur
1609 2371 1659 2424 in
1701 2371 1862 2425 undis
2147 2365 2432 2428 Marmora,
2459 2371 2700 2419 sacratas
2738 2371 3048 2432 contingere
3089 2377 3187 2418 nec
3217 2361 3357 2417 valet
3391 2376 3582 2427 nnaas,

452 2466 907 2538 Corporishatqtie
935 2466 1147 2530 animai,
1178 2464 1372 2520 mulier
1395 2477 1531 2533 quas
1569 2463 1841 2519 moenibus
1870 2460 2000 2518 olim
2146 2457 2414 2514 Ulteriora
2442 2465 2630 2528 petens
2667 2455 2864 2520 amnis,
2903 2455 3258 2524 linqncnsqne
3287 2461 3546 2508 meatum.

452 2539 815 2612 Ilierieunteis
839 2555 1021 2610 nnniis
1049 2553 1261 2610 addicta
1286 2553 1496 2624 piaclis,
2142 2549 2326 2606 Mirari
2359 2557 2581 2620 praestat
2607 2548 2849 2619 populos,
2883 2549 3149 2604 edisserat
3175 2558 3330 2604 actus

451 2643 694 2702 Solemni
726 2644 791 2700 de
820 2661 972 2700 more
1002 2653 1210 2715 petens,
1242 2645 1500 2715 permisla
1536 2643 1748 2716 piorum
2143 2639 2370 2695 Conscia
2399 2638 2584 2709 ﬂagitii
2614 2639 2874 2709 rogitant,
2904 2639 3038 2695 serit
3064 2638 3149 2693 illa
3172 2649 3385 2708 patrata

449 2734 794 2806 Agminibns,
810 2733 1003 2803 ﬂuetus
1030 2734 1156 2788 dum
1178 2734 1370 2788 nititur
1394 2735 1568 2790 amnis
1589 2735 1747 2802 inire,
2143 2730 2417 2803 EXposita‘.
2441 2745 2672 2785 narrans
2693 2741 2882 2800 partus
2907 2731 3101 2786 edente
3123 2740 3273 2785 reatu

448 2822 642 2880 Aversi
670 2823 901 2896 fugiunt,
930 2823 1134 2894 liquido
1168 2832 1428 2878 renuente
1449 2822 1674 2889 ﬂuento,
2140 2822 2391 2878 Admissa
2419 2831 2628 2878 octona:
2653 2823 2756 2878 sibi
2783 2823 3077 2893 parricidia
3109 2823 3296 2893 prolis.

451 2914 587 2972 Tam
617 2902 720 2970 diri
749 2914 970 2971 infando
995 2913 1215 2970 sceleris
1239 2914 1545 2970 contamine
1573 2913 1740 2984 tangi.
2143 2911 2312 2981 Cujus
2332 2913 2458 2966 dum
2489 2912 2675 2982 plebes
2698 2913 2902 2969 scelera
2930 2915 3280 2986 expurgarier
3304 2923 3456 2977 orat,

450 3002 699 3078 Improba
727 3006 980 3062 cedentes
1011 3005 1254 3076 sequitur
1279 3018 1377 3076 per
1402 3004 1620 3076 limpida
1644 3004 1895 3076 lymphas
2143 3000 2329 3057 Alfusa
2363 3003 2477 3058 hzcc
2497 3003 2770 3074 precibus,
2789 3003 2996 3060 facinus
3019 3021 3086 3060 ne
3113 3005 3348 3075 duplicct
3381 3003 3541 3059 efﬂat.

1917 3172 2144 3230 CAPUT
2181 3173 2292 3230 VII.

1660 3264 1738 3319 De
1765 3275 1948 3319 sancto
1976 3265 2186 3320 Joanne
2208 3265 2414 3335 Baptist

453 3381 622 3457 Yates
642 3394 750 3452 quo
778 3395 937 3456 nemo
963 3381 1016 3436 in
1047 3380 1328 3437 muliebria
1361 3381 1586 3450 pignora
1617 3382 1815 3452 major,
2061 3364 2107 3425 Ο
2140 3382 2208 3436 Et
2234 3390 2396 3450 caput
2425 3377 2668 3449 Egypti,
2695 3377 3005 3448 spectabilis
3035 3391 3253 3448 aequore
3281 3388 3504 3447 magno,

451 3469 554 3527 Hic
575 3471 734 3526 undis
757 3457 960 3542 primus
984 3473 1167 3527 docuit
1191 3480 1412 3543 peccata
1450 3471 1617 3526 lavari
1643 3488 1656 3536 ;
2140 3475 2350 3530 Clarior
2373 3473 2489 3542 ejus
2516 3472 2667 3527 adest
2696 3471 2975 3538 membris,
3007 3472 3093 3526 ubi
3129 3471 3352 3540 praedita
3383 3469 3585 3537 fulget:

450 3561 766 3617 Ablutorem
797 3562 945 3618 orbis
970 3563 1163 3636 dignus
1189 3578 1406 3634 quoque
1439 3562 1640 3634 tingere
1664 3561 1918 3634 lymphis,
2141 3565 2275 3622 Ossa
2301 3563 2600 3621 Palaestina:
2621 3562 2773 3632 cnjus
2807 3563 3032 3618 collecta
3057 3561 3317 3629 Sebastae,

449 3651 678 3721 Insuper
698 3652 923 3708 assertis
947 3647 1185 3724 gaudens
1211 3669 1271 3710 se
1301 3653 1612 3724 impendere
1644 3653 1779 3714 veri.
2139 3656 2361 3728 Ignibus
2384 3664 2592 3726 erepta,
2623 3664 2678 3711 et
2704 3655 2938 3726 Solymis
2960 3654 3162 3724 perlata
3189 3653 3458 3722 Philippo,

453 3738 755 3811 Belliqnias
790 3742 878 3812 qui
903 3742 1028 3797 almi
1059 3743 1265 3814 spargit
1290 3743 1414 3800 dum
1444 3742 1692 3815 corporis
1727 3743 1866 3810 orbi,
2144 3746 2323 3803 Patris
2343 3746 2625 3802 Athanasii
2654 3755 2780 3802 sunt
2805 3746 2906 3801 hoc
2936 3745 3109 3812 legata
3142 3744 3284 3800 fidei.

450 3827 718 3891 Panditur
739 3831 974 3908 egregiis
1003 3837 1262 3892 mundum
1297 3837 1532 3893 lustrare
1562 3837 1797 3908 tropznis.
2141 3840 2213 3894 At
2235 3848 2397 3909 caput
2427 3839 2610 3894 herois
2637 3838 2870 3909 positum
2902 3837 3218 3892 thnicidc
3248 3851 3424 3891 messe

458 3923 597 3983 Urbs
626 3927 696 3984 ab
719 3927 1029 3984 Alexandro
1060 3928 1266 3984 ducens
1295 3928 1597 3986 clarissima
1629 3944 1824 3985 nomen
1843 3970 1857 3994 ,
2143 3929 2347 3986 Festlvi
2386 3930 2565 3986 cultus
2590 3930 2740 3990 claro
2769 3930 3081 3987 celebratur
3102 3931 3331 3986 honore.

1889 4105 2120 4165 CAPUT
2161 4106 2291 4163 VIII.

1598 4192 1672 4247 De
1698 4196 1948 4264 apostolis
1978 4195 2138 4252 Petro
2164 4205 2212 4252 et
2240 4195 2434 4250 Pau.o.

457 4301 660 4367 Roma,
693 4310 854 4372 caput
874 4311 1136 4373 praestans
1163 4305 1334 4372 orbis,
1365 4305 1622 4375 pmclara
1653 4308 1964 4380 triumphis,
2141 4310 2313 4378 Quem
2345 4315 2566 4363 vertens
2595 4305 2734 4362 caelo
2765 4304 3056 4374 alloquitur
3083 4301 3262 4358 divina
3291 4309 3547 4373 potestas,

455 4391 579 4456 Jam
607 4407 764 4463 mage
791 4391 931 4448 celsa
957 4392 1061 4448 ﬂde
1083 4391 1285 4450 Christi
1309 4395 1618 4465 prmelarior
1648 4411 1768 4454 esse
2140 4397 2556 4468 Proripiensque
2585 4394 2693 4466 poli
2717 4394 2968 4465 cupidum
2997 4391 3065 4447 ad
3089 4391 3304 4464 fastigia
3332 4392 3470 4448 tollit
3494 4409 3510 4445 :

457 4483 709 4555 Coepisti,
739 4483 861 4540 fidei
887 4485 1129 4555 patronis
1151 4483 1284 4540 fulta
1309 4486 1503 4552 beatae,
2139 4489 2207 4545 Et
2240 4488 2396 4544 docet
2425 4487 2479 4541 in
2506 4486 2684 4551 caelis,
2714 4492 2958 4541 terrenas
2986 4483 3127 4539 unde
3157 4483 3398 4548 doceret,

458 4573 595 4630 Coeli
628 4574 894 4647 clavigero
919 4584 1198 4646 pastorum
1223 4577 1465 4648 principe
1485 4576 1646 4634 Petro
2140 4578 2396 4634 Pasceret
2419 4592 2483 4633 ae
2507 4584 2737 4642 mentes,
2761 4575 2902 4631 sacri
2931 4574 3022 4646 qni
3050 4575 3259 4630 semina
3298 4573 3450 4629 verbi

453 4663 835 4738 Doctrinaeqne
861 4677 1003 4739 typo,
1039 4669 1318 4724 doctorum
1348 4671 1598 4738 praedulce
1624 4670 1810 4729 Paulo.
2061 4722 2109 4739 κ
2141 4668 2284 4725 Orbe
2321 4667 2456 4724 serit
2480 4677 2612 4734 toto,
2639 4674 2795 4721 sanat
2821 4679 3036 4736 quoque
3060 4673 3300 4736 corpore
3321 4664 3537 4725 multes,

459 4755 704 4812 Hebraeis
725 4775 952 4827 quorum
979 4770 1276 4830 praeceptor
1301 4759 1514 4816 deditur
1539 4760 1694 4828 alter,
2062 4755 2113 4784 υ
2139 4761 2207 4816 Et
2228 4761 2482 4831 juvenem
2513 4761 2578 4814 de
2610 4768 2782 4813 morte
2813 4757 2973 4824 levat,
3010 4757 3102 4813 sed
3126 4757 3356 4828 plurima
3386 4755 3565 4811 corda.

462 4843 762 4903 Absolvens
783 4862 1056 4918 verboque
1077 4849 1248 4920 ligans
1272 4866 1329 4906 se
1361 4851 1543 4922 judice
1570 4856 1800 4919 mentes,
2138 4851 2205 4908 Hi
2236 4863 2285 4907 te
2315 4853 2561 4908 sublimis
2584 4852 2705 4906 coeli
2739 4867 2902 4920 super
2937 4861 3078 4905 astra
3105 4850 3362 4914 ferentes,

455 4933 677 4992 Arbiter
697 4937 969 5001 Ecclesiae,
1007 4939 1172 4994 dictat
1196 4955 1293 4995 ceu
1323 4941 1557 5010 Spiritus
1579 4941 1651 4996 illi
2135 4939 2497 4996 Instrumenta
2535 4939 2714 4995 ferunt
2737 4941 2802 4994 de
2841 4951 2890 4994 te
2919 4954 3014 5010 per
3041 4938 3260 4992 climata
3287 4936 3472 4991 mundi
