3872 5326
135 344 226 401 4'97
521 338 610 396 DE
651 338 1030 396 TRIUMPHIS
1071 339 1346 396 CHRISTI
1382 337 1471 394 ET
1510 335 1614 394 SS.
1652 336 2087 395 PALESTINE
2123 337 2304 397 LIBRI
2341 338 2547 401 ‘I‘BES.
2585 371 2656 385 —-
2691 337 2824 398 LIB.
2861 339 2902 396 I.
3262 333 3375 400 4‘33

1570 476 1798 532 CAPUT
1838 477 1932 536 IX.

1350 564 1423 618 De
1447 562 1647 619 Iacobo
1676 568 1842 636 fratre
1874 569 2103 624 Domini.

136 681 257 738 Allia
281 693 442 743 nunc,
471 675 792 742 Jerusalem,
821 692 941 746 qua:
966 691 1119 731 versa
1147 677 1362 732 vocaris
1711 685 1758 741 Α
1788 682 1982 737 Editus
2009 697 2040 737 a
2071 683 2235 737 sociis
2275 691 2324 738 te
2356 681 2566 754 primus
2594 682 2878 751 episcopus
2900 695 3122 746 ornans,

134 774 233 826 Iam
269 776 544 831 renovata,
569 766 858 836 crucisque
881 783 1076 838 gerens
1109 767 1355 821 miranda
1391 775 1592 838 tropaea
1788 772 2008 827 Arentis
2040 771 2210 841 plebis
2236 772 2326 842 qui
2356 779 2574 844 pectora
2606 772 2750 826 sicca
2777 770 3022 840 rigando,

133 862 322 925 Christi,
351 874 741 928 servorumque
770 857 887 927 ejus
921 874 1184 914 venerare
1211 858 1459 928 sepulcra
1485 898 1501 924 ,
1789 862 2031 918 Luminis
2053 877 2084 918 e
2110 862 2274 917 radiis
2298 863 2578 916 terehrans
2610 861 2877 932 nigrantia
2906 861 3090 924 corda,

133 956 340 1023 Quorum
377 961 503 1024 post
536 951 823 1008 Dominum
853 951 1086 1008 Iacobus
1125 952 1225 1007 tibi
1273 951 1514 1023 regmina
1566 951 1683 1022 pri-
1790 953 1927 1007 Dum
1959 954 2115 1008 docet
2136 952 2350 1007 excelsa
2377 967 2541 1022 super
2570 960 2717 1006 astra
2748 951 2940 1005 sedere
2975 948 3334 1021 magistrum,

1469 1040 1615 1113 [mus
1793 1041 2100 1110 Parietibus
2128 1041 2310 1114 templi
2335 1039 2574 1110 dejectus
2601 1050 2657 1096 et
2679 1041 2853 1096 hostia
2879 1040 3052 1096 factus
3070 1081 3087 1108 ,

133 1142 392 1199 Continuat
419 1142 568 1208 ﬁdei,
596 1141 796 1212 legitur
817 1141 909 1211 qui
935 1139 1104 1195 frater
1131 1139 1250 1195 Iesu
1792 1133 2073 1204 Excipitur
2104 1131 2266 1201 coelo,
2296 1132 2492 1205 pOpnlo
2523 1145 2738 1204 quoque
2761 1140 2898 1187 teste
2926 1131 3138 1186 beatus.

135 1235 352 1292 Sacratui
376 1233 498 1294 (sici
527 1249 774 1299 servans,
799 1232 985 1290 Iustus
1023 1232 1345 1306 cognomine
1372 1231 1572 1294 dictus,
1872 1281 1890 1298 ,

1556 1382 1783 1440 CAPUT
1821 1382 1886 1438 Χ.

1309 1471 1385 1527 De
1406 1485 1588 1529 sancto
1614 1473 1824 1530 Joanne
1854 1472 2115 1544 apostolo.

134 1584 207 1637 Sic
227 1581 483 1651 Ephesum
509 1579 738 1660 Christo
756 1580 934 1636 dilecti
964 1581 1203 1636 membra
1234 1580 1458 1638 Joannis
1790 1584 1982 1648 Fonte,
2015 1598 2179 1653 supra
2208 1591 2397 1652 pectus
2422 1582 2615 1653 dignus
2642 1582 2903 1637 recubare
2938 1580 3204 1652 Magistri.

134 1673 396 1739 Extollunt,
427 1673 586 1742 cujus
608 1683 825 1745 superat
857 1674 1106 1730 facundia
1134 1677 1414 1731 mundum.
1788 1678 1845 1732 In
1877 1689 2040 1733 cruce
2058 1675 2301 1730 confixus
2332 1675 2516 1740 matri,
2541 1673 2702 1746 quem
2730 1675 2948 1730 mandat
2967 1675 3160 1732 adesse

136 1765 217 1831 Qui
242 1774 378 1819 casto
404 1765 522 1820 zelo
548 1766 793 1834 praeclari
824 1765 1038 1822 velleris
1064 1754 1296 1836 Agnum,
1791 1766 1958 1838 Virgo
1984 1781 2142 1821 sacer
2167 1781 2340 1821 sacra:
2366 1774 2552 1820 custos
2581 1774 2642 1821 ut
2669 1765 2896 1837 virginis
2925 1772 3140 1833 exstet;

134 1855 341 1912 Zebedeo
366 1866 518 1926 patre
551 1857 796 1920 dimisso,
827 1872 958 1912 eum
977 1857 1146 1913 fratre
1171 1861 1431 1928 secutus,
1792 1856 2003 1926 Quique
2029 1856 2134 1911 tide
2159 1854 2318 1911 fortis
2339 1855 2605 1911 violentos
2628 1871 2819 1925 passus
2849 1867 3073 1923 agones.

135 1944 217 2014 Ipsi
243 1948 596 2017 praxreliquis
621 1949 842 2018 speciali
861 1947 1110 2021 jungitur
1144 1965 1284 2005 unus
1585 1949 1587 1952 ⁴
1794 1946 2000 2001 Exsilio
2031 1953 2212 2001 trusus
2238 1944 2429 2000 didicit
2452 1945 2710 2018 mysteria
2739 1944 2886 2011 εαξη,

139 2036 332 2104 Δῐΐεοιυ.
361 2040 584 2110 capiens
610 2051 816 2098 aeterno
843 2042 1097 2113 dogmata
1131 2042 1256 2099 vita:
1720 2030 1764 2090 Β
1793 2039 1900 2096 Ore
1933 2048 2146 2106 tonans,
2170 2038 2409 2095 animam
2436 2036 2641 2108 regnis,
2678 2037 2772 2092 dat
2791 2037 3036 2104 membra
3073 2033 3263 2092 cuieti.

1567 2195 1794 2253 CAPUT
1833 2196 1942 2254 XI-

1205 2284 1281 2339 De
1300 2284 1500 2341 Iacobo
1529 2286 1697 2356 fratre
1725 2288 1895 2343 sancti
1923 2285 2174 2341 Joannis.

139 2391 374 2450 A'tlratris
399 2391 610 2459 Jacobi,
642 2393 920 2461 Callaecia,
953 2411 1183 2467 corpore
1205 2399 1403 2471 fulges,
1785 2400 2096 2458 Clarificum
2138 2397 2372 2470 promite
2402 2397 2542 2453 lucis
2563 2404 2866 2451 monstrare
2891 2403 3127 2450 nitorem

137 2486 228 2553 Qua
248 2488 378 2559 capit
404 2497 714 2543 extremum
747 2487 985 2560 locuples
1017 2489 1276 2562 Hispania
1305 2494 1490 2550 ﬁnem.
1785 2491 2072 2561 Discipulis
2101 2489 2282 2555 vellet,
2309 2487 2506 2560 quibus
2530 2488 2647 2543 haec
2677 2493 2924 2556 spectare
2952 2485 3214 2551 dedisset,

135 2574 350 2647 Pracipui
377 2580 617 2648 pastoris
647 2588 766 2636 erat
791 2582 884 2650 qui
926 2581 1064 2638 fidus
1092 2583 1364 2651 alumnus,
1785 2584 2068 2642 Pollicitus
2091 2590 2326 2638 mortem
2349 2595 2457 2636 non
2488 2579 2574 2635 his
2602 2579 2756 2650 prius
2773 2593 2895 2634 esse
2917 2575 3231 2643 videndam,

135 2663 240 2722 Nam
264 2669 384 2724 vidit
408 2673 700 2729 Dominum
738 2673 950 2742 qualem
981 2676 1264 2744 perrsaecla
1294 2677 1497 2735 videbit
1525 2698 1537 2732 :
1786 2674 1960 2742 Quam
1988 2675 2142 2730 daret
2171 2671 2259 2728 bis
2290 2672 2472 2728 lumen
2499 2671 2722 2727 venturi
2742 2674 2967 2726 cernere
2993 2668 3170 2738 regni.

136 2756 371 2816 Excellens
395 2763 528 2818 adeo
553 2763 790 2830 meritis,
827 2773 884 2819 ut
907 2767 1098 2821 tertius
1120 2782 1246 2823 esse
1785 2767 1939 2823 Hunc
1967 2766 2144 2839 gladio
2169 2765 2423 2838 Solymis,
2451 2763 2691 2820 Herodes
2714 2778 2875 2831 saeve,
2904 2763 3134 2830 necasti,

135 2845 225 2915 Ipse
245 2862 527 2908 mereretur
554 2853 734 2919 testis,
769 2869 890 2910 cum
913 2855 1086 2928 gloria
1113 2855 1320 2915 Christi
1788 2857 1896 2914 Sed
1925 2867 2101 2916 metas
2137 2859 2308 2928 orbis,
2334 2867 2388 2916 te
2418 2858 2700 2924 damnato,
2730 2856 2824 2913 ille
2848 2857 3088 2913 decorat.

1552 2988 1780 3047 CAPUT
1817 2991 1933 3045 XII.

1484 3099 1563 3157 De
1591 3113 1774 3162 sancto
1798 3103 2008 3158 Andrea

135 3203 356 3269 Andreas,
382 3205 596 3275 pollens
619 3219 785 3275 opere
816 3213 870 3260 et
889 3220 1142 3260 sermone
1166 3205 1358 3272 virilis,
1705 3218 1750 3280 ο
1781 3211 1862 3266 Ad
1893 3226 2055 3282 quam
2086 3224 2406 3281 germanum
2441 3207 2661 3265 deducit
2688 3221 2876 3264 amore
2902 3203 3206 3263 colendam.

137 3292 553 3367 Splendoremque
577 3298 767 3353 calens
791 3298 988 3354 divinze
1013 3299 1186 3354 visere
1213 3299 1376 3368 lucis,
1787 3302 1886 3358 llic
1911 3303 2147 3375 Scythia:
2176 3301 2388 3373 populis
2413 3302 2504 3356 ubi
2535 3300 2714 3356 dulcia
2737 3299 2903 3355 verba
2931 3297 3135 3355 salutis-

135 3383 254 3439 luter
275 3387 556 3457 discipulos
581 3389 854 3443 renitebat
881 3399 1058 3443 mente
1080 3388 1328 3446 Joannis.
1785 3391 2048 3460 Tradidit,
2105 3391 2411 3464 exemplum
2448 3391 2695 3448 sequitur
2731 3402 2946 3462 quoque
2985 3395 3163 3444 morte
3205 3383 3391 3459 Magia.

132 3471 280 3530 Audiit
309 3486 361 3531 at
387 3477 671 3533 Christum
704 3487 764 3532 ut
791 3479 1105 3548 peccamina
1127 3478 1314 3534 tollere
1342 3481 1529 3535 mundi
3151 3475 3298 3553 [διΐῖν

135 3559 258 3618 llune
299 3581 418 3623 mox
445 3577 532 3624 est
557 3569 793 3639 pedibus
821 3570 982 3625 modo
1014 3585 1142 3637 non,
1171 3573 1301 3642 quin
1332 3572 1496 3626 corde
1525 3587 1682 3630 secu-
1786 3574 1923 3629 Dum
1948 3574 2130 3630 crucis
2151 3574 2434 3644 amplexus
2462 3573 2605 3628 votis
2633 3579 2717 3628 est
2743 3571 2924 3628 cordis
2951 3573 3198 3641 adeptus.

403 3728 406 3730 ν
651 3723 653 3727 ,
1158 3714 1163 3718 .
1473 3661 1607 3737 [tus,
1785 3664 1920 3721 Ossa
1948 3667 2106 3722 beata
2126 3665 2308 3736 Patris
2351 3665 2622 3728 retinebat
2648 3664 2890 3720 Achaica
2935 3661 3118 3732 cujus,
3224 3682 3226 3686 τ

133 3741 352 3836 Repperit
377 3761 432 3808 et
454 3767 649 3810 veram
678 3752 878 3821 lucem,
913 3752 1232 3811 ﬂammante,
1251 3752 1495 3823 lucerna,
1784 3757 2285 3828 Constantinopolis
2312 3772 2434 3829 quae
2457 3772 2602 3814 nunc
2630 3763 2958 3813 veneranter
2986 3754 3248 3814 honorat.

1516 4020 1745 4078 CAPUT
1803 4019 1942 4076 XIII.

1439 4113 1514 4167 De
1541 4122 1717 4169 sancto
1743 4111 2017 4166 Matt/tceo.

129 4230 309 4291 Iustitia
337 4239 531 4296 donate
558 4241 679 4306 Dei,
714 4240 986 4307 Matthaee,
1024 4243 1277 4314 reinlges,
1779 4245 1854 4304 Te
1881 4256 2193 4302 monstrans
2221 4246 2714 4313 hominis,celsum
2743 4259 2908 4318 super
2937 4225 3140 4302 aethera
3183 4249 3362 4300 trans-

129 4321 268 4412 Quem
296 4329 355 4383 de
383 4331 654 4398 publicola
681 4340 950 4397 sanctum,
985 4331 1049 4387 de
1073 4332 1240 4387 divite
1261 4333 1493 4404 largum,
3156 4335 3307 4412 [Iert.
3354 4322 3365 4336 ’

130 4407 188 4506 I_)e
210 4427 443 4476 exactore
471 4423 627 4493 pium
657 4421 919 4478 Dominus
943 4423 1090 4478 dedit
1120 4439 1241 4481 esse
1258 4426 1543 4494 datorem,
1775 4433 1876 4502 Qui
1914 4443 2225 4506 postquam,
2253 4436 2430 4492 lucem
2456 4436 2698 4492 tenebris
2723 4435 2928 4491 inferre
2953 4407 3217 4504 parando,

128 4500 255 4598 de
277 4508 390 4577 jure
416 4513 519 4568 fori
539 4513 656 4581 juri
690 4514 812 4568 tulit
839 4515 1060 4570 aatlieris
1091 4515 1209 4570 alti.

1778 4500 2092 4591 Ethiopum
2118 4536 2354 4598 gentem,
2385 4538 2609 4597 peccato
2634 4535 2689 4581 et
2711 4542 2942 4598 corpore
2953 4500 3198 4597 nigram,

128 4589 296 4653 ChriSli
317 4602 666 4676 Evangelium
697 4606 904 4675 primus
925 4621 1176 4662 sermone
1205 4617 1438 4678 paterno,
1784 4589 2086 4673 Candorem
2110 4589 2350 4673 nitidum
2364 4589 2598 4674 docuisti
2619 4589 2835 4673 sumere.
2864 4589 3067 4671 Chriin
3093 4655 3108 4670 .

130 4683 318 4784 §Cribi5o
341 4705 399 4751 ιη
422 4698 680 4754 excelsus
708 4699 935 4756 serVileS
962 4700 1140 4756 induit
1159 4712 1330 4757 artus.
1701 4701 1756 4764 D
1784 4710 2027 4784 Martyrii
2049 4710 2309 4784 palmam,
2331 4709 2564 4782 caelique
2591 4710 2823 4767 mereris
2859 4709 3153 4767 honorem.

130 4775 355 4843 Quocirca
389 4789 558 4846 facies
585 4791 826 4848 caelestis
850 4791 1019 4862 gloria
1047 4809 1241 4850 currus

1510 4973 1739 5032 CAPUT
1779 4975 1885 5032 ΧΠ
1905 5015 1920 5031 .

1448 5067 1528 5123 De
1547 5078 1728 5123 sancto
1754 5068 2023 5138 Philippo.

132 5182 373 5274 Excellens
398 5191 608 5246 tumulo
630 5191 931 5264 Hierapolis
961 5205 1117 5250 aucta
1142 5195 1396 5274 Philippi,
1784 5196 2045 5271 Hancque
2075 5196 2238 5255 ﬁdem
2267 5198 2504 5273 Scythiae
2541 5197 2759 5268 populis
2789 5207 3054 5269 spargens
3113 5211 3261 5274 pius
3305 5186 3408 5238 lm‘

134 5273 213 5310 fini
239 5274 382 5310 Vis—1.:
415 5281 635 5310 unum...
690 5279 816 5310 ..;.....
845 5285 903 5310 .I-
933 5285 1132 5310 I.....:....
1165 5301 1294 5310 -....,
1328 5273 1348 5308 ⁷.
1374 5301 1382 5309 .

3216 5281 3353 5310 ρῌΙΔί
