3872 5326
495 344 606 404 7‘39
952 347 986 400 .'
1092 393 1105 397 ..
1145 349 1154 358 ’
1210 341 1600 400 Ριουολῐωι
1621 339 1944 400 CANONICI
1983 341 2024 396 Β

2223 339 2325 399 SIS
2359 340 2726 402 OPUSCULA
2759 341 3083 400 METRIC‘A.
3311 342 3330 396 Ζ
3651 337 3747 400 500

1931 453 2160 511 CAPUT
2201 453 2315 519 XV.

1851 545 1926 601 De
1955 557 2137 603 sancto
2180 547 2400 603 Tlioma.
2489 609 2492 612 ,

502 657 760 737 Thomas,
788 656 880 730 qui
907 655 1185 729 Didymus,
1222 655 1366 712 latus
1397 656 1732 715 inscrutatur
1755 668 2000 730 apertum
2109 661 2158 723 Α
2189 663 2377 720 Omnis
2400 672 2456 720 et
2482 661 2537 718 in
2559 669 2749 717 nostra
2772 665 2996 716 curatur
3019 665 3201 714 mente
3229 657 3480 722 cicatrix,

505 748 561 802 In
589 763 752 805 cruce
780 747 979 804 conﬁxi
1013 763 1274 804 mucrone
1304 749 1552 804 satellitis
1584 750 1721 820 Agni
1746 768 1761 806 :
2185 755 2321 819 Dum
2351 753 2524 830 patuit
2547 751 2822 810 Christum
2853 765 2978 804 vera
3001 764 3124 804 cum
3153 763 3318 804 carne
3345 749 3571 802 redisse.

499 841 616 908 Quo
641 840 943 906 dubitante,
971 839 1105 896 ﬁdes
1133 840 1290 898 nobis
1318 839 1564 896 ﬁrmatur
1590 841 1801 909 herilis,
2189 845 2344 902 llunc
2373 845 2462 900 ubi
2486 845 2598 915 jam
2624 842 2841 900 Parthis
2864 857 2928 898 ac
2959 841 3129 896 Medis
3155 840 3362 896 semina
3388 839 3539 894 verbi

499 929 642 1004 Lege
668 931 821 988 necis
848 930 1126 987 Christum
1159 932 1283 986 vitae
1312 947 1587 989 remeasse
1616 933 1793 988 soluta
1819 951 1835 1000 ;
2175 935 2495 1006 .Bespergit,
2529 949 2626 1005 pro
2649 948 2775 1002 rege
2800 947 2898 987 suo
2923 931 3073 987 videt
3103 931 3254 986 india
3291 943 3532 1000 passum,

501 1024 748 1094 Dumque
770 1024 1058 1082 cicatrices
1081 1025 1234 1096 digiti
1266 1025 1635 1086 moderamine
1666 1034 1893 1094 tractat,
2188 1024 2344 1092 Unde
2367 1027 2548 1096 probae
2573 1027 2750 1081 studio
2776 1023 3097 1079 translatum
3123 1021 3294 1092 plebis
3323 1020 3595 1086 Edessem,

500 1113 738 1171 Maxima
763 1125 1030 1172 sanantur
1057 1117 1352 1187 dubitantis
1380 1116 1606 1173 vulnera
1636 1115 1840 1185 cordis,
2187 1114 2389 1173 Fertur
2417 1116 2824 1190 corpushumo,
2849 1114 2989 1172 etelo
3016 1129 3173 1171 mens
3201 1113 3405 1175 inditur
3424 1110 3562 1176 alto.

1918 1266 2148 1326 CAPUT
2180 1267 2320 1326 XVI.

1793 1359 1872 1416 De
1892 1373 2073 1434 sancto
2093 1361 2506 1418 Bartholomazo.

489 1472 896 1544 .Suspendentis
918 1487 1089 1544 aquas
1116 1480 1302 1527 natum
1332 1486 1492 1544 quem
1523 1473 1696 1544 gratia
1725 1471 1883 1542 fecit,
2188 1475 2247 1531 In
2277 1489 2382 1545 qua
2417 1471 2719 1544 gloriﬁcum
2750 1485 2848 1542 pro
2879 1467 3083 1525 Christi
3116 1467 3333 1524 nomine
3362 1479 3590 1524 cursum

499 1563 889 1620 Bartholomaee
919 1578 1092 1628 sacer,
1114 1577 1257 1618 verm
1287 1570 1341 1617 tu
1373 1563 1494 1618 vitis
1526 1563 1744 1619 haberis
2188 1565 2584 1622 Cunsummaus
2611 1563 2808 1634 gladio,
2841 1561 2961 1617 coeli
2990 1570 3201 1616 secreta
3225 1559 3430 1629 petisti.

499 1640 823 1711 Fructiﬁcus
843 1655 1068 1725 palmes,
1099 1656 1224 1711 huic
1251 1655 1568 1712 indiscissus
1591 1657 1874 1714 adhmrens
2185 1658 2385 1723 Insula,
2411 1673 2571 1731 quam
2605 1656 2838 1726 Liparim
2865 1656 3060 1710 dictam
3091 1653 3257 1708 Siculi
3285 1647 3632 1725 maris‘unda

501 1745 892 1817 Fecundosque
917 1746 1098 1802 ferens
1128 1756 1250 1817 aptc
1282 1764 1380 1818 pro
1413 1756 1655 1817 tempore
1683 1749 1910 1816 botros,
2188 1749 2347 1812 Dant,
2375 1756 2464 1800 tua
2496 1746 2731 1816 suscepit
2761 1755 2903 1800 terra
2928 1743 3224 1816 Gangetide
3253 1743 3519 1809 membra,

499 1835 653 1892 Unde
685 1851 894 1913 merum
927 1836 1052 1892 ﬁdei
1081 1835 1239 1908 longe
1267 1837 1482 1908 lateque
1503 1839 1796 1909 propinans
1818 1879 1834 1906 ,
2189 1836 2433 1906 lusigues
2461 1835 2632 1904 valida
2665 1833 2959 1907 referentia
2986 1844 3160 1889 morte
3195 1833 3522 1902 triumphos,

503 1925 618 1983 tloc
646 1926 845 1984 sobriis
872 1925 1024 2005 large
1041 1928 1269 1996 tribuis;
1305 1928 1447 2000 quod
1471 1938 1525 1984 et
1554 1928 1699 1986 India
1725 1929 1980 2002 sumpsit,
2196 1925 2327 1994 Quae
2352 1925 2789 1986 Beneventanum
2819 1935 3062 1984 tutantur
3091 1925 3327 2000 tegmine
3351 1923 3598 1999 plebem,

1940 2067 2166 2144 CAPUT
2204 2085 2366 2142 xvn.

1721 2178 1798 2234 De
1822 2181 2019 2253 sanctis
2052 2179 2270 2238 Simone
2305 2189 2354 2235 et
2385 2178 2552 2234 Juda.

496 2299 686 2356 Simon
718 2297 947 2370 Zelotes,
977 2301 1315 2360 Chananzeus
1339 2303 1587 2377 idemque
1610 2317 1820 2375 vocate,
2118 2299 2166 2359 B
2193 2311 2234 2366 A
2265 2321 2481 2383 pastore
2506 2310 2648 2368 bono
2675 2326 2908 2382 vereque
2931 2321 3150 2383 potente
3179 2315 3442 2387 magistro

501 2390 852 2455 Scilicetdtoc
886 2393 1012 2450 vico
1033 2396 1237 2451 ducens
1264 2407 1583 2468 cognomen,
1617 2415 1884 2471 aquarum
2061 2452 2063 2454 .
2185 2405 2361 2460 Ambo
2395 2405 2655 2460 doctrina:
2683 2407 2959 2476 cupientes
2985 2401 3209 2462 munera
3242 2423 3446 2476 sacrae,

498 2479 558 2534 In
593 2495 702 2550 quo
729 2481 1007 2549 materies,
1039 2483 1092 2538 in
1132 2485 1244 2539 vini
1271 2500 1430 2542 versa
1455 2488 1725 2559 vigorem,
2063 2543 2066 2546 .
2189 2495 2282 2551 Sal
2313 2506 2470 2552 terra:
2501 2495 2651 2562 facti,
2685 2496 2909 2552 stolidas
2937 2499 3160 2552 condire
3184 2499 3360 2568 parati

500 2570 751 2630 Ostendit
771 2570 1046 2630 Christum
1075 2591 1258 2631 rerum
1283 2577 1569 2634 Dominum
1593 2596 1714 2636 esse
1740 2589 2038 2650 potentem.
2183 2585 2411 2651 Mentes,
2444 2586 2532 2641 lux
2566 2586 2720 2651 dicti,
2747 2588 3000 2642 tenebras
3029 2588 3298 2656 depellere
3329 2586 3498 2644 doctr.

495 2661 789 2734 Egyptus,
824 2673 1066 2719 veterum
1099 2667 1271 2722 sacris
1301 2669 1568 2726 maculata
1591 2671 1813 2727 deorum
1837 2710 1854 2740 ,
2055 2732 2057 2735 ,
2183 2675 2330 2743 Quas
2357 2677 2444 2732 ubi
2475 2677 2703 2732 diversis
2734 2678 3042 2747 regionibus
3064 2693 3160 2733 ore
3190 2677 3439 2749 fugastis,

496 2752 664 2810 Tetra
690 2754 851 2835 dente
875 2757 1019 2826 capit
1041 2757 1148 2810 vim
1184 2756 1352 2814 Verbi.
1363 2758 1484 2826 jure
1510 2763 1784 2832 perennis.
2182 2764 2420 2821 Persidis
2450 2767 2676 2838 ingressi
2706 2768 3001 2837 penetralis
3030 2783 3194 2838 regna
3221 2767 3470 2834 minacis,

493 2848 566 2900 At
589 2844 724 2902 Juda
753 2844 959 2915 Jacobi,
985 2846 1195 2904 Tadeus
1221 2867 1436 2921 quoque
1461 2854 1553 2923 qui
1595 2856 1851 2912 vocitaris
2183 2855 2335 2911 Sicut
2361 2872 2490 2912 oves
2515 2859 2746 2927 prompti
2776 2859 2834 2913 in
2864 2859 3040 2914 medio
3069 2873 3363 2928 properare
3394 2859 3658 2929 luporum,
3709 2907 3714 2912 .

496 2934 700 3005 (Longe
728 2935 797 2990 ab
818 2951 884 2992 eo
913 2936 1121 2994 distans
1148 2939 1434 2996 Dominum
1461 2944 1550 3014 qui
1597 2945 1836 3015 prodidit
1881 2947 2075 3020 orbis),
2154 2945 2313 3001 .Astu
2343 2948 2611 3016 serpentis
2636 2963 2756 3001 cum
2787 2948 3133 3017 simplicitate
3159 2947 3421 3002 columba:

491 3027 784 3082 Lebbteum
815 3028 910 3085 sed
938 3029 1080 3084 enim
1106 3043 1442 3090 memorante
1467 3037 1630 3092 corde
1662 3028 1938 3107 vecatum,
2180 3038 2478 3104 Callentes,
2507 3039 2599 3109 qui
2625 3039 2779 3108 plura
2810 3038 2920 3093 Deo
2951 3041 3074 3093 dum
3106 3043 3256 3091 lucra
3284 3039 3538 3108 parastis,

493 3116 758 3174 Corculus
782 3117 836 3172 in
859 3127 1043 3174 nostra
1071 3119 1244 3195 latum.
1263 3124 1405 3192 quod
1431 3139 1562 3181 voce
1588 3127 1829 3194 sonabit,
2181 3127 2474 3186 Innumero
2507 3129 2708 3186 Christi
2743 3129 2938 3200 populo
2963 3130 3048 3198 pia
3079 3130 3178 3185 sub
3196 3129 3328 3200 juga
3354 3131 3538 3195 ducto,

495 3206 744 3267 Luminis
770 3210 1050 3278 aspersisti
1079 3211 1223 3268 inter
1250 3213 1356 3270 duo
1380 3213 1598 3270 ﬂumina
1628 3232 1812 3274 semen
2183 3220 2430 3293 Martyrii
2455 3222 2672 3277 demum
2702 3221 2865 3293 digno
2894 3223 3191 3277 certamine
3213 3237 3431 3276 cursum

494 3297 572 3352 De
594 3297 772 3360 medio
795 3300 990 3370 patria;
1013 3300 1297 3359 ﬂuviorum
1325 3319 1521 3362 nomen
1543 3306 1784 3364 habenti.
2181 3310 2498 3384 Explentes,
2527 3311 2739 3368 animas
2765 3311 2905 3368 caelo
2926 3311 3085 3379 datis,
3117 3327 3241 3368 ossa
3275 3309 3562 3384 sepulcris.

1909 3487 2136 3546 CAPUT
2170 3448 2355 3546 xvur.

1837 3577 1915 3636 De
1951 3591 2134 3638 sancto
2160 3581 2410 3639 Matt/tia.

492 3686 717 3744 Mattbia
739 3702 978 3745 numero
994 3688 1245 3760 splenues
1267 3699 1437 3750 e.ecle
1463 3691 1740 3763 replenda,
2103 3703 2150 3765 c
2183 3696 2416 3768 Spiritus
2437 3695 2661 3752 irradiat
2683 3703 2902 3752 sanctus
2931 3702 2983 3751 te
3007 3694 3232 3766 pignore
3257 3694 3468 3762 donans

490 3777 812 3837 Anteferens
832 3779 1002 3850 justo,
1033 3782 1242 3838 Domini
1270 3799 1430 3854 quem
1459 3784 1634 3855 gratia
1660 3784 1863 3854 sanxit,
2185 3787 2422 3844 Muneris
2455 3785 2652 3842 excelsi
2674 3796 2729 3841 et
2750 3799 2944 3856 supero
2972 3785 3301 3840 charismate
3329 3785 3577 3850 ﬁrmans,
3632 3813 3634 3815 ν

491 3871 652 3928 Sorte
677 3871 960 3929 ministerii
990 3873 1232 3946 dignum,
1265 3891 1373 3946 quo
1401 3877 1591 3947 gaudia
1619 3877 1769 3948 pacis
2186 3877 2258 3935 Ut
2287 3878 2437 3933 testis
2463 3875 2675 3932 Domini
2705 3875 2879 3931 factus
2907 3878 2972 3931 de
2998 3885 3174 3931 morte
3201 3876 3498 3946 triumpho,

489 3964 772 4023 Proferres
795 3967 1013 4033 mundo,
1042 3968 1300 4024 duodenm
1319 3970 1465 4025 sedis
1487 3971 1721 4040 adeptus
2123 4032 2126 4035 ,
2183 3969 2310 4026 Visa
2339 3966 2482 4022 feras
2508 3967 2677 4022 oculis
2709 3967 2906 4037 passim
2938 3965 3195 4020 miracula
3231 3966 3458 4034 Christi,

492 4065 550 4111 In
579 4056 733 4114 cretis
753 4058 984 4129 apicem,
1009 4061 1201 4115 cecidit
1221 4076 1328 4130 qua
1354 4062 1598 4130 proditor
1622 4070 1777 4116 atrox
2186 4057 2366 4127 thue
2394 4073 2558 4112 vocas
2585 4056 2738 4111 caelis
2765 4055 2962 4110 Iudaeae
2988 4056 3163 4126 gentis
3187 4055 3464 4123 alumnos,

492 4147 771 4215 Auctoris,
804 4147 1040 4219 propriae
1067 4165 1281 4221 quoque
1305 4149 1620 4219 perditionis
1647 4160 1878 4206 amator.
2183 4148 2430 4206 Cceleslis
2452 4149 2570 4206 solii
2601 4156 2886 4220 provectus
2920 4150 3125 4203 honore
3160 4148 3419 4219 quiescis.

1914 4300 2150 4358 CAPUT
2181 4300 2324 4356 XIX.

1771 4389 1849 4446 De
1876 4395 2077 4452 caeteris
2116 4390 2314 4449 Christi
2351 4387 2588 4444 testibus.

495 4494 730 4556 Culmen
760 4495 1036 4566 apostolici
1066 4500 1424 4570 transegimus
1450 4498 1658 4555 ordinis
1691 4499 1878 4570 altum,
2189 4478 2438 4566 Materia,
2468 4499 2596 4569 quin
2623 4504 2677 4553 et
2700 4505 2947 4552 nostrum
2973 4509 3231 4565 superare
3256 4493 3555 4554 Maronem.

497 4585 744 4642 Eximius
778 4585 992 4642 modica
1025 4587 1210 4644 titulos
1238 4589 1512 4645 recinente
1538 4589 1796 4661 Camena,
2187 4593 2334 4649 Bella
2367 4599 2546 4646 tamen
2577 4605 2698 4662 quae
2721 4589 2843 4660 quis
2873 4588 3042 4659 gessit
3074 4587 3329 4642 detexere
3357 4587 3528 4640 nostri

490 4677 722 4734 Nomina
744 4672 1023 4750 signantes
1045 4680 1290 4736 duodcno
1311 4680 1521 4752 singula
1551 4696 1730 4740 versu.
2187 4687 2303 4745 Non
2332 4695 2415 4743 est
2443 4685 2725 4757 propositi,
2749 4699 2872 4740 cum
2903 4698 3006 4737 nec
3034 4696 3321 4736 numerare
3350 4688 3643 4750 queamuS'

490 4771 562 4824 At
583 4784 728 4825 nunc
753 4769 1000 4825 militiam
1025 4771 1144 4827 cwli
1179 4772 1409 4842 ﬁdeique
1445 4783 1665 4845 tropma,
1801 4781 1812 4786 “
2187 4781 2286 4836 Vel
2315 4780 2430 4834 loca
2458 4795 2567 4848 pra:
2593 4777 2782 4833 stricto
2807 4785 2894 4830 sat
2919 4774 3023 4828 erit
3051 4772 3360 4827 meminisse
3392 4770 3565 4825 relatu

491 4860 819 4932 Multiplices
839 4863 1049 4931 palmas
1073 4862 1470 4934 inﬁnibilesque
1498 4881 1752 4934 coronas,
2187 4868 2442 4935 Quadam
2475 4867 2800 4922 athletarum
2841 4864 3051 4919 Domini
3084 4862 3434 4917 celeberrima
3465 4858 3655 4926 bustis;

490 4952 624 5007 Arte
649 4952 866 5021 quidem
892 4961 1075 5008 nostra
1103 4954 1271 5009 multo
1297 4957 1498 5025 majora
1529 4973 1814 5028 canamus,
2184 4959 2334 5016 lntcr
2360 4973 2478 5028 qua:
2504 4957 2724 5026 reliquis
2749 4952 3076 5009 venerabilis
3105 4951 3246 5008 IElia
3269 4957 3491 5021 praestat

496 5043 564 5098 Et
584 5059 704 5116 quae
727 5042 1011 5100 Maeonium
1041 5045 1257 5102 valeant
1285 5048 1532 5106 evincere
1560 5060 1736 5106 vatem
1848 5113 1857 5122 δ
2186 5053 2414 5117 Miriﬁcn
2445 5051 2606 5123 Regis
2630 5060 2980 5106 monumento
3002 5055 3196 5104 cuncta
3229 5045 3492 5118 regentis.

1898 5180 2162 5241 CAPUT
2198 5181 2330 5238 XX.

1701 5270 1782 5320 λου
1812 5271 1996 5326 David.
2023 5273 2264 5326 Simeone
2302 5285 2349 5326 et
2372 5274 2548 5326 Amm.
