3872 5326
627 130 717 188 DE
750 127 1126 189 TRIUMPHIS
1159 127 1434 187 CHRISTI
1472 126 1562 185 ET
1602 127 1705 186 SS.
1746 127 2182 191 PALESTINJS
2219 132 2397 193 ιιυτιι
2434 135 2632 193 TRES.
2665 168 2733 179 -—
2768 138 2876 194 LIB
2915 140 2956 195 I.

3328 143 3435 201 502

147 249 513 321 Responsum
541 250 724 321 capit,
749 249 892 306 baud
924 263 1161 319 unquam
1190 262 1251 304 se
1278 256 1453 305 morte
1476 245 1751 302 obiturum
1780 248 1826 307 Α
1857 244 2052 301 Sedula
2079 262 2200 317 quae
2226 248 2422 319 templo
2447 250 2667 323 degens,
2690 250 2893 322 jejunia
2920 255 3124 312 ducens

148 342 455 399 Auctorem
487 343 662 399 donec
687 343 978 400 meruisset
998 355 1224 399 cernere
1252 343 1375 398 vitae
1401 359 1421 395 :

147 433 279 502 Qun
304 435 423 489 viso
445 435 586 504 petit
609 433 816 490 absolvi
843 433 947 490 sibi
977 433 1197 489 vincula
1224 433 1430 498 carnis,

147 526 276 581 Non
304 535 559 583 metuens
585 534 846 591 mortem,
874 526 1068 596 dignus
1092 526 1218 597 quia
1245 525 1426 580 visere
1468 523 1666 590 vitam;

148 617 275 673 Non
304 620 502 676 mortis
543 620 775 676 horrens
803 623 1073 687 umbram,
1092 620 1220 691 quia
1249 633 1472 675 noscere
1504 618 1678 674 lucem
1697 659 1712 685 ,

150 708 410 780 Paceqne
437 723 751 782 conspecta,
780 714 1005 783 cupiunt
1027 715 1367 784 requiescere
1394 714 1653 771 membra.

151 798 258 855 ilic
285 798 533 857 Phanuel
564 802 768 872 proles,
793 803 971 860 viduis
993 819 1209 875 quoque
1231 804 1403 861 forma
1428 804 1617 861 salutis

148 893 313 952 Anna
336 896 705 972 prophetissa.
738 897 899 955 tribui
924 899 1318 972 qum-nascitur
1341 899 1520 957 Aser:

1857 332 2082 401 Crebra,
2111 335 2385 408 Deumque
2415 352 2631 410 rogans,
2663 344 2831 398 servit
2856 344 2944 401 cui
2968 354 3125 403 nocte
3147 345 3340 415 dieque

1856 428 2005 483 Dona
2037 429 2332 500 prophetia:
2353 430 2478 486 coeli
2504 432 2831 490 charismata
2858 437 3087 507 sumpsit
3114 455 3128 491 :

1854 516 2172 577 Emmanuel
2193 528 2378 575 natum
2410 536 2516 576 non
2552 522 2724 579 solum
2758 525 2917 596 digna
2948 528 3085 583 tueri

1853 610 2189 678 Vaticinans,
2222 613 2277 670 in
2304 629 2371 670 eo
2400 618 2600 673 meruit
2627 619 2757 689 quin
2784 619 2987 677 famina
3008 622 3174 690 ferre,

1850 702 2003 760 Hunc
2032 704 2214 763 multis
2235 709 2469 778 positum
2493 712 2792 781 praedicens
2815 728 2935 770 esse
2960 716 3150 781 ruinae,

1850 795 2190 859 Continuans
2215 801 2361 873 quod
2390 812 2447 860 et
2473 804 2696 863 advenis
2721 807 2992 864 surrectio
3017 806 3220 866 multis.

1610 1119 1839 1181 CAPUT
1887 1123 2030 1182 XXI.

1452 1209 1529 1269 De
1549 1225 1730 1271 saucio
1759 1213 2043 1286 Stephano.

147 1316 319 1397 Isthic
332 1318 639 1392 praecipuis
665 1334 881 1395 quoque
905 1309 1350 1380 consummantur
1379 1338 1580 1397 agones

149 1394 437 1476 Militibus,
463 1425 694 1480 quorum
726 1394 1033 1485 Stephanus
1056 1416 1352 1471 certamine
1382 1394 1556 1486 primo

146 1497 279 1555 Post
306 1498 589 1557 Christum
620 1501 748 1557 lelhi
776 1502 995 1559 liventia
1027 1505 1129 1560 tela
1162 1506 1520 1575 triumphans,

149 1586 405 1645 Nominis
438 1591 565 1646 hinc
592 1593 794 1664 proprii
831 1593 1003 1650 scitur
1029 1595 1236 1665 cepisse
1266 1611 1522 1652 coronam

148 1679 421 1757 Tempore
446 1697 553 1752 quo
584 1683 843 1740 Dominus
867 1684 1046 1740 dirum
1072 1702 1235 1742 cruce
1274 1688 1478 1743 vicerat
1504 1688 1738 1745 hostem.

147 1773 280 1831 Nam
314 1776 446 1831 dum
475 1776 668 1833 levitas
697 1779 869 1835 sacris
895 1779 1151 1836 assistere
1185 1783 1387 1838 mensis

145 1867 337 1922 Cmtus
369 1868 722 1937 apostolicus,
745 1880 953 1940 septem
983 1886 1120 1942 quos
1154 1871 1385 1943 Spiritus
1413 1873 1587 1931 almus

144 1957 417 2026 Esornat,
447 1961 657 2028 statuit,
686 1962 870 2016 divino
898 1963 1115 2019 numine
1143 1963 1314 2019 lectus

145 2046 411 2114 Ilisylucis
437 2050 677 2122 locuples
698 2053 1032 2123 praeponitur
1059 2055 1428 2111 archidiacon.

144 2138 269 2197 Ilo:
297 2141 528 2199 imbrem
555 2145 823 2201 sermonis
849 2162 1033 2217 agens,
1064 2147 1262 2203 virtute
1296 2158 1562 2214 coruscat,

144 2230 523 2306 Prodigiisque
550 2236 708 2292 novis
742 2238 937 2308 populo
968 2255 1107 2294 nova
1140 2238 1351 2310 fulgura
1381 2251 1667 2297 monstrat.

145 2321 318 2391 Quem
351 2334 541 2380 contra
570 2325 857 2399 Synagoga
898 2343 1127 2399 crepans
1179 2329 1398 2388 Satanas
1446 2331 1736 2398 blateratu,

142 2410 391 2469 Bdlabat
418 2415 628 2481 rabido,
656 2415 1001 2488 libertinique
1025 2421 1259 2487 remissi,

145 2500 322 2574 Atque
342 2504 495 2560 nothi
530 2495 869 2577 Cyrenenses
896 2509 1106 2566 fervore
1136 2513 1337 2582 perusti
1367 2554 1382 2580 ,

146 2596 327 2653 Turba
354 2609 411 2654 et
438 2598 928 2659 Alexandrinorum
955 2605 1259 2678 Cilicesque
1288 2626 1574 2680 procaces,

145 2687 246 2743 Aut
271 2690 420 2746 Asia:
448 2691 664 2762 reliqui.
693 2692 802 2750 Sed
837 2710 942 2751 non
972 2712 1230 2768 superare
1255 2702 1502 2773 suphiam

145 2779 526 2838 Fhminisaut
554 2786 735 2842 sancti
757 2794 1053 2857 potuerunt
1076 2790 1269 2848 sistere
1297 2793 1462 2849 rivos.

145 2872 372 2944 Captum
403 2875 637 2931 concilio
661 2886 907 2935 statuunt
930 2889 985 2936 et
1011 2896 1210 2952 magna
1240 2897 1563 2955 queruntur,

145 2962 434 3023 Mutandas
456 2968 593 3039 legis
617 2968 786 3041 Moysi
816 2973 958 3041 quod
987 2972 1310 3033 traditiones

145 3053 351 3111 Dixerit
378 3057 448 3113 ab
470 3056 628 3125 Jesu,
664 3062 847 3132 templi
879 3064 1217 3122 accclerante
1249 3068 1481 3125 ruinam.

208 3146 267 3201 In
294 3164 527 3218 quorum
557 3152 738 3207 medio
765 3153 911 3209 velut
936 3155 1163 3225 angelus
1189 3173 1285 3215 ore
1307 3174 1568 3219 coruscus

144 3234 287 3294 Voce
316 3248 517 3295 tonans
544 3242 741 3312 patria,
774 3244 854 3300 sic
881 3244 1083 3304 lumine
1112 3246 1347 3320 fulgidus
1375 3251 1493 3307 iniit
1518 3270 1531 3307 :

148 3349 168 3382 ι
196 3330 390 3390 Patres
420 3343 585 3405 atque
617 3337 720 3391 viri
753 3336 972 3405 fratres,
997 3356 1115 3396 mea
1141 3343 1342 3400 sumite
1369 3345 1557 3401 verba.

143 3417 423 3494 Iajestate
444 3416 589 3481 Deus
613 3427 832 3483 radians
854 3431 1098 3499 apparuit
1122 3431 1250 3488 olim

141 3512 373 3570 Abrahze
404 3524 612 3583 nostro,
642 3517 839 3588 placito
872 3522 974 3576 sibi
1001 3538 1166 3579 carne
1192 3527 1424 3595 parenti,

141 3600 468 3676 Praecipiens
492 3606 586 3663 olli
617 3627 630 3662 :
664 3607 831 3666 Terra
858 3611 1074 3668 discede
1095 3624 1315 3685 paterna

140 3691 523 3781 Approperans
551 3696 826 3763 aliis,,tibi
841 3716 961 3771 qtue
986 3713 1395 3773 monstravero,
1420 3710 1617 3781 regnis.

142 3780 389 3839 Chaldzra
413 3787 695 3858 egrediens
722 3789 984 3845 habitavit
1010 3792 1191 3849 denuo
1218 3796 1496 3866 Cbarran;

140 3870 267 3931 Post
284 3876 605 3948 obitumque
627 3880 799 3950 patris
828 3882 943 3938 hzec
969 3883 1113 3940 hunc
1143 3886 1364 3943 deduxit
1390 3889 1443 3945 in
1466 3906 1618 3957 arva,

136 3965 250 4034 lico
274 3969 428 4026 dedit
448 3971 579 4037 hinc
607 3974 707 4043 ipsi
735 3986 996 4045 quantum
1024 3979 1175 4048 pedis
1198 3980 1400 4039 abdere
1425 3998 1621 4055 passus

142 4056 517 4148 Quit.;‘tamen
544 4064 659 4122 hmc
683 4066 801 4137 ejus
828 4069 998 4125 soboli
1029 4072 1286 4128 tradenda
1313 4079 1620 4148 spopondit,

141 4147 271 4206 Cum
300 4154 488 4211 senior
519 4155 698 4214 fessus
721 4160 925 4215 carnali
951 4162 1102 4232 prole
1126 4176 1360 4224 careret.

143 4238 243 4295 Sed
273 4253 366 4311 tua
397 4248 683 4318 progenies
705 4249 899 4308 alienis
921 4255 1106 4313 accola
1141 4255 1323 4329 (dixit)

143 4332 379 4397 Ruribus
400 4341 618 4409 existet,
648 4344 892 4414 graviter
924 4353 1154 4402 tractata
1183 4365 1281 4419 per
1306 4365 1479 4408 annos

141 4426 335 4489 Fertne
355 4434 803 4508 quadringentos,
830 4436 1090 4494 famulatu
1120 4442 1352 4511 pessime
1379 4460 1590 4514 pressa,

143 4517 298 4576 Exiet
322 4530 485 4594 atque
511 4524 634 4582 loco
663 4527 795 4583 mihi
820 4532 1105 4598 postmodo
1131 4534 1328 4589 serviet
1362 4535 1505 4604 isto,

139 4608 343 4669 Iudicio
363 4626 575 4686 gentem
598 4620 692 4677 cui
723 4621 974 4677 servierit
996 4638 1209 4695 quoque
1236 4626 1511 4683 subdam..

133 4701 269 4759 Post
293 4715 737 4767 testamentorum
764 4712 1108 4771 circumcisio
1132 4728 1363 4787 sumpta,

132 4793 386 4857 Procreat
412 4802 539 4860 inde
564 4820 735 4860 senex
773 4805 940 4873 Isaac,
968 4824 1077 4879 quo
1100 4819 1258 4867 natus
1279 4812 1438 4869 Iacob

140 4887 223 4947 Bis
250 4907 342 4947 sex
376 4904 706 4967 progenerat
738 4898 998 4967 praeclaro
1023 4902 1285 4971 sanguine
1312 4916 1515 4974 patres,

140 4979 341 5043 Invidia:
363 4987 737 5062 Josepb'lquos
766 4992 997 5048 vendere
1023 4992 1160 5048 livor
1181 4996 1380 5069 adegit.

140 5070 230 5130 llic
251 5076 459 5137 Pharon
492 5082 803 5153 ingreditur
824 5124 841 5152 ,
879 5084 1108 5140 Domino
1128 5093 1423 5148 comitante
1456 5106 1715 5163 superno,

140 5161 378 5251 limitibus
399 5172 617 5244 eripuit
633 5172 852 5230 salvaus
872 5176 963 5245 qui
994 5178 1235 5247 pestibus
1263 5183 1407 5239 illum
1425 5202 1441 5251 ;

138 5249 229 5311 Per
253 5277 412 5326 quem
442 5279 576 5319 mox
603 5265 825 5326 sapiens
850 5264 1121 5322 Pharaoni
1150 5279 1206 5323 et
1231 5249 1710 5326 nralus‘habclur:

1854 1324 2019 1383 Vendi
2043 1326 2116 1383 ibi
2144 1338 2421 1403 comperto
2452 1329 2723 1390 frumenta
2747 1334 2931 1394 videre
2954 1338 3249 1410 Campum.

1847 1416 1999 1474 Hanc
2039 1434 2257 1491 qtroque
2303 1421 2431 1477 dum
2479 1432 2755 1497 repetunt,
2803 1426 3003 1501 Ioseph
3030 1440 3181 1501 patet
3212 1430 3428 1502 agnitus

3204 1519 3353 1595 [illis

1844 1598 1976 1668 Quae
2006 1611 2290 1674 postquam
2321 1605 2517 1662 Phario
2544 1608 2654 1680 regi
2684 1608 2888 1680 perlata
2916 1610 3182 1677 feruntur,

1843 1686 2057 1745 Patrem
2082 1707 2203 1746 cum
2231 1694 2446 1765 generis
2476 1695 2630 1750 turba
2661 1697 2763 1753 sibi
2799 1700 2973 1768 poscit
3001 1699 3190 1770 Ioseph

1841 1779 1924 1835 Ad
1951 1796 2110 1850 quem
2138 1798 2260 1837 cum
2284 1784 2464 1839 decies
2491 1787 2729 1855 septenis
2756 1790 2993 1859 quinque
3012 1787 3217 1860 jugatis

1843 1870 2133 1928 Descendit
2162 1876 2392 1946 propriae
2419 1877 2605 1948 stirpis
2630 1879 2913 1935 animabus
2940 1881 3113 1935 Iacob.

1842 1961 1943 2029 Qui
1968 1972 2250 2035 postquam
2284 1968 2390 2021 vita
2424 1967 2735 2039 defungitur
2762 1972 2895 2042 ipse,
2930 1980 3220 2044 patresque

1841 2053 1935 2110 Bis
1954 2056 2068 2110 seni
2099 2056 2313 2113 Sichem
2340 2057 2432 2112 lati
2463 2060 2726 2130 positique
2750 2062 2995 2131 sepulcro

1840 2142 2113 2197 Abraham
2138 2146 2312 2213 pretio
2340 2147 2480 2214 quod
2509 2158 2815 2218 sumpserat
2840 2149 3003 2206 Emor
3032 2150 3088 2207 in
3117 2161 3316 2225 empto.

1842 2233 2110 2305 Tempore
2140 2238 2395 2307 promissi
2429 2248 2757 2309 properante
2795 2241 2939 2311 quod
2986 2242 3103 2312 ipse
3147 2242 3405 2319 professa,

1839 2326 2072 2383 Abi-aha:
2102 2326 2279 2384 fuerat
2310 2328 2591 2397 Dominus,
2623 2330 2775 2402 plebs
2799 2333 2971 2388 crevit
2994 2342 3049 2388 et
3076 2334 3266 2405 ingens

1812 2422 1817 2427 ’
1842 2416 2081 2474 Eilicitur
2107 2420 2547 2490 pepulus,,donec
2579 2438 2673 2478 rex
2702 2424 2915 2480 nescius
2939 2423 3135 2483 borum

1842 2510 2056 2567 Eminet
2084 2511 2339 2585 Egypto,
2370 2515 3156 2588 circuinveniensquccolonos

1765 2598 1813 2659 Β
1841 2600 2078 2669 Addicit,
2105 2604 2225 2659 diro
2250 2606 2497 2677 proprios
2523 2621 2795 2677 exponere
2819 2609 2965 2666 letho

1836 2697 2176 2768 Compelleus
2197 2700 2430 2771 genitos.
2464 2700 2675 2773 Moyses
2708 2712 2834 2761 tunc
2864 2713 3023 2760 natus
3054 2711 3109 2760 et
3138 2705 3253 2761 aede

1834 2790 2109 2847 Mensibus
2137 2801 2221 2847 est
2246 2794 2419 2863 patria
2448 2794 2669 2851 latitans
2694 2796 2865 2853 tribus
2893 2798 3105 2869 abditus
3130 2799 3294 2855 hosti.

1833 2881 2033 2939 Gratus
2057 2892 2116 2940 at
2138 2884 2447 2941 Altithrono
2468 2884 2615 2943 fluvii
2644 2887 2772 2943 dum
2803 2889 3037 2944 traditur
3061 2889 3218 2958 ulvze,

1834 2972 2103 3044 Regigeua
2130 2985 2334 3047 raptus,
2360 2975 2526 3043 fetus,
2558 2978 2673 3035 vice
2698 2978 2865 3050 prolis
2894 2988 3137 3050 amatus,

1831 3064 2056 3121 Artibus
2086 3067 2315 3123 excellet
2343 3066 2574 3135 Phariis,
2608 3070 2822 3125 virtutis
2846 3079 2901 3127 et
2923 3080 3050 3128 actu

1830 3152 2027 3215 Lustra
2056 3172 2249 3226 gerens
2280 3167 2427 3225 octo,
2456 3160 2750 3215 meditatur
2779 3163 2953 3218 visere
2987 3147 3206 3233 fratres;

1832 3243 2175 3317 Pelleumque
2203 3248 2380 3304 virum
2412 3248 2637 3308 Hebraeo
2667 3253 2772 3309 vim
2807 3255 3027 3314 tendere
3052 3272 3282 3314 cernens

1830 3333 2094 3404 Perculit,
2122 3346 2285 3409 atque
2312 3356 2440 3399 suos
2462 3350 2613 3399 retur
2639 3347 2874 3402 sensisse
2900 3349 3236 3419 propinquos
3256 3391 3273 3418 ,

1830 3428 1927 3485 llis
1956 3445 2052 3501 per
2075 3446 2198 3486 eum
2232 3433 2490 3491 Dominus
2515 3437 2677 3493 vellet
2710 3439 2838 3509 quia
2861 3439 3006 3497 ferre
3029 3442 3286 3500 salutem.

1830 3520 1978 3588 Quos
2014 3521 2382 3592 imprudentes
2412 3527 2536 3583 odio
2561 3528 2786 3600 rixaque
2816 3528 3059 3590 furentes

1829 3610 2163 3684 Corripiens,
2196 3617 2367 3682 audit,
2391 3616 2670 3689 Princeps,
2695 3630 2787 3676 aut
2814 3623 3019 3679 arbiter
3045 3633 3103 3681 ut
3131 3624 3211 3682 sis

1831 3701 1962 3770 Quis
1996 3705 2160 3772 dedit,
2188 3714 2244 3763 et
2267 3715 2483 3764 nostras
2503 3710 2683 3766 valeas
2713 3710 2868 3769 linire
2886 3714 3179 3785 querelas?

1831 3792 1985 3850 Mene
2015 3803 2073 3853 ut
2098 3796 2215 3852 heri
2246 3796 2501 3854 Pharium
2529 3800 2715 3871 jugulo
2738 3803 2974 3874 plectere
3011 3805 3297 3863 colonum?

1833 3887 2078 3946 Territus
2106 3890 2191 3946 his
2222 3890 2434 3965 Moyses
2461 3893 3002 3965 disponitur_advena
3027 3905 3210 3966 terrae,

1754 3972 1800 4037 C
1830 3978 2127 4052 Aufugieus
2150 3980 2382 4051 Madiau,
2410 3983 2539 4041 hino
2565 3993 2649 4040 est
2674 4001 2778 4058 qua
2804 3986 3027 4058 pignore
3054 3996 3284 4047 mactus.

1831 4074 2197 4148 Quadraginta
2220 4078 2376 4135 anuis
2405 4078 2479 4135 illi
2504 4081 2609 4138 hac
2641 4082 2833 4139 tellure
2856 4086 3119 4157 peractis,
3222 4128 3231 4139 .

1828 4168 2179 4238 Angelushic
2211 4170 2475 4240 flagrante
2496 4173 2616 4228 rubi
2643 4185 2982 4233 monstratur
3008 4178 3064 4237 in
3088 4179 3234 4251 igne,

1829 4258 1947 4326 Quo
1973 4262 2204 4317 mirante
2232 4262 2401 4319 facem
2432 4266 2664 4321 scrutari
2694 4282 2918 4339 remque
2948 4282 3174 4340 parante
3390 4338 3399 4345 ι

1830 4353 1941 4408 Vox
1956 4352 2096 4408 facta
2115 4362 2236 4409 est:
2270 4373 2288 4406 ι
2316 4357 2428 4425 Ego
2454 4372 2573 4411 sum
2586 4367 2804 4428 patrum
2832 4362 3108 4432 Deus-ipse
3137 4371 3405 4433 tuorum.»

1828 4445 2102 4500 Attonitus
2127 4444 2336 4518 Moyses
2360 4464 2466 4503 non
2488 4449 2651 4504 audet
2679 4465 2904 4507 cernere
2929 4462 3141 4508 contra.
3338 4520 3341 4521 ν

1825 4534 1923 4590 Cui
1951 4537 2208 4592 Dominus
2236 4552 2252 4591 :
2289 4557 2308 4589 ι
2334 4538 2566 4595 Pedibus
2586 4540 2686 4595 tibi
2717 4541 3084 4599 calceamenta
3113 4547 3346 4611 resolve,
3376 4609 3387 4617 κ

1826 4625 1959 4683 Nam
1984 4628 2133 4683 locus
2154 4629 2208 4683 in
2230 4644 2336 4700 quo
2359 4639 2472 4686 stas
2513 4640 2728 4687 constat
2748 4634 2873 4707 quia
2898 4643 3042 4690 terra
3064 4647 3282 4697 sacrata
3302 4645 3407 4694 est.

1828 4718 2062 4775 Verbera
2092 4721 2225 4776 dura
2254 4724 2360 4778 mei
2390 4723 2592 4796 pepuli,
2623 4723 2834 4783 Pelusia
2863 4742 3025 4798 regna

1825 4812 1997 4878 Quem
2025 4812 2280 4880 retinent,
2311 4816 2444 4881 vidi,
2474 4817 2734 4889 gemitum
2764 4820 2891 4891 quin
2918 4818 3152 4880 auribus
3178 4820 3339 4896 hausi
3420 4852 3423 4857 -

1827 4906 2200 4976 Descendique
2232 4911 2461 4981 tegendo
2487 4910 2603 4966 illos
2621 4895 2745 4981 quo
2773 4913 2969 4969 missus
2996 4912 3246 4980 abibis.»

1822 4999 1920 5054 llic
1947 4996 2179 5069 Moyses,
2203 5002 2306 5058 sibi
2338 5005 2619 5076 prmlatum
2650 5020 2815 5075 quem
2840 5007 2982 5063 ferre
3012 4998 3337 5079 negarunt,

1820 5092 2089 5163 Principis
2115 5104 2281 5165 atque
2312 5098 2692 5169 Redemptoris
2721 5102 2836 5157 vice
2859 5096 3100 5156 mittitur
3134 5105 3290 5171 illis,

1818 5182 2074 5239 leicola
2097 5186 2259 5242 simul
2294 5200 2539 5255 ostenso,
2564 5191 2857 5247 comitante
2882 5204 2979 5261 per
3003 5187 3250 5261 ignem.

1818 5275 1914 5326 Ilis
1941 5276 2110 5326 signis
2136 5279 2322 5326 educit
2345 5299 2439 5326 nne
2468 5296 2563 5326 nar
2592 5296 2718 5326 rum
2754 5283 2975 5326 Ramnes-
