3872 5326
517 352 624 407 505

520 468 815 537 Tanquam'
832 479 920 521 me
948 469 1153 529 vatem,
1178 453 1275 519 vos
1295 463 1651 520 oltServabitis
1674 464 1868 535 ipsum.

522 556 724 628 Nempe
754 565 871 612 erat
901 555 1153 611 Ecclesiae
1181 556 1432 625 princeps
1460 555 1675 611 deserta
1706 555 1938 612 tenentis

519 649 777 719 Angelico
800 655 966 718 'snper
986 647 1096 703 alta
1123 645 1252 702 Sina
1283 646 1545 703 solamine
1568 647 1750 702 fultus.

524 736 764 812 S'umpsit
785 742 927 796 enim
955 742 1081 795 vitae
1103 740 1256 795 nobis
1281 739 1412 794 dare
1434 740 1619 802 verba,
1647 741 1743 794 scd
1768 739 1885 810 ejus

520 830 791 888 Nolebant
810 831 974 901 jussis
998 832 1169 886 nostri
1195 845 1254 886 se
1278 830 1507 885 subdere
1531 837 1712 899 patres
1729 869 1745 894 ,

519 920 787 979 Cordibus
809 922 982 978 aversi
1012 921 1178 986 duris,
1208 920 1760 991 Aaronquejuhentes
1785 938 1800 977 :

527 1038 542 1066 ι
577 1015 686 1071 Fac
709 1017 868 1070 nobis
895 1031 1033 1086 quos
1060 1031 1156 1071 nos
1192 1014 1436 1070 volumus
1461 1014 1763 1084 prmcedere
1788 1015 1960 1078 divos,

521 1105 637 1161 Dux
676 1114 858 1161 noster
892 1106 1100 1179 Moyses
1124 1107 1210 1186 ubi
1237 1107 1307 1163 sit
1333 1106 1547 1162 nescire
1566 1104 1817 1161 fatemur.
1850 1123 1871 1159 ι

520 1193 658 1249 Τιιιη
690 1194 826 1250 bove
855 1193 1084 1250 conflato
1113 1211 1266 1250 sacra
1295 1195 1464 1250 libant
1488 1210 1640 1250 more
1663 1193 1919 1265 profano,

516 1286 577 1342 In
609 1287 765 1344 factis
798 1302 1050 1342 manuum
1074 1287 1237 1343 laetati
1265 1287 1426 1342 corde
1453 1301 1702 1353 suarum;

518 1376 844 1448 Militiasque
872 1377 1017 1433 dedit
1046 1378 1183 1432 Deus
1208 1378 1306 1433 hos
1327 1377 1531 1433 servire
1556 1378 1822 1448 polorum,

516 1466 591 1526 Ut
619 1468 896 1538 Scriptura
924 1469 1309 1538 prophetarum
1333 1468 1411 1522 sic
1435 1469 1681 1537 patribus
1705 1468 1861 1523 inlit:

514 1559 652 1613 lium
680 1556 894 1614 deserta
930 1557 1184 1613 tercbatis
1211 1556 1349 1622 loca,
1377 1558 1594 1613 victima
1622 1557 1865 1628 nunquid

512 1651 559 1703 Λ
596 1649 749 1704 vobis
772 1648 950 1703 oblata
983 1648 1157 1704 mihi?
1192 1650 1391 1704 Domus
1419 1649 1553 1705 arsit
1579 1650 1739 1705 Iacob

513 1740 940 1812 Smnpsistisque
969 1740 1176 1796 Moloch
1208 1740 1461 1807 tentoria,
1492 1742 1672 1797 sidera
1702 1741 1968 1811 Rempha,

515 1834 663 1901 Quas
696 1848 793 1889 vos
822 1841 1041 1889 constat
1073 1833 1388 1893 adorandus,
1410 1832 1701 1902 sculpsisse
1737 1832 1958 1903 figuras.

511 1924 775 1991 Quocirca
799 1923 1011 1994 ejiciam
1038 1940 1135 1980 vos
1160 1923 1360 1978 moenia
1390 1931 1538 1979 trans
1564 1908 1873 1995 Babylonis.

514 2016 755 2071 Aulaeum
788 2014 963 2071 fuerat
987 2016 1232 2086 patribus
1257 2031 1354 2086 per
1381 2016 1535 2071 devia
1568 2017 1769 2072 nostris

513 2109 667 2175 Quod
693 2109 836 2165 Deus
864 2107 1082 2164 ostenso
1106 2108 1284 2163 docuit
1314 2108 1683 2178 paradigmate
1708 2106 1962 2178 Moyscm.

517 2198 630 2252 Iloc
660 2194 874 2267 quoque
895 2213 1018 2252 cum
1046 2195 1227 2252 Jesum
1252 2198 1421 2252 nostri
1453 2197 1714 2253 induxere
1739 2207 1995 2267 parentes

513 2289 572 2341 In
605 2296 829 2351 terram,
856 2295 1064 2356 gentes,
1095 2301 1255 2357 quam
1284 2285 1595 2357 possedere,
1626 2301 1859 2355 superno

512 2374 761 2448 Expitlsm
786 2390 942 2446 nutu,
970 2379 1273 2450 mansitque
1298 2380 1351 2434 in
1379 2387 1620 2451 tempora
1651 2379 1840 2445 Davi.l,

514 2463 617 2542 Qui
642 2481 830 2543 gratus
860 2472 1087 2528 Domino
1110 2472 1267 2542 petiit
1302 2472 1563 2543 reperiret
1596 2479 1656 2527 ut
1678 2472 1845 2527 aedem

516 2564 634 2634 Ipse
658 2565 766 2619 Deo
791 2561 979 2629 Iacob,
1007 2562 1263 2618 Salomon
1288 2561 1484 2617 struxit
1515 2562 1602 2617 cui
1641 2560 1917 2629 templum,

518 2657 627 2713 Sed
649 2672 754 2713 non
785 2656 1057 2712 excelsum
1083 2654 1331 2711 manibus
1351 2653 1446 2714 lita
1476 2654 1697 2709 delubra
1724 2652 1983 2708 claudunt

518 2748 593 2808 Os
618 2750 756 2804 vatis
786 2747 932 2804 velut
957 2750 1069 2819 ipse
1102 2747 1185 2803 sui
1216 2755 1444 2802 testatur
1470 2746 1798 2816 adimplens'.

517 2839 690 2898 Sedes
715 2849 799 2895 est
821 2840 1038 2905 coelum,
1067 2839 1217 2895 basis
1240 2847 1324 2894 est
1352 2839 1482 2894 mihi
1515 2847 1657 2893 terra
1684 2835 1890 2909 pedalis

519 2927 803 3003 Quamque
846 2933 1065 2989 domum
1111 2930 1242 2985 mihi
1278 2931 1557 2998 condetis,
1607 2929 1722 2985 loca
1773 2943 1960 2999 quaeve
1988 2942 2099 2982 ma-

629 3040 639 3051 ’
1806 3018 2031 3093 [ncndi?

520 3102 638 3173 Non
672 3132 791 3172 mea
822 3116 962 3172 celsa
994 3131 1186 3172 manus
1211 3115 1482 3187 plasmans
1511 3114 1626 3169 hzec
1653 3112 1831 3167 omnia
1863 3109 2033 3165 fecit?

521 3208 747 3279 Spiritui
775 3223 987 3277 quoque
1015 3211 1113 3262 vos
1137 3206 1281 3261 almo
1309 3205 1580 3261 contraire
1603 3202 1832 3258 studetis

522 3298 760 3353 Auribus
785 3298 1196 3361 incircumcisis,
1229 3296 1440 3351 cervice
1470 3295 1707 3366 procaci,

528 3390 597 3448 Ut
627 3382 792 3446 vestri
814 3398 940 3444 ante
963 3388 1454 3460 patresjugulando
1479 3403 1619 3457 saepe
1644 3384 1958 3457 prophetas,

522 3480 707 3536 Infesti
734 3482 972 3547 cunctis;
1006 3480 1303 3551 praenuntia
1329 3479 1491 3535 verba
1516 3478 1715 3533 locutis

523 3572 805 3629 Adventus
822 3569 952 3641 justi
984 3585 1143 3640 quem
1168 3570 1468 3641 proditione
1498 3568 1761 3633 necastis;

517 3663 776 3735 Angelieo
798 3662 967 3733 legem
999 3676 1133 3733 quos
1161 3660 1466 3732 percepisse
1492 3658 1662 3715 relatu

521 3756 769 3822 Constat,
795 3772 915 3812 eam
941 3769 1070 3810 vere
1094 3768 1196 3809 nec
1220 3753 1522 3810 custodisse
1546 3751 1819 3824 probatur.

596 3842 854 3924 Martyris
888 3849 973 3905 his
1009 3847 1192 3903 verbis
1217 3847 1443 3918 ingratis
1467 3846 1689 3901 auribus
1718 3842 1927 3903 haustis

529 3941 746 3998 Viscera
773 3939 1066 4004 disiliunt,
1090 3948 1411 4007 rumpuntur
1434 3937 1596 3992 corda
1633 3933 1832 3999 furore,

522 4022 763 4089 Stridula
795 4046 1104 4102 pressorum
1135 4039 1392 4084 resonant
1426 4026 1754 4099 crepitacula
1785 4027 2027 4083 dentum.

520 4127 592 4180 At
622 4128 828 4195 martyr
858 4132 1100 4188 sanctus,
1129 4120 1388 4193 praecelsa
1408 4118 1669 4173 Flamine’
1683 4118 1894 4189 plenus,

522 4213 839 4284 Suspiciens
867 4212 1053 4278 caelos,
1084 4212 1326 4268 divinum
1354 4210 1532 4267 cernit
1554 4211 1819 4265 honorem

519 4304 589 4361 Et
611 4313 850 4361 stantem
879 4319 910 4359 a
941 4302 1145 4359 dextris
1169 4301 1355 4357 aeterni
1378 4300 1556 4357 Patris
1581 4299 1782 4365 Iesum,

518 4393 719 4464 Sicque
742 4394 820 4449 ait
846 4411 860 4447 :
897 4410 917 4445 r
944 4391 1022 4447 En
1049 4392 1206 4447 video
1235 4389 1356 4446 coeli
1380 4389 1512 4444 mihi
1542 4388 1755 4443 culmen
1789 4397 2035 4456 apertum

518 4483 699 4556 Atque
727 4482 963 4539 hominis
991 4481 1187 4538 Natum
1214 4479 1440 4536 Virtutis
1469 4479 1659 4535 dextra
1687 4486 1975 4531 tenentem.
2008 4492 2027 4526 ι

520 4590 527 4607 ι
589 4575 826 4631 Auribus
846 4574 1140 4631 obstructis
1164 4565 1237 4628 illi
1262 4586 1389 4627 aera
1417 4570 1642 4626 vocibus
1674 4567 1917 4638 implent,

518 4668 919 4741 Unanimesque
943 4677 1133 4740 petunt
1156 4666 1490 4739 Stephanum
1520 4663 1681 4721 simul
1717 4664 1916 4733 impete
1945 4669 2098 4716 torvo

518 4759 771 4832 Urbeque
805 4761 1110 4832 propellunt
1139 4760 1486 4830 Iapidantqne
1517 4758 1593 4812 rei
1621 4754 2008 4819 venerandum,

514 4850 643 4905 Dira
671 4866 861 4906 manus
893 4853 1099 4913 mitem,
1128 4859 1250 4905 trux
1275 4849 1556 4915 blandum,
1584 4862 1723 4903 saeva
1749 4845 2059 4917 benignum.

516 4940 727 4996 Saxoso
757 4951 963 5014 martyr
986 4941 1307 4997 venerabilis
1333 4941 1505 4996 imbre
1533 4942 1732 5011 petitus

514 5033 736 5091 Invocat
765 5053 779 5088 :
809 5051 829 5086 ι
866 5033 1017 5090 Hanc
1047 5035 1308 5101 animam,
1349 5030 1478 5089 Jesu
1514 5032 1765 5100 Domine,
1811 5032 2027 5101 accipe,
2078 5049 2096 5081 ι

1745 5124 2029 5197 [clamans.

515 5211 585 5268 Et
613 5213 802 5283 positis
827 5216 1054 5287 genibus
1082 5231 1277 5288 magna
1306 5232 1428 5274 cum
1456 5230 1589 5273 voce
1612 5225 1869 5287 precatur
1896 5236 1909 5268 :

600 5302 644 5326 1-
675 5314 877 5326 _._.-_--
907 5307 1005 5326 ειν-
1057 5307 1125 5326 ἢ.
1251 5308 1263 5326 ι
1298 5323 1307 5326 -
1334 5324 1343 5326 _
1384 5309 1478 5326 ,σεο
1568 5311 1579 5321 ο
1655 5323 1699 5326 ,,
1735 5306 1875 5326 ’-μηρ

527 5320 544 5326 -
572 5302 644 5326 λτ-
675 5314 877 5326 _._.-_--
907 5307 1005 5326 ειν-
1057 5307 1099 5326 'n

1227 346 1620 406 FLODOARDl
1670 347 1989 406 CANONICI
2028 334 2373 404 REMENSIS
2407 337 2772 407 OPUSCULA
2811 337 3143 409 METRICA.

2121 465 2170 523 A
2198 457 2596 529 Omnipotcutis
2616 456 2765 525 heri,
2786 457 2912 513 dum
2939 457 3162 514 Saulum
3188 468 3368 513 mente
3395 459 3667 516 [urentem

3666 345 3755 411 Ml

2200 549 2259 613 In
2286 564 2419 605 nece
2449 558 2558 605 tam
2587 558 2773 604 sancta
2797 548 2888 619 qui
2915 550 3310 606 censentanens
3341 564 3466 606 esse

2201 639 2315 695 Non
2345 640 2544 707 timuit,
2581 653 2794 695 versum
2825 639 3105 696 videamus
3135 641 3375 705 nomine,
3409 641 3611 697 corde:

2202 730 2279 785 De
2302 729 2466 785 Saulo
2486 729 2732 795 Paulum,
2763 730 3056 801 patientem
3082 732 3148 786 de
3171 744 3334 787 cruce
3364 731 3585 786 factum.

2200 820 2498 891 Exsequias
2526 820 2782 891 Stephani
2804 832 3099 893 properant
3126 822 3402 882 celebrare
3429 822 3641 890 fideles,L

2200 912 2375 983 Atque
2401 913 2662 982 timorati,
2687 912 3062 986 lacrymasque
3091 914 3284 970 dedere
3305 913 3593 984 profusas;

2201 1002 2571 1075 Gamalielque
2597 1020 2696 1060 suo
2722 1007 2972 1077 princeps
3003 1006 3096 1077 qui
3126 1022 3253 1062 rure
3277 1005 3480 1063 locavit

2201 1092 2334 1149 Ossa
2364 1094 2435 1164 pii
2467 1095 2640 1161 testis,
2668 1094 2821 1163 cujus
2844 1103 3133 1169 servantur
3159 1096 3353 1165 agello,

2200 1181 2380 1243 Donec
2401 1183 2754 1243 Christicolas
2778 1183 2993 1240 fervens
3019 1185 3290 1241 tribulatio
3326 1191 3558 1254 pressat.

2270 1271 2560 1327 Postmodo
2584 1280 2809 1342 septeno
2841 1273 3099 1343 regnabat
3126 1274 3398 1333 Honorius
3423 1286 3577 1328 anno.

2198 1361 2266 1418 Et
2287 1363 2589 1434 baptisterii
2621 1362 2892 1420 Lucianus
2920 1364 2974 1418 in
3002 1364 3117 1420 atde
3136 1365 3409 1431 cubabat;

2198 1451 2395 1508 Mentis
2423 1453 2476 1507 in
2506 1469 2732 1509 excessu
2757 1453 2901 1509 facto
2926 1454 3013 1510 cui
3039 1455 3278 1511 cernitur
3301 1469 3429 1511 ecce

2197 1543 2462 1601 Procerus
2482 1538 2831 1617 placidusque
2859 1545 3049 1612 senex,
3078 1546 3338 1618 vultuque
3360 1547 3625 1617 decorus,

2196 1635 2371 1691 Barba
2397 1638 2684 1707 promissa,
2717 1637 2970 1693 candenti
3000 1645 3173 1694 tectus
3200 1638 3423 1708 amictu,

2198 1724 2364 1795 Cujus
2396 1728 2447 1780 in
2482 1735 2727 1783 extremo
2763 1728 3050 1783 radiabant
3075 1729 3319 1800 margine
3342 1728 3583 1800 pulchra

2119 1820 2168 1882 B
2194 1815 2580 1888 Contextwque
2601 1834 2816 1886 cruces,
2841 1834 2974 1875 auro
2996 1835 3093 1890 pro
3118 1819 3290 1874 limite
3318 1819 3505 1886 limbi,

2199 1906 2408 1976 Quique
2435 1908 2597 1977 pedes
2622 1908 2808 1980 caligis
2835 1908 3048 1964 decoris
3070 1909 3310 1965 munitus
3336 1908 3563 1975 honesti,

2197 1997 2376 2066 Atque
2404 1997 2658 2052 caducose
2682 1997 2965 2069 praesignis
2989 1997 3207 2053 ductilis
3231 1998 3373 2063 auri,

2197 2085 2420 2142 Leniter
2451 2086 2723 2157 attingens
2752 2087 2918 2153 hunc,
2945 2103 3053 2157 quo
3080 2103 3139 2143 se
3167 2087 3525 2143 Gamalielem

2198 2176 2466 2243 Prodidit,
2494 2178 2747 2249 egregius
2771 2176 2950 2233 fuerat
2975 2178 3061 2232 cui
3087 2176 3286 2233 Paulus
3315 2178 3596 2240 alumnus;

2197 2267 2438 2335 Addens,
2462 2275 2582 2337 post
2607 2268 2817 2337 aliquas
2844 2268 3011 2339 coepit
3037 2282 3173 2339 quas
3200 2267 3345 2323 ferre
3380 2268 3661 2339 loquelas:

2204 2375 2223 2408 ι
2255 2355 2475 2411 Cautela
2514 2358 2748 2413 tumulos
2777 2373 2987 2414 summa
3022 2367 3077 2413 tu
3110 2359 3333 2430 perlode
3366 2369 3603 2425 nostros,

2200 2443 2265 2505 Et
2296 2446 2510 2517 patefac
2530 2447 2719 2503 humili
2741 2448 3047 2518 squalentia
3074 2465 3202 2506 rure
3230 2450 3539 2521 sepulcra.»

2200 2538 2315 2595 Hoc
2346 2550 2619 2609 qurercnte
2642 2541 2801 2596 simul
2826 2556 3055 2612 quorum
3088 2542 3352 2598 tumulata
3379 2542 3626 2611 iacerent

2201 2630 2440 2703 Corpora
2476 2648 2489 2686 :
2529 2651 2548 2687 ι
2590 2633 2855 2701 Domnus,
2883 2633 2979 2701 ait,
3006 2626 3314 2704 Stephanus
3339 2634 3428 2689 hic
3451 2634 3654 2705 primus
3678 2632 3761 2691 ιιαρ

3540 2726 3709 2801 [betur

2201 2816 2308 2873 Pro
2335 2817 2553 2873 Christo
2582 2817 2785 2891 Solymi
2808 2817 3048 2891 lapidum
3071 2835 3231 2891 quem
3260 2819 3407 2879 carde
3432 2829 3717 2885 necarunt,

2204 2909 2412 2979 Quique
2438 2909 2778 2965 sacerdotum
2803 2909 2959 2979 jussu
2985 2894 3240 2966 dimissus
3266 2910 3513 2966 edendus

2204 2998 2303 3053 Est
2332 3000 2558 3055 canibus
2587 3001 2826 3071 dirisque
2856 3000 2986 3056 feris
3007 3018 3114 3072 qua
3139 3001 3317 3057 Cedar
3341 3002 3546 3057 abitur.

2206 3091 2357 3159 Quod
2381 3093 2553 3148 vetuit
2578 3094 2662 3149 cui
2691 3103 2865 3148 morte
2896 3093 3055 3172 fidem
3082 3108 3327 3150 servasse
3357 3094 3580 3164 patebat

2072 3214 2075 3217 -
2124 3180 2171 3242 C
2200 3184 2298 3238 Ast
2319 3201 2419 3256 ego
2441 3194 2750 3240 sanctorum
2775 3193 2973 3240 coetum
3005 3188 3324 3258 turbamque
3347 3186 3562 3242 ﬁdelem

2204 3276 2513 3341 Asciscens,
2538 3276 2691 3338 suasi,
2707 3288 2891 3331 nostro
2911 3276 3145 3332 ferretur
3174 3279 3365 3349 agello,

2208 3368 2432 3438 Quoque
2456 3377 2665 3438 patrum
2690 3378 2843 3423 sueto
2865 3368 3075 3438 positus
3104 3369 3362 3439 sepelitur
3390 3371 3615 3425 honore.

2208 3458 2378 3527 Quem
2406 3458 2566 3513 simul
2591 3457 2854 3530 attiguum
2885 3459 3132 3515 invenies
3160 3461 3397 3516 retinere
3427 3459 3683 3517 locellum.

2208 3548 2402 3606 Nicod'.
2415 3566 2535 3606 mus
2556 3565 2709 3606 meus
2744 3550 2834 3605 ille
2856 3564 3021 3622 nepos
3042 3560 3144 3616 est,
3172 3550 3425 3607 Christus
3452 3550 3600 3606 Iesus

2207 3640 2451 3697 Flamihe
2477 3656 2635 3712 quem
2662 3651 2851 3697 sancto
2873 3641 3074 3708 docuit,
3105 3641 3431 3712 lymphaque
3464 3640 3686 3705 renasci.

2208 3730 2470 3802 Quodque
2493 3730 2597 3787 sibi
2623 3731 2806 3796 Petro,
2835 3745 2959 3786 mox
2985 3739 3147 3801 atque
3172 3730 3385 3786 Joanne
3411 3742 3712 3801 peractum,

2209 3823 2359 3882 Unde
2395 3823 2735 3878 sacerdotum
2766 3834 3040 3891 proceres,
3071 3821 3290 3892 indigna
3324 3820 3633 3885 frementes,

2206 3912 2343 3976 Irati
2369 3913 2510 3967 hunc
2541 3920 2819 3967 removent
2849 3913 3106 3982 primatu,
3140 3912 3354 3967 tradere
3387 3911 3549 3967 morti

2208 4008 2459 4076 Connisi;
2503 4008 2636 4064 texit
2664 4008 2757 4063 sed
2785 4023 2907 4062 eum
2938 4007 3241 4063 reverentia
3273 4008 3468 4069 nostri.

2209 4099 2355 4155 Urbe
2384 4106 2562 4153 tamen
2593 4096 2730 4167 pulsi
2762 4099 2971 4167 rapitur
2996 4096 3254 4152 convulsa
3283 4096 3549 4166 supellex,

2206 4189 2378 4267 Quem
2431 4203 2647 4261 quoque
2705 4188 3079 4245 semianimem
3138 4186 3399 4266 linquunt
3458 4183 3765 4242 cruciatibus

3492 4276 3700 4349 [actum.

2205 4376 2359 4433 Hunc
2385 4391 2485 4447 ego
2508 4374 2809 4445 suScipiens
2835 4372 3083 4429 adhiberi
3109 4370 3307 4427 mando
3330 4367 3597 4425 medelam
3623 4384 3651 4438 τ,

2209 4466 2312 4535 Qui
2348 4476 2473 4522 tunc
2512 4474 2737 4521 curatus
2765 4463 2926 4535 paulo
2956 4463 3083 4519 inde
3112 4470 3389 4532 superstes
3418 4460 3644 4515 habetur

2128 4532 2189 4597 Β·
2207 4532 2636 4627 Defunctumque
2663 4532 2829 4626 pedes
2857 4555 2925 4610 ad
2953 4554 3113 4624 primi
3144 4551 3403 4624 martyris
3431 4551 3587 4606 addo.

2209 4648 2425 4705 Tertius
2452 4648 2541 4702 ille
2567 4648 2695 4702 mihi
2725 4646 2965 4702 retinens
2994 4658 3279 4700 commune
3308 4641 3612 4714 sepulcrum

2208 4741 2378 4796 Filius
2406 4747 2491 4795 est
2517 4739 2718 4794 Abihas
2743 4751 2916 4804 meus,
2947 4735 3091 4791 almo
3122 4734 3269 4790 fonte
3299 4741 3542 4788 renatus.

2208 4832 2416 4888 Mecum
2440 4830 2695 4885 vicenum
2723 4828 2845 4883 vitae
2869 4828 2995 4883 dum
3026 4826 3271 4897 provehit
3302 4839 3531 4888 annum,

2208 4920 2490 4979 Praedictis
2523 4919 2723 4975 Christi
2752 4915 2970 4971 famulis
3000 4929 3155 4972 sacra
3184 4912 3440 4968 dantibus
3465 4910 3562 4976 illi,

2208 5012 2409 5067 Doctus
2437 5008 2527 5063 hic
2553 5007 2767 5063 assidue
2791 5020 2913 5061 cum
2945 5002 3111 5059 Paulo
3132 5016 3290 5058 sacra
3320 5000 3551 5055 vacabat

2206 5102 2264 5157 In
2294 5100 2493 5169 templo
2519 5097 2808 5162 meditans,
2835 5111 2900 5151 ac
2926 5095 3126 5149 lumine
3153 5092 3289 5163 legis
3314 5092 3619 5151 abundans.

2207 5192 2370 5248 Liber
2398 5206 2464 5247 eo
2486 5191 2702 5246 solitum
2727 5190 2861 5244 vitio
2882 5189 2969 5247 cui
3000 5188 3231 5243 subdere
3256 5201 3379 5242 sese

2208 5283 2303 5326 Rat.
2328 5296 2498 5326 annuis
2526 5283 2843 5326 humanum.
2873 5288 3046 5326 tectus
3072 5279 3274 5326 virtute
3295 5293 3557 5326 summa.
