3872 5326
136 287 226 344 505
576 288 665 344 DE
704 289 1086 351 TRIUMPﬂlS
1117 295 1392 353 CllRlSTl
1433 297 1521 352 ET
1562 297 1661 354 SS.

1866 299 2102 355 ζδΤΙΝιΕ
2156 300 2332 355 LIBRI
2371 302 2572 356 TRES.
2608 332 2678 342 —
2715 301 2844 357 LIB.
2878 301 2920 356 l.
3283 301 3395 362 506

136 403 239 457 lloc
262 402 546 473 rogitante
571 402 674 458 laci
706 419 900 460 nomen
929 423 1036 477 quo
1065 419 1334 479 quazrerct
1360 409 1502 474 illos,
1745 418 1786 475 Α
1816 412 2090 483 Cnndigna
2121 414 2266 468 socia
2303 413 2432 469 cleri
2467 415 2762 470 comitante
2788 423 3029 471 caterva.

138 491 285 545 iniit:
317 510 334 542 ι
362 492 514 561 Agro
528 491 582 546 in
595 500 781 548 nostra
808 509 968 564 quem
994 512 1136 551 nunc
1168 511 1418 551 sermone
1453 496 1713 568 Syrorum
1819 505 1919 572 Qui
1947 506 2034 576 pia
2063 506 2377 561 muneribus
2403 509 2654 577 pretiosis
2681 523 2801 564 ossa
2831 520 3164 580 prementes,

136 579 272 633 More
294 580 589 634 beatorum
619 580 792 637 ΓετιοΓ
818 586 1090 652 posseSSio
1119 587 1268 640 lrilo-
1299 605 1317 638 θ
1817 597 2109 652 Obstructa
2139 597 2334 661 loculo,
2367 600 2600 668 propriis
2636 579 2845 654 rediere
2874 601 3167 655 cathedris.

139 673 274 726 Visio
301 672 385 725 cui
419 673 620 728 similis
648 674 956 746 iterumque
987 677 1290 748 iterumque
1319 679 1534 734 videtur
1886 686 2019 742 Ossa
2051 689 2206 742 beata
2238 688 2370 742 Sion
2397 688 2657 758 Stephani
2690 705 2794 744 non
2825 700 3066 762 tempore
3095 692 3266 747 multa

138 763 468 832 Presbytero,
497 765 716 821 tandem
734 765 1074 839 Solymarqu
1100 771 1273 840 pergit
1294 770 1359 823 ad
1383 771 1593 837 urbem,
1814 779 1940 834 Post
1969 788 2217 834 revociita
2248 781 2400 844 nitet,
2432 782 2640 851 primus
2667 798 2772 852 qua
2805 783 2870 836 ad
2903 799 3060 838 sacra
3091 785 3359 840 minister.

140 855 368 910 Pontifici
408 859 657 914 monitus
694 859 934 917 referens
965 863 1078 917 haec
1101 874 1296 920 cuncta
1319 863 1536 930 Joanni,
1814 872 1978 928 Arida
2014 884 2123 927 tum
2157 874 2458 943 squnllebat
2494 876 2712 938 humus,
2747 877 3056 932 sitientibus
3085 880 3253 950 arvis,

140 945 227 1012 Qui
258 946 388 1000 fusis
421 947 716 1004 Dominum
745 950 999 1023 lacrymis
1027 954 1293 1009 benedicit
1321 964 1570 1022 ovanter,
1816 965 1900 1029 Vi,
1929 965 2046 1019 sine
2074 967 2332 1036 temperie
2361 966 2614 1037 lymphae,
2642 967 2834 1023 durata
2859 968 3076 1033 caloris;

140 1035 360 1088 Advocat
383 1046 439 1090 et
468 1049 656 1106 patres
681 1041 869 1096 vicinis
895 1043 1118 1098 urbibus
1142 1044 1336 1111 ulmos,
1814 1055 1952 1109 Ecce
1984 1035 2204 1124 repente
2234 1057 2338 1126 poli
2373 1035 2537 1111 facies
2567 1057 2716 1122 latet,
2746 1074 2870 1114 aere
2902 1060 3071 1114 nubes

144 1131 256 1196 Quis
282 1129 406 1184 dum
441 1144 751 1189 monstrata
781 1134 1056 1190 foderetur
1083 1137 1138 1191 in
1169 1153 1365 1208 aggere
1395 1152 1604 1204 coram,
1814 1147 2174 1209 Densescunt,
2206 1148 2527 1218 subitusque
2559 1149 2684 1219 polo
2711 1151 3015 1205 demittitur
3044 1151 3221 1206 imber

143 1220 289 1274 Terra
314 1230 559 1277 tremore
585 1235 794 1294 crepat,
818 1228 1141 1298 spiransque
1171 1227 1464 1298 fragrantia
1487 1229 1659 1300 surgit
1811 1235 1890 1290 Ac
1921 1236 2056 1305 rigat
2083 1238 2267 1292 eximii
2301 1239 2511 1292 meritis
2541 1249 2594 1293 et
2626 1241 2831 1295 honore
2854 1251 3046 1311 parato

145 1310 225 1368 Cui
253 1312 478 1367 similem
511 1317 604 1383 qui
637 1315 776 1371 forte
809 1319 1034 1373 aderant
1063 1319 1301 1374 sensisse
1330 1329 1617 1392 negarent,
1812 1325 2065 1399 Martyris
2090 1339 2309 1383 arentes
2336 1329 2486 1400 largo
2511 1331 2775 1386 solamine
2801 1310 3042 1403 campos.

146 1400 206 1456 Se
229 1403 583 1475 paradysiaca
607 1406 903 1475 gaudentes
936 1420 1152 1462 nectare
1178 1409 1348 1479 pasci.
1813 1417 1981 1488 Hujus
2010 1435 2104 1489 per
2126 1419 2304 1473 varias
2329 1419 2635 1474 clarescunt
2664 1423 2888 1492 pignora
2917 1400 3114 1488 terras,

146 1492 284 1561 Cujus
305 1495 486 1548 odoris
517 1511 676 1564 opem
704 1498 866 1552 variis
895 1499 1192 1569 sumpsisse
1220 1499 1382 1554 levati
1811 1509 2030 1564 Prodita
2060 1526 2177 1580 quae
2202 1511 2370 1580 signis
2400 1514 2599 1582 passim
2629 1513 2958 1568 decorantur
2980 1514 3202 1583 opimis,

146 1579 181 1632 E
203 1583 389 1636 morbis
419 1585 610 1639 decies
639 1587 847 1655 septeni
881 1597 1100 1658 tresque
1131 1590 1424 1644 resultant.
1811 1600 2052 1667 Quorum
2079 1579 2247 1655 multa
2275 1579 2514 1672 quidem.
2545 1614 2733 1658 sancte
2761 1579 3082 1673 Augustine,
3111 1603 3324 1672 fateris,

149 1669 258 1724 lluic
281 1673 444 1728 habiti
479 1683 648 1730 testes
673 1678 843 1746 operi,
869 1694 990 1733 cum
1020 1679 1182 1734 Patre
1211 1689 1418 1746 notata,
1810 1689 2049 1744 Plurima
2071 1706 2191 1761 qua:
2215 1669 2350 1746 ﬁunt
2377 1692 2462 1748 vel
2488 1691 2630 1747 facta
2662 1692 2810 1748 fuere
2839 1669 3108 1749 tacentur.

149 1758 323 1826 Prmsul
344 1765 693 1824 Eleutherius
715 1768 953 1836 Hierico,
975 1771 1431 1840 Eustominusque
1455 1769 1702 1838 Sebaste,
1737 1788 1781 1846 Β

1517 1949 1745 2006 CAPUT
1786 1949 1950 2005 XXII.

1020 2040 1097 2096 De
1123 2051 1304 2096 sancto
1343 2040 1588 2097 Simeane
1607 2051 1655 2094 et
1684 2041 1896 2112 reliquis
1924 2039 2088 2094 Elia:
2123 2037 2463 2108 prwsulibus.

154 2150 256 2204 Post
275 2137 520 2204 Jacahmn
550 2150 774 2206 Simean
803 2151 1146 2223 Solymarum
1192 2154 1256 2207 ad
1287 2169 1440 2208 sacra
1469 2153 1700 2220 levatur,
1811 2154 1992 2209 Judaea
2027 2162 2396 2207 memorantur
2425 2151 2521 2213 ibi,
2549 2152 2640 2221 qui
2678 2152 2831 2222 plebe
2863 2154 3074 2222 probati

156 2240 345 2294 Auditor
367 2241 580 2295 Domini
614 2243 789 2297 dictus
816 2259 1050 2313 quoque,
1081 2259 1247 2298 carne
1275 2244 1631 2314 propinquus,
1810 2247 2054 2317 Praeponi
2084 2246 2392 2313 Christique
2423 2245 2581 2298 fidem
2617 2247 2852 2300 tenuisse
2883 2247 3099 2317 benigni
3129 2263 3145 2302 :

156 2331 294 2386 Filius
325 2340 376 2384 ut
403 2331 682 2400 Cleophze,
715 2335 888 2388 sancti
918 2335 1011 2404 qui
1048 2334 1220 2390 frater
1249 2335 1462 2405 laseph,
1810 2338 2047 2404 Quarum
2079 2336 2351 2400 Matthias,
2383 2335 2561 2389 stabili
2591 2337 2888 2390 certamine
2917 2351 3182 2406 pugnans,

158 2417 358 2489 Virginis
381 2431 603 2476 interna:
628 2426 810 2493 sponsi
839 2435 894 2480 et
921 2427 1037 2480 sine
1066 2441 1321 2496 compare
1351 2427 1561 2482 matris.
1811 2429 2088 2498 Multaque
2118 2443 2214 2496 pro
2245 2427 2442 2480 Christi
2477 2441 2666 2495 passus
2697 2427 2895 2494 pietate
2921 2426 3146 2495 quievit,

157 2509 235 2565 llic
260 2511 474 2581 Syinean
502 2513 687 2569 fessus
714 2516 890 2580 senio,
912 2532 1022 2587 qua
1045 2527 1288 2587 tempore
1312 2517 1562 2587 princeps
1809 2519 1975 2587 Cujus
2004 2519 2157 2587 plena
2195 2519 2296 2572 title
2326 2525 2619 2571 narrantur
2644 2516 2870 2586 plurima
2902 2529 3072 2586 gesta.

159 2602 382 2672 Traianus
407 2606 590 2677 gladio
615 2599 822 2662 Christi
853 2609 1088 2662 vexabat
1112 2608 1279 2673 ovile,
1807 2614 1901 2676 At,
1928 2610 2251 2675 Jerusalem,
2276 2619 2558 2679 postquam
2587 2617 2847 2662 renovata
2877 2607 3091 2662 renides

159 2695 437 2752 Verberibus
464 2699 886 2754 multistlhristi
917 2701 1018 2755 sub
1047 2699 1264 2753 nomine
1297 2699 1482 2764 tritus,
1805 2700 2002 2755 Judaeis
2033 2699 2204 2769 patria
2237 2697 2425 2766 pulsis,
2455 2696 2637 2751 sibi'ct
2660 2695 2795 2749 urbe
2825 2704 3038 2763 negata,

161 2785 344 2842 Centum
367 2800 420 2844 et
452 2791 648 2861 viginti
687 2801 970 2861 postquam
1005 2798 1341 2861 transegerat
1372 2804 1567 2856 annos,
1808 2793 1879 2848 Ut
1901 2790 2012 2860 jam
2042 2782 2146 2845 non
2181 2791 2286 2844 illis
2310 2789 2517 2843 licitum
2552 2797 2640 2841 tua
2676 2789 2851 2843 visere
2875 2802 3021 2850 rura,

162 2873 374 2948 llartyria
400 2882 592 2934 rutilat
619 2871 879 2946 moriens,
907 2881 1086 2935 crucis
1117 2881 1292 2934 hostia
1325 2880 1502 2935 factus
1806 2880 2185 2950 Telluremque
2209 2877 2394 2948 procul
2423 2879 2507 2933 vel
2534 2887 2881 2949 prospectare
2908 2886 3198 2947 paternam

161 2963 312 3021 Judice
335 2984 450 3023 cum
483 2955 715 3040 reliquis
746 2972 987 3024 animum
1021 2971 1251 3024 mirante
1280 2970 1466 3040 vigore
1805 2973 2066 3029 Gentibus
2098 2971 2372 3036 admissis,
2400 2985 2586 3038 pacem
2617 2969 2962 3024 servantibus
2985 2969 3036 3021 in
3068 2978 3142 3031 te,

161 3055 265 3112 Tam
289 3061 451 3115 valido
481 3064 732 3126 firmum,
763 3064 944 3118 senior
971 3065 1292 3134 grandzevus
1320 3071 1375 3116 ut
1400 3063 1560 3134 hujus
1803 3063 1968 3129 Elia,
2002 3061 2246 3117 Romulei
2274 3062 2592 3132 cognomine
2620 3060 3037 3131 dictatyranni,

163 3145 375 3218 Snpplicii
411 3163 666 3222 prompta
697 3157 997 3208 cruciatum
1029 3165 1248 3224 pectore
1276 3155 1465 3211 ferret.
1804 3155 2053 3211 Pacilicis
2076 3154 2280 3209 Christi
2319 3153 2531 3208 famulis
2566 3154 2831 3208 habitatio
2867 3152 3028 3207 facta.

160 3233 398 3295 Pontiﬁces
427 3243 668 3313 Solymis
694 3243 903 3299 clarent
931 3245 985 3300 hi
1011 3246 1242 3314 denique
1278 3246 1442 3315 prisci
1476 3262 1490 3298 :
1805 3245 1935 3300 Post
1964 3244 2275 3314 prazlibatas
2304 3252 2356 3305 te
2384 3242 2595 3298 Marcus
2628 3243 2913 3313 episcopus
2945 3247 3109 3296 ornat

161 3325 253 3382 ilo:
278 3342 384 3400 post
406 3335 547 3390 hunc
578 3335 785 3401 Justus,
811 3337 1067 3392 Zachmus
1097 3337 1243 3402 hinc,
1271 3339 1392 3393 inde
1421 3338 1641 3404 Tobias,
1803 3336 2072 3392 Gentibus
2097 3353 2126 3390 c
2153 3336 2356 3390 nostris
2387 3336 2596 3405 primus
2625 3343 2678 3390 te
2706 3333 2902 3405 praesul
2929 3336 3176 3403 adeptus,

160 3414 390 3486 Betujamiu
419 3436 635 3490 sextus,
670 3435 782 3482 tum
815 3429 1081 3498 septimus
1109 3445 1230 3484 esse
1259 3428 1506 3485 Joannes
1731 3441 1776 3504 ο
1806 3427 2053 3500 Martyrii
2080 3427 2256 3496 palma
2284 3426 2434 3481 clara
2457 3425 2546 3495 qui
2579 3425 2773 3496 dignus
2801 3439 2993 3494 agone.

159 3505 334 3577 Fertur,
357 3512 612 3570 Matthias
640 3528 757 3586 post
790 3519 954 3584 hunc,
987 3521 1339 3590 sequiturque
1371 3519 1665 3591 Philippus.
1805 3519 2062 3576 Succedit
2089 3520 2268 3575 Marco
2294 3519 2580 3581 Casianus,
2614 3518 2834 3572 Publius
2862 3516 2951 3578 olli
2984 3533 2997 3568 :

160 3594 366 3656 Succedit
391 3603 599 3661 Seneca
629 3606 837 3673 Justus,
865 3616 986 3678 post
1012 3609 1186 3663 denuo
1218 3608 1345 3662 Levi
1377 3626 1390 3661 :
1799 3611 2067 3665 Maximus
2097 3611 2222 3664 hinc
2251 3611 2512 3678 sequitur,
2541 3607 2810 3671 Julianus,
2838 3606 3026 3671 Gaius,
3052 3614 3108 3660 et
3129 3602 3271 3660 alter

157 3684 264 3754 Hinc
303 3693 522 3766 Ephrem
537 3741 563 3768 ,_
610 3697 837 3772 Joseph,
864 3701 988 3758 finis
1034 3703 1226 3758 horum
1256 3717 1472 3772 quoque
1498 3701 1687 3767 Judas,
1793 3701 2058 3768 Julianus,
2090 3699 2403 3770 Capitoque,
2437 3699 2632 3754 Valens
2663 3710 2717 3754 et
2746 3698 3074 3753 Dolicianus.

1502 3939 1731 3996 CAPUT
1771 3900 1959 3993 xxui.

1186 4028 1258 4084 De
1275 4032 1470 4084 sanctis
1499 4029 1752 4084 Narcisso
1774 4037 1823 4083 et
1850 4024 2175 4080 Alexandro.

160 4131 259 4195 Post
284 4152 403 4206 quos
430 4139 730 4210 Narcissus,
756 4143 1008 4199 redoleas
1034 4142 1134 4200 ﬂos
1162 4155 1324 4214 atque
1350 4146 1603 4214 decorus,
1795 4142 2175 4210 Adversosque
2206 4138 2341 4194 facis
2367 4137 2708 4192 ﬂammarum
2737 4135 2993 4190 alimenta
3023 4133 3238 4192 dedisse

161 4221 367 4283 Ecclesia
390 4231 565 4287 latum
594 4233 827 4306 Solyma:
857 4237 1117 4306 respersit
1141 4236 1388 4302 odorem,
1795 4232 1927 4299 Quis
1956 4231 2092 4286 solet
2124 4229 2418 4300 exstingui;
2453 4228 2635 4282 lichna
2666 4229 2931 4298 gaudente
2961 4224 3154 4328 foveri.

163 4313 292 4382 Cujus
317 4323 438 4376 mira
469 4325 604 4380 satis
628 4335 682 4379 et
709 4325 939 4396 plurima
969 4336 1120 4397 gesta
1157 4327 1406 4382 renident
1430 4346 1444 4384 :
1795 4323 2040 4378 Luminis
2067 4323 2155 4378 hic
2182 4322 2435 4393 splendor
2463 4320 2622 4376 solito
2651 4330 2762 4373 tum
2788 4318 2985 4373 clarior
3009 4318 3165 4382 arsit,

165 4401 372 4464 Naturam
401 4413 572 4470 laticis
600 4416 790 4486 pingui
817 4417 907 4487 qui
934 4419 1099 4472 vertit
1123 4419 1285 4474 olivo.
1795 4413 2023 4486 Largius
2053 4417 2247 4469 educto
2271 4413 2469 4468 Christi
2501 4412 2744 4467 bonitate
2776 4412 2985 4475 nitore;
3099 4497 3111 4509 '

165 4492 360 4569 Namque
379 4505 476 4559 olei
505 4507 775 4576 quondam
810 4509 934 4564 dum
969 4509 1256 4566 deﬁciente
1292 4512 1520 4582 liquore,
1795 4501 1983 4571 Obque
2012 4502 2170 4558 fidem
2199 4502 2398 4555 fratres
2423 4501 2724 4556 decernunt
2756 4497 3185 4599 [nuperisliujus

163 4584 402 4675 lampadis
427 4598 721 4655 exhaustus
742 4616 864 4654 cum
893 4600 1095 4655 lumine
1128 4601 1399 4672 linqueret
1428 4604 1601 4675 ignis;

1545 4621 1601 4664 5;
1792 4591 2023 4661 Pignora
2058 4591 2382 4645 firmandam
2413 4591 2549 4643 tanti
2579 4604 2797 4644 servare
2826 4588 3074 4657 liquoris.

163 4672 372 4781 Fcclesite
396 4685 605 4745 famulis
632 4689 873 4746 fomenta
901 4706 1002 4746 nec
1029 4692 1140 4761 ipsa
1169 4672 1476 4761 subesseut,
1865 4681 2178 4781 (150');
2283 4771 2294 4781 _
2360 4770 2429 4781 η
2737 4770 2748 4781 ,
3049 4766 3061 4778 .
3139 4751 3162 4781 _~

162 4761 439 4843 Laetitiaeque
463 4779 577 4835 dies
595 4782 1117 4852 jamjampaschalis
1146 4786 1361 4840 adesse;
1389 4826 1404 4850 ,
1871 4772 2113 4841 Denique
2136 4768 2372 4825 Narcissi
2400 4770 2526 4824 dum
2558 4785 2710 4826 mens
2737 4767 3026 4824 immobilis
3047 4766 3237 4838 instat,

164 4850 382 4941 ilaximus
409 4868 527 4923 hinc
553 4872 747 4941 populo
776 4850 998 4937 ωῴιοοιν,
1029 4875 1266 4928 turbatio
1294 4875 1440 4930 ciem
1635 4855 1639 4861 ’
1676 4859 1680 4862 ’
1791 4861 1869 4915 Ac
1893 4859 2020 4928 justi
2053 4860 2295 4929 rectique
2327 4870 2485 4915 tenax
2511 4869 2566 4915 et
2594 4869 2706 4915 tuta
2739 4859 2968 4922 resistit,

163 4939 392 5020 lncutitur;
425 4958 542 5013 ﬁdei
573 4939 860 5018 Νξιιιοίδειιε
889 4971 945 5016 al
975 4963 1184 5032 integer
1209 4965 1356 5026 alia."
1792 4951 2018 5018 Quidam
2051 4950 2318 5022 falsiloqui
2346 4952 2547 5007 vitiata:
2577 4953 2774 5007 mentis
2803 4953 3049 5019 hamulli,

164 5029 349 5105 Imperat
372 5060 399 5099 e
422 5050 591 5115 puteis
614 5052 831 5107 laticem
864 5054 966 5109 sibi
992 5029 1136 5108 {en-ve
1165 5055 1450 5120 ministris,
1790 5045 1976 5105 Judice
1995 5044 2233 5114 justifico
2259 5047 2451 5117 dignas
2480 5045 2722 5116 perferre
2753 5049 3005 5104 timentes

165 5122 296 5158 0......
325 5150 456 5158 --.μη
658 5154 666 5158 -
731 5145 745 5158 .
891 5147 924 5158 ..
965 5147 999 5158 .-
1059 5145 1070 5158 .
1113 5153 1122 5158 .
1268 5147 1280 5158 .
1459 5147 1470 5157 .

1791 5131 2120 5158 n..:...!..sn.--.'
2157 5153 2343 5158 ..-.,..-..
2401 5154 2666 5158 _..__.,-M_.
2719 5149 2730 5158 .
2768 5140 2795 5158 τι
2852 5154 2962 5158 .-.--
3001 5139 3064 5158 ο--
3095 5143 3108 5158 ι
