3872 5326
423 286 527 345 507
569 293 579 311 "

424 402 744 461 Ltuuinibus
764 403 931 475 jurat,
960 402 1055 460 ﬁat
1087 418 1154 459 ne
1179 402 1371 460 tertius
1398 403 1617 461 absens.

425 497 522 553 llis
547 497 807 553 adversus
831 511 955 551 eum
985 511 1043 551 se
1069 511 1195 551 vera
1223 496 1409 550 tulisse
1435 495 1686 565 ligantes,

425 587 689 644 Crederet
709 585 937 642 assertis
965 586 1213 655 quamvis
1239 593 1367 640 tunc
1397 599 1558 639 nemo
1592 581 1791 648 ﬁdelis,

428 677 581 748 Quod
611 678 779 734 vitam
809 687 971 747 atque
998 676 1316 747 pudicitiam
1345 691 1508 745 quam
1538 675 1768 730 duxerat
1796 671 1954 734 annis

426 769 716 826 Narcissus
743 768 935 838 primis
960 776 1238 823 constaret
1259 782 1506 832 noscere,
1533 766 1703 836 pluris

430 861 550 932 Ipse
581 869 761 916 tamen
791 876 896 914 non
918 858 1064 914 ferre
1087 859 1274 914 valens
1297 868 1406 914 tam
1433 859 1575 913 dicta
1601 856 1865 928 probrosa

431 952 675 1022 Tamque
701 950 925 1023 profana
951 965 1168 1015 vacare,
1195 951 1375 1019 legens
1395 951 1607 1004 deserta
1640 947 1852 1018 petivit,

434 1045 499 1100 Et
525 1054 736 1100 secreta
769 1043 953 1098 colens
975 1042 1130 1098 latuit
1152 1041 1516 1113 compluribus
1541 1040 1722 1106 annis,

435 1137 712 1193 Semotam
738 1136 1126 1204 sophieamque
1153 1147 1346 1203 gerens
1372 1131 1491 1186 sine
1516 1130 1730 1187 turbine
1757 1129 1943 1187 vitam.

435 1227 507 1280 At
530 1241 636 1280 non
667 1225 755 1280 ille
785 1225 974 1280 oculus
994 1222 1358 1294 complectens
1385 1222 1568 1276 omnia
1594 1222 1715 1277 visu

438 1313 714 1369 Adversus
736 1329 924 1384 poenas
952 1313 1006 1368 in
1037 1321 1277 1382 tempora
1309 1311 1466 1382 longa
1493 1320 1741 1366 moratur
1765 1328 1781 1369 :

436 1404 550 1460 lino
572 1419 668 1476 per
689 1406 803 1461 haec
828 1421 949 1474 qua:
977 1405 1286 1460 sancierant
1315 1419 1439 1458 mox
1465 1403 1626 1474 digna
1653 1400 1923 1472 rependit,

438 1498 541 1565 Qui
571 1507 816 1553 sanctum
843 1498 1106 1568 ﬂagrante
1130 1495 1236 1552 doli
1268 1495 1524 1567 pepulere
1553 1508 1786 1559 veneno,

441 1588 688 1644 Arbitrio
712 1588 840 1643 dum
865 1589 984 1657 quis
1014 1588 1234 1659 pr0prio
1261 1588 1362 1642 sibi
1395 1587 1535 1642 lecta
1563 1584 1819 1655 capessit,

443 1681 658 1736 Primus
689 1681 857 1746 enim,
883 1681 1058 1736 tacita:
1085 1679 1319 1735 scintilla
1347 1689 1590 1747 tempore
1619 1675 1796 1730 noctis

441 1770 819 1826 Succendente
861 1771 1104 1836 domum,
1139 1779 1287 1825 ustos
1327 1769 1488 1825 simul
1532 1768 1740 1823 arsitin
1771 1766 1952 1839 ignes;

435 1861 534 1916 Ast
560 1861 725 1914 alium
751 1861 970 1915 morbus
995 1861 1221 1930 pedibus
1250 1859 1497 1931 pervadit
1521 1859 1589 1913 ab
1615 1858 1737 1912 imis

439 1953 522 2008 Ad
553 1967 848 2016 summum,
877 1950 1195 2020 scanditque
1224 1959 1387 2021 caput
1415 1951 1663 2004 decretus
1693 1947 1911 2004 eodem.

442 2044 541 2098 llis
564 2043 640 2098 ita
664 2042 1020 2113 consumptis,
1047 2057 1280 2097 cernens
1306 2050 1359 2095 at
1386 2041 1581 2096 tertius
1615 2039 1783 2094 altum

445 2134 602 2189 Haud
628 2133 854 2189 latuisse
883 2132 1036 2189 dolos
1059 2132 1368 2197 Dominum,
1395 2147 1454 2188 se
1479 2131 1668 2199 vulgus
1697 2140 1885 2203 aperte

443 2222 670 2292 Projicit
700 2223 754 2278 in
783 2223 1043 2287 medium,
1071 2233 1322 2292 relegens
1348 2239 1416 2279 ex
1447 2224 1639 2278 ordine
1659 2223 1939 2294 probrum,

449 2314 542 2369 Sic
568 2314 778 2369 facinus
802 2314 983 2369 nitens
1012 2313 1266 2385 lacrymis
1294 2314 1532 2369 immane
1553 2314 1727 2384 piare,

445 2404 688 2461 Fletibus
714 2403 950 2462 amotam
980 2405 1114 2460 fusis
1139 2403 1420 2460 ulciscitur
1447 2414 1644 2474 artem,

446 2494 586 2552 Dum
621 2495 781 2550 ducta
812 2493 960 2552 luctu
995 2494 1198 2551 residet
1227 2494 1456 2566 caligine
1485 2510 1682 2551 caecus.

519 2582 780 2640 Narcisso
804 2586 1010 2640 interea
1037 2584 1261 2641 latebrae
1287 2595 1502 2641 secreta
1533 2584 1752 2644 fovente

452 2672 718 2744 Allegitur
745 2675 922 2730 sacris
945 2674 1144 2744 prmsul
1170 2676 1492 2745 cognomine
1520 2675 1671 2743 Dius,

456 2760 628 2827 Quem
659 2770 873 2832 raptum
898 2763 1142 2832 sequitur
1163 2763 1456 2832 Germano,
1481 2765 1716 2821 Gordius
1745 2766 1920 2821 illum.

459 2851 598 2909 llinc
624 2853 776 2915 velut
800 2855 1019 2910 horrida
1049 2865 1170 2926 post
1195 2856 1383 2928 gelidae
1415 2857 1710 2928 spiramina
1740 2859 1944 2915 bruma:

457 2943 720 3010 Allectus,
748 2947 973 3017 zephiro
1001 2949 1164 3004 terris
1191 2947 1408 3004 alﬂante
1435 2951 1650 3019 solutis,

455 3035 768 3107 Purpureus
791 3037 950 3093 viridi
976 3054 1207 3110 surgens
1231 3039 1332 3097 llos
1357 3042 1604 3114 gramine
1631 3050 1825 3098 vernat
1851 3082 1865 3109 ,

457 3125 613 3182 llaud
638 3127 798 3181 aliter
824 3129 1064 3195 subiens,
1095 3131 1219 3187 divo
1247 3141 1305 3188 ut
1330 3133 1604 3188 redivivus
1631 3133 1840 3190 honore

459 3221 725 3277 Redditur
757 3223 1014 3280 Ecclesia:
1038 3225 1346 3293 Narcissus,
1375 3227 1616 3298 itemque
1644 3238 1868 3299 rogatur

459 3312 756 3372 Prmsideat
782 3317 979 3387 populo
1009 3317 1297 3389 divinaque
1325 3319 1509 3374 munia
1541 3328 1758 3375 tractet.

459 3405 561 3463 Ast
591 3421 736 3478 zegro
759 3406 938 3464 fessus
966 3411 1139 3476 senio,
1168 3411 1294 3466 dum
1323 3413 1604 3468 commoda
1631 3413 1803 3483 plebis

463 3494 658 3557 Omnia
683 3496 829 3556 ferre
851 3501 1058 3575 nequit,
1089 3503 1301 3562 coalein
1328 3505 1549 3562 numine
1579 3505 1744 3562 ducto

1169 286 1566 345 FLODOARDI
1593 253 1914 344 CANONICI
1955 280 2302 339 REMENSIS
2341 279 2708 340 OPUSCULA
2745 283 3076 342 METRICA.

3583 285 3674 348 50$

2034 402 2084 462 Α
2114 395 2270 451 Sedis
2298 394 2608 450 Alexandro
2636 411 2819 452 secum
2853 412 3005 454 sacra
3035 397 3271 453 culmina
3298 397 3534 462 confert,

2112 485 2490 556 Cappadocum
2517 488 2693 556 gentis
2723 488 3012 543 moderans
3042 487 3278 558 quijnra
3305 488 3586 554 sacerdos,

2113 577 2405 648 Spectandi
2434 577 2551 632 loca
2581 589 2766 634 sancta
2803 581 3013 646 avidus,
3050 581 3190 635 hanc
3219 589 3277 634 ut
3309 580 3449 651 petit
3489 579 3683 651 urbem,

2111 670 2247 726 Esse
2277 669 2545 726 revelatur
2574 669 2824 740 plebique
2865 671 3094 740 senique
3121 672 3413 726 tenendus.

2113 762 2302 820 Excita
2329 761 2513 832 sicque
2550 762 2637 816 die
2663 761 2814 831 plebs
2841 777 2948 831 quo
2979 771 3314 832 cognoverat
3352 761 3509 816 illum

2115 857 2314 914 Adfore
2343 865 2656 922 venturum,
2695 871 2996 926 properans
3025 869 3084 911 se
3111 856 3383 910 mcenibus
3412 854 3571 910 oll‘ert

2114 950 2285 1006 Obvia
2318 949 2492 1005 danda
2522 949 2673 1016 viro;
2710 964 2813 1002 vox
2856 948 3067 1002 intonat
3091 961 3219 1002 ecce
3241 955 3470 1016 repente

2116 1043 2343 1100 leitus
2373 1050 2600 1108 attacta,
2629 1041 2843 1097 cunctis
2871 1040 3216 1111 capientibus
3257 1055 3390 1094 aure
3419 1056 3434 1093 :

2124 1154 2142 1186 ι
2175 1134 2384 1190 Sumite
2409 1132 2719 1204 pontiﬁcem
2747 1132 2945 1186 vestris
2970 1146 3131 1202 quem
3169 1129 3410 1185 destinat
3442 1127 3551 1183 aris

2118 1229 2491 1300 Omnipotens.
2523 1247 2541 1280 ι
2573 1227 2674 1284 Ubi
2707 1241 2916 1281 summa
2943 1233 3091 1296 patet
3120 1223 3410 1278 manifesta
3435 1220 3672 1277 voluntas

2119 1319 2403 1388 Cuntiguis
2431 1318 2678 1389 patribus
2724 1324 2917 1371 sancto
2947 1324 2999 1369 et
3029 1315 3266 1379 seniore,
3295 1321 3521 1383 repente

2121 1410 2406 1467 Communi
2440 1417 2564 1463 voto
2595 1407 2775 1478 populi
2804 1407 3152 1463 concorditer
3187 1415 3370 1460 actum

2124 1499 2458 1570 Suscipiunt,
2501 1508 2724 1568 cogunt,
2749 1498 3012 1562 retinent,
3039 1504 3392 1560 venerantur,
3425 1497 3694 1554 honorant-

2128 1590 2375 1660 Denique
2414 1589 2718 1654 Narcissus,
2763 1603 2984 1644 cursum
3017 1586 3332 1642 certaminis
3368 1585 3609 1656 explens,

2128 1681 2256 1738 Post
2279 1692 2494 1737 centum
2523 1682 2604 1737 his
2636 1691 2690 1736 et
2717 1690 2943 1736 octonos
2974 1695 3110 1749 quos
3138 1679 3352 1734 vixerat
3380 1693 3576 1743 annos,

2052 1759 2100 1821 Β
2130 1775 2291 1833 Urbis
2320 1775 2625 1830 Alexandro
2655 1773 2890 1828 tutandae
2923 1771 3044 1839 jure
3074 1770 3267 1825 relicto

2130 1868 2212 1922 Ad
2240 1867 2529 1921 Dominum
2581 1879 2830 1935 pergens,
2875 1863 3194 1918 meritorum
3244 1875 3476 1916 munere
3503 1857 3698 1932 gaudet.

2204 1954 2428 2010 Naviter
2453 1954 2754 2025 advigilans
2788 1969 3070 2008 successor
3104 1953 3288 2006 munia
3327 1959 3551 2015 tractat,

2130 2047 2512 2103 Condecorans
2543 2047 2689 2110 (lata,
2721 2045 2847 2098 dum
2881 2044 3076 2099 Decius
3104 2042 3351 2099 fervente
3382 2038 3614 2111 procella

2137 2137 2326 2203 Saevit,
2351 2137 2492 2192 ovile
2521 2135 2618 2191 Dei
2646 2135 2960 2206 disperdere
2995 2135 3212 2190 turbine
3248 2143 3487 2189 tentans.

2139 2228 2344 2298 Nempe
2375 2235 2432 2282 ut
2458 2225 2659 2280 canitie
2684 2225 2972 2294 splendens
3008 2225 3278 2280 reuitebat
3307 2237 3547 2287 alumna,

2136 2321 2441 2377 Cmsaream
2478 2319 2673 2374 ductus
2700 2317 2932 2372 crudelis
2961 2318 3080 2386 lege
3110 2317 3351 2387 tyranni,

2139 2409 2369 2466 Nomine
2400 2423 2498 2479 pro
2531 2409 2744 2463 Domini
2771 2407 2984 2462 laetatur
3013 2423 3234 2462 carcere
3265 2407 3444 2471 trudi;

2139 2502 2493 2570 Alllictusque
2521 2499 2610 2554 diu
2641 2513 2825 2554 sacros
2855 2507 3199 2552 consunuuat
3246 2511 3450 2566 agones

2139 2591 2492 2664 Martyriique
2523 2590 2685 2660 capit,
2716 2588 2934 2644 Christo
2961 2589 3253 2652 tribuente,
3278 2601 3558 2641 coronam.

2142 2685 2426 2748 Eusebius,
2460 2681 2677 2744 fultum,
2700 2681 2854 2749 cujus
2884 2696 2943 2737 se
2972 2680 3298 2735 bibliotheca
3327 2676 3494 2750 (151)

2143 2777 2424 2834 Materiam
2460 2775 2759 2845 sumpsisse
2795 2775 2956 2830 docet
2984 2774 3242 2845 prteclara
3277 2771 3501 2827 notandi

2145 2869 2403 2927 Ecclesia:
2431 2868 2636 2923 Christi
2668 2868 2840 2923 titulis
2866 2882 2985 2936 qua:
3025 2876 3176 2936 gesta
3204 2863 3478 2919 feruntur.

2145 2961 2439 3032 Presbyter
2466 2945 2627 3028 huius
2653 2958 2944 3013 Alexandri
2976 2956 3320 3011 venerandus
3343 2956 3412 3008 ab
3448 2954 3564 3023 ipse

2149 3052 2397 3108 Clemens
2431 3049 2689 3106 Ecclesia:
2725 3049 3115 3103 transmittitur
3150 3046 3523 3100 Antiocheam.

2071 3125 2116 3190 (ἶ
2149 3146 2318 3212 Quem
2355 3157 2572 3214 quoque
2597 3150 2898 3213 przeccptor
2926 3139 3186 3193 virtutum
3217 3136 3468 3189 laudibus
3506 3146 3718 3196 ornans,

2150 3235 2283 3291 Esse
2315 3233 2652 3286 sacerdotem
2685 3230 2881 3299 allegat
2913 3227 3180 3298 probitate
3211 3226 3456 3290 beatum,

2152 3321 2556 3379 Commeudans
2590 3320 2836 3373 radiante
2863 3331 3046 3373 seuera
3075 3318 3273 3384 pietate
3305 3312 3624 3383 probatum;

2152 3413 2317 3483 Cujus
2340 3411 2480 3482 apud
2510 3409 2756 3482 Solymos
2786 3407 3072 3479 prmsentia
3105 3417 3330 3459 munere
3357 3401 3563 3458 Christi

2155 3505 2413 3578 Delegata
2439 3503 2532 3560 Dei
2566 3501 2822 3575 populum
2852 3501 3165 3557 ﬁrmaverat
3191 3504 3448 3553 auctum.

1860 3729 2088 3787 CAPUT
2137 3728 2325 3787 XXIV.

1489 3836 1568 3896 De
1593 3837 1855 3909 Macario,
1879 3840 2113 3897 Maximo
2134 3853 2180 3897 et
2209 3839 2418 3911 Cyrico,
2451 3835 2725 3908 episcopis.

466 3961 760 4020 Pontiﬁces
787 3971 911 4035 post
941 3964 1041 4022 hos
1067 3965 1300 4040 Solyma:
1323 3969 1526 4028 virtute
1556 3973 1811 4043 nitentes,

468 4054 730 4127 Dogmate
757 4057 1026 4127 przeclari,
1058 4069 1372 4116 statuuntur
1414 4063 1468 4117 iu
1500 4063 1694 4120 ordine
1740 4065 1943 4138 plures.

468 4146 709 4213 Quorum
750 4146 1040 4214 Macarius,
1069 4152 1294 4222 pretiosi
1323 4154 1471 4211 notio
1500 4155 1631 4227 ligni

471 4235 610 4292 Dum
638 4236 814 4292 crucis
843 4238 1094 4306 inventae,
1124 4242 1321 4311 populo
1349 4245 1648 4308 dubitante,
1686 4248 1925 4316 vacillat,

473 4325 1129 4397 Qumrere‘comproperat
1155 4331 1454 4399 spiramine
1477 4335 1718 4390 membra
1747 4339 1958 4403 relicta,

474 4414 815 4486 Apponitque
836 4433 1038 4491 cruces
1062 4422 1286 4490 pariter,
1318 4439 1453 4494 quas
1487 4425 1628 4482 forte
1667 4439 1916 4498 repertas

475 4507 814 4566 Constabat:
842 4514 1039 4582 spretis
1072 4515 1164 4570 sed
1191 4516 1274 4573 eis
1307 4518 1528 4575 immota
1561 4523 1886 4590 manebant;

479 4600 646 4657 Tacta
675 4603 826 4675 vigor
851 4621 1013 4662 cruce
1037 4607 1247 4666 viviﬁca
1276 4626 1402 4667 mox
1433 4613 1656 4670 intiuius
1691 4617 1880 4685 intrat,

477 4692 643 4764 Inque
661 4697 978 4780 repentinos
1016 4711 1267 4770 reparata
1299 4707 1592 4762 resuscitat
1619 4717 1794 4764 actus.

481 4784 747 4843 Maximus
773 4789 984 4844 illorum
1019 4806 1244 4849 consors
1270 4809 1335 4850 ac
1361 4796 1514 4852 miles
1547 4799 1735 4855 herilis

481 4876 589 4932 Pro
618 4879 816 4946 pietate
849 4882 1060 4953 ﬁdeque
1091 4886 1208 4953 Dei,
1232 4889 1324 4959 qui
1354 4889 1554 4960 poplite
1578 4891 1712 4947 laevo

484 4967 711 5023 Succiso
740 4971 996 5039 instabat,
1024 4976 1218 5033 dextro
1247 4995 1460 5050 quoque
1490 4983 1694 5039 lumine
1721 4983 1960 5057 dempto,

486 5057 600 5113 Hoc
624 5075 833 5131 magnae
857 5065 975 5119 tidei
1001 5069 1240 5138 gaudens
1270 5071 1481 5140 insigne
1515 5075 1760 5140 gerebat.

2160 3978 2468 4033 Exstinctos
2497 3975 2770 4046 precibus,
2807 3973 3061 4030 colubros
3092 3971 3308 4044 oleique
3340 3983 3587 4042 vapores,

2165 4071 2391 4126 Pectore
2417 4069 2644 4134 deﬁxus,
2677 4078 2942 4139 contoque
2974 4070 3183 4123 interna
3215 4067 3438 4136 petitus,

2171 4160 2455 4215 Victricem
2486 4159 2715 4230 palmam
2755 4159 2935 4212 rutilat
2963 4167 3274 4214 constanter
3299 4157 3549 4226 adeptus,

2161 4253 2310 4307 Alter
2345 4251 2612 4306 Macarius
2642 4249 2964 4304 Hermonem
3001 4250 3053 4303 in
3080 4263 3232 4303 sacra
3264 4259 3489 4303 secutus

2164 4344 2391 4399 Nomine
2417 4341 2609 4408 fertur,
2639 4353 2696 4396 ut
2721 4344 2822 4397 hoc
2849 4342 3041 4412 dignus
3069 4342 3361 4396 virtutibus
3390 4341 3564 4404 altus;

2165 4437 2444 4508 Dogmatis
2479 4435 2730 4507 egregius
2755 4435 2890 4488 nitet
2919 4435 3007 4488 hic
3039 4433 3326 4503 splendore
3355 4429 3604 4504 Cytillus,

2165 4529 2271 4584 Pro
2301 4528 2422 4582 ﬁdei
2450 4528 2680 4598 sceptris
2719 4526 3017 4581 certamina
3058 4525 3292 4596 plurima
3325 4538 3546 4593 passus,

2171 4619 2324 4689 Sarpe
2349 4620 2566 4690 quidem
2592 4619 2796 4688 pulsus,
2831 4619 2922 4672 sed
2954 4618 3078 4672 sede
3109 4617 3376 4688 insignius
3413 4622 3632 4675 auctus;

2170 4711 2340 4779 Quem
2369 4711 2504 4764 mira
2537 4711 2782 4779 sequitur
2811 4709 2977 4763 fultus
2998 4708 3270 4778 probitate
3300 4706 3558 4762 Joannes.

2172 4803 2443 4859 Prmterea
2472 4803 2679 4871 plures,
2705 4817 2935 4872 quorum
2961 4802 3051 4870 qui
3083 4799 3304 4855 nomina
3329 4799 3482 4854 novit

2174 4892 2270 4948 Vel
2304 4908 2614 4958 numerum,
2647 4893 2751 4948 scit
2799 4902 2994 4947 cuncta
3024 4891 3186 4955 Deus,
3241 4890 3345 4944 hac
3391 4888 3528 4943 urbe
3569 4882 3729 4939 trium-

3493 4977 3670 5052 [phaut

2174 5076 2269 5134 Vel
2302 5077 2474 5140 patria
2499 5075 2694 5131 sancti.
2722 5074 2960 5132 Cunctos
2983 5074 3104 5140 quis
3134 5072 3317 5128 dicere
3342 5069 3518 5140 possit
