3872 5326
78 262 185 322 ω
500 257 591 316 DE
616 257 998 323 TlllliMPlilS
1026 259 1307 320 ClllllSTl
1330 262 1423 321 ΕΤ
1460 262 1607 323 εει]

1805 263 2244 334 ΒΤΙΝΕΉΒΜ
2279 267 2483 327 τηε.
2520 296 2592 314 -ο
2626 268 2759 329 LIB.
2799 268 2866 326 ll.
3222 263 3333 333 8ὶὺ

1473 376 1707 437 CAPUT
1740 377 1957 465 _xxv.r

1283 464 1365 525 De
1398 466 1665 542 Hesychia
1700 482 1747 527 et
1783 471 2079 543 Philagrio.

81 580 358 652 Presbyter
383 577 707 651 Hesychius,
735 578 938 636 veteris
966 578 1057 650 qui
1087 580 1314 653 mystica
1346 580 1481 654 legis
1678 590 1727 650 Α
1754 586 2042 651 Attrectat,
2074 583 2357 657 laudisque
2380 585 2541 643 simul
2568 586 2835 660 praeonia
2867 586 3041 645 ἥψαθ’

81 673 472 741 Sacrorunque
504 670 725 729 umbras
751 669 821 726 ad
842 670 1044 743 fulgida
1074 671 1278 728 lumina
1302 682 1542 744 raptans,
1755 676 1997 747 Aufugit,
2023 692 2088 733 ac
2114 679 2323 734 strictis
2348 677 2589 735 emlestia
2620 679 2878 751 competit
2896 680 3019 739 alia.

81 765 133 821 lu
155 765 341 819 vinum
362 762 697 819 trausl'undit
719 778 911 834 aquas,
944 764 1033 819 ubi
1060 765 1275 833 dignius
1306 782 1533 840 usquam
1754 765 2001 822 Justinus
2030 767 2201 822 nitido
2227 769 2449 824 radians
2482 768 2771 840 splendore
2796 770 3002 840 sophia:

85 854 145 908 Ni
170 868 273 922 qua
306 853 599 923 praecipua
620 853 838 923 viguere
862 863 1070 910 remota
1096 865 1330 912 notaret.
1756 855 1967 923 Editur,
1998 858 2099 913 hac
2122 860 2298 914 oritur
2323 857 2523 930 Ioseph
2557 861 2775 931 regione
2801 869 3027 932 parente

86 939 173 996 llic
197 941 334 994 inter
363 939 592 1010 populos
624 940 830 1011 sophiae
858 940 1143 1012 splendore
1174 945 1384 1000 nitebat
1652 972 1659 975 -
1756 947 1857 1016 Qui
1885 957 2073 1005 sancta
2099 949 2276 1006 valide
2312 966 2412 1022 pro
2439 952 2718 1021 relligione
2755 952 3044 1019 laborans,

85 1032 401 1102 Philagrius,
433 1047 693 1088 manuum
727 1048 978 1102 quaerens
1000 1034 1259 1091 alimenta
1288 1037 1506 1106 labore;
1760 1041 2016 1113 Augustis
2040 1043 2232 1111 libros,
2267 1045 2487 1115 pietatis
2526 1046 2733 1102 honore
2763 1045 2979 1115 politos,

89 1125 251 1192 Atque
278 1122 518 1183 libenter
546 1123 707 1195 inops
739 1132 796 1180 et
820 1126 1157 1195 paupertatis
1181 1129 1407 1185 amicus.
1757 1130 1909 1187 llaud
1939 1133 2118 1189 crucis
2142 1135 2358 1190 erubuit
2385 1136 2621 1199 tradens,
2648 1144 2934 1208 spectante
2958 1146 3174 1204 senatu,

88 1212 179 1281 Qui
209 1213 480 1280 quondam
516 1213 741 1271 invento
767 1214 1066 1281 solidorum
1093 1217 1205 1272 dite
1236 1219 1487 1276 crumino
1755 1221 2139 1291 Opprobrium,
2170 1225 2348 1283 divina
2377 1224 2580 1292 ferens,
2610 1226 2844 1282 humana
2879 1225 3133 1284 refellens
3152 1241 3173 1284 :

91 1303 264 1359 Restat
294 1312 357 1360 et
377 1314 661 1375 exspectat
687 1320 878 1376 passus
906 1308 1033 1363 dum
1070 1308 1265 1365 datuna
1296 1319 1561 1368 recurrat.
1754 1311 1989 1379 Judmos,
2014 1323 2328 1386 gentesque,
2355 1316 2715 1388 hmresesque,
2746 1326 2800 1373 et
2829 1316 2963 1373 falsa
2991 1315 3339 1389 triumphans

89 1395 275 1453 Aurum
308 1397 551 1455 restituit
575 1396 748 1463 ﬂenti,
782 1411 1100 1472 partemque
1127 1405 1374 1472 precanti
1757 1402 2149 1476 Spectatusqne
2173 1407 2348 1476 palam
2374 1405 2559 1463 Jesum
2591 1408 2849 1463 decorare
2871 1406 3196 1478 magistrum

91 1485 326 1553 Sumeret
356 1488 608 1560 obuisus,
634 1506 914 1551 nummum
941 1494 1008 1551 de
1047 1494 1193 1554 mille
1218 1509 1320 1553 nec
1345 1511 1514 1554 unum
1761 1492 2009 1550 Exsultat
2033 1494 2305 1552 celebrem
2332 1495 2549 1555 Christo
2578 1495 2783 1554 fudisse
2819 1509 3094 1555 cruorem.

1468 1750 1698 1824 QAPUT
1730 1756 1938 1814 .XXVI.

1008 1835 1088 1894 De
1116 1838 1291 1896 Maria
1318 1840 1662 1915 Hagdalena,
1692 1848 1900 1904 Lazaro
1923 1858 1971 1905 et
1999 1847 2195 1920 Ioseph
2217 1847 2419 1907 Jurto.’

98 1973 323 2031 Pluribus
342 1971 459 2030 haec
486 1971 647 2029 tellus
682 1972 811 2029 hinc
838 1971 1030 2044 priscae
1058 1973 1196 2046 legis
1218 1973 1474 2046 alumnis,
1764 1983 1864 2040 llic
1890 1982 2083 2038 domus
2106 1981 2339 2038 ecclesia
2388 1986 2474 2037 est
2502 1986 2593 2036 tua
2623 1986 3043 2049 sanctorumque
3072 1989 3344 2035 sororum.

104 2064 215 2120 inde
236 2078 387 2120 um
411 2063 620 2129 rutilat,
648 2062 850 2120 Christi
882 2078 1021 2135 quos
1048 2066 1219 2135 gratia
1249 2065 1441 2122 salvat.
1761 2071 1986 2143 Joscph,
2013 2073 2105 2143 qui
2143 2069 2354 2137 Justus,
2380 2073 2555 2144 patria
2584 2072 2687 2126 hac
2720 2077 3061 2127 consummat
3088 2081 3341 2139 agonem,

105 2156 200 2213 llac
217 2172 426 2228 quoque
452 2154 765 2225 Magdalene
791 2156 1012 2228 regione
1037 2156 1203 2212 Maria
1227 2159 1458 2223 renidet,
1763 2166 1937 2234 Quem
1966 2163 2169 2221 Cliristi
2190 2164 2417 2220 comites
2442 2164 2591 2220 Judte
2614 2164 2732 2218 vice
2763 2171 2910 2219 sorte
2934 2160 3223 2231 legendum
3354 2168 3357 2173 '

107 2245 421 2301 Dteuiouihus
445 2246 635 2316 pulsis,
666 2243 825 2300 Jesus
848 2260 953 2316 qua
984 2245 1246 2303 Flaminis
1272 2247 1399 2302 almi

1652 2272 1655 2277 ·
1764 2256 1968 2326 Dignus
1994 2257 2287 2328 apostolico
2316 2266 2542 2312 censent
2576 2256 2699 2326 quia
2723 2252 2846 2323 jure
2876 2252 3103 2307 nitebat.

106 2333 164 2390 Ut
189 2333 448 2390 ferventer
477 2343 625 2389 amet
649 2343 797 2404 patet
824 2348 945 2389 esse
964 2348 1241 2404 capacem.

1687 2357 1735 2417 Β
1766 2345 1985 2400 lnterno
2009 2355 2187 2405 tamen
2218 2346 2443 2401 arbitrio
2473 2361 2591 2401 sors
2610 2345 2806 2416 legerit
2832 2342 2932 2397 etsi

103 2421 246 2491 Ceius
278 2422 355 2478 ita
375 2422 590 2479 Christo
613 2422 816 2492 placuit
835 2423 1052 2478 dilectio
1086 2437 1247 2493 pura,

1764 2433 2065 2501 Matthiam,
2095 2433 2328 2490 cilicium
2357 2434 2555 2504 Joseph
2584 2430 2934 2487 nilnlominns
2968 2426 3160 2500 implet
3190 2440 3192 2443 ’

112 2511 171 2567 Ut
190 2513 382 2586 Stygiis
408 2514 561 2568 illum
582 2514 899 2569 redeuntem
933 2515 1106 2583 prima
1137 2514 1386 2582 videret;

1765 2526 2034 2582 Doctrina:
2062 2534 2283 2593 sauctze,
2305 2540 2499 2596 supero
2526 2538 2820 2580 succensus
2856 2534 3059 2577 amere.

108 2600 165 2656 Et
185 2603 425 2658 claustris
455 2603 639 2668 Erebi,
670 2604 904 2658 violenta
927 2603 1047 2674 lege
1071 2605 1270 2672 soluta,

1767 2617 1919 2673 Unde
1949 2615 2135 2672 furens
2160 2615 2473 2672 Judazorum
2514 2630 2713 2671 vesana
2735 2623 2957 2669 caterva

111 2689 193 2748 Βία
213 2707 375 2766 prope
405 2692 727 2749 Bethaniam
779 2693 904 2761 tibi.
962 2692 1171 2751 Lazare
1219 2704 1431 2761 sancte.
1475 2708 1661 2768 δερυι·
1764 2707 1947 2764 Multis
1971 2708 2115 2762 hunc
2136 2709 2308 2778 agitat
2335 2706 2584 2778 probris;
2613 2703 2892 2776 ferturque
2924 2702 3049 2758 [idet

1391 2783 1590 2861 [ctuti],
1768 2796 1990 2851 Potatus
2012 2796 2167 2851 titulo
2197 2796 2271 2850 nil
2302 2795 2457 2852 triste
2482 2795 2670 2850 tulisse
2695 2808 2940 2857 veneno;
3019 2792 3023 2797 ’

114 2870 243 2929 Unde
263 2884 455 2945 quater
485 2876 626 2932 deuo
644 2884 933 2948 postquam
956 2885 1007 2933 te
1037 2876 1152 2935 sole
1186 2887 1441 2946 retentat,

1770 2883 1976 2956 llicque
2002 2887 2113 2942 Deo
2137 2885 2355 2943 demum
2375 2885 2584 2957 supplet
2606 2885 2857 2941 vincente
2882 2878 3233 2954 triumphum.

112 2964 233 3025 Ilors
252 2972 477 3044 superis,
507 2972 739 3029 Domino
765 2987 980 3044 parens,
1010 2972 1325 3031 tremefacta
1354 2974 1585 3031 remisit.

905 3143 1372 3237 INCIPIT
1439 3144 1799 3235 LIBER
1871 3082 2528 3239 SECUNDUS.

1260 3305 1265 3311 ’
1381 3331 1611 3389 CAPUT
1649 3332 1944 3389 PRIMUM.

1075 3424 1152 3482 De
1178 3428 1405 3486 vindicta
1437 3430 1765 3489 Cltrt'stioub
1804 3434 2148 3508 Vespasiano.

115 3559 316 3618 Plurima
332 3570 599 3634 prteterea
628 3560 861 3633 Solyma:
882 3557 1153 3617 celebrata
1179 3572 1379 3634 tropma
1769 3547 1938 3605 Paulo
1968 3534 2090 3621 post
2118 3548 2349 3606 mediam
2375 3548 2559 3604 fanum
2590 3547 2683 3604 lux
2710 3544 2912 3619 fulgida
2951 3551 3167 3601 noctem

116 3657 315 3715 θίγω-δίε
342 3659 556 3715 nituere
579 3657 771 3712 modis_
801 3655 939 3711 Hinc
972 3656 1223 3728 gentibus
1247 3659 1375 3714 οιεηι
1769 3640 2145 3728 Circumdans,
2170 3641 2223 3696 in
2246 3650 2475 3708 utroque
2498 3654 2722 3709 vagans,
2751 3639 2978 3694 horrore
3000 3640 3273 3690 coruscat.

116 3746 326 3819 Depulsis
347 3750 499 3804 vario
526 3748 629 3804 sub
661 3756 922 3818 tempore,
952 3720 1168 3802 avt-urbe
1192 3746 1440 3818 subacta,
1624 3744 1625 3747 “
1768 3735 1921 3817 Quod
1946 3734 2106 3791 rebus
2123 3720 2348 3804 quidam
2377 3723 2675 3803 auspicium
2701 3730 2960 3799 replicare
2988 3724 3276 3783 secundis:

115 3837 282 3895 Judzeis
300 3840 489 3897 crebro
517 3839 781 3894 bellorum
814 3837 1028 3893 turbine
1054 3839 1232 3906 tectis,
1765 3830 1867 3885 Ast
1896 3830 2011 3895 alii,
2037 3843 2266 3898 quorum
2295 3828 2469 3899 potuit
2495 3840 2647 3881 mens
2674 3823 2859 3880 sanior
2880 3836 3024 3886 esse,

116 3928 354 3987 iustorum
381 3929 593 3985 meritis
620 3927 855 4000 pnelatts
893 3928 1127 3983 culmine
1152 3929 1305 4000 regni
1690 3938 1735 4001 (ς
1768 3919 2004 3975 Infausta
2032 3928 2338 3975 memorant
2368 3915 2636 3971 turbatam
2664 3914 2779 3967 luce
2799 3911 3060 3982 quietem.

118 4019 257 4077 Sacra
288 4021 402 4093 lege
430 4020 548 4084 Dei,
575 4019 736 4074 claris
770 4030 826 4074 et
849 4019 917 4074 ab
943 4019 1100 4074 hoste
1123 4019 1324 4088 quietis
1767 4010 2020 4067 Pluribus
2048 4009 2171 4063 inde
2210 4008 2372 4062 motis
2399 4005 2618 4061 lethalia
2651 4008 2802 4075 signa
2838 4001 3124 4057 trahebant

117 4109 401 4183 Contemptu
433 4110 670 4177 aﬂlictis,
701 4110 892 4180 captis,
923 4117 978 4163 et
1016 4108 1085 4164 ab
1112 4108 1265 4165 hoste
1293 4108 1501 4166 necatis
1768 4104 1903 4172 Quis
1929 4102 2122 4183 moniti
2151 4108 2401 4157 temnunt
2420 4097 2671 4169 lacrymis
2701 4094 2892 4166 punire
2921 4098 3157 4165 patrata,

115 4194 433 4271 Extrusisque
456 4184 593 4266 solo,
626 4199 824 4273 templo
853 4198 1116 4273 librisque
1145 4199 1382 4270 perustis
1407 4216 1422 4254 :
1769 4197 1837 4252 Et
1859 4194 2218 4265 dedignantur
2244 4190 2508 4247 scelerum
2532 4186 2732 4243 deﬂere
2753 4184 2951 4258 piacla.

118 4285 354 4360 Correplis
375 4291 746 4363 peregrinam,
774 4289 1054 4360 patriaque
1079 4290 1312 4359 receptis
1771 4288 1868 4346 His
1897 4289 2058 4345 etiam
2082 4287 2237 4344 festis
2263 4286 2486 4341 vitulam
2519 4293 2762 4339 mactare
2788 4277 3052 4336 ministris

118 4374 225 4434 Post
251 4382 404 4437 etiam
428 4382 578 4435 varia
611 4380 874 4436 bellorum
916 4389 1101 4451 strage
1131 4380 1343 4447 levatis,
1642 4388 1647 4391 ‘
1768 4379 2073 4451 Applicitis,
2109 4377 2237 4433 dum
2259 4377 2459 4434 cervici
2482 4374 2691 4430 vibrata
2720 4369 2925 4426 securis

118 4467 265 4538 Atque
288 4473 577 4528 reservatis
606 4471 777 4525 donec
803 4471 983 4525 divina
1018 4485 1259 4541 propago
1770 4470 2065 4541 Deligeuda
2104 4471 2288 4533 micat,
2319 4467 2554 4538 peperit,
2594 4479 2747 4519 sacra
2780 4458 3035 4533 ponderis
3062 4455 3228 4530 hujus

120 4557 400 4636 Emmanuel
430 4562 605 4633 surgit
640 4560 707 4616 de
734 4561 958 4625 lumine,
983 4561 1191 4631 virgine
1218 4559 1326 4615 leta
1772 4561 2063 4617 inmutata
2094 4560 2297 4619 docens
2319 4559 2536 4614 arcanis
2558 4558 2785 4627 legibus,
2817 4567 3014 4624 agnam
3044 4563 3061 4581 ο

118 4645 165 4702 In
183 4666 326 4723 quem
356 4636 662 4725 praecipites
687 4652 916 4723 lapidem
939 4648 1214 4706 offendere
1243 4650 1413 4706 ruinae
1439 4667 1454 4716 ;
1772 4652 1942 4721 Quem
1972 4661 2146 4707 mater
2198 4666 2434 4706 renuens
2462 4648 2737 4702 balantem
2779 4655 3077 4715 agnoscere
3109 4645 3352 4710 partum,

121 4737 322 4811 Surgere
345 4760 442 4802 nec
471 4753 784 4816 properant,
816 4742 1032 4797 veniam
1080 4742 1208 4796 dum
1253 4756 1467 4798 sumere
1498 4750 1671 4799 vntum.
1771 4747 1932 4818 chis
1962 4747 2094 4802 dura
2119 4745 2292 4801 sacris
2311 4744 2461 4815 jnga,
2491 4740 2713 4796 mitibus
2733 4735 2925 4794 ieiunia
2952 4740 3244 4802 monstrat,

122 4829 206 4888 Per
227 4832 443 4893 comites
469 4836 698 4901 Christi,
730 4836 925 4906 quibus
948 4833 1178 4904 allegata
1204 4842 1386 4891 reatus
1769 4839 1850 4896 Ac
1881 4822 2124 4894 irucibus
2144 4836 2366 4907 proprio
2397 4833 2587 4905 gladiis
2618 4830 2863 4901 pellenda
2891 4826 3118 4885 sacello.

121 4909 296 4993 Cessio,
325 4928 522 4984 dilatus
550 4925 666 4984 fere
694 4925 1055 4998 quadraginta
1078 4925 1174 4995 per
1198 4939 1372 4980 annos
1771 4929 2005 4987 Interior
2032 4928 2217 4999 templi
2243 4941 2363 4998 qua:
2381 4923 2705 4995 respiciebat
2728 4924 2900 4980 Eoum

122 5010 345 5072 Vindictae
375 5017 589 5089 gladius
626 5015 799 5070 venite
819 5020 1133 5086 superesset
1163 5023 1225 5069 ut
1244 5021 1423 5082 actus,
1636 5067 1647 5075 .
1771 5017 1947 5075 Janua
1976 5020 2102 5074 dote
2123 5019 2326 5090 gravis,
2359 5017 2532 5074 solido
2566 5025 2824 5087 conperta
2855 5006 3103 5083 metallo,

119 5102 174 5158 At
190 5107 371 5176 pietate
391 5108 486 5164 Dei
506 5115 694 5185 spreta
721 5105 864 5162 subit
896 5103 1029 5159 ultio
1055 5102 1244 5175 digna.
1645 5114 1651 5121 '
1773 5109 2039 5167 Ponderis
2061 5110 2272 5176 eximii,
2299 5109 2383 5165 bis
2406 5108 2559 5165 denis
2590 5118 2739 5164 mota
2762 5102 3031 5163 ministris

118 5194 442 5257 Praeclaram
463 5208 651 5257 tamen
668 5196 955 5257 exordium
975 5204 1232 5271 portenta
1259 5198 1527 5269 futurum,
1777 5201 1908 5270 Quze
1934 5194 2298 5259 claudebatur
2317 5203 2408 5258 vix
2438 5199 2844 5270 impellentibus
2870 5210 3009 5259 tera.

119 5286 452 5326 Damnum..-
473 5293 614 5326 ,τηειρ
646 5304 918 5326 ο..-.,........
941 5306 1059 5326 ...Μ
1089 5294 1291 5326 ηιμ--..ξ

1697 5300 1748 5326 τι
1776 5294 1984 5326 l‘nnnlu
2024 5310 2236 5326 cna-nnan
2263 5294 2529 5326 nnlnfnnloa
2612 5291 2910 5326 Insul-IAHIIII'
2931 5283 3086 5326 “'an
