3872 5326
466 275 571 333 su

471 394 578 453 Per
604 394 801 453 cmlum
833 410 1026 451 currus
1053 395 1372 466 equitesque
1396 394 1582 450 volare
1604 393 1901 462 videnlur;

472 485 716 542 Nubibus
746 493 969 540 armatae
999 499 1118 541 sese
1149 485 1461 541 immiscere
1489 484 1795 549 cohortes,"

473 579 792 649 Agminibus
817 580 1013 635 subitis
1039 579 1379 635 circumdare
1400 578 1455 633 in
1479 593 1605 634 aere
1634 592 1842 635 muros.

473 667 636 724 Festo
661 669 993 724 etiamdicto
1021 668 1089 726 de
1118 669 1507 740 quinquaginta
1534 669 1725 726 diebus

477 756 626 816 More
647 761 958 815 sacerdotes
987 760 1150 815 solito
1186 760 1418 833 caligine
1447 761 1623 817 noctis

476 846 616 904 Ilum
648 848 904 920 templum
922 851 1218 917 introeunt,
1242 852 1498 922 strepitus
1523 865 1747 907 sensere
1771 857 2060 917 sonantes;

477 939 602 996 Mox
627 941 790 995 etiam
809 941 1000 996 .subito
1023 956 1186 997 voces
1212 943 1444 998 hausere
1467 941 1745 1013 profanles

478 1029 732 1088 Terribili
764 1033 970 1103 cra-pitu
1005 1051 1017 1087 :
1056 1054 1075 1085 ι
1104 1033 1397 1103 Migremus
1440 1035 1663 1090 sedibus
1692 1033 1831 1089 istis.
1861 1052 1878 1085 ι

479 1122 640 1178 Festo
671 1134 791 1195 post
811 1123 917 1179 alio
945 1124 1144 1179 virides
1172 1124 1419 1181 habitare
1449 1126 1705 1180 tabernas

476 1211 612 1270 Cum
657 1215 874 1270 solitum
899 1232 1069 1287 genus
1097 1217 1200 1271 hoc
1233 1217 1532 1281 hominum,
1582 1215 1799 1287 quidam
1827 1229 1955 1270 cccc
1985 1230 2067 1269 rce

1854 1314 1998 1360 tcnle

479 1395 738 1453 Rusticus
753 1396 1018 1453 exclamat
1041 1397 1266 1452 turbans
1297 1398 1348 1452 in
1372 1411 1503 1467 pace
1532 1396 1744 1466 quietos
1770 1414 1782 1450 :
1812 1304 1851 1378 [Ι

487 1508 507 1541 ι
548 1487 689 1543 Solis
720 1490 786 1544 ab
805 1504 1022 1561 egressu
1053 1504 1181 1554 vox,
1203 1506 1307 1544 vox
1342 1506 1373 1544 a
1397 1489 1570 1544 limite
1587 1489 1740 1551 solis,

481 1576 602 1637 Vox
632 1597 662 1635 a
696 1582 1001 1651 quadrifido
1026 1592 1313 1638 ventorum
1342 1582 1575 1638 turbinis
1606 1591 1724 1636 ortu
1749 1582 1762 1635 !

483 1670 602 1729 Vox
633 1688 792 1742 supra
819 1672 1117 1744 Solymam,
1152 1688 1254 1728 vox
1296 1688 1459 1743 supra
1489 1672 1691 1727 mwnia
1725 1668 1908 1739 templi
1942 1685 1963 1733 ;

1208 275 1557 332 FLODORDI
1595 262 1919 331 CANONICI
1958 275 2301 334 REMENSIS
2326 277 2696 335 OPUSCULA
2725 271 3056 337 METRICK.
3625 287 3713 342 Si!

2087 396 2138 460 Α
2166 396 2427 453 Romanis
2454 398 2722 469 siquidem
2749 398 2943 454 turmis
2967 399 3350 469 quassantibus
3375 401 3566 456 urbem

2158 484 2274 541 Non
2303 488 2476 557 magis
2498 488 2739 543 exterius
2761 504 2921 558 quam
2951 489 3352 560 grassatoribus
3383 490 3529 546 intus

2159 576 2638 644 Interimebantur,
2665 579 2861 649 quibus
2889 580 3018 634 urbs
3041 578 3255 634 addicta
3281 578 3550 646 tabescit;

2162 665 2272 723 Nec
2294 668 2542 723 manibus
2567 668 2739 739 magis
2759 668 3002 724 exterius
3024 664 3187 738 quam
3217 682 3405 737 pressa
3429 684 3656 737 suorum,

2163 757 2262 826 Qui
2286 759 2460 815 victus
2483 774 2709 829 usquam
2744 761 2788 815 si
2815 760 2944 830 quid
2969 761 3208 817 residere
3232 770 3509 830 repertum

2161 849 2438 913 Actutum,
2470 849 2680 903 insidiis
2706 857 2999 920 properant
3022 858 3240 919 raptare
3263 849 3345 904 vel
3374 851 3560 906 armis.

2166 938 2223 994 Si
2246 940 2538 1010 quidquam
2564 940 2755 1011 reliqui
2781 939 3077 1010 locupletes
3103 937 3240 995 forte
3269 937 3539 1005 videntur,

2165 1030 2406 1087 Crimine
2438 1029 2722 1100 transfugii
2751 1031 3003 1093 conficto,
3034 1038 3209 1085 morte
3239 1038 3591 1101 premuntur,

2166 1122 2534 1193 Increscitque
2559 1122 2757 1177 mahtm
2785 1122 2944 1178 simul
2966 1136 3031 1179 ac
3058 1122 3349 1177 temeraria
3386 1122 3542 1177 turba

2170 1214 2597 1285 Scrutantesque
2625 1216 2834 1282 domos,
2861 1216 3174 1271 abscondita
3200 1215 3346 1269 farra
3376 1222 3666 1286 capessunt,

2171 1310 2543 1379 Custodesque
2571 1317 2790 1374 necant,
2820 1308 2974 1379 quasi
3006 1309 3247 1380 reperire
3271 1317 3522 1378 negatur.

2172 1401 2422 1456 lureutos
2451 1410 2628 1457 tamen
2661 1401 2978 1457 excruciant
3006 1401 3160 1471 quasi
3189 1399 3409 1456 condita
3440 1406 3669 1463 servent,

2172 1490 2545 1563 lndiciumque
2565 1492 2667 1547 cibi
2692 1493 2914 1562 capiunt
2943 1493 3075 1560 quia
3095 1492 3278 1547 vivere
3302 1498 3558 1555 cernunt,

2174 1583 2342 1649 Quos,
2373 1582 2631 1638 alimenta
2663 1583 2770 1637 nisi
2800 1590 3065 1653 tegerent,
3099 1582 3666 1652 periissexretractant.

2175 1671 2291 1726 Jam
2324 1689 2572 1728 marcore
2599 1673 2761 1729 famis
2785 1688 2923 1743 quos
2952 1674 3310 1728 extahescere
3339 1671 3550 1738 visunt,

487 1760 600 1816 Vox
624 1777 786 1833 supra
812 1776 1717 1833 Sponsus,sponsasque,superque
1739 1757 2073 1830 popellum»
2105 1779 2146 1837 Β
2177 1763 2451 1818 'l‘emnunt
2489 1763 2590 1818 hos
2618 1764 2790 1819 nitido
2816 1764 3094 1837 perituros
3131 1777 3265 1818 ense
3290 1760 3479 1816 ferire.

480 1855 623 1908 Ante
659 1870 860 1909 annum
882 1854 1002 1909 belli
1035 1864 1289 1925 quartum
1318 1854 1408 1926 qui
1440 1862 1597 1909 nocte
1632 1852 1826 1923 dieque

484 1940 722 1998 Sedulus
747 1942 843 1997 bas
863 1959 1053 1998 onmes
1078 1950 1336 2014 peragrat
1354 1958 1478 1998 cum
1507 1956 1638 1997 voce
1666 1940 1903 2010 plateas,

488 2031 683 2088 Omnia
714 2034 975 2101 primates
1005 2034 1224 2104 indigne
1255 2016 1493 2088 infausta
1549 2030 1792 2111 ferentes

486 2122 1079 2195 Correptumjuvenem
1121 2124 1285 2179 multa
1312 2124 1487 2180 vibice
1519 2121 1819 2194 ﬂagellant.

485 2214 581 2271 Ille
607 2216 739 2271 nihil
763 2232 861 2286 pro
891 2231 950 2273 se
981 2198 1233 2283 reddens,
1261 2217 1359 2271 bas
1376 2202 1536 2271 edere
1566 2228 1727 2268 voces

488 2301 607 2359 Non
640 2290 856 2371 cessat;
884 2320 1044 2376 quem
1077 2305 1307 2359 Romani
1339 2305 1390 2359 vi
1423 2303 1664 2359 numinis
1685 2310 1866 2357 actum

490 2390 809 2475 Cernentes,
839 2394 1098 2465 subigunt
1122 2393 1336 2450 censori
1363 2410 1377 2448 :
1404 2392 1626 2447 attritus
1648 2391 1715 2447 ab
1746 2390 1867 2462 ipso

491 2482 729 2541 Verbere
757 2486 984 2564 crudeli,
1020 2484 1204 2558 ﬂagris
1228 2486 1473 2540 sulcatur
1493 2484 1563 2539 ad
1589 2498 1713 2539 ossa
1740 2499 1755 2550 ;

494 2572 606 2630 Nec
635 2575 903 2655 lacrymas
933 2575 1072 2631 fudit
1093 2576 1453 2647 precibusque
1490 2590 1681 2631 serena
1708 2571 1921 2646 rogavit
1951 2588 1975 2642 ;

494 2664 637 2732 Quin
665 2682 825 2745 voces
858 2668 1004 2738 ipsas
1041 2683 1139 2737 per
1167 2666 1377 2746 singula
1406 2665 1634 2721 verbera
1656 2678 1932 2736 promens,

490 2754 749 2827 Adjungit
777 2776 790 2811 :
823 2776 841 2809 ‹
868 2758 960 2813 Vae
986 2759 1000 2812 !
1033 2774 1110 2812 vae
1133 2757 1400 2828 Solymae!
1428 2777 1446 2809 ι
1482 2757 1742 2828 plangore
1766 2751 2001 2809 misello.

492 2846 649 2927 Ilunc
687 2848 885 2903 virtute
923 2865 1020 2904 sua
1057 2850 1277 2903 mittens
1296 2862 1509 2915 curare,
1536 2846 1807 2901 furentem

490 2941 645 2997 Ilicet
675 2936 978 3013 insequitur
1000 2943 1184 3015 plebes
1213 2942 1480 2998 scelerata
1511 2940 1763 2995 furendo.

494 3034 745 3103 Appliciti
776 3037 949 3090 sacris
976 3036 1196 3106 capiunt
1224 3050 1349 3091 nam
1380 3035 1581 3089 famina
1623 3033 1776 3090 libris

500 3122 690 3178 Ortum
719 3135 878 3196 gente
901 3140 1019 3191 sua,
1053 3141 1146 3180 rex
1170 3126 1261 3195 qui
1291 3127 1524 3196 imperet
1545 3125 1664 3180 orbi
1696 3140 1713 3190 ;

503 3214 658 3280 Quod
690 3215 813 3269 dum
840 3214 1147 3284 despiciunt
1174 3204 1492 3271 concessum
1517 3215 1742 3270 credere
1771 3212 2013 3280 Christo,

503 3304 683 3376 Seque
704 3306 884 3376 legunt
910 3305 1028 3361 fieri
1057 3317 1307 3361 auctores
1340 3316 1448 3361 tam
1471 3305 1729 3377 regminis
1754 3304 1873 3371 alti,

502 3396 658 3451 Unde
690 3398 1020 3452 vocabantur
1045 3412 1227 3452 veram
1252 3395 1643 3467 comprendere
1677 3395 1869 3461 vitam,

503 3487 633 3542 Inde
660 3496 824 3541 ruunt
853 3486 1134 3557 dignasque
1156 3495 1347 3557 petunt
1373 3485 1600 3556 vestigia
1629 3484 1843 3538 mortis.

503 3580 585 3635 Ac
614 3580 861 3634 dominos
891 3584 1337 3649 eontra‘quorum
1376 3576 1675 3631 munimine
1704 3574 1805 3629 tuti

504 3670 638 3725 Esse
659 3671 980 3727 videbantur
1005 3670 1157 3725 furiis
1188 3679 1451 3742 coguntur
1478 3668 1530 3724 in
1552 3683 1730 3731 enses,

501 3761 695 3833 Et'qui
727 3762 1005 3819 coelestem
1030 3764 1317 3819 Dominum
1352 3762 1699 3833 impugnasse
1720 3757 2020 3831 probantur

505 3849 829 3923 Terrigenas
848 3853 1097 3910 dominos
1125 3853 1286 3909 simul
1307 3866 1621 3923 expugnare
1659 3851 1932 3907 laborant.

515 3942 672 4001 Unde
700 3947 875 4003 mo'dis
912 3948 1103 4013 variis,
1133 3947 1383 4018 cmloque
1412 3947 1636 4016 soloque
1670 3953 1952 4015 petuntur,

510 4039 619 4096 Sed
642 4042 810 4112 signis
839 4040 989 4110 prius
1010 4040 1246 4096 ostensis
1268 4039 1389 4109 quis
1420 4055 1582 4095 saxea
1609 4044 1831 4107 possent

507 4131 762 4199 Deposito
785 4131 1000 4185 tandem
1034 4130 1353 4185 mollescere
1388 4131 1554 4183 corda
1585 4130 1762 4198 rigore
1790 4144 1804 4181 :

510 4220 709 4276 Durior
734 4231 789 4274 at
813 4222 959 4275 saxis
984 4235 1215 4292 propere
1240 4217 1498 4275 tradenda
1522 4217 1791 4288 supremis

511 4304 825 4369 Incorrecta
857 4311 1014 4367 molis
1044 4312 1285 4366 dirorum
1326 4325 1480 4365 mens
1508 4308 1623 4363 fera
1657 4308 1874 4363 mansit.

512 4403 716 4461 Christi
740 4413 918 4458 autem
945 4400 1130 4457 famuli
1153 4400 1385 4474 Solymte
1407 4401 1498 4471 qui
1524 4409 1734 4470 tempus
1766 4399 1816 4452 in
1847 4397 2021 4468 ipsum

515 4484 1093 4559 Restiterant'moniti,
1124 4507 1155 4546 a
1186 4492 1416 4547 Domino
1442 4505 1697 4562 responsa
1725 4496 2006 4559 receptant

509 4584 725 4656 Egressi
747 4601 869 4641 mox
894 4585 1027 4640 urbe
1061 4600 1176 4651 rea,
1202 4582 1453 4639 Iordanis
1481 4594 1536 4637 et
1562 4582 1721 4636 undis

512 4674 898 4735 Transmissis.
925 4687 1105 4734 castro
1136 4678 1393 4733 secedunt
1416 4674 1563 4732 Pella
1597 4683 1807 4730 vocato.

515 4770 740 4826 Eductis
776 4788 919 4827 saevo
957 4773 1150 4828 mortis
1175 4772 1490 4826 discrimine
1516 4770 1740 4835 sanctis,

520 4860 769 4932 Undique
793 4864 955 4918 multa
979 4872 1236 4933 premunt
1263 4863 1580 4919 sceleratam
1618 4862 1863 4918 cladibus
1904 4861 2095 4917 urbem

518 4948 665 5021 Igne,
695 4951 859 5019 fame,
890 4953 1084 5024 gladio,
1114 4954 1432 5018 latronibus,
1463 4956 1744 5010 obsidione
1770 4972 1783 5008 :

519 5042 711 5100 Omnia
730 5044 842 5113 jam
870 5045 1023 5115 cujus
1054 5048 1256 5117 pariter
1279 5048 1518 5117 peritura
1561 5049 1812 5104 videntur

2178 1852 2327 1908 Multi
2354 1854 2582 1909 secretis
2604 1867 2725 1909 sese
2755 1851 3125 1923 penetralibus
3152 1849 3359 1905 abdunt

2178 1941 2368 2000 Omnis
2390 1959 2514 1999 cum
2544 1942 2762 2013 proprio
2788 1942 3099 2011 superantis
3124 1940 3350 2012 pignore
3373 1939 3569 1994 victus.

2180 2034 2409 2101 Quidam
2436 2034 2601 2089 etiam
2632 2032 2830 2088 crudas
2853 2032 3094 2101 gaudent
3118 2031 3406 2087 absumere
3431 2027 3610 2101 fruges
3633 2044 3667 2082 :-

2184 2124 2400 2194 lgnibus
2422 2124 2701 2195 abripiunt
2725 2122 2815 2178 alii
2845 2122 2988 2177 male
3014 2131 3153 2176 tosta
3181 2129 3461 2175 vorantes.

2183 2216 2297 2272 Nec
2324 2226 2507 2274 tamen
2538 2218 2654 2272 hinc
2682 2216 2785 2271 tuti
2817 2215 2958 2273 bello
2984 2214 3248 2280 interiore
3276 2220 3556 2279 carentes,

2182 2308 2367 2364 Mutua
2396 2311 2524 2365 dum
2563 2308 2790 2364 modica:
2815 2308 3039 2364 sibimet
3068 2304 3366 2361 retinacula
3396 2305 3523 2359 vita:

2183 2401 2370 2472 Usque
2400 2402 2647 2457 adimunt
2677 2401 2923 2472 patribus
2945 2398 3132 2471 geniti,
3158 2398 3464 2469 genitisque
3489 2400 3751 2467 parentes;

2183 2494 2421 2549 Arrosus
2446 2494 2628 2549 subito
2657 2493 2869 2563 rapitur
2893 2492 3167 2547 cibusore
3190 2498 3442 2559 paterno,

2184 2585 2453 2641 Morsibus
2482 2585 2686 2639 attrita:
2706 2593 2992 2654 gnatorum
3018 2582 3274 2638 dentibus
3302 2595 3465 2637 esca.

2187 2677 2291 2736 Sed
2325 2694 2502 2750 neque
2524 2677 2806 2749 praedones
2829 2678 2960 2734 istos
2988 2676 3165 2731 edisse
3188 2674 3396 2732 latebat

2186 2772 2391 2828 Indicio
2414 2780 2650 2841 sumpto,
2676 2785 2803 2825 mox
2832 2770 2971 2825 ostia
2992 2768 3180 2825 clausa
3203 2768 3480 2831 videntes.
3598 2830 3601 2833 λ

2186 2862 2614 2932 Praecipitesque
2641 2869 2829 2926 ruunt,
2882 2867 3251 2929 revocantque
3281 2873 3312 2912 a
3334 2854 3586 2913 faucibus
3610 2867 3749 2912 eius

2188 2957 2625 3028 Verberibusque
2650 2970 2811 3013 senes
2837 2954 3111 3025 subigunt,
3139 2961 3454 3022 matresque
3479 2948 3747 3021 prehensas

2190 3048 2361 3104 Passo
2387 3049 2540 3104 crine
2573 3049 2815 3111 trahunt,
2847 3046 3115 3101 haerentes
3139 3045 3296 3115 panis
3322 3042 3500 3099 ofella:
3524 3060 3541 3097 :

2111 3134 2158 3196 Ο
2192 3142 2412 3197 Elidunt
2436 3142 2659 3211 pneros,
2682 3140 2813 3203 nulli
2845 3138 3124 3195 miseratio
3155 3137 3346 3191 fertur.

2190 3232 2338 3298 Quos
2367 3246 2497 3286 vero
2524 3230 2886 3300 absumpsisse
2912 3229 3063 3284 cibos
3087 3226 3387 3282 sentiscere
3422 3224 3643 3294 quibam

2191 3324 2303 3379 llos
2327 3332 2518 3378 contra
2551 3323 2787 3377 truciore
2804 3320 2891 3376 via
2918 3319 3355 3389 szevirejuvabat
3383 3335 3399 3371 :

2190 3413 2436 3484 Namque
2463 3414 2797 3471 verecundas
2826 3413 3086 3468 obturant
3118 3410 3277 3466 obice
3302 3416 3514 3495 portas,

2192 3509 2566 3580 Secessusque
2590 3508 2696 3563 alvi
2723 3507 2952 3563 sudibus
2977 3505 3324 3562 terebrantur
3344 3502 3546 3570 acutis,

2193 3602 2261 3659 Ut
2288 3619 2481 3674 panem
2510 3602 2723 3658 miseris
2749 3609 3002 3671 promant
3030 3599 3383 3668 ciathumque
3412 3594 3622 3650 farina.

2194 3694 2517 3763 Dispercunt
2544 3694 2709 3754 cives,
2740 3700 2998 3760 superant
3030 3687 3375 3758 pradonibus
3398 3700 3566 3750 esum;

2193 3766 2563 3852 ESttrienSque
2593 3782 2758 3837 miser
2779 3790 2967 3836 saturo
2998 3787 3202 3834 tortore
3231 3785 3459 3833 necatus
3485 3794 3500 3828 :

2193 3875 2262 3931 Et
2299 3874 2495 3929 merito
2520 3872 2679 3942 positi
2712 3887 2924 3928 summo
2957 3871 3007 3925 in
3038 3868 3353 3924 discrimine
3379 3865 3514 3921 lethi

2195 3964 2459 4021 Latrones
2488 3963 2724 4019 tolerant
2750 3963 2839 4034 qui
2864 3962 3112 4031 delegere
3141 3959 3411 4014 latronem
3437 3954 3604 4029 052).

2194 4058 2460 4128 Ereptant
2487 4056 2653 4127 aliqui
2687 4054 2936 4120 frutices,
2967 4051 3275 4123 herbasque
3297 4048 3531 4122 legendo

2195 4134 2502 4206 Occurrunt
2528 4148 2683 4218 queis
2712 4146 2935 4202 hostiles
2965 4144 3167 4216 fugisse
3192 4152 3419 4199 catenas

2196 4240 2546 4313 Contigerat;
2578 4239 2819 4295 fomenta
2853 4253 3013 4293 manu
3054 4235 3282 4292 collecta
3314 4232 3600 4295 revellunt,

2201 4331 2288 4386 Nil
2327 4330 2559 4398 adjurati
2589 4329 2817 4384 reddunt
2842 4342 2941 4398 pro
2980 4340 3202 4381 munere
3226 4339 3482 4379 summo:

2200 4421 2255 4476 ld
2280 4428 2533 4491 reputant
2556 4419 2790 4474 miseros
2816 4417 3036 4486 impune
3065 4426 3121 4469 ut
3144 4430 3374 4486 pergere
3400 4414 3633 4467 mittant.

2129 4486 2174 4545 ί)
2200 4486 2368 4579 Inque
2396 4509 2518 4579 fuga
2544 4522 2611 4562 ne
2644 4506 2785 4562 forte
2816 4505 2968 4560 locus
2997 4500 3161 4579 queat
3182 4521 3302 4559 esse
3326 4503 3540 4564 salutis.

2198 4600 2486 4656 Inveniunt
2509 4599 2692 4653 hostes
2714 4582 2963 4652 nummos
2995 4597 3095 4652 sub
3128 4595 3361 4667 tegmine
3381 4592 3636 4665 quosdam

2200 4692 2521 4763 Deportare,
2542 4689 2750 4758 aliquot
2777 4703 2969 4753 aurum
2997 4687 3220 4756 glutisse
3252 4683 3597 4755 prehendunt

2200 4779 2541 4837 Obtruncant
2575 4779 2643 4849 igi
2675 4794 2738 4832 ur
2766 4792 3084 4850 progressos
3109 4775 3383 4829 mteuibus
3407 4788 3598 4829 omnes

2197 4874 2445 4930 Parcitur
2474 4873 2616 4928 haud
2644 4869 2758 4936 ulli,
2790 4869 2997 4923 loculus
3025 4869 3152 4923 dum
3179 4865 3425 4921 creditur
3449 4864 3592 4919 auri.

2272 4964 2371 5019 Ast
2404 4962 2491 5017 ubi
2529 4959 2769 5033 perfugis
2801 4967 2972 5033 restat
2998 4973 3121 5026 spes
3152 4956 3294 5037 nulla
3332 4955 3535 5015 salutis.

2200 5054 2346 5112 Intra
2375 5064 2523 5110 senta
2552 5053 2724 5107 fames
2750 5064 3073 5106 excresccns
3102 5056 3298 5100 cuncta
3330 5051 3561 5098 lambat-
