3872 5326
95 157 203 218 613

97 269 165 326 Et
184 278 510 338 quocunque
545 264 648 322 loci
678 282 920 337 gressum
949 267 1048 321 sibi
1083 267 1250 338 pestis
1277 267 1480 320 ademit

97 359 265 416 Clade
297 367 479 424 ruunt,
502 373 733 429 quorum
761 360 993 429 sepelire
1021 359 1286 414 cadavera
1319 359 1539 414 morbus

97 452 175 508 Ac
220 465 481 506 numerus
533 451 845 520 prohibent.
897 449 1124 517 Quidam
1180 465 1340 520 super
1393 459 1547 504 antra
1592 464 1679 505 se-

1415 537 1610 611 [pulcri

96 631 358 685 Emittunt
387 630 618 694 animas,
650 631 783 685 alios
819 631 1049 700 sepelire
1079 639 1354 700 parantes.

97 723 382 793 Exspirant
406 723 499 777 alii
535 724 700 778 fautis
728 723 816 796 [[1,
843 723 1042 795 fantes]
1073 725 1197 779 dum
1236 724 1424 779 funera
1457 723 1674 785 ducunt,

95 810 202 867 Nec
229 815 451 868 tumulis
477 815 612 870 alios
642 817 792 879 dant,
822 832 919 870 nec
947 816 1279 870 tumnlantnr
1303 815 1370 868 ah
1406 814 1532 868 ullo.

95 901 202 958 Nec
237 905 306 958 de
332 916 506 959 morte
543 918 700 960 sonat
729 907 992 977 planctus,
1025 923 1146 960 nam
1179 907 1418 960 vindicat
1444 919 1603 959 omne

93 991 185 1047 Jus
215 992 316 1046 sibi
348 995 615 1064 pernicies
639 1014 651 1049 :
679 997 851 1051 oculis
873 1012 1086 1067 quoque
1105 996 1338 1066 dempsit
1368 997 1670 1050 humorem.

98 1082 456 1139 Subdiderant
485 1088 672 1141 urbem
698 1086 812 1156 jam
840 1099 990 1142 vasta
1020 1089 1233 1143 silentia
1267 1097 1453 1152 tozam,

96 1172 267 1242 Atque
302 1173 401 1228 loci
433 1176 626 1230 faciem
660 1181 850 1232 mortis
869 1187 1187 1232 contexerat
1214 1179 1432 1243 umbra;

95 1263 215 1318 Sola
244 1267 386 1336 viget
423 1270 642 1338 gravior
669 1272 844 1340 pCBflIS
877 1288 1067 1326 manus
1094 1273 1351 1328 omnibus
1387 1273 1505 1329 istis

92 1351 425 1422 Pmilonum,
463 1368 587 1429 post
617 1371 809 1414 cuncta
835 1363 998 1416 etiam
1024 1363 1256 1432 spoliare
1281 1363 1527 1433 sepulcra

95 1443 186 1511 Qui
211 1445 413 1502 licitum
443 1451 663 1513 ducunt,
696 1453 998 1524 gladiisque
1023 1455 1281 1509 cadavera
1312 1464 1594 1522 truncant;

96 1535 362 1604 Spirantes
394 1542 690 1611 perimunt,
720 1545 974 1616 solosque
1006 1548 1170 1601 ferire
1199 1556 1476 1603 recusant.

99 1625 402 1685 Semineces
440 1635 610 1688 tensis
637 1636 952 1705 periniquos
981 1654 1204 1705 poscere
1239 1640 1464 1703 dextris,

98 1716 451 1790 Optantesque
477 1725 663 1779 vident
689 1742 944 1796 suriremo
973 1728 1157 1783 fenore
1184 1729 1406 1786 ferrum.

96 1809 601 1887 Fetorem3cumjam
633 1831 906 1890 nequeunt
931 1823 1160 1878 tolerare
1186 1827 1462 1894 nigrorum
1490 1825 1659 1894 (ηδ),

97 1903 358 1962 Communi
386 1911 646 1965 mandant
680 1920 836 1968 teme
863 1914 991 1967 dare
1022 1930 1246 1984 corpora
1275 1925 1488 1985 sumptu

99 1996 230 2067 (I54)
265 1998 489 2054 Vincere
513 2017 634 2056 mox
660 2003 834 2074 surgit
855 2004 1172 2058 morientum
1197 2006 1346 2076 copia
1365 2017 1659 2078 sumptum.

97 2083 311 2156 Corpora
343 2093 685 2160 prmcipitant
713 2096 904 2160 muris,
929 2097 1053 2150 valli
1084 2108 1238 2151 antra
1270 2098 1565 2168 replentur.

157 2175 484 2236 Circumiens
522 2182 697 2248 Titus,
727 2201 1058 2257 cernensque
1083 2189 1341 2243 cadavere
1371 2191 1587 2244 ductum

99 2267 315 2327 Circuitu
347 2275 554 2343 appleri
589 2275 818 2341 fossum,
850 2277 1076 2349 tabeque
1108 2281 1270 2349 rigari

104 2358 324 2419 Humano
351 2375 576 2432 terram,
608 2370 841 2438 gemitus
874 2386 996 2424 cum
1025 2387 1154 2426 voce
1188 2373 1412 2427 tetendit

96 2450 164 2507 Ad
196 2455 381 2510 cmlum
417 2458 648 2528 palmas,
681 2469 870 2515 testem
899 2471 1056 2516 vocat
1086 2472 1235 2516 astra
1268 2473 1541 2532 regentem
1569 2479 1584 2518 :

100 2539 197 2595 Non
217 2559 351 2614 opus
381 2561 504 2600 esse
529 2563 709 2612 suum,
737 2549 901 2604 multa
933 2565 1037 2605 non
1073 2551 1300 2605 crimine
1327 2552 1378 2606 in
1407 2553 1541 2608 istis.

97 2625 265 2686 Omnia
289 2632 471 2690 feralis
499 2638 677 2693 rabies
701 2641 962 2696 suadebat
991 2642 1041 2695 in
1072 2657 1253 2697 escam
1283 2659 1296 2696 :
1364 2634 1383 2646 ’

101 2715 206 2774 Hinc
229 2723 381 2778 etiam
412 2742 644 2796 quorum
679 2731 864 2786 multis
895 2733 1221 2787 animalibus
1253 2749 1404 2789 esum

100 2807 328 2896 i’escetidi
359 2831 646 2874 removens
679 2821 888 2876 libitum
921 2834 1113 2878 natura
1147 2826 1384 2896 negavit,

103 2894 326 2959 "undere
347 2921 463 2972 eos,
496 2924 676 2964 mores
700 2927 984 2982 superans,
1016 2912 1231 2968 fortuna
1266 2915 1476 2984 coegit;

99 2987 190 3047 Nec
216 2993 341 3051 loris
373 3000 615 3066 tandem,
648 3004 862 3073 cinglis,
894 3005 974 3058 vel
999 3005 1382 3060 calceamentis

97 3079 417 3154 Abstinuere;
453 3087 598 3144 fores
620 3094 869 3161 equidem
903 3095 1168 3149 velamine
1201 3098 1428 3161 nudant;

100 3169 333 3232 Dentibus
360 3179 412 3233 hi
443 3181 699 3252 subigunt
727 3182 837 3238 feni
870 3193 1166 3239 stramenta
1193 3187 1420 3252 vetusti;

101 3260 188 3318 Ore
218 3275 388 3322 terunt
414 3273 634 3340 quidam
668 3275 824 3328 vacui
863 3275 1141 3329 molimine
1166 3278 1400 3342 ventris;

101 3349 298 3409 Sordida
327 3361 636 3430 quisquiliis
663 3364 826 3417 etiam
855 3366 1199 3433 spurgamina
1228 3368 1485 3422 vendunt.

98 3437 309 3514 Insuper,
333 3449 659 3506 horrendum
685 3453 862 3506 dictu!
899 3455 1236 3522 reprobabile
1264 3457 1498 3522 cunctis,

99 3530 376 3592 Admissum
405 3540 617 3598 facinus
644 3544 828 3609 cmdis,
860 3545 1198 3615 colubrisque
1228 3546 1483 3617 ferisque,

523 153 637 224 ,ΒΕ
673 151 1052 210 TRIUMPHIS
1082 150 1354 208 CHRISTI
1394 137 1480 206 ET
1523 150 1621 205 SS.
1654 147 2091 204 PALESTINE
2131 149 2308 205 LIBRI
2340 150 2542 207 TRES.
2579 184 2649 193 —
2679 153 2803 208 LIB.
2839 154 2900 208 ll.

1709 269 1757 331 Λ
1787 261 2005 318 Infamis
2036 265 2231 319 mulier
2257 275 2444 334 partus
2475 275 2532 320 ut
2568 268 2814 322 membra
2847 279 3075 334 vorarit,

3265 157 3369 214 ΒΗ

1785 356 2006 411 Viscera
2037 356 2337 412 visceribus
2364 359 2597 429 propriis
2637 369 2690 414 et
2719 361 2934 431 propria
2963 362 3201 417 condens

1854 443 1949 499 llis
1973 446 2156 499 attrita
2194 445 2351 501 malis
2383 448 2598 503 tandem
2625 450 2841 519 capitur
2868 450 3133 506 scelerata
3171 485 3185 497 -

1788 533 1948 597 Urbs,
1977 532 2317 604 ﬂammisque
2341 535 2501 589 datur
2526 537 2700 606 paznis
2728 537 3010 594 ultricibus
3039 551 3183 596 acta.

1781 626 1991 697 Quique
2021 619 2318 682 salutarem
2352 627 2636 683 Dominum
2662 630 2862 684 violare
2885 644 3111 686 cruenta

1786 718 2189 788 Prmsumpsere
2221 736 2406 788 manu,
2450 721 2668 776 Paschae
2697 723 2821 776 dum
2852 722 2988 778 festa
3021 733 3286 790 teruntur,

1780 812 2010 868 Carcerc
2041 829 2137 866 ceu
2171 813 2406 882 quodam
2435 813 2613 868 ultrici
2649 815 2850 870 virtute
2876 817 3073 880 coacti,

1778 903 1964 973 Regno
1989 903 2157 968 oumi,
2191 913 2420 972 pereunt
2450 903 2672 960 Pascha:
2699 906 2822 960 dum
2854 905 2990 962 festa
3019 907 3286 963 coluntur.

1776 993 1984 1047 Tricies
2011 992 2222 1045 illorum
2257 993 2546 1061 perhibent
2577 989 2804 1049 centena
2832 995 3000 1051 fuisse

1778 1081 1962 1146 Millia,
1989 1098 2218 1152 quorum
2251 1083 2534 1152 absumpta
2574 1084 2714 1138 fame
2743 1085 3028 1158 gladioque
3057 1086 3270 1144 furente

1778 1171 2046 1228 Undecies
2076 1182 2295 1227 centum
2326 1175 2646 1228 miserorum
2680 1177 2845 1230 millia
2885 1178 3124 1232 tradunt.

1777 1263 1914 1318 Ilinc
1936 1273 2276 1334 grassatores
2299 1263 2508 1318 alterna
2543 1267 2687 1320 caede
2717 1279 3002 1322 necantur.

1774 1355 1944 1408 Electi
1969 1355 2194 1424 juvenes
2223 1369 2443 1408 currum
2481 1355 2684 1425 stipare
2717 1355 2976 1426 triumphi

1773 1443 2057 1500 Ducuntur
2080 1447 2247 1515 patris
2277 1455 2327 1500 et
2358 1446 2546 1516 geniti,
2571 1446 2662 1516 qui
2694 1447 2902 1502 vindice
2930 1447 3072 1502 caelo

1773 1534 2088 1603 Temptores
2119 1533 2293 1589 Patris
2315 1547 2368 1588 et
2395 1534 2575 1589 chiti
2606 1547 2848 1590 stravere
2878 1537 3150 1606 profanos.

1697 1659 1744 1719 Β
1775 1623 1882 1678 Nec
1911 1625 2178 1693 reperitur
2203 1624 2270 1678 ad
2299 1624 2350 1678 id
2384 1633 2591 1694 tempus
2617 1626 2780 1681 decus
2804 1643 2972 1696 usque
3002 1625 3270 1698 triumphi
3320 1647 3326 1698 ί

1755 1703 1980 1774 Nobile.
2015 1725 2125 1767 tum
2154 1726 2308 1784 pater
2337 1723 2392 1768 et
2423 1726 2619 1786 gnatus
2649 1716 2808 1770 simul
2837 1718 2966 1771 urbe
3001 1719 3201 1788 recepti

1767 1806 1905 1860 Sunt
1936 1821 2148 1876 unoque
2179 1807 2560 1876 triumphantis
2592 1807 2894 1876 gestamine
2918 1824 3134 1875 currus,

1765 1898 1969 1953 Christi
2003 1907 2060 1952 ut
2095 1899 2348 1953 vindiclze
2376 1902 2542 1954 decus
2573 1901 2673 1956 hoc
2708 1909 2932 1954 ornetur
2965 1902 3194 1957 honore.

1763 1987 1955 2053 Judaei,
1985 1990 2151 2043 variis
2183 1999 2293 2043 tum
2321 1989 2718 2044 conditionibus
2747 1993 2885 2056 acti,

1767 2077 2127 2158 Subduntugz‘
2149 2081 2348 2158 ιςςιίίιιιί
2381 2081 2530 2134 multi
2563 2081 2768 2134 servire
2799 2081 3037 2136 metallis

1760 2169 1995 2236 Addicti,
2021 2141 2300 2224 ridfti‘sbalii
2330 2181 2578 2224 saturare
2608 2170 2869 2234 ferarum,

1761 2258 2010 2315 Nonnulli
2045 2261 2404 2331 gladiatorum
2437 2277 2693 2316 mucrone
2724 2263 2938 2332 perire:

1762 2352 2080 2408 Venduntnr
2107 2353 2308 2424 plures,
2341 2354 2490 2424 pueri
2520 2353 2913 2423 imberbesque,
2950 2353 3029 2409 vel
3058 2369 3250 2410 omnes

1759 2443 1994 2497 Octavus
2014 2441 2255 2496 decimus
2280 2457 2416 2511 quos
2447 2458 2550 2495 non
2577 2452 2865 2512 exceperat
2895 2458 3090 2498 annus.

1761 2537 2112 2605 Diversisque
2142 2535 2362 2605 relegati
2395 2535 2707 2605 regionibus
2733 2537 2882 2590 orbis

1762 2626 2025 2684 Omnibus
2050 2628 2345 2684 ostendunt
2377 2630 2587 2699 populis
2616 2645 2779 2698 quam
2815 2645 3006 2702 magna
3037 2630 3198 2701 piacli

1758 2718 2002 2773 Pondera
2031 2719 2297 2790 patrarint
2327 2720 2530 2790 pariter
2553 2722 2840 2775 meruisset
2870 2731 2926 2775 ut
2951 2723 3126 2776 omnis

1759 2811 2037 2882 Exstiugui
2071 2812 2319 2882 populus,
2350 2828 2480 2883 gens
2507 2822 2561 2866 et
2599 2823 2707 2866 tam
2746 2830 2940 2884 magna
2975 2817 3178 2884 perire;

1758 2902 2020 2972 Reliquia:
2046 2905 2227 2969 vendi,
2258 2905 2438 2959 mundi
2464 2921 2560 2974 per
2587 2905 2801 2958 climata
2829 2907 3031 2976 spargi.

1759 2996 2014 3066 Angelico
2044 2997 2275 3065 denique
2298 3013 2490 3051 carens
2522 2998 2785 3051 tntamine
2815 2999 3069 3068 templum

1759 3087 2044 3152 Polluitur,
2073 3088 2342 3156 quatitur,
2371 3097 2616 3141 vastatur
2645 3099 2698 3141 et
2726 3090 2848 3159 igne
2874 3099 3170 3144 crematur.

1757 3179 1952 3236 Sermo
1979 3181 2071 3235 Dei
2103 3197 2265 3252 super
2290 3179 2390 3236 hoc
2417 3183 2592 3237 dictus
2624 3185 2928 3254 completur
2957 3194 3009 3239 et
3035 3185 3214 3240 omnis

1756 3271 1950 3327 Divino
1984 3272 2243 3327 Dominus
2267 3270 2424 3327 Iesus
2450 3289 2608 3343 quem
2639 3274 2841 3329 famine
2872 3277 3159 3346 prompsit,

1675 3329 1725 3393 θ
1757 3363 1891 3418 Dum
1918 3365 2141 3419 sceleris
2174 3365 2365 3418 merito
2386 3365 2688 3434 perituram
2717 3366 2996 3437 plangeret
3037 3367 3223 3424 urbem
3248 3381 3266 3422 :

1755 3455 1995 3509 Ecclesia
2021 3454 2223 3510 Christi
2254 3454 2400 3509 clare
2428 3455 2703 3521 rutilante,
2738 3459 2970 3511 tenebrae

1758 3547 2039 3600 Tolluntur
2090 3546 2378 3615 templique
2409 3556 2562 3600 vetus
2597 3547 2882 3616 depellitur
2917 3549 3127 3605 umbra.

1541 3700 1764 3756 CAPUT
1799 3700 1858 3755 II.

1219 3790 1296 3845 De
1328 3796 1710 3850 restauratione
1735 3794 1912 3864 templi
1951 3801 2178 3847 cessata.

99 3888 268 3965 Defuga
295 3897 437 3967 quod
462 3897 662 3953 Christi
699 3897 944 3956 Julianus
983 3912 1229 3972 apostata
1263 3905 1498 3973 priscam

98 3979 296 4040 Restitui
327 3988 595 4058 indigenis
620 3989 779 4060 longo
808 4001 929 4060 post
955 4001 1193 4062 tempore
1221 3997 1444 4050 mandat

98 4070 142 4125 In
163 4079 402 4146 speciem,
427 4080 588 4134 solito
609 4079 811 4136 Ιυόςιξίδ
834 4097 982 4137 more
1012 4083 1318 4138 colendum.

97 4164 444 4240 Approperant
471 4171 546 4226 illi
580 4175 793 4228 cunctis
827 4175 1131 4244 regionibus
1157 4176 1282 4242 acti,

99 4256 187 4314 Ceu
215 4262 561 4318 ductarentur
590 4267 715 4320 divo
745 4282 992 4336 przccone
1017 4269 1215 4334 vocati,

97 4345 424 4416 Conveniunt,
468 4355 778 4428 temploque
816 4357 990 4412 locum
1019 4373 1235 4427 coepere
1274 4359 1534 4429 parando.

95 4434 320 4512 Sumptus
354 4446 436 4500 eis
473 4446 618 4501 vires
645 4447 910 4517 privatus,
940 4449 1188 4518 publicus
1212 4465 1429 4517 ausum,
1509 4443 1512 4448 ’

93 4529 397 4601 Accumulat,
427 4537 637 4607 geritur
663 4540 988 4609 properandi
1028 4540 1284 4593 instantia
1311 4542 1496 4610 empti.

92 4619 324 4682 Insultare
350 4628 518 4698 igitur
540 4638 782 4694 nostros,
807 4646 904 4684 ceu
934 4640 1173 4702 tempora
1207 4633 1356 4703 regni

96 4711 286 4771 Reddita
316 4720 669 4785 sustulerint;
704 4721 852 4774 vultu
893 4731 1096 4777 terrere
1120 4724 1336 4789 minaci,

93 4800 316 4863 Promere
342 4812 631 4875 srevitiam,
664 4812 927 4865 tumidum
959 4822 1234 4868 ostentare
1268 4815 1529 4876 furorem,

94 4891 370 4967 Cunctaque
397 4917 521 4954 cum
552 4901 689 4956 fastu
725 4903 776 4956 in
815 4914 1029 4957 nostros
1058 4904 1262 4972 agitare
1297 4905 1548 4975 superbo.

91 4975 193 5037 Iam
220 4985 617 5045 fundarninibus
657 4989 945 5064 patefactis
986 5003 1126 5045 terra
1160 4995 1392 5060 subibat,

95 5068 265 5142 Sponte
287 5081 500 5149 replens
528 5079 725 5144 fossas,
753 5091 807 5136 et
829 5093 982 5136 erant
1008 5093 1185 5136 tamen
1212 5087 1388 5140 omnia
1422 5096 1638 5157 praesto,

95 5157 228 5232 Saxa,
255 5169 425 5232 bases,
459 5156 710 5242 gypsum,
740 5172 938 5236 calces,
967 5183 1248 5236 cannenta,
1277 5156 1568 5240 columnae;

93 5248 156 5308 Nil
181 5261 370 5326 deerat,
409 5261 659 5326 jacerent
684 5279 822 5317 nova
859 5264 1233 5326 fundamenta,
1267 5268 1495 5324 vetustis

1749 3907 1850 3972 Qui
1883 3905 2133 3970 Danielis,
2165 3905 2324 3959 homo
2353 3912 2408 3960 ut
2439 3904 2694 3975 prudens,
2721 3904 2939 3959 oracula
2972 3906 3201 3977 rimaris,

1748 3997 2159 4065 Verborumqnc
2192 4011 2398 4050 memor
2427 3996 2658 4057 Domini,
2688 4013 2791 4051 non
2831 3996 2879 4050 id
2907 3999 3047 4069 potis
3070 4016 3190 4056 esse

1747 4088 1999 4144 Testatur
2024 4087 2184 4156 lapidi
2221 4097 2278 4141 ut
2304 4088 2438 4158 lapis
2469 4087 2558 4142 hic
2589 4097 2804 4158 aptetur
2833 4089 2899 4143 ab
2931 4090 3078 4159 ipsis.

1747 4177 1925 4250 thue
1954 4179 2276 4248 probaretur
2307 4194 2414 4244 res,
2438 4180 2775 4249 exspectatio
2805 4179 2970 4245 facta,

1745 4269 1862 4324 Nox
1891 4269 2072 4338 operis
2103 4269 2337 4340 spatium
2372 4270 2626 4338 captandi
2667 4270 2780 4324 sola
2811 4272 3080 4340 trahebat,

1748 4357 1824 4411 En
1851 4358 2027 4412 subito
2051 4359 2296 4412 exoritur
2325 4369 2483 4412 moue
2505 4361 2787 4414 concussio
2821 4369 2994 4415 terrm.

1746 4445 2034 4503 Jactantur
2061 4448 2246 4518 procul
2279 4449 2405 4503 hinc
2432 4449 2656 4518 lapides,
2697 4449 3012 4505 fundamina
3042 4452 3146 4508 late

1630 4563 1653 4584 ο
1747 4537 2087 4608 Sparguntur
2118 4537 2412 4608 rapidoque
2439 4546 2604 4590 ruunt
2630 4539 2734 4596 sita
2764 4540 2962 4592 mmnia
2999 4538 3150 4609 lapsu
3186 4559 3201 4596 :

1744 4627 2026 4682 Dissiliunt
2049 4637 2328 4693 caementa,
2356 4627 2642 4696 volantque
2671 4644 2764 4696 per
2792 4644 2917 4682 aera
2944 4629 3146 4686 calces.

1743 4715 2055 4772 Porticihus
2086 4716 2283 4784 patulis
2307 4717 2598 4772 recubabat
2626 4718 2794 4774 multa
2825 4718 3098 4774 fabrorum

1746 4807 1926 4862 Turba
1957 4809 2330 4877 profanorum,
2363 4823 2461 4864 sua
2488 4810 2728 4868 condere
2753 4813 2875 4866 fana
2907 4823 3227 4886 parantum.

1746 4898 2050 4969 I’arjetibus
2076 4899 2241 4968 lapsis
2265 4915 2402 4972 quos
2437 4900 2699 4957 attrivere
2725 4904 2915 4958 ruinaa.

1745 4992 1815 5045 At
1845 4991 2035 5062 reliqui
2068 5002 2296 5047 mortem
2327 4994 2417 5062 qui
2444 5010 2501 5049 se
2532 4991 2792 5063 effugisse
2819 4996 3106 5068 putabant,

1745 5083 2042 5152 Quaesitum
2071 5095 2382 5154 properant,
2420 5097 2540 5140 orta
2567 5087 2684 5152 jam
2712 5092 2853 5153 lucc,
2877 5102 3215 5160 peremptos.

1677 5176 1722 5235 ο
1749 5175 1980 5231 Interius
2016 5177 2232 5231 latitans
2254 5189 2465 5232 secreta
2489 5178 2820 5237 domuncula
2845 5179 3097 5248 qumdam

1752 5266 2111 5322 Instrumenta
2151 5269 2300 5326 operi
2333 5269 2587 5322 servabat
2616 5269 2902 5326 commoda
2931 5279 3176 5326 sumpto.
