3872 5326
111 131 201 185 517
555 125 647 183 DE
681 124 1059 184 TRIUMPBIS
1087 122 1362 181 CHRISTI
1391 121 1478 180 ET
1518 119 1620 178 SS.
1661 115 2094 176 ΡΑιΑζδτιΝΑς
2131 117 2314 176 LIBRI
2356 118 2554 175 TllES.
2593 148 2667 162 -—
2692 117 2821 176 LIB.
2862 119 2928 178 ιι.

1705 238 1754 298 Α
1784 232 1854 287 Ει
1880 231 1972 302 qui
1995 246 2102 288 non
2133 241 2334 290 norant
2363 236 2571 291 animas
2590 234 2676 291 cui
2707 247 2882 293 morte
2904 236 3165 300 dicarem,

106 251 236 314 Quos
256 243 554 298 amiserunt
583 241 820 313 lugentia
849 249 1066 312 pectora
1100 247 1336 294 matrum

111 338 179 393 Ac
201 342 547 406 susceperunt
574 331 1012 404 lmtatitiaarcgna
1041 329 1286 402 polorum

3249 121 3360 179 518

1789 324 1942 382 llunc
1967 325 2126 382 modo
2153 326 2398 399 perpetui
2421 336 2650 384 cernunt
2676 327 2995 402 Agnumque
3019 338 3344 402 sequuntur.

1570 478 1800 536 CAPUT
1841 477 1930 534 Vl.

1227 567 1306 623 De
1329 579 1511 626 sancto
1536 567 1760 643 Georgio
1790 569 2064 624 monacho.

113 713 361 774 Asseritur
384 709 684 766 monachus
703 707 807 763 hac
832 703 966 760 urbe
994 702 1259 773 Georgius
1279 711 1430 759 ortus
1446 741 1464 770 ,

114 805 331 862 Tramite
354 818 414 858 se
443 802 580 856 mire
601 799 861 856 cohibens
887 796 1186 851 abstemius
1215 804 1388 860 arcto,

117 895 342 954 Corduba
398 907 561 966 quem
622 887 858 963 Solymis
917 900 1194 956 egressum
1259 885 1326 1050 ῗιι
1385 884 1634 956 dogmata

1303 977 1564 1050 sumpsit;

1303 977 1530 1050 sumpsit
1549 991 1564 1044 ;

1788 698 2172 771 Nobilibusque
2199 707 2417 756 auctum
2448 699 2611 757 sociis
2640 708 2851 758 terrena
2881 713 3228 774 prementem.

1784 790 1962 862 Atque
1986 789 2077 845 diu
2110 797 2356 862 optatum
2385 790 2523 846 vidit
2550 800 2772 862 captare
2801 791 3156 864 triumphum.
3233 806 3236 810 '

1538 1137 1767 1195 CAPUT
1817 1138 1928 1194 νη.

1347 1231 1426 1288 De
1445 1247 1628 1290 sancto
1655 1234 1999 1306 Hieronymo.

115 1351 210 1408 liae
239 1348 423 1406 tellure
450 1344 568 1419 pios
595 1349 809 1400 constat
841 1340 1218 1414 splendescere
1251 1341 1434 1413 plures

118 1442 433 1500 Sanctorum,
467 1436 638 1491 voluit
668 1448 841 1490 terras
871 1451 1007 1505 quas
1041 1444 1258 1490 sancttts
1285 1436 1459 1503 adire,

108 1534 212 1590 lluc
231 1549 284 1590 se
313 1533 672 1602 Hieronymus
701 1544 1016 1583 mansurum
1045 1527 1273 1582 contulit
1299 1529 1496 1587 almus.

116 1626 321 1681 Eusebio
348 1634 525 1694 patre,
556 1621 828 1676 Stridonis
860 1621 950 1687 qui
982 1621 1253 1675 moenibus
1278 1631 1461 1689 ortus,

119 1715 506 1784 Daltnaticmqttc
527 1721 584 1768 et
606 1711 897 1766 Pannonia:
923 1725 1026 1779 qua
1061 1711 1181 1764 finis
1210 1712 1426 1782 utrique
1446 1752 1462 1778 ,

123 1808 354 1862 Romulea
382 1805 583 1861 Christi
613 1813 818 1859 Vestem
845 1804 1084 1874 suscepit
1109 1803 1162 1858 in
1187 1803 1320 1858 urbe
1347 1822 1360 1858 :

117 1899 497 1958 Grammatibus
524 1899 713 1954 doctus
734 1897 940 1953 Graecis
967 1897 1056 1953 hic
1082 1908 1243 1967 atque
1270 1896 1496 1954 Latinis.

119 1993 225 2049 inde
251 2007 478 2062 sequens
505 1990 759 2046 monachi
786 1989 989 2045 cultum
1019 2005 1371 2060 normamque
1400 1991 1614 2062 prohati
1647 2007 1651 2010 ·

118 2083 377 2153 Presbyter
404 2081 652 2146 effectus,
682 2081 934 2136 laudatur
953 2081 1182 2151 praesule
1207 2081 1426 2153 dignus.

101 2172 220 2229 ‘Mox
245 2172 312 2226 illi
337 2171 547 2227 insidiae
575 2187 684 2241 quo
713 2187 811 2242 pro
841 2171 1008 2226 livore
1037 2179 1300 2242 parantur

121 2264 325 2319 Maxime
353 2262 648 2318 multorum
678 2263 869 2317 solitus
903 2263 1044 2332 quod
1077 2263 1298 2335 pingere
1322 2263 1510 2335 culpas

120 2355 410 2419 Scribcndo,
443 2355 712 2410 scelerum
742 2369 807 2409 ac
834 2356 1090 2408 vitiorum
1120 2356 1360 2425 pandere
1386 2354 1548 2411 furta.

120 2445 180 2501 At
200 2447 358 2503 vitans
383 2459 442 2503 tu
477 2462 535 2502 se
565 2445 734 2500 furias
766 2446 1074 2511 incendere,
1107 2448 1280 2513 cedit;

125 2539 294 2610 Sicque
315 2541 536 2595 domum
565 2537 834 2606 linquens,
864 2547 1124 2608 cognatos
1152 2547 1316 2610 atque
1341 2547 1593 2610 parentes
1617 2580 1632 2605 ,

123 2627 350 2699 Egressus
373 2629 569 2696 Roma,
597 2627 871 2697 Solymam
901 2631 1026 2683 dum
1053 2631 1228 2700 pergit
1257 2630 1322 2685 ad
1360 2629 1570 2698 urbem,

125 2719 243 2776 Luce
268 2737 450 2777 carere
479 2719 666 2792 nequit
695 2719 852 2773 culta:
884 2719 996 2774 sale
1021 2720 1386 2786 bibliothecae,

125 2811 380 2868 Rhetorice
407 2814 535 2886 vigil
569 2815 708 2869 hanc
735 2812 1012 2880 nimioque
1038 2812 1234 2867 ardore
1260 2813 1542 2876 volutans,

1784 1347 1921 1403 Hinc
1946 1345 2162 1420 Syriam
2187 1345 2341 1400 laetus
2365 1343 2691 1416 desertaque
2718 1359 2843 1399 rura
2873 1343 3089 1415 petivit,

1782 1438 2061 1510 Simplicis
2087 1445 2308 1493 evectus
2335 1437 2528 1505 pennis
2553 1437 2620 1491 ad
2647 1435 2791 1491 celsa
2817 1435 3108 1506 columbae]

1703 1541 1751 1602 Β
1781 1531 2052 1596 Mollibus,
2083 1530 2340 1600 elongans
2367 1529 2618 1600 sequitur
2647 1529 2763 1585 loca
2793 1528 2907 1585 sole
2934 1535 3155 1600 perusta
3174 1569 3190 1594 ,

1781 1623 1846 1679 Ni
1874 1625 2101 1678 summis
2127 1622 2303 1676 solum
2335 1621 2638 1686 monachis,
2675 1621 2931 1675 frustrata
2962 1620 3190 1676 colonis.

1781 1712 2048 1781 Quattuor
2077 1713 2180 1766 hac
2209 1712 2366 1765 annis
2392 1720 2546 1766 vasta
2574 1711 2795 1781 regione
2825 1711 3086 1779 peractis,

1781 1807 1854 1864 Ut
1881 1809 2120 1877 prudens
2147 1803 2369 1870 animal,
2399 1803 2603 1860 Christi
2632 1804 2698 1858 ad
2729 1817 2970 1873 przesepe
2994 1799 3268 1869 cucurrit,

1779 1897 1851 1952 Et
1878 1912 1936 1952 se
1967 1911 2286 1951 mansurum
2316 1894 2533 1975 Domini
2559 1893 2625 1948 ad
2655 1893 2922 1950 cunabula
2947 1893 3096 1963 legit.

1781 1988 1880 2044 llic
1904 2003 2089 2053 orans,
2119 1988 2408 2051 meditans,
2437 1987 2691 2056 precibus
2717 1986 3022 2058 studiisque
3051 1987 3302 2056 vacabat,

1779 2077 2148 2148 Jejunansque
2177 2078 2320 2134 diem
2349 2078 2525 2133 noctis
2552 2077 2786 2133 ducebat
2811 2079 2880 2133 ad
2915 2091 3117 2134 ortum.

1779 2170 1929 2226 Ilicet
1954 2171 2055 2226 hac
2084 2170 2235 2224 multi
2267 2168 2409 2223 fama
2439 2170 2733 2226 ductantur
2759 2171 2828 2225 ad
2859 2171 3035 2239 ipsum

1780 2258 1982 2316 ludolis
2009 2260 2242 2331 egregia:
2261 2257 2507 2328 juvenes,
2537 2259 2823 2327 sanctique
2854 2259 3085 2324 sodales;

1780 2349 2007 2422 Jamque
2037 2352 2425 2407 adventantum
2450 2351 2819 2422 comitumque
2843 2349 3152 2422 frequentia
3183 2351 3376 2408 cellam

1779 2440 2204 2513 llospitilutsque
2232 2442 2408 2498 locum
2439 2441 2718 2513 capiendis
2740 2443 2902 2497 edere
2930 2443 3100 2514 cogit.

1782 2532 2046 2604 Discipuli
2075 2532 2207 2586 casti
2242 2547 2368 2586 nam
2402 2531 2700 2603 relligionis
2730 2547 2917 2587 amore

1782 2626 1939 2681 llunc
1969 2626 2169 2681 adeunt
2195 2625 2434 2690 Patrem,
2462 2625 2630 2693 jussis
2656 2626 2864 2681 servire
2888 2623 3096 2696 parati;

1779 2715 1946 2786 Cujus
1972 2715 2220 2772 dilectam
2249 2716 2465 2771 sibimet
2494 2716 2758 2786 sapientia
2784 2716 2966 2772 sedem

1788 2809 2075 2864 Struxerat
2101 2809 2154 2864 in
2179 2808 2406 2872 laribus,
2435 2825 2535 2864 ceu
2562 2808 2896 2864 Bibliotheca
2928 2806 3129 2862 revelat

128 2900 301 2959 Tullius
333 2905 458 2960 hinc
489 2905 684 2976 placet,
713 2903 928 2960 assidua
958 2918 1116 2971 quem
1149 2912 1330 2958 mente
1362 2910 1644 2959 retractat.
1709 2913 1754 2977 (ζ
1787 2903 1959 2970 Quam
1993 2918 2206 2958 summo
2236 2902 2474 2957 excoluit
2496 2903 2674 2956 studio
2702 2915 3008 2973 magnoque
3035 2900 3221 2956 labore
3251 2917 3266 2954 :
3335 2943 3340 2948 .

128 2994 366 3052 lllccehris
390 3013 593 3054 mensa:
618 3007 808 3067 captus
835 2999 965 3052 dum
997 2994 1200 3049 luditur
1228 2992 1387 3062 hujus

129 3083 258 3139 Pestc
278 3087 552 3142 salutifera
584 3087 926 3159 febriumque
960 3085 1238 3143 invaditur
1263 3095 1415 3141 aestu.

125 3175 412 3235 Concutitur
443 3189 691 3250 torpente
721 3181 862 3251 gelu,
898 3181 1086 3236 rabido
1119 3179 1296 3240 uritur
1321 3179 1442 3249 igne
1463 3220 1477 3245 ,

128 3268 237 3322 Cum
261 3271 431 3326 subito
460 3283 669 3342 raptus,
700 3273 1017 3341 perducitur
1042 3285 1166 3329 ante
1193 3267 1437 3327 tribunal

126 3358 321 3428 Iudicis,
348 3363 615 3418 immenso
643 3365 860 3418 radians
887 3365 978 3419 ubi
1007 3365 1208 3420 lumine
1239 3360 1414 3432 fulgor

126 3451 486 3524 Astantumque
517 3454 663 3508 nitor
688 3455 943 3524 prostrati
976 3457 1282 3526 dempserat
1311 3467 1504 3511 ausum
1523 3490 1540 3519 ,

125 3541 320 3612 Vimque
343 3545 515 3599 oculis
540 3543 711 3599 aciem
742 3559 951 3617 superae
975 3547 1261 3600 sustollere
1288 3547 1427 3612 sedi,

130 3628 483 3688 Christicolam
515 3643 801 3701 memorat,
834 3639 942 3706 rogi
957 3646 1094 3690 tatus
1125 3637 1508 3692 conditionem.

125 3719 360 3790 Mentiris,
388 3726 650 3797 quaesitor
675 3727 750 3780 ait
777 3744 790 3780 :
839 3746 857 3778 ι
891 3727 1173 3784 Ciceronis
1202 3727 1471 3793 alumnus,

126 3810 223 3870 Non
249 3817 446 3873 Christi
475 3834 557 3883 es,
586 3835 682 3874 cor
710 3819 799 3874 ubi
825 3829 956 3875 tuus
981 3829 1035 3873 et
1063 3821 1349 3875 thesaurus
1378 3820 1628 3876 habetur.
1660 3837 1678 3872 ι

126 3901 290 3963 Deficit
316 3910 401 3965 his
429 3910 768 3982 memorique
795 3912 968 3984 magis
991 3912 1326 3967 consumitur
1350 3921 1473 3968 actu

127 3993 276 4064 Quam
303 4000 473 4072 rigido
501 4002 631 4056 caedi
662 4000 840 4057 fuerat
864 4019 972 4073 quo
998 4005 1222 4058 verbera
1253 4003 1460 4074 jussus.

127 4082 246 4144 Inter
264 4089 426 4162 ﬂagra
453 4101 656 4157 tamen,
693 4111 712 4144 ι
752 4092 1004 4160 Domine,
1032 4094 1310 4158 miserere,
1345 4091 1582 4148 serebat.
1613 4111 1634 4146 ι

129 4175 234 4236 Haec
253 4183 340 4239 ubi
371 4199 478 4238 vox
507 4185 649 4240 tristi
677 4193 886 4240 tantum
917 4187 1177 4258 plangore
1202 4185 1482 4257 crepabat,

130 4266 338 4328 Tandem
362 4277 680 4332 assistentes
705 4279 934 4347 genibus
960 4295 1017 4333 se
1039 4278 1327 4334 advolvere
1349 4277 1547 4334 sunuui

129 4357 378 4430 Censoris,
406 4367 621 4422 veniam
653 4378 876 4424 orantes
891 4368 1228 4439 juvenilibus
1255 4369 1430 4435 annis,

129 4450 271 4527 Digna
293 4460 403 4530 pati
428 4459 652 4516 edentes
684 4469 804 4530 post
831 4461 877 4517 si
909 4477 1116 4532 pagana
1146 4461 1406 4531 requiret.

127 4542 426 4605 Concessum
446 4551 616 4622 jurat,
638 4549 933 4621 jurareque
963 4567 1174 4606 summa
1197 4560 1422 4622 paratus

130 4632 329 4694 Mittitur
352 4648 514 4710 atque
541 4641 644 4697 sub
668 4642 771 4696 hac
796 4641 900 4697 sibi
930 4641 1244 4697 conditione
1269 4655 1544 4697 reversus.

130 4723 355 4786 Perfusos
374 4730 632 4804 lacrymis
660 4734 868 4799 oculos,
896 4735 1126 4789 mirante
1156 4734 1412 4799 tumultu,

132 4812 376 4888 Evigilans
401 4823 596 4893 aperit.
624 4838 869 4878 somnum
900 4824 945 4878 si
970 4824 1151 4878 dicere
1174 4822 1258 4878 fas
1284 4832 1387 4878 est.

133 4905 344 4968 Verbere
378 4930 484 4984 quo
521 4915 684 4970 tritus
719 4918 884 4970 duros
913 4916 1148 4970 sensisse
1174 4915 1388 4971 dolores

134 4994 379 5070 Testatur,
404 5020 618 5074 passus,
652 5005 884 5075 scapulis
913 5019 1125 5075 quoque
1154 5005 1292 5059 livor
1321 5005 1540 5064 inustis.

194 5088 317 5149 Hinc
339 5102 485 5151 tanto
517 5095 698 5150 divina
727 5096 858 5166 legit
884 5096 1100 5166 pietatis
1129 5110 1336 5163 amore,

135 5175 323 5245 Quanto
349 5200 453 5241 non
479 5185 663 5241 studio
693 5187 938 5241 mortalia
967 5187 1172 5256 legerat
1197 5195 1344 5242 ante.

136 5265 221 5326 His
241 5274 373 5326 reﬁci
400 5275 639 5326 fervens.
669 5277 834 5326 subiit
862 5277 1114 5326 szantia
1148 5285 1288 5326 lecta

1787 2995 2049 3065 Expediet
2075 2995 2198 3065 quis
2226 2995 2369 3050 enim
2397 3010 2633 3064 quonam
2664 2994 2941 3050 molimine
2976 2994 3212 3064 linguam

1786 3085 2107 3142 Ilebraicam
2135 3085 2345 3149 didicit,
2374 3086 2734 3156 Cltaldteaque
2761 3085 2928 3140 verba
2959 3083 3246 3155 prehendit
3273 3099 3291 3150 ί

1758 3177 2006 3233 .Nisibus
2029 3179 2144 3232 hrec
2175 3177 2395 3246 quantis
2418 3177 2503 3233 vel
2527 3192 2636 3248 quo
2664 3177 2865 3231 sudore
2889 3175 3136 3247 pararit:

1789 3272 2112 3341 Quantaque
2137 3270 2396 3325 sustinuit
2415 3269 2629 3338 quoties
2654 3269 2906 3337 desperat
2932 3277 2986 3322 et
3016 3267 3212 3330 audet,

1789 3361 2083 3432 Postquam
2111 3369 2377 3425 cessarat,
2411 3359 2665 3414 reducem
2695 3373 2962 3412 renovare
2990 3356 3298 3427 palaestram
3323 3369 3342 3412 τ

1789 3452 2044 3522 Corporis
2071 3460 2130 3506 ιιι
2159 3452 2366 3506 domuit
2397 3459 2594 3513 motus,
2625 3449 2872 3504 incendia
2905 3448 3072 3520 fugit;

1790 3541 1863 3599 Ut
1890 3543 2022 3597 levis
2047 3542 2223 3597 relatis
2240 3541 2509 3612 juveniles
2536 3539 2727 3594 vicerit
2753 3547 2941 3603 aestus,

1789 3632 2154 3702 Armatasque
2181 3632 2305 3697 fide,
2332 3631 2614 3700 fidensque
2633 3628 2912 3697 juvamine
2936 3626 3163 3690 Christi,

1791 3724 2034 3782 Hebraea:
2053 3737 2314 3779 canonem
2339 3721 2634 3790 Scriptura:
2666 3727 2879 3774 vertere
2909 3725 3158 3773 nostrum

1791 3819 1954 3876 Nisus
1984 3820 2035 3873 in
2059 3817 2358 3888 eloquium,
2390 3830 2498 3885 quo
2526 3814 2650 3867 vina
2681 3811 2918 3867 recentia
2951 3808 3103 3880 prelo

1788 3913 1912 3975 Mox
1939 3912 2130 3967 educta
2163 3924 2280 3970 suo,
2314 3906 2592 3978 proprium
2623 3919 2843 3960 servare
2873 3916 3121 3974 saporem

1789 4010 1917 4066 Jam
1948 4004 2066 4058 sine
2092 4002 2211 4056 labe
2237 4007 2461 4071 queant,
2491 4012 2736 4068 perpurae
2766 3995 2967 4049 tradita
2991 4001 3172 4049 testas.

1788 4099 1932 4156 Luce
1955 4091 2262 4169 prophetali
2293 4089 2549 4153 Romana
2565 4086 2840 4141 volumina
2870 4085 3069 4140 lustrat

1789 4189 2203 4246 Commenmtns
2232 4188 2290 4235 et
2323 4181 2439 4235 haec
2467 4179 2647 4243 dictis,
2679 4177 2795 4234 fere
2826 4184 3024 4232 cuncta
3054 4173 3294 4232 resolvit.

1714 4279 1766 4341 D
1792 4281 2062 4336 Prteterea
2091 4273 2281 4334 multis
2307 4271 2556 4342 procudit
2585 4269 2842 4340 opuscula
2871 4267 3063 4334 multa,

1792 4372 2096 4427 Exlmrtans
2119 4365 2412 4434 sohmsque
2440 4365 2560 4433 pios
2580 4363 2990 4432 reprobansque
3015 4359 3316 4432 malignos;

1792 4463 1988 4518 Abdita
2021 4439 2343 4518 discutiens,
2377 4461 2690 4507 sanctorum
2720 4459 2866 4520 gesta
2895 4459 3188 4504 retexens:

1794 4552 2046 4608 Historia:
2073 4550 2385 4607 Chronico’u
2424 4541 2750 4610 scriptorum
2780 4539 2995 4593 nomina
3026 4543 3274 4608 pandens
3301 4553 3314 4591 :

1793 4642 2104 4699 catholicos
2130 4625 2371 4702 ﬁrmans,
2403 4630 2688 4692 debellans
2718 4629 2850 4684 falsa
2879 4635 3190 4699 sequentes.

1796 4735 1907 4793 Sex
1933 4735 2093 4790 datus
2122 4733 2206 4789 his
2235 4731 2427 4787 studiis
2453 4739 2506 4785 et
2537 4723 2933 4794 quinquaginta
2963 4737 3060 4793 per
3089 4737 3267 4780 annos
3287 4762 3303 4789 ν

1793 4825 2054 4883 Consevit
2083 4823 2308 4878 rationis
2338 4823 2503 4877 humo
2537 4828 2696 4876 sacra
2729 4815 2938 4870 semina
2965 4813 3146 4869 verbi.

1795 4915 2026 4984 Jamque
2057 4911 2282 4984 fatigato
2311 4921 2560 4968 marcent
2593 4910 2728 4965 dum
2759 4917 2986 4976 corpore
3012 4904 3192 4977 vires,

1795 5005 2034 5078 Spiritus
2062 5004 2278 5059 invictae
2311 5003 2562 5060 diffundit
2589 5014 2790 5057 rouoro
2825 4995 3021 5061 menti;

1797 5095 1979 5166 thue
2005 5093 2318 5150 monasterii
2345 5093 2528 5149 valeat
2557 5091 2852 5161 disponere
2876 5083 3020 5152 iura.

1796 5182 2062 5241 Funiculo
2089 5185 2243 5239 trabe
2270 5198 2534 5255 suspenso
2561 5178 2777 5235 diﬂ‘essa
2809 5169 3016 5234 suescit

1800 5270 2080 5326 Snllicifus
2105 5275 2288 5326 senior
2313 5276 2502 5326 stratis
2528 5270 2779 5326 attollere
2807 5263 3072 5324 membra-
