  <div class='ocr_page' id='page_1' title='image "/cluster/home/n/w/nwhite01/storage/ocr_20150623/135/hvd.32044015471758/267.png"; bbox 0 0 3872 5326; ppageno 0'>
   <div class='ocr_carea' id='block_1_1' title="bbox 519 130 628 191">
    <p class='ocr_par' dir='ltr' id='par_1_1' title="bbox 519 130 628 191">
     <span class='ocr_line' id='line_1_1' title="bbox 519 130 628 191; baseline -0.018 0"><span class='ocrx_word' id='word_1_1' title='bbox 519 130 628 191; x_wconf 64' lang='lat'><strong>5.19</strong></span> 
     </span>
    </p>
   </div>
   <div class='ocr_carea' id='block_1_2' title="bbox 514 214 1931 321">
    <p class='ocr_par' dir='ltr' id='par_1_2' title="bbox 514 247 1931 321">
     <span class='ocr_line' id='line_1_2' title="bbox 514 247 1931 321; baseline 0.004 -18"><span class='ocrx_word' id='word_1_2' title='bbox 514 247 645 304; x_wconf 89' lang='lat' dir='ltr'><strong>lude</strong></span> <span class='ocrx_word' id='word_1_3' title='bbox 670 256 860 319; x_wconf 91' lang='lat' dir='ltr'><strong>petens</strong></span> <span class='ocrx_word' id='word_1_4' title='bbox 888 247 1073 314; x_wconf 75' lang='lat' dir='ltr'><strong>etelos,</strong></span> <span class='ocrx_word' id='word_1_5' title='bbox 1105 249 1261 320; x_wconf 97' lang='lat' dir='ltr'><strong>petiit</strong></span> <span class='ocrx_word' id='word_1_6' title='bbox 1284 267 1390 321; x_wconf 91' lang='lat' dir='ltr'><strong>qua</strong></span> <span class='ocrx_word' id='word_1_7' title='bbox 1420 252 1512 307; x_wconf 82' lang='lat' dir='ltr'><strong>lux</strong></span> <span class='ocrx_word' id='word_1_8' title='bbox 1545 267 1692 309; x_wconf 90' lang='lat' dir='ltr'><strong>mera</strong></span> <span class='ocrx_word' id='word_1_9' title='bbox 1726 262 1931 320; x_wconf 82' lang='lat' dir='ltr'><strong>terras;</strong></span> 
     </span>
    </p>
   </div>
   <div class='ocr_carea' id='block_1_3' title="bbox 515 338 1997 412">
    <p class='ocr_par' dir='ltr' id='par_1_3' title="bbox 515 338 1997 412">
     <span class='ocr_line' id='line_1_3' title="bbox 515 338 1997 412; baseline 0.003 -17"><span class='ocrx_word' id='word_1_10' title='bbox 515 338 743 411; x_wconf 82' lang='lat' dir='ltr'><strong>Quaque</strong></span> <span class='ocrx_word' id='word_1_11' title='bbox 768 339 892 412; x_wconf 87' lang='lat' dir='ltr'><strong>pius</strong></span> <span class='ocrx_word' id='word_1_12' title='bbox 918 341 1175 401; x_wconf 82' lang='lat' dir='ltr'><strong>Dominus</strong></span> <span class='ocrx_word' id='word_1_13' title='bbox 1202 341 1422 399; x_wconf 84' lang='lat' dir='ltr'><strong>humilis</strong></span> <span class='ocrx_word' id='word_1_14' title='bbox 1454 342 1736 405; x_wconf 73' lang='lat' dir='ltr'><strong>descendit</strong></span> <span class='ocrx_word' id='word_1_15' title='bbox 1761 346 1829 401; x_wconf 88' lang='lat' dir='ltr'><strong>ad</strong></span> <span class='ocrx_word' id='word_1_16' title='bbox 1858 346 1997 410; x_wconf 88' lang='lat' dir='ltr'><strong>ima,</strong></span> 
     </span>
    </p>
   </div>
   <div class='ocr_carea' id='block_1_4' title="bbox 1122 139 3823 236">
    <p class='ocr_par' dir='ltr' id='par_1_4' title="bbox 1122 139 3823 236">
     <span class='ocr_line' id='line_1_4' title="bbox 1122 139 3823 236; baseline 0.02 -55"><span class='ocrx_word' id='word_1_17' title='bbox 1122 176 1125 181; x_wconf 90' lang='lat'><strong>.</strong></span> <span class='ocrx_word' id='word_1_18' title='bbox 1199 139 1588 203; x_wconf 85' lang='lat' dir='ltr'><strong>FLODOARDI</strong></span> <span class='ocrx_word' id='word_1_19' title='bbox 1627 141 1948 201; x_wconf 83' lang='lat' dir='ltr'><strong>CANONICI</strong></span> <span class='ocrx_word' id='word_1_20' title='bbox 1986 144 2330 206; x_wconf 74' lang='lat' dir='ltr'><strong>REIIENSIS</strong></span> <span class='ocrx_word' id='word_1_21' title='bbox 2366 151 2729 212; x_wconf 76' lang='lat' dir='ltr'><strong>OPUSCULA</strong></span> <span class='ocrx_word' id='word_1_22' title='bbox 2772 157 3097 217; x_wconf 82' lang='lat' dir='ltr'><strong>METRICA.</strong></span> <span class='ocrx_word' id='word_1_23' title='bbox 3658 170 3743 236; x_wconf 65' lang='lat' dir='ltr'><strong>IK</strong></span> <span class='ocrx_word' id='word_1_24' title='bbox 3822 172 3823 189; x_wconf 53' lang='grc'><strong>¹</strong></span> 
     </span>
    </p>
   </div>
   <div class='ocr_carea' id='block_1_5' title="bbox 2131 257 3534 330">
    <p class='ocr_par' dir='ltr' id='par_1_5' title="bbox 2131 257 3534 330">
     <span class='ocr_line' id='line_1_5' title="bbox 2131 257 3534 330; baseline 0.014 -19"><span class='ocrx_word' id='word_1_25' title='bbox 2131 265 2181 322; x_wconf 74' lang='grc' dir='ltr'><strong>Α</strong></span> <span class='ocrx_word' id='word_1_26' title='bbox 2208 258 2340 315; x_wconf 86' lang='lat' dir='ltr'><strong>Inde</strong></span> <span class='ocrx_word' id='word_1_27' title='bbox 2360 257 2535 317; x_wconf 83' lang='lat' dir='ltr'><strong>bonus</strong></span> <span class='ocrx_word' id='word_1_28' title='bbox 2563 278 2751 321; x_wconf 89' lang='lat' dir='ltr'><strong>servus</strong></span> <span class='ocrx_word' id='word_1_29' title='bbox 2775 267 2951 325; x_wconf 89' lang='lat' dir='ltr'><strong>celsus</strong></span> <span class='ocrx_word' id='word_1_30' title='bbox 2977 267 3293 328; x_wconf 74' lang='lat' dir='ltr'><strong>eonScendit</strong></span> <span class='ocrx_word' id='word_1_31' title='bbox 3316 272 3383 329; x_wconf 89' lang='lat' dir='ltr'><strong>ad</strong></span> <span class='ocrx_word' id='word_1_32' title='bbox 3406 272 3534 330; x_wconf 78' lang='lat' dir='ltr'><strong>alta.</strong></span> 
     </span>
    </p>
   </div>
   <div class='ocr_carea' id='block_1_6' title="bbox 1941 500 2345 558">
    <p class='ocr_par' dir='ltr' id='par_1_6' title="bbox 1941 500 2345 558">
     <span class='ocr_line' id='line_1_6' title="bbox 1941 500 2345 558; baseline 0.002 -1"><span class='ocrx_word' id='word_1_33' title='bbox 1941 500 2170 558; x_wconf 81' lang='lat' dir='ltr'><strong>CAPUT</strong></span> <span class='ocrx_word' id='word_1_34' title='bbox 2213 501 2345 558; x_wconf 78' lang='lat' dir='ltr'><strong>VIII.</strong></span> 
     </span>
    </p>
   </div>
   <div class='ocr_carea' id='block_1_7' title="bbox 1782 595 2497 671">
    <p class='ocr_par' dir='ltr' id='par_1_7' title="bbox 1782 595 2497 671">
     <span class='ocr_line' id='line_1_7' title="bbox 1782 595 2497 671; baseline 0.006 -22"><span class='ocrx_word' id='word_1_35' title='bbox 1782 595 1857 651; x_wconf 79' lang='lat' dir='ltr'><strong>De</strong></span> <span class='ocrx_word' id='word_1_36' title='bbox 1883 607 2068 652; x_wconf 77' lang='lat' dir='ltr'><strong>sancta</strong></span> <span class='ocrx_word' id='word_1_37' title='bbox 2100 595 2275 653; x_wconf 79' lang='lat' dir='ltr'><strong>Paula</strong></span> <span class='ocrx_word' id='word_1_38' title='bbox 2322 598 2497 671; x_wconf 75' lang='lat'><strong>(155).</strong></span> 
     </span>
    </p>
   </div>
   <div class='ocr_carea' id='block_1_8' title="bbox 512 707 1890 785">
    <p class='ocr_par' dir='ltr' id='par_1_8' title="bbox 512 707 1890 785">
     <span class='ocr_line' id='line_1_8' title="bbox 512 707 1890 785; baseline -0.002 -18"><span class='ocrx_word' id='word_1_39' title='bbox 512 711 834 785; x_wconf 77' lang='lat' dir='ltr'><strong>Hieronymi</strong></span> <span class='ocrx_word' id='word_1_40' title='bbox 865 716 1048 766; x_wconf 88' lang='lat' dir='ltr'><strong>certus</strong></span> <span class='ocrx_word' id='word_1_41' title='bbox 1072 707 1253 765; x_wconf 63' lang='lat' dir='ltr'><strong>Paulae</strong></span> <span class='ocrx_word' id='word_1_42' title='bbox 1282 707 1642 765; x_wconf 84' lang='lat' dir='ltr'><strong>Eustochiove</strong></span> <span class='ocrx_word' id='word_1_43' title='bbox 1675 716 1890 765; x_wconf 89' lang='lat' dir='ltr'><strong>tenetur</strong></span> 
     </span>
    </p>
   </div>
   <div class='ocr_carea' id='block_1_9' title="bbox 515 799 2101 874">
    <p class='ocr_par' dir='ltr' id='par_1_9' title="bbox 515 799 2101 874">
     <span class='ocr_line' id='line_1_9' title="bbox 515 799 2101 874; baseline 0 -15"><span class='ocrx_word' id='word_1_44' title='bbox 515 803 858 874; x_wconf 69' lang='lat' dir='ltr'><strong>Scriptorum</strong></span> <span class='ocrx_word' id='word_1_45' title='bbox 887 802 1318 870; x_wconf 74' lang='lat' dir='ltr'><strong>haudquaquam</strong></span> <span class='ocrx_word' id='word_1_46' title='bbox 1368 815 1659 866; x_wconf 90' lang='lat' dir='ltr'><strong>numerus,</strong></span> <span class='ocrx_word' id='word_1_47' title='bbox 1706 816 1828 854; x_wconf 88' lang='lat' dir='ltr'><strong>nam</strong></span> <span class='ocrx_word' id='word_1_48' title='bbox 1871 799 2101 873; x_wconf 72' lang='lat' dir='ltr'><strong>plurima</strong></span> 
     </span>
    </p>
   </div>
   <div class='ocr_carea' id='block_1_10' title="bbox 1741 890 2004 966">
    <p class='ocr_par' dir='ltr' id='par_1_10' title="bbox 1741 890 2004 966">
     <span class='ocr_line' id='line_1_10' title="bbox 1741 890 2004 966; baseline -0.004 -18"><span class='ocrx_word' id='word_1_49' title='bbox 1741 890 2004 966; x_wconf 86' lang='lat' dir='ltr'><strong>[eoustan</strong></span> 
     </span>
    </p>
   </div>
   <div class='ocr_carea' id='block_1_11' title="bbox 516 974 1818 1051">
    <p class='ocr_par' dir='ltr' id='par_1_11' title="bbox 516 974 1818 1051">
     <span class='ocr_line' id='line_1_11' title="bbox 516 974 1818 1051; baseline -0.001 -15"><span class='ocrx_word' id='word_1_50' title='bbox 516 974 696 1037; x_wconf 78' lang='lat' dir='ltr'><strong>IStius.</strong></span> <span class='ocrx_word' id='word_1_51' title='bbox 730 982 829 1038; x_wconf 92' lang='lat' dir='ltr'><strong>IIic</strong></span> <span class='ocrx_word' id='word_1_52' title='bbox 856 983 1037 1037; x_wconf 79' lang='lat' dir='ltr'><strong>Paulte</strong></span> <span class='ocrx_word' id='word_1_53' title='bbox 1068 982 1234 1036; x_wconf 86' lang='lat' dir='ltr'><strong>vitam</strong></span> <span class='ocrx_word' id='word_1_54' title='bbox 1271 980 1538 1051; x_wconf 89' lang='lat' dir='ltr'><strong>depromit</strong></span> <span class='ocrx_word' id='word_1_55' title='bbox 1563 988 1616 1035; x_wconf 88' lang='lat' dir='ltr'><strong>et</strong></span> <span class='ocrx_word' id='word_1_56' title='bbox 1646 991 1818 1035; x_wconf 86' lang='lat' dir='ltr'><strong>actus.</strong></span> 
     </span>
    </p>
   </div>
   <div class='ocr_carea' id='block_1_12' title="bbox 513 1074 1823 1147">
    <p class='ocr_par' dir='ltr' id='par_1_12' title="bbox 513 1074 1823 1147">
     <span class='ocr_line' id='line_1_12' title="bbox 513 1074 1823 1147; baseline -0.004 -14"><span class='ocrx_word' id='word_1_57' title='bbox 513 1077 721 1133; x_wconf 77' lang='lat' dir='ltr'><strong>Nobilis</strong></span> <span class='ocrx_word' id='word_1_58' title='bbox 749 1078 862 1132; x_wconf 83' lang='lat' dir='ltr'><strong>h:ec</strong></span> <span class='ocrx_word' id='word_1_59' title='bbox 889 1092 1108 1147; x_wconf 88' lang='lat' dir='ltr'><strong>genere,</strong></span> <span class='ocrx_word' id='word_1_60' title='bbox 1138 1076 1229 1131; x_wconf 88' lang='lat' dir='ltr'><strong>sed</strong></span> <span class='ocrx_word' id='word_1_61' title='bbox 1265 1074 1497 1129; x_wconf 86' lang='lat' dir='ltr'><strong>nobilior</strong></span> <span class='ocrx_word' id='word_1_62' title='bbox 1526 1075 1823 1144; x_wconf 90' lang='lat' dir='ltr'><strong>probitate;</strong></span> 
     </span>
    </p>
   </div>
   <div class='ocr_carea' id='block_1_13' title="bbox 514 1167 1919 1239">
    <p class='ocr_par' dir='ltr' id='par_1_13' title="bbox 514 1167 1919 1239">
     <span class='ocr_line' id='line_1_13' title="bbox 514 1167 1919 1239; baseline -0.004 -14"><span class='ocrx_word' id='word_1_63' title='bbox 514 1169 691 1225; x_wconf 90' lang='lat' dir='ltr'><strong>Divite</strong></span> <span class='ocrx_word' id='word_1_64' title='bbox 724 1168 868 1223; x_wconf 85' lang='lat' dir='ltr'><strong>clara</strong></span> <span class='ocrx_word' id='word_1_65' title='bbox 904 1184 1063 1239; x_wconf 87' lang='lat' dir='ltr'><strong>penu,</strong></span> <span class='ocrx_word' id='word_1_66' title='bbox 1099 1167 1192 1222; x_wconf 88' lang='lat' dir='ltr'><strong>sed</strong></span> <span class='ocrx_word' id='word_1_67' title='bbox 1219 1183 1386 1237; x_wconf 78' lang='lat' dir='ltr'><strong>egens</strong></span> <span class='ocrx_word' id='word_1_68' title='bbox 1419 1167 1728 1236; x_wconf 72' lang='lat' dir='ltr'><strong>przeclarior</strong></span> <span class='ocrx_word' id='word_1_69' title='bbox 1759 1167 1919 1222; x_wconf 89' lang='lat' dir='ltr'><strong>ultro.</strong></span> 
     </span>
    </p>
   </div>
   <div class='ocr_carea' id='block_1_14' title="bbox 511 1256 1957 1329">
    <p class='ocr_par' dir='ltr' id='par_1_14' title="bbox 511 1256 1957 1329">
     <span class='ocr_line' id='line_1_14' title="bbox 511 1256 1957 1329; baseline -0.002 -13"><span class='ocrx_word' id='word_1_70' title='bbox 511 1258 835 1318; x_wconf 83' lang='lat' dir='ltr'><strong>POSIhabuil</strong></span> <span class='ocrx_word' id='word_1_71' title='bbox 867 1259 1094 1313; x_wconf 89' lang='lat' dir='ltr'><strong>Romam</strong></span> <span class='ocrx_word' id='word_1_72' title='bbox 1125 1256 1387 1315; x_wconf 86' lang='lat' dir='ltr'><strong>Bethlem.</strong></span> <span class='ocrx_word' id='word_1_73' title='bbox 1422 1257 1697 1327; x_wconf 73' lang='lat' dir='ltr'><strong>laquearia</strong></span> <span class='ocrx_word' id='word_1_74' title='bbox 1729 1257 1957 1329; x_wconf 79' lang='lat' dir='ltr'><strong>gemmis</strong></span> 
     </span>
    </p>
   </div>
   <div class='ocr_carea' id='block_1_15' title="bbox 510 1348 1634 1421">
    <p class='ocr_par' dir='ltr' id='par_1_15' title="bbox 510 1348 1634 1421">
     <span class='ocr_line' id='line_1_15' title="bbox 510 1348 1634 1421; baseline 0 -16"><span class='ocrx_word' id='word_1_75' title='bbox 510 1348 739 1421; x_wconf 82' lang='lat' dir='ltr'><strong>Fulgida</strong></span> <span class='ocrx_word' id='word_1_76' title='bbox 767 1348 1225 1418; x_wconf 52' lang='lat' dir='ltr'><strong>drjeeti‘mntavit</strong></span> <span class='ocrx_word' id='word_1_77' title='bbox 1251 1350 1457 1418; x_wconf 83' lang='lat' dir='ltr'><strong>cespite</strong></span> <span class='ocrx_word' id='word_1_78' title='bbox 1488 1350 1634 1405; x_wconf 89' lang='lat' dir='ltr'><strong>tecti.</strong></span> 
     </span>
    </p>
   </div>
   <div class='ocr_carea' id='block_1_16' title="bbox 512 1442 2030 1514">
    <p class='ocr_par' dir='ltr' id='par_1_16' title="bbox 512 1442 2030 1514">
     <span class='ocr_line' id='line_1_16' title="bbox 512 1442 2030 1514; baseline 0.001 -17"><span class='ocrx_word' id='word_1_79' title='bbox 512 1445 683 1513; x_wconf 85' lang='lat' dir='ltr'><strong>Quam</strong></span> <span class='ocrx_word' id='word_1_80' title='bbox 715 1458 949 1514; x_wconf 80' lang='lat' dir='ltr'><strong>genuere</strong></span> <span class='ocrx_word' id='word_1_81' title='bbox 974 1452 1129 1513; x_wconf 82' lang='lat' dir='ltr'><strong>pater</strong></span> <span class='ocrx_word' id='word_1_82' title='bbox 1154 1458 1375 1497; x_wconf 82' lang='lat' dir='ltr'><strong>sumens</strong></span> <span class='ocrx_word' id='word_1_83' title='bbox 1397 1442 1806 1512; x_wconf 78' lang='lat' dir='ltr'><strong>Agamemnone</strong></span> <span class='ocrx_word' id='word_1_84' title='bbox 1834 1457 2030 1513; x_wconf 88' lang='lat' dir='ltr'><strong>magno</strong></span> 
     </span>
    </p>
   </div>
   <div class='ocr_carea' id='block_1_17' title="bbox 506 1533 1881 1606">
    <p class='ocr_par' dir='ltr' id='par_1_17' title="bbox 506 1533 1881 1606">
     <span class='ocr_line' id='line_1_17' title="bbox 506 1533 1881 1606; baseline -0.001 -16"><span class='ocrx_word' id='word_1_85' title='bbox 506 1533 851 1606; x_wconf 87' lang='lat' dir='ltr'><strong>Progeniem,</strong></span> <span class='ocrx_word' id='word_1_86' title='bbox 890 1534 1080 1588; x_wconf 81' lang='lat' dir='ltr'><strong>stravit</strong></span> <span class='ocrx_word' id='word_1_87' title='bbox 1107 1533 1269 1604; x_wconf 87' lang='lat' dir='ltr'><strong>longo</strong></span> <span class='ocrx_word' id='word_1_88' title='bbox 1295 1534 1388 1603; x_wconf 88' lang='lat' dir='ltr'><strong>qui</strong></span> <span class='ocrx_word' id='word_1_89' title='bbox 1417 1533 1674 1604; x_wconf 85' lang='lat' dir='ltr'><strong>Pergama</strong></span> <span class='ocrx_word' id='word_1_90' title='bbox 1708 1534 1881 1600; x_wconf 87' lang='lat' dir='ltr'><strong>bello.</strong></span> 
     </span>
    </p>
   </div>
   <div class='ocr_carea' id='block_1_18' title="bbox 508 1626 1960 1697">
    <p class='ocr_par' dir='ltr' id='par_1_18' title="bbox 508 1626 1960 1697">
     <span class='ocr_line' id='line_1_18' title="bbox 508 1626 1960 1697; baseline -0.001 -15"><span class='ocrx_word' id='word_1_91' title='bbox 508 1627 821 1683; x_wconf 77' lang='lat' dir='ltr'><strong>Stemmata</strong></span> <span class='ocrx_word' id='word_1_92' title='bbox 839 1626 1153 1696; x_wconf 88' lang='lat' dir='ltr'><strong>Seipiadum</strong></span> <span class='ocrx_word' id='word_1_93' title='bbox 1184 1628 1389 1682; x_wconf 85' lang='lat' dir='ltr'><strong>ducens</strong></span> <span class='ocrx_word' id='word_1_94' title='bbox 1414 1627 1483 1681; x_wconf 82' lang='lat' dir='ltr'><strong>ab</strong></span> <span class='ocrx_word' id='word_1_95' title='bbox 1509 1628 1718 1697; x_wconf 81' lang='lat' dir='ltr'><strong>origine</strong></span> <span class='ocrx_word' id='word_1_96' title='bbox 1748 1636 1922 1683; x_wconf 81' lang='lat' dir='ltr'><strong>mater</strong></span> <span class='ocrx_word' id='word_1_97' title='bbox 1946 1645 1960 1681; x_wconf 92' lang='lat'><strong>:</strong></span> 
     </span>
    </p>
   </div>
   <div class='ocr_carea' id='block_1_19' title="bbox 506 1715 1725 1787">
    <p class='ocr_par' dir='ltr' id='par_1_19' title="bbox 506 1715 1725 1787">
     <span class='ocr_line' id='line_1_19' title="bbox 506 1715 1725 1787; baseline -0.004 -13"><span class='ocrx_word' id='word_1_98' title='bbox 506 1718 738 1774; x_wconf 81' lang='lat' dir='ltr'><strong>Toxmio</strong></span> <span class='ocrx_word' id='word_1_99' title='bbox 761 1715 1047 1787; x_wconf 89' lang='lat' dir='ltr'><strong>conjuncta</strong></span> <span class='ocrx_word' id='word_1_100' title='bbox 1071 1717 1214 1781; x_wconf 84' lang='lat' dir='ltr'><strong>viro,</strong></span> <span class='ocrx_word' id='word_1_101' title='bbox 1245 1717 1336 1786; x_wconf 89' lang='lat' dir='ltr'><strong>qui</strong></span> <span class='ocrx_word' id='word_1_102' title='bbox 1361 1718 1582 1787; x_wconf 78' lang='lat' dir='ltr'><strong>sanguis</strong></span> <span class='ocrx_word' id='word_1_103' title='bbox 1603 1716 1725 1784; x_wconf 85' lang='lat' dir='ltr'><strong>Iuli,</strong></span> 
     </span>
    </p>
   </div>
   <div class='ocr_carea' id='block_1_20' title="bbox 503 1809 1983 1880">
    <p class='ocr_par' dir='ltr' id='par_1_20' title="bbox 503 1809 1983 1880">
     <span class='ocr_line' id='line_1_20' title="bbox 503 1809 1983 1880; baseline -0.004 -12"><span class='ocrx_word' id='word_1_104' title='bbox 503 1811 736 1869; x_wconf 68' lang='lat' dir='ltr'><strong>Fmdere</strong></span> <span class='ocrx_word' id='word_1_105' title='bbox 763 1810 1017 1866; x_wconf 86' lang='lat' dir='ltr'><strong>connubii</strong></span> <span class='ocrx_word' id='word_1_106' title='bbox 1051 1812 1218 1879; x_wconf 85' lang='lat' dir='ltr'><strong>quino</strong></span> <span class='ocrx_word' id='word_1_107' title='bbox 1242 1825 1401 1880; x_wconf 85' lang='lat' dir='ltr'><strong>quem</strong></span> <span class='ocrx_word' id='word_1_108' title='bbox 1427 1811 1651 1879; x_wconf 81' lang='lat' dir='ltr'><strong>pignore</strong></span> <span class='ocrx_word' id='word_1_109' title='bbox 1675 1809 1925 1878; x_wconf 85' lang='lat' dir='ltr'><strong>compsit.</strong></span> <span class='ocrx_word' id='word_1_110' title='bbox 1975 1818 1983 1826; x_wconf 86' lang='lat'><strong>‘</strong></span> 
     </span>
    </p>
   </div>
   <div class='ocr_carea' id='block_1_21' title="bbox 507 1901 2062 1972">
    <p class='ocr_par' dir='ltr' id='par_1_21' title="bbox 507 1901 2062 1972">
     <span class='ocr_line' id='line_1_21' title="bbox 507 1901 2062 1972; baseline 0.001 -14"><span class='ocrx_word' id='word_1_111' title='bbox 507 1901 664 1958; x_wconf 81' lang='lat' dir='ltr'><strong>Hunc</strong></span> <span class='ocrx_word' id='word_1_112' title='bbox 697 1903 769 1957; x_wconf 85' lang='lat' dir='ltr'><strong>ita</strong></span> <span class='ocrx_word' id='word_1_113' title='bbox 805 1901 1117 1957; x_wconf 82' lang='lat' dir='ltr'><strong>defunctum</strong></span> <span class='ocrx_word' id='word_1_114' title='bbox 1149 1901 1316 1966; x_wconf 81' lang='lat' dir='ltr'><strong>dolet,</strong></span> <span class='ocrx_word' id='word_1_115' title='bbox 1349 1910 1408 1955; x_wconf 89' lang='lat' dir='ltr'><strong>ut</strong></span> <span class='ocrx_word' id='word_1_116' title='bbox 1436 1916 1605 1971; x_wconf 77' lang='lat' dir='ltr'><strong>prepe</strong></span> <span class='ocrx_word' id='word_1_117' title='bbox 1634 1901 1773 1957; x_wconf 79' lang='lat' dir='ltr'><strong>facta</strong></span> <span class='ocrx_word' id='word_1_118' title='bbox 1802 1909 2062 1972; x_wconf 80' lang='lat' dir='ltr'><strong>sequatur</strong></span> 
     </span>
    </p>
   </div>
   <div class='ocr_carea' id='block_1_22' title="bbox 408 1992 1881 2065">
    <p class='ocr_par' dir='ltr' id='par_1_22' title="bbox 408 1992 1881 2065">
     <span class='ocr_line' id='line_1_22' title="bbox 408 1992 1881 2065; baseline 0.001 -17"><span class='ocrx_word' id='word_1_119' title='bbox 408 2004 425 2037; x_wconf 60' lang='grc' dir='ltr'><em>ί</em></span> <span class='ocrx_word' id='word_1_120' title='bbox 504 1992 726 2058; x_wconf 85' lang='lat' dir='ltr'><strong>Libera,</strong></span> <span class='ocrx_word' id='word_1_121' title='bbox 754 1993 847 2048; x_wconf 89' lang='lat' dir='ltr'><strong>sed</strong></span> <span class='ocrx_word' id='word_1_122' title='bbox 874 2002 1033 2061; x_wconf 83' lang='lat' dir='ltr'><strong>pacto</strong></span> <span class='ocrx_word' id='word_1_123' title='bbox 1065 1992 1367 2061; x_wconf 81' lang='lat' dir='ltr'><strong>vinclisque</strong></span> <span class='ocrx_word' id='word_1_124' title='bbox 1393 2002 1639 2062; x_wconf 84' lang='lat' dir='ltr'><strong>exempta</strong></span> <span class='ocrx_word' id='word_1_125' title='bbox 1661 1992 1881 2065; x_wconf 84' lang='lat' dir='ltr'><strong>jugalis,</strong></span> 
     </span>
    </p>
   </div>
   <div class='ocr_carea' id='block_1_23' title="bbox 505 2081 1696 2151">
    <p class='ocr_par' dir='ltr' id='par_1_23' title="bbox 505 2081 1696 2151">
     <span class='ocr_line' id='line_1_23' title="bbox 505 2081 1696 2151; baseline -0.001 -13"><span class='ocrx_word' id='word_1_126' title='bbox 505 2083 608 2139; x_wconf 82' lang='lat' dir='ltr'><strong>Hic</strong></span> <span class='ocrx_word' id='word_1_127' title='bbox 636 2098 694 2138; x_wconf 85' lang='lat' dir='ltr'><strong>se</strong></span> <span class='ocrx_word' id='word_1_128' title='bbox 720 2082 944 2138; x_wconf 89' lang='lat' dir='ltr'><strong>servitio</strong></span> <span class='ocrx_word' id='word_1_129' title='bbox 971 2081 1172 2138; x_wconf 85' lang='lat' dir='ltr'><strong>Christi</strong></span> <span class='ocrx_word' id='word_1_130' title='bbox 1199 2082 1464 2146; x_wconf 81' lang='lat' dir='ltr'><strong>devinxit,</strong></span> <span class='ocrx_word' id='word_1_131' title='bbox 1491 2092 1551 2137; x_wconf 92' lang='lat' dir='ltr'><strong>ut</strong></span> <span class='ocrx_word' id='word_1_132' title='bbox 1581 2083 1696 2151; x_wconf 89' lang='lat' dir='ltr'><strong>ipsa</strong></span> 
     </span>
    </p>
   </div>
   <div class='ocr_carea' id='block_1_24' title="bbox 500 2171 1717 2241">
    <p class='ocr_par' dir='ltr' id='par_1_24' title="bbox 500 2171 1717 2241">
     <span class='ocr_line' id='line_1_24' title="bbox 500 2171 1717 2241; baseline -0.002 -13"><span class='ocrx_word' id='word_1_133' title='bbox 500 2171 717 2228; x_wconf 86' lang='lat' dir='ltr'><strong>Funera</strong></span> <span class='ocrx_word' id='word_1_134' title='bbox 751 2171 988 2227; x_wconf 83' lang='lat' dir='ltr'><strong>carnalis</strong></span> <span class='ocrx_word' id='word_1_135' title='bbox 1018 2179 1238 2240; x_wconf 89' lang='lat' dir='ltr'><strong>reputes</strong></span> <span class='ocrx_word' id='word_1_136' title='bbox 1268 2180 1484 2241; x_wconf 84' lang='lat' dir='ltr'><strong>optasse</strong></span> <span class='ocrx_word' id='word_1_137' title='bbox 1517 2172 1717 2227; x_wconf 88' lang='lat' dir='ltr'><strong>mariti.</strong></span> 
     </span>
    </p>
   </div>
   <div class='ocr_carea' id='block_1_25' title="bbox 504 2263 2091 2339">
    <p class='ocr_par' dir='ltr' id='par_1_25' title="bbox 504 2263 2091 2339">
     <span class='ocr_line' id='line_1_25' title="bbox 504 2263 2091 2339; baseline 0.001 -20"><span class='ocrx_word' id='word_1_138' title='bbox 504 2263 1035 2334; x_wconf 75' lang='lat' dir='ltr'><strong>Dumque&#39;expendit</strong></span> <span class='ocrx_word' id='word_1_139' title='bbox 1063 2279 1218 2334; x_wconf 85' lang='lat' dir='ltr'><strong>opes,</strong></span> <span class='ocrx_word' id='word_1_140' title='bbox 1246 2264 1491 2320; x_wconf 86' lang='lat' dir='ltr'><strong>adimens</strong></span> <span class='ocrx_word' id='word_1_141' title='bbox 1524 2267 1850 2339; x_wconf 81' lang='lat' dir='ltr'><strong>patrimonia</strong></span> <span class='ocrx_word' id='word_1_142' title='bbox 1880 2274 2091 2335; x_wconf 78' lang='lat' dir='ltr'><strong>gnatis,</strong></span> 
     </span>
    </p>
   </div>
   <div class='ocr_carea' id='block_1_26' title="bbox 497 2342 1894 2427">
    <p class='ocr_par' dir='ltr' id='par_1_26' title="bbox 497 2342 1894 2427">
     <span class='ocr_line' id='line_1_26' title="bbox 497 2342 1894 2427; baseline 0.003 -20"><span class='ocrx_word' id='word_1_143' title='bbox 497 2351 647 2422; x_wconf 79' lang='lat' dir='ltr'><strong>Quos</strong></span> <span class='ocrx_word' id='word_1_144' title='bbox 678 2363 856 2410; x_wconf 88' lang='lat' dir='ltr'><strong>tamen</strong></span> <span class='ocrx_word' id='word_1_145' title='bbox 888 2354 1113 2427; x_wconf 81' lang='lat' dir='ltr'><strong>attollit,</strong></span> <span class='ocrx_word' id='word_1_146' title='bbox 1134 2342 1471 2425; x_wconf 75' lang='lat' dir='ltr'><strong>locupletatis</strong></span> <span class='ocrx_word' id='word_1_147' title='bbox 1497 2372 1722 2412; x_wconf 91' lang='lat' dir='ltr'><strong>munere</strong></span> <span class='ocrx_word' id='word_1_148' title='bbox 1749 2356 1894 2424; x_wconf 89' lang='lat' dir='ltr'><strong>divo,</strong></span> 
     </span>
    </p>
   </div>
   <div class='ocr_carea' id='block_1_27' title="bbox 498 2444 1879 2517">
    <p class='ocr_par' dir='ltr' id='par_1_27' title="bbox 498 2444 1879 2517">
     <span class='ocr_line' id='line_1_27' title="bbox 498 2444 1879 2517; baseline -0.001 -16"><span class='ocrx_word' id='word_1_149' title='bbox 498 2444 836 2517; x_wconf 79' lang='lat' dir='ltr'><strong>Pauperibus</strong></span> <span class='ocrx_word' id='word_1_150' title='bbox 866 2456 979 2500; x_wconf 88' lang='lat' dir='ltr'><strong>tota</strong></span> <span class='ocrx_word' id='word_1_151' title='bbox 1010 2462 1331 2503; x_wconf 81' lang='lat' dir='ltr'><strong>succurrere</strong></span> <span class='ocrx_word' id='word_1_152' title='bbox 1357 2448 1485 2503; x_wconf 90' lang='lat' dir='ltr'><strong>dum</strong></span> <span class='ocrx_word' id='word_1_153' title='bbox 1515 2449 1696 2504; x_wconf 87' lang='lat' dir='ltr'><strong>studet</strong></span> <span class='ocrx_word' id='word_1_154' title='bbox 1720 2447 1879 2513; x_wconf 83' lang='lat' dir='ltr'><strong>urbe,</strong></span> 
     </span>
    </p>
   </div>
   <div class='ocr_carea' id='block_1_28' title="bbox 497 2534 1877 2607">
    <p class='ocr_par' dir='ltr' id='par_1_28' title="bbox 497 2534 1877 2607">
     <span class='ocr_line' id='line_1_28' title="bbox 497 2534 1877 2607; baseline 0.001 -15"><span class='ocrx_word' id='word_1_155' title='bbox 497 2534 795 2592; x_wconf 80' lang='lat' dir='ltr'><strong>Pontiﬁces</strong></span> <span class='ocrx_word' id='word_1_156' title='bbox 819 2534 994 2593; x_wconf 82' lang='lat' dir='ltr'><strong>celsos</strong></span> <span class='ocrx_word' id='word_1_157' title='bbox 1019 2539 1219 2591; x_wconf 87' lang='lat' dir='ltr'><strong>meruit</strong></span> <span class='ocrx_word' id='word_1_158' title='bbox 1247 2548 1496 2607; x_wconf 88' lang='lat' dir='ltr'><strong>spectare</strong></span> <span class='ocrx_word' id='word_1_159' title='bbox 1524 2539 1843 2595; x_wconf 86' lang='lat' dir='ltr'><strong>ministrans</strong></span> <span class='ocrx_word' id='word_1_160' title='bbox 1861 2574 1877 2604; x_wconf 88' lang='lat'><strong>,</strong></span> 
     </span>
    </p>
   </div>
   <div class='ocr_carea' id='block_1_29' title="bbox 503 2623 1822 2696">
    <p class='ocr_par' dir='ltr' id='par_1_29' title="bbox 503 2623 1822 2696">
     <span class='ocr_line' id='line_1_29' title="bbox 503 2623 1822 2696; baseline 0.003 -11"><span class='ocrx_word' id='word_1_161' title='bbox 503 2623 672 2685; x_wconf 85' lang='lat' dir='ltr'><strong>Urbis</strong></span> <span class='ocrx_word' id='word_1_162' title='bbox 696 2628 765 2683; x_wconf 88' lang='lat' dir='ltr'><strong>ab</strong></span> <span class='ocrx_word' id='word_1_163' title='bbox 785 2627 1046 2685; x_wconf 76' lang='lat' dir='ltr'><strong>&#39;Antiochi</strong></span> <span class='ocrx_word' id='word_1_164' title='bbox 1077 2628 1358 2687; x_wconf 85' lang='lat' dir='ltr'><strong>Paulinum</strong></span> <span class='ocrx_word' id='word_1_165' title='bbox 1386 2633 1607 2687; x_wconf 86' lang='lat' dir='ltr'><strong>nomine</strong></span> <span class='ocrx_word' id='word_1_166' title='bbox 1629 2634 1822 2696; x_wconf 59' lang='lat' dir='ltr'><strong>dictat,</strong></span> 
     </span>
    </p>
   </div>
   <div class='ocr_carea' id='block_1_30' title="bbox 497 2713 2070 2795">
    <p class='ocr_par' dir='ltr' id='par_1_30' title="bbox 497 2713 2070 2795">
     <span class='ocr_line' id='line_1_30' title="bbox 497 2713 2070 2795; baseline 0.004 -20"><span class='ocrx_word' id='word_1_167' title='bbox 497 2713 764 2775; x_wconf 86' lang='lat' dir='ltr'><strong>Sanctum</strong></span> <span class='ocrx_word' id='word_1_168' title='bbox 811 2728 865 2775; x_wconf 91' lang='lat' dir='ltr'><strong>et</strong></span> <span class='ocrx_word' id='word_1_169' title='bbox 910 2719 1277 2792; x_wconf 85' lang='lat' dir='ltr'><strong>Epiphanium</strong></span> <span class='ocrx_word' id='word_1_170' title='bbox 1329 2722 1654 2791; x_wconf 82' lang='lat' dir='ltr'><strong>Salaminae,</strong></span> <span class='ocrx_word' id='word_1_171' title='bbox 1705 2725 1810 2780; x_wconf 90' lang='lat' dir='ltr'><strong>hoc</strong></span> <span class='ocrx_word' id='word_1_172' title='bbox 1856 2724 2070 2795; x_wconf 83' lang='lat' dir='ltr'><strong>hospite</strong></span> 
     </span>
    </p>
   </div>
   <div class='ocr_carea' id='block_1_31' title="bbox 2200 708 3475 793">
    <p class='ocr_par' dir='ltr' id='par_1_31' title="bbox 2200 708 3475 793">
     <span class='ocr_line' id='line_1_31' title="bbox 2200 708 3475 793; baseline 0.013 -29"><span class='ocrx_word' id='word_1_173' title='bbox 2200 708 2471 778; x_wconf 86' lang='lat' dir='ltr'><strong>Culmina,</strong></span> <span class='ocrx_word' id='word_1_174' title='bbox 2505 708 2628 785; x_wconf 89' lang='lat' dir='ltr'><strong>lege</strong></span> <span class='ocrx_word' id='word_1_175' title='bbox 2658 712 2754 769; x_wconf 87' lang='lat' dir='ltr'><strong>Dei</strong></span> <span class='ocrx_word' id='word_1_176' title='bbox 2787 722 2995 774; x_wconf 74' lang='lat' dir='ltr'><strong>naturte</strong></span> <span class='ocrx_word' id='word_1_177' title='bbox 3012 715 3138 790; x_wconf 88' lang='lat' dir='ltr'><strong>jura</strong></span> <span class='ocrx_word' id='word_1_178' title='bbox 3169 730 3475 793; x_wconf 73' lang='lat' dir='ltr'><strong>negantem.</strong></span> 
     </span>
    </p>
   </div>
   <div class='ocr_carea' id='block_1_32' title="bbox 2204 799 3594 888">
    <p class='ocr_par' dir='ltr' id='par_1_32' title="bbox 2204 799 3594 888">
     <span class='ocr_line' id='line_1_32' title="bbox 2204 799 3594 888; baseline 0.012 -33"><span class='ocrx_word' id='word_1_179' title='bbox 2204 799 2301 856; x_wconf 83' lang='lat' dir='ltr'><strong>His</strong></span> <span class='ocrx_word' id='word_1_180' title='bbox 2324 804 2416 856; x_wconf 89' lang='lat' dir='ltr'><strong>sed</strong></span> <span class='ocrx_word' id='word_1_181' title='bbox 2446 819 2577 875; x_wconf 89' lang='lat' dir='ltr'><strong>opes</strong></span> <span class='ocrx_word' id='word_1_182' title='bbox 2609 804 2859 875; x_wconf 84' lang='lat' dir='ltr'><strong>linquens</strong></span> <span class='ocrx_word' id='word_1_183' title='bbox 2888 810 3069 865; x_wconf 90' lang='lat' dir='ltr'><strong>oneris</strong></span> <span class='ocrx_word' id='word_1_184' title='bbox 3090 810 3204 881; x_wconf 86' lang='lat' dir='ltr'><strong>jam</strong></span> <span class='ocrx_word' id='word_1_185' title='bbox 3229 811 3398 868; x_wconf 87' lang='lat' dir='ltr'><strong>libera</strong></span> <span class='ocrx_word' id='word_1_186' title='bbox 3429 815 3594 888; x_wconf 88' lang='lat' dir='ltr'><strong>pergit</strong></span> 
     </span>
    </p>
   </div>
   <div class='ocr_carea' id='block_1_33' title="bbox 2199 889 3469 967">
    <p class='ocr_par' dir='ltr' id='par_1_33' title="bbox 2199 889 3469 967">
     <span class='ocr_line' id='line_1_33' title="bbox 2199 889 3469 967; baseline 0.009 -22"><span class='ocrx_word' id='word_1_187' title='bbox 2199 889 2488 946; x_wconf 89' lang='lat' dir='ltr'><strong>Eustochio</strong></span> <span class='ocrx_word' id='word_1_188' title='bbox 2511 902 2769 948; x_wconf 87' lang='lat' dir='ltr'><strong>contenta</strong></span> <span class='ocrx_word' id='word_1_189' title='bbox 2798 910 2917 961; x_wconf 91' lang='lat' dir='ltr'><strong>sua,</strong></span> <span class='ocrx_word' id='word_1_190' title='bbox 2942 912 3062 967; x_wconf 69' lang='lat' dir='ltr'><strong>quae</strong></span> <span class='ocrx_word' id='word_1_191' title='bbox 3090 902 3307 956; x_wconf 87' lang='lat' dir='ltr'><strong>conseia</strong></span> <span class='ocrx_word' id='word_1_192' title='bbox 3336 903 3469 957; x_wconf 91' lang='lat' dir='ltr'><strong>tanti</strong></span> 
     </span>
    </p>
   </div>
   <div class='ocr_carea' id='block_1_34' title="bbox 2198 979 3401 1058">
    <p class='ocr_par' dir='ltr' id='par_1_34' title="bbox 2198 979 3401 1058">
     <span class='ocr_line' id='line_1_34' title="bbox 2198 979 3401 1058; baseline 0.014 -24"><span class='ocrx_word' id='word_1_193' title='bbox 2198 979 2262 1034; x_wconf 88' lang='lat' dir='ltr'><strong>Et</strong></span> <span class='ocrx_word' id='word_1_194' title='bbox 2295 997 2479 1055; x_wconf 86' lang='lat' dir='ltr'><strong>comes</strong></span> <span class='ocrx_word' id='word_1_195' title='bbox 2504 982 2747 1053; x_wconf 83' lang='lat' dir='ltr'><strong>incoepti,</strong></span> <span class='ocrx_word' id='word_1_196' title='bbox 2780 987 2920 1042; x_wconf 89' lang='lat' dir='ltr'><strong>votis</strong></span> <span class='ocrx_word' id='word_1_197' title='bbox 2946 982 3203 1046; x_wconf 65' lang='lat' dir='ltr'><strong>haerentia</strong></span> <span class='ocrx_word' id='word_1_198' title='bbox 3230 991 3401 1058; x_wconf 82' lang='lat' dir='ltr'><strong>coelo,</strong></span> 
     </span>
    </p>
   </div>
   <div class='ocr_carea' id='block_1_35' title="bbox 2201 1070 3464 1149">
    <p class='ocr_par' dir='ltr' id='par_1_35' title="bbox 2201 1070 3464 1149">
     <span class='ocr_line' id='line_1_35' title="bbox 2201 1070 3464 1149; baseline 0.01 -24"><span class='ocrx_word' id='word_1_199' title='bbox 2201 1070 2511 1140; x_wconf 77' lang='lat' dir='ltr'><strong>Exspoliata</strong></span> <span class='ocrx_word' id='word_1_200' title='bbox 2537 1074 2651 1129; x_wconf 87' lang='lat' dir='ltr'><strong>solo</strong></span> <span class='ocrx_word' id='word_1_201' title='bbox 2678 1077 2977 1146; x_wconf 88' lang='lat' dir='ltr'><strong>permulcet</strong></span> <span class='ocrx_word' id='word_1_202' title='bbox 3009 1089 3225 1149; x_wconf 87' lang='lat' dir='ltr'><strong>pectora</strong></span> <span class='ocrx_word' id='word_1_203' title='bbox 3251 1084 3464 1139; x_wconf 86' lang='lat' dir='ltr'><strong>matris.</strong></span> 
     </span>
    </p>
   </div>
   <div class='ocr_carea' id='block_1_36' title="bbox 2200 1158 3436 1237">
    <p class='ocr_par' dir='ltr' id='par_1_36' title="bbox 2200 1158 3436 1237">
     <span class='ocr_line' id='line_1_36' title="bbox 2200 1158 3436 1237; baseline 0.011 -24"><span class='ocrx_word' id='word_1_204' title='bbox 2200 1158 2411 1215; x_wconf 87' lang='lat' dir='ltr'><strong>Interea</strong></span> <span class='ocrx_word' id='word_1_205' title='bbox 2443 1178 2603 1218; x_wconf 90' lang='lat' dir='ltr'><strong>cursu</strong></span> <span class='ocrx_word' id='word_1_206' title='bbox 2633 1165 2795 1220; x_wconf 80' lang='lat' dir='ltr'><strong>teleri</strong></span> <span class='ocrx_word' id='word_1_207' title='bbox 2823 1167 2955 1221; x_wconf 87' lang='lat' dir='ltr'><strong>ratis</strong></span> <span class='ocrx_word' id='word_1_208' title='bbox 2977 1184 3191 1237; x_wconf 75' lang='lat' dir='ltr'><strong>:equora</strong></span> <span class='ocrx_word' id='word_1_209' title='bbox 3223 1169 3436 1227; x_wconf 82' lang='lat' dir='ltr'><strong>ﬁndens</strong></span> 
     </span>
    </p>
   </div>
   <div class='ocr_carea' id='block_1_37' title="bbox 2198 1251 3500 1332">
    <p class='ocr_par' dir='ltr' id='par_1_37' title="bbox 2198 1251 3500 1332">
     <span class='ocr_line' id='line_1_37' title="bbox 2198 1251 3500 1332; baseline 0.01 -27"><span class='ocrx_word' id='word_1_210' title='bbox 2198 1251 2420 1321; x_wconf 84' lang='lat' dir='ltr'><strong>Appulit</strong></span> <span class='ocrx_word' id='word_1_211' title='bbox 2439 1254 2689 1310; x_wconf 80' lang='lat' dir='ltr'><strong>exsilium</strong></span> <span class='ocrx_word' id='word_1_212' title='bbox 2717 1257 2985 1312; x_wconf 85' lang='lat' dir='ltr'><strong>Dontitilla</strong></span> <span class='ocrx_word' id='word_1_213' title='bbox 3012 1260 3100 1314; x_wconf 91' lang='lat' dir='ltr'><strong>ubi</strong></span> <span class='ocrx_word' id='word_1_214' title='bbox 3128 1260 3311 1315; x_wconf 86' lang='lat' dir='ltr'><strong>Flavia</strong></span> <span class='ocrx_word' id='word_1_215' title='bbox 3344 1278 3500 1332; x_wconf 81' lang='lat' dir='ltr'><strong>passa</strong></span> 
     </span>
    </p>
   </div>
   <div class='ocr_carea' id='block_1_38' title="bbox 2201 1338 3379 1421">
    <p class='ocr_par' dir='ltr' id='par_1_38' title="bbox 2201 1338 3379 1421">
     <span class='ocr_line' id='line_1_38' title="bbox 2201 1338 3379 1421; baseline 0.008 -25"><span class='ocrx_word' id='word_1_216' title='bbox 2201 1338 2367 1411; x_wconf 85' lang='lat' dir='ltr'><strong>Cujus</strong></span> <span class='ocrx_word' id='word_1_217' title='bbox 2392 1344 2638 1415; x_wconf 87' lang='lat' dir='ltr'><strong>martyrii</strong></span> <span class='ocrx_word' id='word_1_218' title='bbox 2669 1345 2832 1402; x_wconf 86' lang='lat' dir='ltr'><strong>cellas</strong></span> <span class='ocrx_word' id='word_1_219' title='bbox 2859 1359 3117 1417; x_wconf 86' lang='lat' dir='ltr'><strong>venerata</strong></span> <span class='ocrx_word' id='word_1_220' title='bbox 3147 1349 3379 1421; x_wconf 86' lang='lat' dir='ltr'><strong>legebat.</strong></span> 
     </span>
    </p>
   </div>
   <div class='ocr_carea' id='block_1_39' title="bbox 2200 1427 3641 1519">
    <p class='ocr_par' dir='ltr' id='par_1_39' title="bbox 2200 1427 3641 1519">
     <span class='ocr_line' id='line_1_39' title="bbox 2200 1427 3641 1519; baseline 0.011 -33"><span class='ocrx_word' id='word_1_221' title='bbox 2200 1429 2343 1487; x_wconf 67' lang='lat' dir='ltr'><strong>Laeta</strong></span> <span class='ocrx_word' id='word_1_222' title='bbox 2375 1434 2758 1513; x_wconf 82' lang='lat' dir='ltr'><strong>salumsegnis</strong></span> <span class='ocrx_word' id='word_1_223' title='bbox 2784 1427 3128 1511; x_wconf 78' lang='lat' dir='ltr'><strong>preperantia</strong></span> <span class='ocrx_word' id='word_1_224' title='bbox 3156 1458 3349 1515; x_wconf 74' lang='lat' dir='ltr'><strong>cuneta</strong></span> <span class='ocrx_word' id='word_1_225' title='bbox 3374 1446 3641 1519; x_wconf 87' lang='lat' dir='ltr'><strong>videntur,</strong></span> 
     </span>
    </p>
   </div>
   <div class='ocr_carea' id='block_1_40' title="bbox 2196 1522 3744 1612">
    <p class='ocr_par' dir='ltr' id='par_1_40' title="bbox 2196 1522 3744 1612">
     <span class='ocr_line' id='line_1_40' title="bbox 2196 1522 3744 1612; baseline 0.014 -36"><span class='ocrx_word' id='word_1_226' title='bbox 2196 1522 2553 1612; x_wconf 73' lang='lat' dir='ltr'><strong>Adriacisque</strong></span> <span class='ocrx_word' id='word_1_227' title='bbox 2581 1530 2758 1592; x_wconf 87' lang='lat' dir='ltr'><strong>undis,</strong></span> <span class='ocrx_word' id='word_1_228' title='bbox 2790 1531 2932 1588; x_wconf 86' lang='lat' dir='ltr'><strong>inter</strong></span> <span class='ocrx_word' id='word_1_229' title='bbox 2963 1534 3200 1606; x_wconf 84' lang='lat' dir='ltr'><strong>Scyllam</strong></span> <span class='ocrx_word' id='word_1_230' title='bbox 3230 1548 3394 1608; x_wconf 86' lang='lat' dir='ltr'><strong>atque</strong></span> <span class='ocrx_word' id='word_1_231' title='bbox 3424 1538 3744 1612; x_wconf 76' lang='lat' dir='ltr'><strong>Charybdim,</strong></span> 
     </span>
    </p>
   </div>
   <div class='ocr_carea' id='block_1_41' title="bbox 2199 1610 3655 1696">
    <p class='ocr_par' dir='ltr' id='par_1_41' title="bbox 2199 1610 3655 1696">
     <span class='ocr_line' id='line_1_41' title="bbox 2199 1610 3655 1696; baseline 0.014 -31"><span class='ocrx_word' id='word_1_232' title='bbox 2199 1610 2271 1666; x_wconf 90' lang='lat' dir='ltr'><strong>Se</strong></span> <span class='ocrx_word' id='word_1_233' title='bbox 2297 1616 2530 1670; x_wconf 82' lang='lat' dir='ltr'><strong>credens</strong></span> <span class='ocrx_word' id='word_1_234' title='bbox 2553 1619 2698 1673; x_wconf 88' lang='lat' dir='ltr'><strong>subit</strong></span> <span class='ocrx_word' id='word_1_235' title='bbox 2724 1629 2780 1673; x_wconf 90' lang='lat' dir='ltr'><strong>ut</strong></span> <span class='ocrx_word' id='word_1_236' title='bbox 2807 1636 2904 1690; x_wconf 80' lang='lat' dir='ltr'><strong>per</strong></span> <span class='ocrx_word' id='word_1_237' title='bbox 2933 1623 3082 1679; x_wconf 90' lang='lat' dir='ltr'><strong>mitia</strong></span> <span class='ocrx_word' id='word_1_238' title='bbox 3115 1634 3305 1696; x_wconf 86' lang='lat' dir='ltr'><strong>stagna</strong></span> <span class='ocrx_word' id='word_1_239' title='bbox 3337 1610 3655 1686; x_wconf 66' lang='lat' dir='ltr'><strong>Medionem.</strong></span> 
     </span>
    </p>
   </div>
   <div class='ocr_carea' id='block_1_42' title="bbox 2204 1701 3580 1789">
    <p class='ocr_par' dir='ltr' id='par_1_42' title="bbox 2204 1701 3580 1789">
     <span class='ocr_line' id='line_1_42' title="bbox 2204 1701 3580 1789; baseline 0.009 -31"><span class='ocrx_word' id='word_1_240' title='bbox 2204 1701 2302 1758; x_wconf 87' lang='lat' dir='ltr'><strong>Hic.</strong></span> <span class='ocrx_word' id='word_1_241' title='bbox 2327 1704 2575 1789; x_wconf 63' lang='lat' dir='ltr'><strong>refovens</strong></span> <span class='ocrx_word' id='word_1_242' title='bbox 2601 1709 2791 1781; x_wconf 85' lang='lat' dir='ltr'><strong>pelago</strong></span> <span class='ocrx_word' id='word_1_243' title='bbox 2823 1712 3060 1768; x_wconf 83' lang='lat' dir='ltr'><strong>labentia</strong></span> <span class='ocrx_word' id='word_1_244' title='bbox 3092 1717 3336 1789; x_wconf 83' lang='lat' dir='ltr'><strong>membra</strong></span> <span class='ocrx_word' id='word_1_245' title='bbox 3366 1717 3580 1783; x_wconf 86' lang='lat' dir='ltr'><strong>relicto;</strong></span> 
     </span>
    </p>
   </div>
   <div class='ocr_carea' id='block_1_43' title="bbox 2197 1782 3694 1881">
    <p class='ocr_par' dir='ltr' id='par_1_43' title="bbox 2197 1782 3694 1881">
     <span class='ocr_line' id='line_1_43' title="bbox 2197 1782 3694 1881; baseline 0.013 -35"><span class='ocrx_word' id='word_1_246' title='bbox 2197 1782 2432 1864; x_wconf 78' lang='lat' dir='ltr'><strong>Moxque</strong></span> <span class='ocrx_word' id='word_1_247' title='bbox 2458 1797 2602 1879; x_wconf 83' lang='lat' dir='ltr'><strong>inter</strong></span> <span class='ocrx_word' id='word_1_248' title='bbox 2637 1799 2862 1856; x_wconf 80' lang='lat' dir='ltr'><strong>Maleam</strong></span> <span class='ocrx_word' id='word_1_249' title='bbox 2892 1803 3124 1860; x_wconf 82' lang='lat' dir='ltr'><strong>volitans</strong></span> <span class='ocrx_word' id='word_1_250' title='bbox 3152 1784 3401 1878; x_wconf 84' lang='lat' dir='ltr'><strong>interque</strong></span> <span class='ocrx_word' id='word_1_251' title='bbox 3426 1810 3694 1881; x_wconf 75' lang='lat' dir='ltr'><strong>Cytheram</strong></span> 
     </span>
    </p>
   </div>
   <div class='ocr_carea' id='block_1_44' title="bbox 2196 1872 3593 1958">
    <p class='ocr_par' dir='ltr' id='par_1_44' title="bbox 2196 1872 3593 1958">
     <span class='ocr_line' id='line_1_44' title="bbox 2196 1872 3593 1958; baseline 0.011 -17"><span class='ocrx_word' id='word_1_252' title='bbox 2196 1886 2458 1958; x_wconf 85' lang='lat' dir='ltr'><strong>Cycladas</strong></span> <span class='ocrx_word' id='word_1_253' title='bbox 2489 1872 2542 1944; x_wconf 83' lang='lat' dir='ltr'><strong>et</strong></span> <span class='ocrx_word' id='word_1_254' title='bbox 2570 1891 2779 1947; x_wconf 88' lang='lat' dir='ltr'><strong>crebris</strong></span> <span class='ocrx_word' id='word_1_255' title='bbox 2807 1895 2979 1949; x_wconf 88' lang='lat' dir='ltr'><strong>sulcat</strong></span> <span class='ocrx_word' id='word_1_256' title='bbox 3011 1899 3145 1952; x_wconf 90' lang='lat' dir='ltr'><strong>lreta</strong></span> <span class='ocrx_word' id='word_1_257' title='bbox 3175 1900 3383 1954; x_wconf 90' lang='lat' dir='ltr'><strong>consita</strong></span> <span class='ocrx_word' id='word_1_258' title='bbox 3419 1902 3593 1956; x_wconf 90' lang='lat' dir='ltr'><strong>terris.</strong></span> 
     </span>
    </p>
   </div>
   <div class='ocr_carea' id='block_1_45' title="bbox 2196 1962 3701 2060">
    <p class='ocr_par' dir='ltr' id='par_1_45' title="bbox 2196 1962 3701 2060">
     <span class='ocr_line' id='line_1_45' title="bbox 2196 1962 3701 2060; baseline 0.009 -29"><span class='ocrx_word' id='word_1_259' title='bbox 2196 1962 2436 2060; x_wconf 70' lang='lat' dir='ltr'><strong>Postque</strong></span> <span class='ocrx_word' id='word_1_260' title='bbox 2463 1978 2708 2037; x_wconf 89' lang='lat' dir='ltr'><strong>Rhodum</strong></span> <span class='ocrx_word' id='word_1_261' title='bbox 2735 1993 2789 2038; x_wconf 90' lang='lat' dir='ltr'><strong>et</strong></span> <span class='ocrx_word' id='word_1_262' title='bbox 2813 1984 3035 2058; x_wconf 90' lang='lat' dir='ltr'><strong>Lyciam</strong></span> <span class='ocrx_word' id='word_1_263' title='bbox 3062 1988 3224 2060; x_wconf 83' lang='lat' dir='ltr'><strong>Cypri</strong></span> <span class='ocrx_word' id='word_1_264' title='bbox 3253 1992 3472 2045; x_wconf 80' lang='lat' dir='ltr'><strong>divertit</strong></span> <span class='ocrx_word' id='word_1_265' title='bbox 3499 1993 3551 2046; x_wconf 90' lang='lat' dir='ltr'><strong>in</strong></span> <span class='ocrx_word' id='word_1_266' title='bbox 3580 2006 3701 2046; x_wconf 90' lang='lat' dir='ltr'><strong>oras.</strong></span> 
     </span>
    </p>
   </div>
   <div class='ocr_carea' id='block_1_46' title="bbox 2198 2058 3597 2152">
    <p class='ocr_par' dir='ltr' id='par_1_46' title="bbox 2198 2058 3597 2152">
     <span class='ocr_line' id='line_1_46' title="bbox 2198 2058 3597 2152; baseline 0.011 -29"><span class='ocrx_word' id='word_1_267' title='bbox 2198 2058 2435 2125; x_wconf 85' lang='lat' dir='ltr'><strong>Sanetus</strong></span> <span class='ocrx_word' id='word_1_268' title='bbox 2459 2071 2793 2143; x_wconf 80' lang='lat' dir='ltr'><strong>Epiphanius</strong></span> <span class='ocrx_word' id='word_1_269' title='bbox 2818 2077 3045 2149; x_wconf 80' lang='lat' dir='ltr'><strong>genibus</strong></span> <span class='ocrx_word' id='word_1_270' title='bbox 3073 2058 3131 2135; x_wconf 84' lang='lat' dir='ltr'><strong>se</strong></span> <span class='ocrx_word' id='word_1_271' title='bbox 3161 2080 3301 2136; x_wconf 76' lang='lat' dir='ltr'><strong>forte</strong></span> <span class='ocrx_word' id='word_1_272' title='bbox 3328 2092 3597 2152; x_wconf 89' lang='lat' dir='ltr'><strong>petentem</strong></span> 
     </span>
    </p>
   </div>
   <div class='ocr_carea' id='block_1_47' title="bbox 2193 2155 3744 2233">
    <p class='ocr_par' dir='ltr' id='par_1_47' title="bbox 2193 2155 3744 2233">
     <span class='ocr_line' id='line_1_47' title="bbox 2193 2155 3744 2233; baseline 0.015 -22"><span class='ocrx_word' id='word_1_273' title='bbox 2193 2155 2350 2215; x_wconf 82' lang='lat' dir='ltr'><strong>Hanc</strong></span> <span class='ocrx_word' id='word_1_274' title='bbox 2378 2174 2639 2231; x_wconf 85' lang='lat' dir='ltr'><strong>cernens,</strong></span> <span class='ocrx_word' id='word_1_275' title='bbox 2670 2162 2874 2221; x_wconf 88' lang='lat' dir='ltr'><strong>Christi</strong></span> <span class='ocrx_word' id='word_1_276' title='bbox 2915 2178 2975 2224; x_wconf 93' lang='lat' dir='ltr'><strong>ut</strong></span> <span class='ocrx_word' id='word_1_277' title='bbox 3017 2173 3323 2228; x_wconf 89' lang='lat' dir='ltr'><strong>membrum</strong></span> <span class='ocrx_word' id='word_1_278' title='bbox 3370 2176 3595 2233; x_wconf 87' lang='lat' dir='ltr'><strong>sublime</strong></span> <span class='ocrx_word' id='word_1_279' title='bbox 3624 2191 3744 2233; x_wconf 82' lang='lat' dir='ltr'><strong>rece-</strong></span> 
     </span>
    </p>
   </div>
   <div class='ocr_carea' id='block_1_48' title="bbox 2484 2269 3691 2345">
    <p class='ocr_par' dir='ltr' id='par_1_48' title="bbox 2484 2269 3691 2345">
     <span class='ocr_line' id='line_1_48' title="bbox 2484 2269 3691 2345; baseline 0.012 -34"><span class='ocrx_word' id='word_1_280' title='bbox 2890 2320 2905 2333; x_wconf 51' lang='grc'>,</span> <span class='ocrx_word' id='word_1_281' title='bbox 3312 2314 3398 2344; x_wconf 20' lang='grc' dir='ltr'><strong><em>,Α</em></strong></span> <span class='ocrx_word' id='word_1_282' title='bbox 3525 2269 3691 2345; x_wconf 87' lang='lat' dir='ltr'><strong>[ptat;</strong></span> 
     </span>
    </p>
   </div>
   <div class='ocr_carea' id='block_1_49' title="bbox 2194 2337 3545 2429">
    <p class='ocr_par' dir='ltr' id='par_1_49' title="bbox 2194 2337 3545 2429">
     <span class='ocr_line' id='line_1_49' title="bbox 2194 2337 3545 2429; baseline 0.016 -34"><span class='ocrx_word' id='word_1_283' title='bbox 2194 2337 2576 2429; x_wconf 82' lang='lat' dir='ltr'><strong>Lustratisque</strong></span> <span class='ocrx_word' id='word_1_284' title='bbox 2606 2352 2953 2410; x_wconf 85' lang='lat' dir='ltr'><strong>monasteriis</strong></span> <span class='ocrx_word' id='word_1_285' title='bbox 2975 2354 3167 2412; x_wconf 89' lang='lat' dir='ltr'><strong>solatia</strong></span> <span class='ocrx_word' id='word_1_286' title='bbox 3197 2337 3491 2429; x_wconf 64' lang='lat' dir='ltr'><strong>praestans,</strong></span> <span class='ocrx_word' id='word_1_287' title='bbox 3525 2337 3545 2415; x_wconf 32' lang='grc' dir='ltr'><strong>ί</strong></span> 
     </span>
    </p>
   </div>
   <div class='ocr_carea' id='block_1_50' title="bbox 2194 2424 3504 2512">
    <p class='ocr_par' dir='ltr' id='par_1_50' title="bbox 2194 2424 3504 2512">
     <span class='ocr_line' id='line_1_50' title="bbox 2194 2424 3504 2512; baseline 0.018 -29"><span class='ocrx_word' id='word_1_288' title='bbox 2194 2428 2287 2485; x_wconf 88' lang='lat' dir='ltr'><strong>Illa</strong></span> <span class='ocrx_word' id='word_1_289' title='bbox 2320 2424 2468 2490; x_wconf 85' lang='lat' dir='ltr'><strong>brevi</strong></span> <span class='ocrx_word' id='word_1_290' title='bbox 2498 2439 2671 2507; x_wconf 90' lang='lat' dir='ltr'><strong>spatio</strong></span> <span class='ocrx_word' id='word_1_291' title='bbox 2698 2452 2976 2512; x_wconf 88' lang='lat' dir='ltr'><strong>spectatur</strong></span> <span class='ocrx_word' id='word_1_292' title='bbox 3002 2447 3070 2502; x_wconf 90' lang='lat' dir='ltr'><strong>ab</strong></span> <span class='ocrx_word' id='word_1_293' title='bbox 3098 2424 3231 2504; x_wconf 79' lang='lat' dir='ltr'><strong>urbe</strong></span> <span class='ocrx_word' id='word_1_294' title='bbox 3263 2424 3504 2507; x_wconf 84' lang='lat' dir='ltr'><strong>Seleuci.</strong></span> 
     </span>
    </p>
   </div>
   <div class='ocr_carea' id='block_1_51' title="bbox 2193 2520 3562 2599">
    <p class='ocr_par' dir='ltr' id='par_1_51' title="bbox 2193 2520 3562 2599">
     <span class='ocr_line' id='line_1_51' title="bbox 2193 2520 3562 2599; baseline 0.018 -24"><span class='ocrx_word' id='word_1_295' title='bbox 2193 2520 2450 2579; x_wconf 88' lang='lat' dir='ltr'><strong>Antiochi</strong></span> <span class='ocrx_word' id='word_1_296' title='bbox 2473 2529 2739 2587; x_wconf 87' lang='lat' dir='ltr'><strong>scandens</strong></span> <span class='ocrx_word' id='word_1_297' title='bbox 2763 2541 2818 2587; x_wconf 91' lang='lat' dir='ltr'><strong>et</strong></span> <span class='ocrx_word' id='word_1_298' title='bbox 2845 2537 2913 2589; x_wconf 88' lang='lat' dir='ltr'><strong>ab</strong></span> <span class='ocrx_word' id='word_1_299' title='bbox 2944 2536 3046 2591; x_wconf 87' lang='lat' dir='ltr'><strong>hac</strong></span> <span class='ocrx_word' id='word_1_300' title='bbox 3076 2538 3148 2592; x_wconf 88' lang='lat' dir='ltr'><strong>ita</strong></span> <span class='ocrx_word' id='word_1_301' title='bbox 3187 2542 3388 2596; x_wconf 76' lang='lat' dir='ltr'><strong>mrenia</strong></span> <span class='ocrx_word' id='word_1_302' title='bbox 3421 2544 3562 2599; x_wconf 86' lang='lat' dir='ltr'><strong>visit.</strong></span> 
     </span>
    </p>
   </div>
   <div class='ocr_carea' id='block_1_52' title="bbox 2196 2610 3534 2689">
    <p class='ocr_par' dir='ltr' id='par_1_52' title="bbox 2196 2610 3534 2689">
     <span class='ocr_line' id='line_1_52' title="bbox 2196 2610 3534 2689; baseline 0.017 -22"><span class='ocrx_word' id='word_1_303' title='bbox 2196 2610 2297 2668; x_wconf 84' lang='lat' dir='ltr'><strong>Hic</strong></span> <span class='ocrx_word' id='word_1_304' title='bbox 2322 2631 2536 2684; x_wconf 80' lang='lat' dir='ltr'><strong>quoque</strong></span> <span class='ocrx_word' id='word_1_305' title='bbox 2562 2617 2770 2675; x_wconf 86' lang='lat' dir='ltr'><strong>Paulini</strong></span> <span class='ocrx_word' id='word_1_306' title='bbox 2796 2624 3068 2680; x_wconf 89' lang='lat' dir='ltr'><strong>modicum</strong></span> <span class='ocrx_word' id='word_1_307' title='bbox 3096 2628 3318 2687; x_wconf 89' lang='lat' dir='ltr'><strong>dilectio</strong></span> <span class='ocrx_word' id='word_1_308' title='bbox 3344 2646 3534 2689; x_wconf 80' lang='lat' dir='ltr'><strong>sancta</strong></span> 
     </span>
    </p>
   </div>
   <div class='ocr_carea' id='block_1_53' title="bbox 2195 2702 3629 2791">
    <p class='ocr_par' dir='ltr' id='par_1_53' title="bbox 2195 2702 3629 2791">
     <span class='ocr_line' id='line_1_53' title="bbox 2195 2702 3629 2791; baseline 0.02 -35"><span class='ocrx_word' id='word_1_309' title='bbox 2195 2702 2412 2761; x_wconf 88' lang='lat' dir='ltr'><strong>Detinet</strong></span> <span class='ocrx_word' id='word_1_310' title='bbox 2436 2706 2611 2791; x_wconf 83' lang='lat' dir='ltr'><strong>hanc:</strong></span> <span class='ocrx_word' id='word_1_311' title='bbox 2656 2711 2885 2783; x_wconf 83' lang='lat' dir='ltr'><strong>hyemis,</strong></span> <span class='ocrx_word' id='word_1_312' title='bbox 2920 2714 3042 2774; x_wconf 81' lang='lat' dir='ltr'><strong>ﬁdei</strong></span> <span class='ocrx_word' id='word_1_313' title='bbox 3072 2719 3287 2779; x_wconf 75' lang='lat' dir='ltr'><strong>fervore</strong></span> <span class='ocrx_word' id='word_1_314' title='bbox 3313 2726 3547 2791; x_wconf 86' lang='lat' dir='ltr'><strong>calente,</strong></span> <span class='ocrx_word' id='word_1_315' title='bbox 3624 2782 3629 2785; x_wconf 77' lang='lat'><strong>.</strong></span> 
     </span>
    </p>
   </div>
   <div class='ocr_carea' id='block_1_54' title="bbox 1768 2787 3569 2891">
    <p class='ocr_par' dir='ltr' id='par_1_54' title="bbox 1768 2787 3569 2891">
     <span class='ocr_line' id='line_1_54' title="bbox 1768 2787 3569 2891; baseline 0.011 -40"><span class='ocrx_word' id='word_1_316' title='bbox 1768 2787 1990 2888; x_wconf 52' lang='grc' dir='ltr'><strong>[δίμεῇ</strong></span> <span class='ocrx_word' id='word_1_317' title='bbox 2049 2838 2052 2843; x_wconf 82' lang='lat'><strong>.</strong></span> <span class='ocrx_word' id='word_1_318' title='bbox 2116 2825 2164 2891; x_wconf 66' lang='grc' dir='ltr'>ο</span> <span class='ocrx_word' id='word_1_319' title='bbox 2197 2794 2303 2891; x_wconf 81' lang='lat' dir='ltr'><strong>Sed</strong></span> <span class='ocrx_word' id='word_1_320' title='bbox 2332 2787 2508 2891; x_wconf 78' lang='lat' dir='ltr'><strong>medio</strong></span> <span class='ocrx_word' id='word_1_321' title='bbox 2538 2818 2642 2857; x_wconf 89' lang='lat' dir='ltr'><strong>non</strong></span> <span class='ocrx_word' id='word_1_322' title='bbox 2674 2806 2842 2860; x_wconf 89' lang='lat' dir='ltr'><strong>mittit</strong></span> <span class='ocrx_word' id='word_1_323' title='bbox 2870 2807 2994 2875; x_wconf 89' lang='lat' dir='ltr'><strong>iter,</strong></span> <span class='ocrx_word' id='word_1_324' title='bbox 3019 2812 3149 2881; x_wconf 91' lang='lat' dir='ltr'><strong>quin</strong></span> <span class='ocrx_word' id='word_1_325' title='bbox 3182 2818 3359 2884; x_wconf 81' lang='lat' dir='ltr'><strong>pergit</strong></span> <span class='ocrx_word' id='word_1_326' title='bbox 3385 2787 3569 2883; x_wconf 84' lang='lat' dir='ltr'><strong>asello,</strong></span> 
     </span>
    </p>
   </div>
   <div class='ocr_carea' id='block_1_55' title="bbox 497 2901 1821 2978">
    <p class='ocr_par' dir='ltr' id='par_1_55' title="bbox 497 2901 1821 2978">
     <span class='ocr_line' id='line_1_55' title="bbox 497 2901 1821 2978; baseline 0.002 -19"><span class='ocrx_word' id='word_1_327' title='bbox 497 2901 685 2959; x_wconf 79' lang='lat' dir='ltr'><strong>Jussio</strong></span> <span class='ocrx_word' id='word_1_328' title='bbox 718 2917 855 2973; x_wconf 91' lang='lat' dir='ltr'><strong>quos</strong></span> <span class='ocrx_word' id='word_1_329' title='bbox 886 2903 1115 2960; x_wconf 81' lang='lat' dir='ltr'><strong>Romam</strong></span> <span class='ocrx_word' id='word_1_330' title='bbox 1147 2914 1275 2961; x_wconf 90' lang='lat' dir='ltr'><strong>tunc</strong></span> <span class='ocrx_word' id='word_1_331' title='bbox 1300 2906 1597 2977; x_wconf 88' lang='lat' dir='ltr'><strong>imperialis</strong></span> <span class='ocrx_word' id='word_1_332' title='bbox 1622 2905 1821 2978; x_wconf 91' lang='lat' dir='ltr'><strong>adegit.</strong></span> 
     </span>
    </p>
   </div>
   <div class='ocr_carea' id='block_1_56' title="bbox 499 2992 1983 3067">
    <p class='ocr_par' dir='ltr' id='par_1_56' title="bbox 499 2992 1983 3067">
     <span class='ocr_line' id='line_1_56' title="bbox 499 2992 1983 3067; baseline 0.006 -20"><span class='ocrx_word' id='word_1_333' title='bbox 499 2992 746 3061; x_wconf 85' lang='lat' dir='ltr'><strong>Quorum</strong></span> <span class='ocrx_word' id='word_1_334' title='bbox 774 3008 1003 3052; x_wconf 81' lang='lat' dir='ltr'><strong>accensa</strong></span> <span class='ocrx_word' id='word_1_335' title='bbox 1034 2997 1138 3067; x_wconf 89' lang='lat' dir='ltr'><strong>piis</strong></span> <span class='ocrx_word' id='word_1_336' title='bbox 1167 2997 1409 3058; x_wconf 86' lang='lat' dir='ltr'><strong>animum</strong></span> <span class='ocrx_word' id='word_1_337' title='bbox 1437 2999 1729 3057; x_wconf 78' lang='lat' dir='ltr'><strong>virtutibus</strong></span> <span class='ocrx_word' id='word_1_338' title='bbox 1763 3000 1983 3067; x_wconf 80' lang='lat' dir='ltr'><strong>ardens,</strong></span> 
     </span>
    </p>
   </div>
   <div class='ocr_carea' id='block_1_57' title="bbox 408 3083 1998 3160">
    <p class='ocr_par' dir='ltr' id='par_1_57' title="bbox 408 3083 1998 3160">
     <span class='ocr_line' id='line_1_57' title="bbox 408 3083 1998 3160; baseline 0.005 -21"><span class='ocrx_word' id='word_1_339' title='bbox 408 3126 409 3129; x_wconf 58' lang='grc' dir='ltr'><strong>η</strong></span> <span class='ocrx_word' id='word_1_340' title='bbox 499 3083 699 3143; x_wconf 79' lang='lat' dir='ltr'><strong>Visere</strong></span> <span class='ocrx_word' id='word_1_341' title='bbox 722 3085 835 3141; x_wconf 87' lang='lat' dir='ltr'><strong>vult</strong></span> <span class='ocrx_word' id='word_1_342' title='bbox 856 3102 1124 3153; x_wconf 88' lang='lat' dir='ltr'><strong>eremum,</strong></span> <span class='ocrx_word' id='word_1_343' title='bbox 1156 3090 1454 3146; x_wconf 88' lang='lat' dir='ltr'><strong>meditatur</strong></span> <span class='ocrx_word' id='word_1_344' title='bbox 1476 3090 1724 3160; x_wconf 82' lang='lat' dir='ltr'><strong>linquere</strong></span> <span class='ocrx_word' id='word_1_345' title='bbox 1748 3091 1998 3147; x_wconf 82' lang='lat' dir='ltr'><strong>Romam.</strong></span> 
     </span>
    </p>
   </div>
   <div class='ocr_carea' id='block_1_58' title="bbox 496 3174 2087 3252">
    <p class='ocr_par' dir='ltr' id='par_1_58' title="bbox 496 3174 2087 3252">
     <span class='ocr_line' id='line_1_58' title="bbox 496 3174 2087 3252; baseline 0.006 -17"><span class='ocrx_word' id='word_1_346' title='bbox 496 3174 620 3235; x_wconf 72' lang='lat' dir='ltr'><strong>1am</strong></span> <span class='ocrx_word' id='word_1_347' title='bbox 652 3177 883 3248; x_wconf 86' lang='lat' dir='ltr'><strong>genitos,</strong></span> <span class='ocrx_word' id='word_1_348' title='bbox 920 3178 1150 3235; x_wconf 80' lang='lat' dir='ltr'><strong>famulos</strong></span> <span class='ocrx_word' id='word_1_349' title='bbox 1188 3196 1548 3252; x_wconf 82' lang='lat' dir='ltr'><strong>possessaque</strong></span> <span class='ocrx_word' id='word_1_350' title='bbox 1574 3192 1759 3238; x_wconf 85' lang='lat' dir='ltr'><strong>mente</strong></span> <span class='ocrx_word' id='word_1_351' title='bbox 1790 3183 2050 3243; x_wconf 74' lang='lat' dir='ltr'><strong>revellens</strong></span> <span class='ocrx_word' id='word_1_352' title='bbox 2071 3223 2087 3252; x_wconf 84' lang='lat'><strong>,</strong></span> 
     </span>
    </p>
   </div>
   <div class='ocr_carea' id='block_1_59' title="bbox 502 3263 1949 3349">
    <p class='ocr_par' dir='ltr' id='par_1_59' title="bbox 502 3263 1949 3349">
     <span class='ocr_line' id='line_1_59' title="bbox 502 3263 1949 3349; baseline 0.002 -25"><span class='ocrx_word' id='word_1_353' title='bbox 502 3263 723 3337; x_wconf 82' lang='lat' dir='ltr'><strong>COgitat</strong></span> <span class='ocrx_word' id='word_1_354' title='bbox 748 3267 1076 3323; x_wconf 82' lang='lat' dir='ltr'><strong>omnimodis</strong></span> <span class='ocrx_word' id='word_1_355' title='bbox 1104 3271 1289 3325; x_wconf 88' lang='lat' dir='ltr'><strong>mundi</strong></span> <span class='ocrx_word' id='word_1_356' title='bbox 1317 3286 1375 3326; x_wconf 87' lang='lat' dir='ltr'><strong>se</strong></span> <span class='ocrx_word' id='word_1_357' title='bbox 1404 3271 1687 3329; x_wconf 87' lang='lat' dir='ltr'><strong>absolvere</strong></span> <span class='ocrx_word' id='word_1_358' title='bbox 1715 3272 1949 3349; x_wconf 79' lang='lat' dir='ltr'><strong>vinclis-</strong></span> 
     </span>
    </p>
   </div>
   <div class='ocr_carea' id='block_1_60' title="bbox 573 3356 2081 3434">
    <p class='ocr_par' dir='ltr' id='par_1_60' title="bbox 573 3356 2081 3434">
     <span class='ocr_line' id='line_1_60' title="bbox 573 3356 2081 3434; baseline 0.004 -22"><span class='ocrx_word' id='word_1_359' title='bbox 573 3356 807 3429; x_wconf 75' lang='lat' dir='ltr'><strong>Frigora</strong></span> <span class='ocrx_word' id='word_1_360' title='bbox 824 3369 947 3428; x_wconf 80' lang='lat' dir='ltr'><strong>post</strong></span> <span class='ocrx_word' id='word_1_361' title='bbox 964 3361 1207 3424; x_wconf 82' lang='lat' dir='ltr'><strong>tandem,</strong></span> <span class='ocrx_word' id='word_1_362' title='bbox 1230 3361 1357 3417; x_wconf 88' lang='lat' dir='ltr'><strong>dum</strong></span> <span class='ocrx_word' id='word_1_363' title='bbox 1382 3363 1440 3417; x_wconf 84' lang='lat' dir='ltr'><strong>lit</strong></span> <span class='ocrx_word' id='word_1_364' title='bbox 1461 3376 1611 3418; x_wconf 83' lang='lat' dir='ltr'><strong>mare</strong></span> <span class='ocrx_word' id='word_1_365' title='bbox 1630 3362 1856 3419; x_wconf 84' lang='lat' dir='ltr'><strong>navibus</strong></span> <span class='ocrx_word' id='word_1_366' title='bbox 1877 3372 2081 3434; x_wconf 88' lang='lat' dir='ltr'><strong>aptum,</strong></span> 
     </span>
    </p>
   </div>
   <div class='ocr_carea' id='block_1_61' title="bbox 499 3445 1875 3523">
    <p class='ocr_par' dir='ltr' id='par_1_61' title="bbox 499 3445 1875 3523">
     <span class='ocr_line' id='line_1_61' title="bbox 499 3445 1875 3523; baseline 0.003 -17"><span class='ocrx_word' id='word_1_367' title='bbox 499 3445 831 3506; x_wconf 74' lang='lat' dir='ltr'><strong>Prtesulibus</strong></span> <span class='ocrx_word' id='word_1_368' title='bbox 852 3465 1103 3522; x_wconf 82' lang='lat' dir='ltr'><strong>proprias</strong></span> <span class='ocrx_word' id='word_1_369' title='bbox 1127 3453 1284 3507; x_wconf 87' lang='lat' dir='ltr'><strong>sedes</strong></span> <span class='ocrx_word' id='word_1_370' title='bbox 1314 3454 1702 3523; x_wconf 87' lang='lat' dir='ltr'><strong>repetentibus,</strong></span> <span class='ocrx_word' id='word_1_371' title='bbox 1734 3453 1875 3510; x_wconf 87' lang='lat' dir='ltr'><strong>almo</strong></span> 
     </span>
    </p>
   </div>
   <div class='ocr_carea' id='block_1_62' title="bbox 501 3537 2039 3617">
    <p class='ocr_par' dir='ltr' id='par_1_62' title="bbox 501 3537 2039 3617">
     <span class='ocr_line' id='line_1_62' title="bbox 501 3537 2039 3617; baseline 0.006 -22"><span class='ocrx_word' id='word_1_372' title='bbox 501 3537 862 3609; x_wconf 86' lang='lat' dir='ltr'><strong>Prosequitur</strong></span> <span class='ocrx_word' id='word_1_373' title='bbox 885 3551 1032 3608; x_wconf 89' lang='lat' dir='ltr'><strong>voto,</strong></span> <span class='ocrx_word' id='word_1_374' title='bbox 1070 3542 1252 3598; x_wconf 90' lang='lat' dir='ltr'><strong>charis</strong></span> <span class='ocrx_word' id='word_1_375' title='bbox 1278 3557 1398 3599; x_wconf 91' lang='lat' dir='ltr'><strong>cum</strong></span> <span class='ocrx_word' id='word_1_376' title='bbox 1426 3546 1593 3600; x_wconf 82' lang='lat' dir='ltr'><strong>fratre</strong></span> <span class='ocrx_word' id='word_1_377' title='bbox 1620 3546 1935 3617; x_wconf 89' lang='lat' dir='ltr'><strong>propinquis</strong></span> <span class='ocrx_word' id='word_1_378' title='bbox 2030 3594 2039 3609; x_wconf 83' lang='lat'><strong>,</strong></span> 
     </span>
    </p>
   </div>
   <div class='ocr_carea' id='block_1_63' title="bbox 501 3628 1919 3708">
    <p class='ocr_par' dir='ltr' id='par_1_63' title="bbox 501 3628 1919 3708">
     <span class='ocr_line' id='line_1_63' title="bbox 501 3628 1919 3708; baseline 0.004 -23"><span class='ocrx_word' id='word_1_379' title='bbox 501 3628 732 3702; x_wconf 88' lang='lat' dir='ltr'><strong>Insuper</strong></span> <span class='ocrx_word' id='word_1_380' title='bbox 748 3631 824 3687; x_wconf 88' lang='lat' dir='ltr'><strong>ad</strong></span> <span class='ocrx_word' id='word_1_381' title='bbox 859 3640 1073 3703; x_wconf 88' lang='lat' dir='ltr'><strong>portum</strong></span> <span class='ocrx_word' id='word_1_382' title='bbox 1107 3634 1286 3705; x_wconf 80' lang='lat' dir='ltr'><strong>gnatis</strong></span> <span class='ocrx_word' id='word_1_383' title='bbox 1308 3635 1699 3692; x_wconf 86' lang='lat' dir='ltr'><strong>comitantibus</strong></span> <span class='ocrx_word' id='word_1_384' title='bbox 1727 3637 1919 3708; x_wconf 87' lang='lat' dir='ltr'><strong>ipsam,</strong></span> 
     </span>
    </p>
   </div>
   <div class='ocr_carea' id='block_1_64' title="bbox 503 3721 1826 3794">
    <p class='ocr_par' dir='ltr' id='par_1_64' title="bbox 503 3721 1826 3794">
     <span class='ocr_line' id='line_1_64' title="bbox 503 3721 1826 3794; baseline 0.005 -18"><span class='ocrx_word' id='word_1_385' title='bbox 503 3721 605 3791; x_wconf 85' lang='lat' dir='ltr'><strong>Qui</strong></span> <span class='ocrx_word' id='word_1_386' title='bbox 631 3722 828 3794; x_wconf 87' lang='lat' dir='ltr'><strong>pietate</strong></span> <span class='ocrx_word' id='word_1_387' title='bbox 854 3723 996 3794; x_wconf 85' lang='lat' dir='ltr'><strong>piam</strong></span> <span class='ocrx_word' id='word_1_388' title='bbox 1028 3737 1302 3781; x_wconf 88' lang='lat' dir='ltr'><strong>certantes</strong></span> <span class='ocrx_word' id='word_1_389' title='bbox 1328 3726 1547 3783; x_wconf 83' lang='lat' dir='ltr'><strong>vincere</strong></span> <span class='ocrx_word' id='word_1_390' title='bbox 1578 3735 1826 3792; x_wconf 87' lang='lat' dir='ltr'><strong>matrem,</strong></span> 
     </span>
    </p>
   </div>
   <div class='ocr_carea' id='block_1_65' title="bbox 499 3812 1942 3889">
    <p class='ocr_par' dir='ltr' id='par_1_65' title="bbox 499 3812 1942 3889">
     <span class='ocr_line' id='line_1_65' title="bbox 499 3812 1942 3889; baseline 0.006 -23"><span class='ocrx_word' id='word_1_391' title='bbox 499 3812 647 3881; x_wconf 87' lang='lat' dir='ltr'><strong>Quos</strong></span> <span class='ocrx_word' id='word_1_392' title='bbox 674 3820 895 3885; x_wconf 82' lang='lat' dir='ltr'><strong>super-at</strong></span> <span class='ocrx_word' id='word_1_393' title='bbox 914 3815 1119 3885; x_wconf 84' lang='lat' dir='ltr'><strong>pietate</strong></span> <span class='ocrx_word' id='word_1_394' title='bbox 1144 3816 1246 3875; x_wconf 88' lang='lat' dir='ltr'><strong>Dei.</strong></span> <span class='ocrx_word' id='word_1_395' title='bbox 1268 3817 1636 3889; x_wconf 80' lang='lat' dir='ltr'><strong>famulamque</strong></span> <span class='ocrx_word' id='word_1_396' title='bbox 1662 3819 1942 3888; x_wconf 85' lang='lat' dir='ltr'><strong>probando</strong></span> 
     </span>
    </p>
   </div>
   <div class='ocr_carea' id='block_1_66' title="bbox 500 3902 1766 3967">
    <p class='ocr_par' dir='ltr' id='par_1_66' title="bbox 500 3902 1766 3967">
     <span class='ocr_line' id='line_1_66' title="bbox 500 3902 1766 3967; baseline 0.005 -9"><span class='ocrx_word' id='word_1_397' title='bbox 500 3904 575 3959; x_wconf 88' lang='lat' dir='ltr'><strong>Se</strong></span> <span class='ocrx_word' id='word_1_398' title='bbox 602 3902 829 3967; x_wconf 87' lang='lat' dir='ltr'><strong>Christi,</strong></span> <span class='ocrx_word' id='word_1_399' title='bbox 853 3907 1027 3960; x_wconf 81' lang='lat' dir='ltr'><strong>nescit</strong></span> <span class='ocrx_word' id='word_1_400' title='bbox 1055 3906 1293 3962; x_wconf 87' lang='lat' dir='ltr'><strong>earnalia</strong></span> <span class='ocrx_word' id='word_1_401' title='bbox 1323 3908 1508 3962; x_wconf 80' lang='lat' dir='ltr'><strong>feuora</strong></span> <span class='ocrx_word' id='word_1_402' title='bbox 1539 3911 1766 3964; x_wconf 86' lang='lat' dir='ltr'><strong>ventris.</strong></span> 
     </span>
    </p>
   </div>
   <div class='ocr_carea' id='block_1_67' title="bbox 495 3990 1876 4069">
    <p class='ocr_par' dir='ltr' id='par_1_67' title="bbox 495 3990 1876 4069">
     <span class='ocr_line' id='line_1_67' title="bbox 495 3990 1876 4069; baseline 0.003 -19"><span class='ocrx_word' id='word_1_403' title='bbox 495 3990 1104 4065; x_wconf 73' lang='lat' dir='ltr'><strong>Carbasacomplerant</strong></span> <span class='ocrx_word' id='word_1_404' title='bbox 1126 3998 1274 4052; x_wconf 88' lang='lat' dir='ltr'><strong>venti</strong></span> <span class='ocrx_word' id='word_1_405' title='bbox 1307 4000 1634 4069; x_wconf 84' lang='lat' dir='ltr'><strong>puppimque</strong></span> <span class='ocrx_word' id='word_1_406' title='bbox 1664 3999 1876 4056; x_wconf 83' lang='lat' dir='ltr'><strong>ferebat</strong></span> 
     </span>
    </p>
   </div>
   <div class='ocr_carea' id='block_1_68' title="bbox 497 4081 1699 4157">
    <p class='ocr_par' dir='ltr' id='par_1_68' title="bbox 497 4081 1699 4157">
     <span class='ocr_line' id='line_1_68' title="bbox 497 4081 1699 4157; baseline 0.004 -16"><span class='ocrx_word' id='word_1_407' title='bbox 497 4081 739 4155; x_wconf 80' lang='lat' dir='ltr'><strong>Impetus</strong></span> <span class='ocrx_word' id='word_1_408' title='bbox 769 4085 1006 4153; x_wconf 78' lang='lat' dir='ltr'><strong>alarum,</strong></span> <span class='ocrx_word' id='word_1_409' title='bbox 1036 4089 1273 4144; x_wconf 76' lang='lat' dir='ltr'><strong>pernicis</strong></span> <span class='ocrx_word' id='word_1_410' title='bbox 1302 4091 1470 4146; x_wconf 88' lang='lat' dir='ltr'><strong>rectio</strong></span> <span class='ocrx_word' id='word_1_411' title='bbox 1501 4091 1699 4157; x_wconf 81' lang='lat' dir='ltr'><strong>lintris,</strong></span> 
     </span>
    </p>
   </div>
   <div class='ocr_carea' id='block_1_69' title="bbox 493 4170 1817 4251">
    <p class='ocr_par' dir='ltr' id='par_1_69' title="bbox 493 4170 1817 4251">
     <span class='ocr_line' id='line_1_69' title="bbox 493 4170 1817 4251; baseline 0.008 -25"><span class='ocrx_word' id='word_1_412' title='bbox 493 4170 704 4232; x_wconf 67' lang='lat' dir='ltr'><strong>Parvus</strong></span> <span class='ocrx_word' id='word_1_413' title='bbox 732 4175 1012 4244; x_wconf 78' lang='lat' dir='ltr'><strong>Toxotius,</strong></span> <span class='ocrx_word' id='word_1_414' title='bbox 1039 4178 1246 4248; x_wconf 87' lang='lat' dir='ltr'><strong>palmas</strong></span> <span class='ocrx_word' id='word_1_415' title='bbox 1276 4181 1328 4234; x_wconf 91' lang='lat' dir='ltr'><strong>in</strong></span> <span class='ocrx_word' id='word_1_416' title='bbox 1356 4181 1817 4251; x_wconf 52' lang='lat' dir='ltr'><strong>littore&#39;teudens,</strong></span> 
     </span>
    </p>
   </div>
   <div class='ocr_carea' id='block_1_70' title="bbox 493 4260 1838 4330">
    <p class='ocr_par' dir='ltr' id='par_1_70' title="bbox 493 4260 1838 4330">
     <span class='ocr_line' id='line_1_70' title="bbox 493 4260 1838 4330; baseline 0.007 -9"><span class='ocrx_word' id='word_1_417' title='bbox 493 4260 743 4321; x_wconf 78' lang='lat' dir='ltr'><strong>Fletibus</strong></span> <span class='ocrx_word' id='word_1_418' title='bbox 768 4275 823 4321; x_wconf 84' lang='lat' dir='ltr'><strong>et</strong></span> <span class='ocrx_word' id='word_1_419' title='bbox 852 4265 1045 4323; x_wconf 85' lang='lat' dir='ltr'><strong>Rulina</strong></span> <span class='ocrx_word' id='word_1_420' title='bbox 1074 4272 1298 4325; x_wconf 88' lang='lat' dir='ltr'><strong>madens</strong></span> <span class='ocrx_word' id='word_1_421' title='bbox 1326 4272 1561 4328; x_wconf 88' lang='lat' dir='ltr'><strong>retinere</strong></span> <span class='ocrx_word' id='word_1_422' title='bbox 1590 4274 1838 4330; x_wconf 87' lang='lat' dir='ltr'><strong>laborant</strong></span> 
     </span>
    </p>
   </div>
   <div class='ocr_carea' id='block_1_71' title="bbox 500 4352 1920 4435">
    <p class='ocr_par' dir='ltr' id='par_1_71' title="bbox 500 4352 1920 4435">
     <span class='ocr_line' id='line_1_71' title="bbox 500 4352 1920 4435; baseline 0.006 -21"><span class='ocrx_word' id='word_1_423' title='bbox 500 4352 725 4414; x_wconf 69' lang='lat' dir='ltr'><strong>Viscera</strong></span> <span class='ocrx_word' id='word_1_424' title='bbox 758 4364 1088 4413; x_wconf 85' lang='lat' dir='ltr'><strong>temnentem</strong></span> <span class='ocrx_word' id='word_1_425' title='bbox 1114 4368 1357 4427; x_wconf 85' lang='lat' dir='ltr'><strong>terrena,</strong></span> <span class='ocrx_word' id='word_1_426' title='bbox 1384 4377 1620 4434; x_wconf 86' lang='lat' dir='ltr'><strong>superna</strong></span> <span class='ocrx_word' id='word_1_427' title='bbox 1648 4373 1920 4435; x_wconf 77' lang='lat' dir='ltr'><strong>petentem</strong></span> 
     </span>
    </p>
   </div>
   <div class='ocr_carea' id='block_1_72' title="bbox 2200 2885 3601 2966">
    <p class='ocr_par' dir='ltr' id='par_1_72' title="bbox 2200 2885 3601 2966">
     <span class='ocr_line' id='line_1_72' title="bbox 2200 2885 3601 2966; baseline 0.016 -27"><span class='ocrx_word' id='word_1_428' title='bbox 2200 2885 2340 2940; x_wconf 88' lang='lat' dir='ltr'><strong>Dura</strong></span> <span class='ocrx_word' id='word_1_429' title='bbox 2365 2887 2581 2955; x_wconf 86' lang='lat' dir='ltr'><strong>sedens,</strong></span> <span class='ocrx_word' id='word_1_430' title='bbox 2616 2891 2756 2949; x_wconf 88' lang='lat' dir='ltr'><strong>lenis</strong></span> <span class='ocrx_word' id='word_1_431' title='bbox 2785 2911 2945 2966; x_wconf 89' lang='lat' dir='ltr'><strong>quam</strong></span> <span class='ocrx_word' id='word_1_432' title='bbox 2978 2898 3103 2954; x_wconf 92' lang='lat' dir='ltr'><strong>olim</strong></span> <span class='ocrx_word' id='word_1_433' title='bbox 3135 2902 3324 2959; x_wconf 89' lang='lat' dir='ltr'><strong>lectica</strong></span> <span class='ocrx_word' id='word_1_434' title='bbox 3358 2908 3601 2962; x_wconf 88' lang='lat' dir='ltr'><strong>vehebat.</strong></span> 
     </span>
    </p>
   </div>
   <div class='ocr_carea' id='block_1_73' title="bbox 2195 2972 3566 3063">
    <p class='ocr_par' dir='ltr' id='par_1_73' title="bbox 2195 2972 3566 3063">
     <span class='ocr_line' id='line_1_73' title="bbox 2195 2972 3566 3063; baseline 0.018 -35"><span class='ocrx_word' id='word_1_435' title='bbox 2195 2972 2618 3049; x_wconf 86' lang='lat' dir='ltr'><strong>Trausgreditur</strong></span> <span class='ocrx_word' id='word_1_436' title='bbox 2643 2982 2817 3055; x_wconf 68' lang='lat' dir='ltr'><strong>Syriae</strong></span> <span class='ocrx_word' id='word_1_437' title='bbox 2837 2987 3034 3057; x_wconf 79' lang='lat' dir='ltr'><strong>Coeles,</strong></span> <span class='ocrx_word' id='word_1_438' title='bbox 3061 2991 3338 3063; x_wconf 60' lang='lat' dir='ltr'><strong>Phoenicis</strong></span> <span class='ocrx_word' id='word_1_439' title='bbox 3364 3008 3418 3052; x_wconf 88' lang='lat' dir='ltr'><strong>et</strong></span> <span class='ocrx_word' id='word_1_440' title='bbox 3441 3014 3566 3052; x_wconf 88' lang='lat' dir='ltr'><strong>arva</strong></span> 
     </span>
    </p>
   </div>
   <div class='ocr_carea' id='block_1_74' title="bbox 2193 3064 3595 3155">
    <p class='ocr_par' dir='ltr' id='par_1_74' title="bbox 2193 3064 3595 3155">
     <span class='ocr_line' id='line_1_74' title="bbox 2193 3064 3595 3155; baseline 0.018 -36"><span class='ocrx_word' id='word_1_441' title='bbox 2193 3064 2328 3121; x_wconf 90' lang='lat' dir='ltr'><strong>Tum</strong></span> <span class='ocrx_word' id='word_1_442' title='bbox 2354 3068 2595 3139; x_wconf 82' lang='lat' dir='ltr'><strong>Beritho,</strong></span> <span class='ocrx_word' id='word_1_443' title='bbox 2622 3078 2901 3148; x_wconf 81' lang='lat' dir='ltr'><strong>veterique</strong></span> <span class='ocrx_word' id='word_1_444' title='bbox 2933 3097 3119 3138; x_wconf 91' lang='lat' dir='ltr'><strong>means</strong></span> <span class='ocrx_word' id='word_1_445' title='bbox 3156 3082 3359 3141; x_wconf 88' lang='lat' dir='ltr'><strong>Sidone</strong></span> <span class='ocrx_word' id='word_1_446' title='bbox 3391 3088 3595 3155; x_wconf 81' lang='lat' dir='ltr'><strong>relicta,</strong></span> 
     </span>
    </p>
   </div>
   <div class='ocr_carea' id='block_1_75' title="bbox 2190 3156 3398 3247">
    <p class='ocr_par' dir='ltr' id='par_1_75' title="bbox 2190 3156 3398 3247">
     <span class='ocr_line' id='line_1_75' title="bbox 2190 3156 3398 3247; baseline 0.017 -36"><span class='ocrx_word' id='word_1_447' title='bbox 2190 3156 2322 3212; x_wconf 73' lang='lat' dir='ltr'><strong>Elite</strong></span> <span class='ocrx_word' id='word_1_448' title='bbox 2346 3160 2718 3234; x_wconf 52' lang='lat' dir='ltr'><strong>turrim,qu</strong></span> <span class='ocrx_word' id='word_1_449' title='bbox 2750 3167 2930 3225; x_wconf 89' lang='lat' dir='ltr'><strong>littore</strong></span> <span class='ocrx_word' id='word_1_450' title='bbox 2956 3186 3125 3241; x_wconf 86' lang='lat' dir='ltr'><strong>parva</strong></span> <span class='ocrx_word' id='word_1_451' title='bbox 3155 3173 3398 3247; x_wconf 72' lang='lat' dir='ltr'><strong>Sareptze</strong></span> 
     </span>
    </p>
   </div>
   <div class='ocr_carea' id='block_1_76' title="bbox 2190 3245 3667 3325">
    <p class='ocr_par' dir='ltr' id='par_1_76' title="bbox 2190 3245 3667 3325">
     <span class='ocr_line' id='line_1_76' title="bbox 2190 3245 3667 3325; baseline 0.016 -26"><span class='ocrx_word' id='word_1_452' title='bbox 2190 3245 2503 3316; x_wconf 86' lang='lat' dir='ltr'><strong>Permanet,</strong></span> <span class='ocrx_word' id='word_1_453' title='bbox 2534 3252 2857 3325; x_wconf 89' lang='lat' dir='ltr'><strong>ingreditur,</strong></span> <span class='ocrx_word' id='word_1_454' title='bbox 2892 3260 3175 3318; x_wconf 90' lang='lat' dir='ltr'><strong>Dominum</strong></span> <span class='ocrx_word' id='word_1_455' title='bbox 3207 3245 3428 3321; x_wconf 82' lang='lat' dir='ltr'><strong>virtutis</strong></span> <span class='ocrx_word' id='word_1_456' title='bbox 3457 3269 3667 3323; x_wconf 82' lang='lat' dir='ltr'><strong>adorans</strong></span> 
     </span>
    </p>
   </div>
   <div class='ocr_carea' id='block_1_77' title="bbox 2189 3429 3545 3521">
    <p class='ocr_par' dir='ltr' id='par_1_77' title="bbox 2189 3429 3545 3521">
     <span class='ocr_line' id='line_1_77' title="bbox 2189 3429 3545 3521; baseline 0.015 -36"><span class='ocrx_word' id='word_1_457' title='bbox 2189 3429 2460 3487; x_wconf 60' lang='lat' dir='ltr'><strong>Coelicolas</strong></span> <span class='ocrx_word' id='word_1_458' title='bbox 2486 3435 2625 3492; x_wconf 84' lang='lat' dir='ltr'><strong>vatis</strong></span> <span class='ocrx_word' id='word_1_459' title='bbox 2650 3442 2904 3508; x_wconf 88' lang='lat' dir='ltr'><strong>precibus</strong></span> <span class='ocrx_word' id='word_1_460' title='bbox 2933 3445 3133 3501; x_wconf 90' lang='lat' dir='ltr'><strong>dudum</strong></span> <span class='ocrx_word' id='word_1_461' title='bbox 3165 3449 3321 3505; x_wconf 89' lang='lat' dir='ltr'><strong>unica</strong></span> <span class='ocrx_word' id='word_1_462' title='bbox 3348 3452 3545 3521; x_wconf 81' lang='lat' dir='ltr'><strong>proles.</strong></span> 
     </span>
    </p>
   </div>
   <div class='ocr_carea' id='block_1_78' title="bbox 2189 3516 3509 3599">
    <p class='ocr_par' dir='ltr' id='par_1_78' title="bbox 2189 3516 3509 3599">
     <span class='ocr_line' id='line_1_78' title="bbox 2189 3516 3509 3599; baseline 0.017 -24"><span class='ocrx_word' id='word_1_463' title='bbox 2189 3516 2403 3592; x_wconf 84' lang='lat' dir='ltr'><strong>Perque</strong></span> <span class='ocrx_word' id='word_1_464' title='bbox 2437 3521 2564 3596; x_wconf 89' lang='lat' dir='ltr'><strong>Tyri</strong></span> <span class='ocrx_word' id='word_1_465' title='bbox 2592 3530 2845 3599; x_wconf 86' lang='lat' dir='ltr'><strong>gradiens</strong></span> <span class='ocrx_word' id='word_1_466' title='bbox 2871 3532 3019 3589; x_wconf 89' lang='lat' dir='ltr'><strong>Pauli</strong></span> <span class='ocrx_word' id='word_1_467' title='bbox 3047 3536 3284 3594; x_wconf 89' lang='lat' dir='ltr'><strong>doctoris</strong></span> <span class='ocrx_word' id='word_1_468' title='bbox 3310 3516 3509 3597; x_wconf 72' lang='lat' dir='ltr'><strong>arenas</strong></span> 
     </span>
    </p>
   </div>
   <div class='ocr_carea' id='block_1_79' title="bbox 2192 3610 3633 3705">
    <p class='ocr_par' dir='ltr' id='par_1_79' title="bbox 2192 3610 3633 3705">
     <span class='ocr_line' id='line_1_79' title="bbox 2192 3610 3633 3705; baseline 0.021 -40"><span class='ocrx_word' id='word_1_469' title='bbox 2192 3610 2394 3668; x_wconf 83' lang='lat' dir='ltr'><strong>Delixis</strong></span> <span class='ocrx_word' id='word_1_470' title='bbox 2415 3631 2600 3672; x_wconf 87' lang='lat' dir='ltr'><strong>sacras</strong></span> <span class='ocrx_word' id='word_1_471' title='bbox 2627 3621 2870 3690; x_wconf 86' lang='lat' dir='ltr'><strong>genibus,</strong></span> <span class='ocrx_word' id='word_1_472' title='bbox 2906 3625 3222 3694; x_wconf 89' lang='lat' dir='ltr'><strong>perducitur</strong></span> <span class='ocrx_word' id='word_1_473' title='bbox 3248 3629 3400 3685; x_wconf 85' lang='lat' dir='ltr'><strong>Acho</strong></span> <span class='ocrx_word' id='word_1_474' title='bbox 3431 3629 3633 3705; x_wconf 78' lang='lat' dir='ltr'><strong>[Acco].</strong></span> 
     </span>
    </p>
   </div>
   <div class='ocr_carea' id='block_1_80' title="bbox 2192 3701 3591 3781">
    <p class='ocr_par' dir='ltr' id='par_1_80' title="bbox 2192 3701 3591 3781">
     <span class='ocr_line' id='line_1_80' title="bbox 2192 3701 3591 3781; baseline 0.016 -25"><span class='ocrx_word' id='word_1_475' title='bbox 2192 3701 2421 3760; x_wconf 86' lang='lat' dir='ltr'><strong>Nomine</strong></span> <span class='ocrx_word' id='word_1_476' title='bbox 2448 3717 2654 3765; x_wconf 88' lang='lat' dir='ltr'><strong>mutato</strong></span> <span class='ocrx_word' id='word_1_477' title='bbox 2682 3727 2843 3781; x_wconf 90' lang='lat' dir='ltr'><strong>quam</strong></span> <span class='ocrx_word' id='word_1_478' title='bbox 2870 3731 3016 3771; x_wconf 91' lang='lat' dir='ltr'><strong>nunc</strong></span> <span class='ocrx_word' id='word_1_479' title='bbox 3036 3714 3367 3776; x_wconf 88' lang='lat' dir='ltr'><strong>Ptolemaida</strong></span> <span class='ocrx_word' id='word_1_480' title='bbox 3391 3701 3591 3779; x_wconf 81' lang='lat' dir='ltr'><strong>dicunt.</strong></span> 
     </span>
    </p>
   </div>
   <div class='ocr_carea' id='block_1_81' title="bbox 2162 3792 3470 3893">
    <p class='ocr_par' dir='ltr' id='par_1_81' title="bbox 2162 3792 3470 3893">
     <span class='ocr_line' id='line_1_81' title="bbox 2162 3792 3470 3893; baseline 0.021 -49"><span class='ocrx_word' id='word_1_481' title='bbox 2162 3872 2167 3881; x_wconf 61' lang='lat'><strong><em>_</em></strong></span> <span class='ocrx_word' id='word_1_482' title='bbox 2195 3792 2467 3866; x_wconf 88' lang='lat' dir='ltr'><strong>Sanguine</strong></span> <span class='ocrx_word' id='word_1_483' title='bbox 2487 3796 2651 3857; x_wconf 78' lang='lat' dir='ltr'><strong>Josite</strong></span> <span class='ocrx_word' id='word_1_484' title='bbox 2679 3803 2758 3858; x_wconf 90' lang='lat' dir='ltr'><strong>sic</strong></span> <span class='ocrx_word' id='word_1_485' title='bbox 2782 3807 3183 3893; x_wconf 76' lang='lat' dir='ltr'><strong>permadel&#39;acta</strong></span> <span class='ocrx_word' id='word_1_486' title='bbox 3209 3811 3470 3884; x_wconf 82' lang='lat' dir='ltr'><strong>Mageddo</strong></span> 
     </span>
    </p>
   </div>
   <div class='ocr_carea' id='block_1_82' title="bbox 2191 3883 3592 3981">
    <p class='ocr_par' dir='ltr' id='par_1_82' title="bbox 2191 3883 3592 3981">
     <span class='ocr_line' id='line_1_82' title="bbox 2191 3883 3592 3981; baseline 0.018 -43"><span class='ocrx_word' id='word_1_487' title='bbox 2191 3883 2363 3952; x_wconf 88' lang='lat' dir='ltr'><strong>Rura,</strong></span> <span class='ocrx_word' id='word_1_488' title='bbox 2393 3886 2714 3950; x_wconf 71' lang='lat' dir='ltr'><strong>Paltestinos</strong></span> <span class='ocrx_word' id='word_1_489' title='bbox 2739 3886 2981 3981; x_wconf 81' lang='lat' dir='ltr'><strong>gaudens</strong></span> <span class='ocrx_word' id='word_1_490' title='bbox 3007 3904 3307 3981; x_wconf 87' lang='lat' dir='ltr'><strong>pertransit</strong></span> <span class='ocrx_word' id='word_1_491' title='bbox 3336 3905 3390 3960; x_wconf 90' lang='lat' dir='ltr'><strong>in</strong></span> <span class='ocrx_word' id='word_1_492' title='bbox 3420 3922 3592 3980; x_wconf 82' lang='lat' dir='ltr'><strong>agros,</strong></span> 
     </span>
    </p>
   </div>
   <div class='ocr_carea' id='block_1_83' title="bbox 2193 3973 3525 4075">
    <p class='ocr_par' dir='ltr' id='par_1_83' title="bbox 2193 3973 3525 4075">
     <span class='ocr_line' id='line_1_83' title="bbox 2193 3973 3525 4075; baseline 0.016 -44"><span class='ocrx_word' id='word_1_493' title='bbox 2193 3973 2354 4031; x_wconf 89' lang='lat' dir='ltr'><strong>Urbis</strong></span> <span class='ocrx_word' id='word_1_494' title='bbox 2379 3976 2484 4032; x_wconf 89' lang='lat' dir='ltr'><strong>Dor</strong></span> <span class='ocrx_word' id='word_1_495' title='bbox 2514 3984 2786 4050; x_wconf 90' lang='lat' dir='ltr'><strong>quondam</strong></span> <span class='ocrx_word' id='word_1_496' title='bbox 2818 3978 3055 4071; x_wconf 77' lang='lat' dir='ltr'><strong>celebris</strong></span> <span class='ocrx_word' id='word_1_497' title='bbox 3083 3974 3277 4075; x_wconf 83' lang='lat' dir='ltr'><strong>mirata</strong></span> <span class='ocrx_word' id='word_1_498' title='bbox 3308 3973 3525 4058; x_wconf 66' lang='lat' dir='ltr'><strong>ruinas,</strong></span> 
     </span>
    </p>
   </div>
   <div class='ocr_carea' id='block_1_84' title="bbox 2191 4065 3558 4159">
    <p class='ocr_par' dir='ltr' id='par_1_84' title="bbox 2191 4065 3558 4159">
     <span class='ocr_line' id='line_1_84' title="bbox 2191 4065 3558 4159; baseline 0.016 -40"><span class='ocrx_word' id='word_1_499' title='bbox 2191 4065 2321 4133; x_wconf 83' lang='lat' dir='ltr'><strong>Quae</strong></span> <span class='ocrx_word' id='word_1_500' title='bbox 2348 4080 2471 4140; x_wconf 91' lang='lat' dir='ltr'><strong>post</strong></span> <span class='ocrx_word' id='word_1_501' title='bbox 2495 4069 2765 4132; x_wconf 89' lang='lat' dir='ltr'><strong>Stratonis</strong></span> <span class='ocrx_word' id='word_1_502' title='bbox 2790 4065 2986 4135; x_wconf 82' lang='lat' dir='ltr'><strong>renitet</strong></span> <span class='ocrx_word' id='word_1_503' title='bbox 3023 4066 3345 4159; x_wconf 81' lang='lat' dir='ltr'><strong>cognomine</strong></span> <span class='ocrx_word' id='word_1_504' title='bbox 3373 4088 3558 4142; x_wconf 90' lang='lat' dir='ltr'><strong>turris.</strong></span> 
     </span>
    </p>
   </div>
   <div class='ocr_carea' id='block_1_85' title="bbox 2113 4155 3500 4259">
    <p class='ocr_par' dir='ltr' id='par_1_85' title="bbox 2113 4155 3500 4259">
     <span class='ocr_line' id='line_1_85' title="bbox 2113 4155 3500 4259; baseline 0.017 -51"><span class='ocrx_word' id='word_1_505' title='bbox 2113 4177 2169 4240; x_wconf 69' lang='grc' dir='ltr'><strong><em>υ</em></strong></span> <span class='ocrx_word' id='word_1_506' title='bbox 2194 4155 2346 4259; x_wconf 52' lang='lat' dir='ltr'><strong>lianc</strong></span> <span class='ocrx_word' id='word_1_507' title='bbox 2374 4162 2523 4230; x_wconf 91' lang='lat' dir='ltr'><strong>prior</strong></span> <span class='ocrx_word' id='word_1_508' title='bbox 2552 4162 2793 4223; x_wconf 85' lang='lat' dir='ltr'><strong>Herodes</strong></span> <span class='ocrx_word' id='word_1_509' title='bbox 2819 4162 3045 4243; x_wconf 78' lang='lat' dir='ltr'><strong>Augusti</strong></span> <span class='ocrx_word' id='word_1_510' title='bbox 3083 4155 3313 4259; x_wconf 57' lang='lat' dir='ltr'><strong>Ciesaris</strong></span> <span class='ocrx_word' id='word_1_511' title='bbox 3339 4185 3500 4251; x_wconf 83' lang='lat' dir='ltr'><strong>auget</strong></span> 
     </span>
    </p>
   </div>
   <div class='ocr_carea' id='block_1_86' title="bbox 2201 4248 3650 4342">
    <p class='ocr_par' dir='ltr' id='par_1_86' title="bbox 2201 4248 3650 4342">
     <span class='ocr_line' id='line_1_86' title="bbox 2201 4248 3650 4342; baseline 0.018 -39"><span class='ocrx_word' id='word_1_512' title='bbox 2201 4248 2471 4325; x_wconf 90' lang='lat' dir='ltr'><strong>Culmine,</strong></span> <span class='ocrx_word' id='word_1_513' title='bbox 2503 4254 2805 4316; x_wconf 69' lang='lat' dir='ltr'><strong>Caesaream</strong></span> <span class='ocrx_word' id='word_1_514' title='bbox 2841 4261 3090 4324; x_wconf 90' lang='lat' dir='ltr'><strong>Romano</strong></span> <span class='ocrx_word' id='word_1_515' title='bbox 3119 4283 3149 4323; x_wconf 95' lang='lat' dir='ltr'><strong>a</strong></span> <span class='ocrx_word' id='word_1_516' title='bbox 3174 4248 3437 4342; x_wconf 76' lang='lat' dir='ltr'><strong>principe</strong></span> <span class='ocrx_word' id='word_1_517' title='bbox 3454 4271 3650 4329; x_wconf 80' lang='lat' dir='ltr'><strong>dictam.</strong></span> 
     </span>
    </p>
   </div>
   <div class='ocr_carea' id='block_1_87' title="bbox 1917 4500 2266 4562">
    <p class='ocr_par' dir='ltr' id='par_1_87' title="bbox 1917 4500 2266 4562">
     <span class='ocr_line' id='line_1_87' title="bbox 1917 4500 2266 4562; baseline 0.006 -3"><span class='ocrx_word' id='word_1_518' title='bbox 1917 4500 2146 4562; x_wconf 80' lang='lat' dir='ltr'><strong>CAPUT</strong></span> <span class='ocrx_word' id='word_1_519' title='bbox 2174 4506 2266 4561; x_wconf 78' lang='lat' dir='ltr'><strong>IX.</strong></span> 
     </span>
    </p>
   </div>
   <div class='ocr_carea' id='block_1_88' title="bbox 1664 4591 2579 4655">
    <p class='ocr_par' dir='ltr' id='par_1_88' title="bbox 1664 4591 2579 4655">
     <span class='ocr_line' id='line_1_88' title="bbox 1664 4591 2579 4655; baseline 0.01 -9"><span class='ocrx_word' id='word_1_520' title='bbox 1664 4591 1743 4648; x_wconf 87' lang='lat' dir='ltr'><strong>De</strong></span> <span class='ocrx_word' id='word_1_521' title='bbox 1780 4606 1961 4650; x_wconf 70' lang='lat' dir='ltr'><strong>sancto</strong></span> <span class='ocrx_word' id='word_1_522' title='bbox 1986 4595 2229 4654; x_wconf 81' lang='lat' dir='ltr'><strong>Cornelio</strong></span> <span class='ocrx_word' id='word_1_523' title='bbox 2261 4602 2579 4655; x_wconf 79' lang='lat' dir='ltr'><strong>centurione.</strong></span> 
     </span>
    </p>
   </div>
   <div class='ocr_carea' id='block_1_89' title="bbox 488 4693 1811 4764">
    <p class='ocr_par' dir='ltr' id='par_1_89' title="bbox 488 4693 1811 4764">
     <span class='ocr_line' id='line_1_89' title="bbox 488 4693 1811 4764; baseline 0.011 -15"><span class='ocrx_word' id='word_1_524' title='bbox 488 4693 547 4749; x_wconf 89' lang='lat' dir='ltr'><strong>In</strong></span> <span class='ocrx_word' id='word_1_525' title='bbox 578 4708 683 4764; x_wconf 91' lang='lat' dir='ltr'><strong>qua</strong></span> <span class='ocrx_word' id='word_1_526' title='bbox 718 4695 950 4752; x_wconf 90' lang='lat' dir='ltr'><strong>sollicite</strong></span> <span class='ocrx_word' id='word_1_527' title='bbox 978 4706 1230 4755; x_wconf 87' lang='lat' dir='ltr'><strong>scrutans</strong></span> <span class='ocrx_word' id='word_1_528' title='bbox 1256 4699 1375 4756; x_wconf 89' lang='lat' dir='ltr'><strong>loca</strong></span> <span class='ocrx_word' id='word_1_529' title='bbox 1405 4699 1570 4759; x_wconf 88' lang='lat' dir='ltr'><strong>Paula</strong></span> <span class='ocrx_word' id='word_1_530' title='bbox 1596 4716 1811 4763; x_wconf 83' lang='lat' dir='ltr'><strong>saerata</strong></span> 
     </span>
    </p>
   </div>
   <div class='ocr_carea' id='block_1_90' title="bbox 492 4782 1787 4856">
    <p class='ocr_par' dir='ltr' id='par_1_90' title="bbox 492 4782 1787 4856">
     <span class='ocr_line' id='line_1_90' title="bbox 492 4782 1787 4856; baseline 0.011 -18"><span class='ocrx_word' id='word_1_531' title='bbox 492 4782 752 4853; x_wconf 78' lang='lat' dir='ltr'><strong>Repperit</strong></span> <span class='ocrx_word' id='word_1_532' title='bbox 781 4786 1069 4842; x_wconf 88' lang='lat' dir='ltr'><strong>ecclesiam</strong></span> <span class='ocrx_word' id='word_1_533' title='bbox 1097 4788 1322 4856; x_wconf 88' lang='lat' dir='ltr'><strong>Christi,</strong></span> <span class='ocrx_word' id='word_1_534' title='bbox 1350 4793 1637 4851; x_wconf 88' lang='lat' dir='ltr'><strong>Cornelius</strong></span> <span class='ocrx_word' id='word_1_535' title='bbox 1657 4796 1787 4853; x_wconf 90' lang='lat' dir='ltr'><strong>olim</strong></span> 
     </span>
    </p>
   </div>
   <div class='ocr_carea' id='block_1_91' title="bbox 490 4870 1775 4954">
    <p class='ocr_par' dir='ltr' id='par_1_91' title="bbox 490 4870 1775 4954">
     <span class='ocr_line' id='line_1_91' title="bbox 490 4870 1775 4954; baseline 0.014 -28"><span class='ocrx_word' id='word_1_536' title='bbox 490 4870 689 4927; x_wconf 69' lang='lat' dir='ltr'><strong>Edcm</strong></span> <span class='ocrx_word' id='word_1_537' title='bbox 723 4888 886 4942; x_wconf 84' lang='lat' dir='ltr'><strong>quam</strong></span> <span class='ocrx_word' id='word_1_538' title='bbox 920 4875 1089 4931; x_wconf 90' lang='lat' dir='ltr'><strong>coluit</strong></span> <span class='ocrx_word' id='word_1_539' title='bbox 1113 4879 1328 4948; x_wconf 89' lang='lat' dir='ltr'><strong>privato</strong></span> <span class='ocrx_word' id='word_1_540' title='bbox 1352 4878 1476 4951; x_wconf 88' lang='lat' dir='ltr'><strong>jure</strong></span> <span class='ocrx_word' id='word_1_541' title='bbox 1503 4889 1775 4954; x_wconf 83' lang='lat' dir='ltr'><strong>manendi,</strong></span> 
     </span>
    </p>
   </div>
   <div class='ocr_carea' id='block_1_92' title="bbox 486 4957 1793 5043">
    <p class='ocr_par' dir='ltr' id='par_1_92' title="bbox 486 4957 1793 5043">
     <span class='ocr_line' id='line_1_92' title="bbox 486 4957 1793 5043; baseline 0.013 -27"><span class='ocrx_word' id='word_1_542' title='bbox 486 4957 635 5016; x_wconf 81' lang='lat' dir='ltr'><strong>Luce</strong></span> <span class='ocrx_word' id='word_1_543' title='bbox 662 4960 759 5016; x_wconf 90' lang='lat' dir='ltr'><strong>Dei</strong></span> <span class='ocrx_word' id='word_1_544' title='bbox 795 4962 992 5033; x_wconf 85' lang='lat' dir='ltr'><strong>dignus</strong></span> <span class='ocrx_word' id='word_1_545' title='bbox 1016 4967 1243 5021; x_wconf 88' lang='lat' dir='ltr'><strong>necdum</strong></span> <span class='ocrx_word' id='word_1_546' title='bbox 1277 4969 1607 5040; x_wconf 88' lang='lat' dir='ltr'><strong>baptismate</strong></span> <span class='ocrx_word' id='word_1_547' title='bbox 1630 4976 1793 5043; x_wconf 88' lang='lat' dir='ltr'><strong>lotus,</strong></span> 
     </span>
    </p>
   </div>
   <div class='ocr_carea' id='block_1_93' title="bbox 491 5044 1896 5127">
    <p class='ocr_par' dir='ltr' id='par_1_93' title="bbox 491 5044 1896 5127">
     <span class='ocr_line' id='line_1_93' title="bbox 491 5044 1896 5127; baseline 0.012 -20"><span class='ocrx_word' id='word_1_548' title='bbox 491 5046 690 5108; x_wconf 66' lang='lat' dir='ltr'><strong>Celite</strong></span> <span class='ocrx_word' id='word_1_549' title='bbox 717 5044 879 5115; x_wconf 86' lang='lat' dir='ltr'><strong>teste,</strong></span> <span class='ocrx_word' id='word_1_550' title='bbox 905 5068 1098 5123; x_wconf 89' lang='lat' dir='ltr'><strong>preces</strong></span> <span class='ocrx_word' id='word_1_551' title='bbox 1119 5054 1274 5127; x_wconf 87' lang='lat' dir='ltr'><strong>cujus</strong></span> <span class='ocrx_word' id='word_1_552' title='bbox 1303 5057 1615 5117; x_wconf 83' lang='lat' dir='ltr'><strong>referuntur</strong></span> <span class='ocrx_word' id='word_1_553' title='bbox 1642 5066 1710 5120; x_wconf 89' lang='lat' dir='ltr'><strong>ad</strong></span> <span class='ocrx_word' id='word_1_554' title='bbox 1736 5083 1896 5125; x_wconf 87' lang='lat' dir='ltr'><strong>aures</strong></span> 
     </span>
    </p>
   </div>
   <div class='ocr_carea' id='block_1_94' title="bbox 484 5138 1696 5224">
    <p class='ocr_par' dir='ltr' id='par_1_94' title="bbox 484 5138 1696 5224">
     <span class='ocr_line' id='line_1_94' title="bbox 484 5138 1696 5224; baseline 0.011 -25"><span class='ocrx_word' id='word_1_555' title='bbox 484 5138 813 5199; x_wconf 75' lang='lat' dir='ltr'><strong>Ascendissc</strong></span> <span class='ocrx_word' id='word_1_556' title='bbox 839 5144 955 5209; x_wconf 88' lang='lat' dir='ltr'><strong>Dei,</strong></span> <span class='ocrx_word' id='word_1_557' title='bbox 990 5146 1269 5204; x_wconf 88' lang='lat' dir='ltr'><strong>miseratio</strong></span> <span class='ocrx_word' id='word_1_558' title='bbox 1297 5162 1450 5224; x_wconf 88' lang='lat' dir='ltr'><strong>grata</strong></span> <span class='ocrx_word' id='word_1_559' title='bbox 1485 5155 1696 5211; x_wconf 88' lang='lat' dir='ltr'><strong>subisse</strong></span> 
     </span>
    </p>
   </div>
   <div class='ocr_carea' id='block_1_95' title="bbox 486 5233 2020 5320">
    <p class='ocr_par' dir='ltr' id='par_1_95' title="bbox 486 5233 2020 5320">
     <span class='ocr_line' id='line_1_95' title="bbox 486 5233 2020 5320; baseline 0.015 -34"><span class='ocrx_word' id='word_1_560' title='bbox 486 5233 629 5289; x_wconf 86' lang='lat' dir='ltr'><strong>Ante</strong></span> <span class='ocrx_word' id='word_1_561' title='bbox 659 5234 914 5291; x_wconf 86' lang='lat' dir='ltr'><strong>thronum</strong></span> <span class='ocrx_word' id='word_1_562' title='bbox 941 5238 1177 5306; x_wconf 90' lang='lat' dir='ltr'><strong>Domini,</strong></span> <span class='ocrx_word' id='word_1_563' title='bbox 1209 5241 1465 5300; x_wconf 66' lang='lat' dir='ltr'><strong>sublectm</strong></span> <span class='ocrx_word' id='word_1_564' title='bbox 1496 5248 1734 5316; x_wconf 66' lang='lat' dir='ltr'><strong>praestita</strong></span> <span class='ocrx_word' id='word_1_565' title='bbox 1764 5251 1924 5320; x_wconf 81' lang='lat' dir='ltr'><strong>plebi.</strong></span> <span class='ocrx_word' id='word_1_566' title='bbox 2012 5246 2020 5252; x_wconf 75' lang='grc'><em>’</em></span> 
     </span>
    </p>
   </div>
   <div class='ocr_carea' id='block_1_96' title="bbox 2186 4710 3576 4801">
    <p class='ocr_par' dir='ltr' id='par_1_96' title="bbox 2186 4710 3576 4801">
     <span class='ocr_line' id='line_1_96' title="bbox 2186 4710 3576 4801; baseline 0.017 -36"><span class='ocrx_word' id='word_1_567' title='bbox 2186 4710 2505 4769; x_wconf 86' lang='lat' dir='ltr'><strong>Hebraicatn</strong></span> <span class='ocrx_word' id='word_1_568' title='bbox 2530 4724 2846 4801; x_wconf 78' lang='lat' dir='ltr'><strong>nostramve</strong></span> <span class='ocrx_word' id='word_1_569' title='bbox 2877 4721 3035 4779; x_wconf 83' lang='lat' dir='ltr'><strong>ﬁdem</strong></span> <span class='ocrx_word' id='word_1_570' title='bbox 3061 4726 3266 4797; x_wconf 87' lang='lat' dir='ltr'><strong>pietate</strong></span> <span class='ocrx_word' id='word_1_571' title='bbox 3293 4731 3576 4801; x_wconf 89' lang='lat' dir='ltr'><strong>nitentem,</strong></span> 
     </span>
    </p>
   </div>
   <div class='ocr_carea' id='block_1_97' title="bbox 2187 4798 3423 4888">
    <p class='ocr_par' dir='ltr' id='par_1_97' title="bbox 2187 4798 3423 4888">
     <span class='ocr_line' id='line_1_97' title="bbox 2187 4798 3423 4888; baseline 0.014 -29"><span class='ocrx_word' id='word_1_572' title='bbox 2187 4798 2449 4860; x_wconf 81' lang='lat' dir='ltr'><strong>Gentibus</strong></span> <span class='ocrx_word' id='word_1_573' title='bbox 2480 4815 2536 4861; x_wconf 93' lang='lat' dir='ltr'><strong>et</strong></span> <span class='ocrx_word' id='word_1_574' title='bbox 2562 4798 2775 4867; x_wconf 88' lang='lat' dir='ltr'><strong>eunetis</strong></span> <span class='ocrx_word' id='word_1_575' title='bbox 2800 4816 3035 4870; x_wconf 88' lang='lat' dir='ltr'><strong>reserari</strong></span> <span class='ocrx_word' id='word_1_576' title='bbox 3066 4816 3253 4874; x_wconf 90' lang='lat' dir='ltr'><strong>limina</strong></span> <span class='ocrx_word' id='word_1_577' title='bbox 3279 4822 3423 4888; x_wconf 79' lang='lat' dir='ltr'><strong>cteli,</strong></span> 
     </span>
    </p>
   </div>
   <div class='ocr_carea' id='block_1_98' title="bbox 2182 4892 3426 4972">
    <p class='ocr_par' dir='ltr' id='par_1_98' title="bbox 2182 4892 3426 4972">
     <span class='ocr_line' id='line_1_98' title="bbox 2182 4892 3426 4972; baseline 0.015 -22"><span class='ocrx_word' id='word_1_578' title='bbox 2182 4892 2409 4966; x_wconf 76' lang='lat' dir='ltr'><strong>Vimque</strong></span> <span class='ocrx_word' id='word_1_579' title='bbox 2431 4898 2543 4969; x_wconf 90' lang='lat' dir='ltr'><strong>pati</strong></span> <span class='ocrx_word' id='word_1_580' title='bbox 2573 4899 2826 4972; x_wconf 93' lang='lat' dir='ltr'><strong>donoque</strong></span> <span class='ocrx_word' id='word_1_581' title='bbox 2851 4903 2947 4959; x_wconf 89' lang='lat' dir='ltr'><strong>Dei</strong></span> <span class='ocrx_word' id='word_1_582' title='bbox 2977 4906 3242 4965; x_wconf 87' lang='lat' dir='ltr'><strong>violenter</strong></span> <span class='ocrx_word' id='word_1_583' title='bbox 3266 4911 3426 4968; x_wconf 90' lang='lat' dir='ltr'><strong>adiri.</strong></span> 
     </span>
    </p>
   </div>
   <div class='ocr_carea' id='block_1_99' title="bbox 2177 4986 3483 5065">
    <p class='ocr_par' dir='ltr' id='par_1_99' title="bbox 2177 4986 3483 5065">
     <span class='ocr_line' id='line_1_99' title="bbox 2177 4986 3483 5065; baseline 0.018 -25"><span class='ocrx_word' id='word_1_584' title='bbox 2177 4986 2333 5043; x_wconf 87' lang='lat' dir='ltr'><strong>Nulla</strong></span> <span class='ocrx_word' id='word_1_585' title='bbox 2365 4990 2636 5047; x_wconf 89' lang='lat' dir='ltr'><strong>dabantur</strong></span> <span class='ocrx_word' id='word_1_586' title='bbox 2663 4994 2790 5049; x_wconf 89' lang='lat' dir='ltr'><strong>huic</strong></span> <span class='ocrx_word' id='word_1_587' title='bbox 2816 4996 3097 5065; x_wconf 87' lang='lat' dir='ltr'><strong>miracula,</strong></span> <span class='ocrx_word' id='word_1_588' title='bbox 3128 5003 3339 5060; x_wconf 89' lang='lat' dir='ltr'><strong>semina</strong></span> <span class='ocrx_word' id='word_1_589' title='bbox 3362 5006 3483 5062; x_wconf 70' lang='lat' dir='ltr'><strong>vita:</strong></span> 
     </span>
    </p>
   </div>
   <div class='ocr_carea' id='block_1_100' title="bbox 2176 5074 3500 5165">
    <p class='ocr_par' dir='ltr' id='par_1_100' title="bbox 2176 5074 3500 5165">
     <span class='ocr_line' id='line_1_100' title="bbox 2176 5074 3500 5165; baseline 0.016 -35"><span class='ocrx_word' id='word_1_590' title='bbox 2176 5074 2331 5133; x_wconf 87' lang='lat' dir='ltr'><strong>Nulla</strong></span> <span class='ocrx_word' id='word_1_591' title='bbox 2358 5081 2681 5136; x_wconf 90' lang='lat' dir='ltr'><strong>serebantur</strong></span> <span class='ocrx_word' id='word_1_592' title='bbox 2710 5091 2940 5142; x_wconf 74' lang='lat' dir='ltr'><strong>terrente</strong></span> <span class='ocrx_word' id='word_1_593' title='bbox 2964 5090 3253 5163; x_wconf 83' lang='lat' dir='ltr'><strong>aspergine</strong></span> <span class='ocrx_word' id='word_1_594' title='bbox 3280 5093 3500 5165; x_wconf 73' lang='lat' dir='ltr'><strong>litigare;</strong></span> 
     </span>
    </p>
   </div>
   <div class='ocr_carea' id='block_1_101' title="bbox 2176 5162 3459 5244">
    <p class='ocr_par' dir='ltr' id='par_1_101' title="bbox 2176 5162 3459 5244">
     <span class='ocr_line' id='line_1_101' title="bbox 2176 5162 3459 5244; baseline 0.017 -22"><span class='ocrx_word' id='word_1_595' title='bbox 2176 5169 2468 5239; x_wconf 83' lang='lat' dir='ltr'><strong>Aspiraute</strong></span> <span class='ocrx_word' id='word_1_596' title='bbox 2492 5162 2681 5229; x_wconf 76' lang='lat' dir='ltr'><strong>tamen</strong></span> <span class='ocrx_word' id='word_1_597' title='bbox 2710 5175 2951 5241; x_wconf 84' lang='lat' dir='ltr'><strong>Christo.</strong></span> <span class='ocrx_word' id='word_1_598' title='bbox 2981 5181 3068 5236; x_wconf 88' lang='lat' dir='ltr'><strong>cui</strong></span> <span class='ocrx_word' id='word_1_599' title='bbox 3106 5162 3271 5240; x_wconf 86' lang='lat' dir='ltr'><strong>corda</strong></span> <span class='ocrx_word' id='word_1_600' title='bbox 3302 5162 3459 5244; x_wconf 70' lang='lat' dir='ltr'><strong>beare</strong></span> 
     </span>
    </p>
   </div>
   <div class='ocr_carea' id='block_1_102' title="bbox 2174 5250 3566 5326">
    <p class='ocr_par' dir='ltr' id='par_1_102' title="bbox 2174 5250 3566 5326">
     <span class='ocr_line' id='line_1_102' title="bbox 2174 5250 3566 5326; baseline 0.009 -13"><span class='ocrx_word' id='word_1_601' title='bbox 2174 5257 2271 5314; x_wconf 84' lang='lat' dir='ltr'><strong>Jus</strong></span> <span class='ocrx_word' id='word_1_602' title='bbox 2300 5250 2502 5326; x_wconf 56' lang='lat' dir='ltr'><strong>manet,</strong></span> <span class='ocrx_word' id='word_1_603' title='bbox 2532 5273 2655 5319; x_wconf 89' lang='lat' dir='ltr'><strong>orat</strong></span> <span class='ocrx_word' id='word_1_604' title='bbox 2682 5264 2760 5321; x_wconf 90' lang='lat' dir='ltr'><strong>ait</strong></span> <span class='ocrx_word' id='word_1_605' title='bbox 2790 5267 2984 5326; x_wconf 76' lang='lat' dir='ltr'><strong>dignus</strong></span> <span class='ocrx_word' id='word_1_606' title='bbox 3012 5270 3279 5326; x_wconf 86' lang='lat' dir='ltr'><strong>habeatur</strong></span> <span class='ocrx_word' id='word_1_607' title='bbox 3306 5283 3363 5326; x_wconf 88' lang='grc' dir='ltr'><strong>ιιι</strong></span> <span class='ocrx_word' id='word_1_608' title='bbox 3389 5275 3566 5326; x_wconf 75' lang='lat' dir='ltr'><strong>astris:</strong></span> 
     </span>
    </p>
   </div>
  </div>
