3872 5326
112 353 199 409 εει
573 355 660 414 DE
697 317 1074 416 releuatus
1109 336 1378 417 cnntsrt
1402 361 1491 416 ετ
1527 361 1630 419 ss.
1663 363 2093 423 ramsrmaa
2114 367 2297 425 unm
2340 372 2538 430 rues.
2582 404 2650 414 -
2690 374 2814 432 ua.
2856 377 2918 433 ιι.
3249 381 3354 442 m

112 468 376 530 Panditur,
411 471 692 541 accipiens
718 472 898 542 superi
930 473 1258 529 charismata
1285 477 1440 541 doni;
1709 485 1756 543 Α
1787 481 2030 552 Dumque
2061 485 2162 554 piis
2187 485 2396 555 plebem
2429 490 2647 544 manitis
2677 491 3010 564 hortansque
3045 493 3356 572 docet-sque

111 561 330 629 Spiritus
352 561 500 617 hunc
528 564 753 635 implens
775 567 1128 638 namdignum
1147 584 1368 624 munere
1386 581 1670 625 monstrat.
1781 574 2133 644 Multiplicare
2163 588 2339 646 parat,
2371 579 2436 634 de
2467 584 2782 638 centurione
2818 561 3075 642 sacerdos

111 657 194 709 Cui
225 667 502 725 sumptum
536 659 614 712 ire
653 674 840 728 parum
869 661 997 714 vita:
1031 676 1089 715 se
1119 679 1344 717 munera
1376 665 1575 730 solum;
1782 664 2040 729 Etlicitur,
2084 669 2389 738 rcnitetque
2417 669 2576 727 datus
2611 673 2713 728 hac
2742 677 2935 744 prtcsul
2966 678 3018 733 in
3059 679 3214 742 urbe.

112 747 171 799 At
199 747 587 812 voeatallines,
629 750 824 805 charos
849 753 1043 805 invitat
1071 755 1278 809 amicos
1778 755 1894 821 Qua
1937 759 2188 827 perplura
2239 775 2403 830 sagax
2446 761 2748 818 animarum
2783 776 3069 837 augmenta
3116 771 3357 840 gerendo

112 835 504 909 Participesque
534 841 614 895 sui
647 843 829 912 plures
858 846 1033 898 studet
1067 846 1265 902 addere
1287 849 1434 914 doni,
1778 849 2081 915 Prmnituit,
2114 862 2434 924 mactusque
2459 855 2626 910 lucris
2659 859 2728 910 ita
2771 835 2875 914 line
2899 835 3126 930 quievit,

111 928 259 983 Oilicii
286 932 540 999 praebens
568 935 824 1004 praesagia
869 935 1014 989 clara
1049 936 1215 991 luturi
1778 942 1985 998 Fenora
2015 946 2317 1001 commissa:
2353 947 2597 1003 referens
2628 966 2731 1003 non
2761 966 2924 1021 parva
2955 962 3214 1018 catervae;

110 1022 261 1089 Atque
283 1023 481 1087 vicem,
519 1041 620 1081 nec
654 1027 831 1081 adhuc
864 1029 1077 1090 doctus,
1113 1031 1351 1086 doctoris
1379 1032 1664 1100 adoptans.
1781 1030 1932 1087 Unde
1960 1035 2042 1088 sui
2068 1051 2288 1090 sumens
2313 1051 2527 1106 quoque
2553 1041 2772 1108 praemia
2812 1041 2975 1112 digna
3007 1042 3210 1099 laboris

112 1113 286 1180 Sicque
309 1117 455 1185 capit
476 1115 642 1171 Petro
679 1127 924 1173 sanctum
961 1120 1232 1174 tribuente
1267 1121 1565 1187 lavacrum,
1775 1123 2062 1180 Carlestem
2094 1141 2351 1197 proceres
2377 1129 2518 1184 inter
2547 1131 2773 1186 sortitur
2798 1132 3079 1189 honorem.

110 1199 284 1258 Ordine
312 1213 546 1270 mutato,
581 1216 701 1276 post
726 1208 950 1279 pignora
981 1209 1238 1266 Flaminis
1265 1211 1422 1274 almi;

1537 1342 1764 1398 CAPUT
1803 1342 1875 1398 X.

1303 1429 1380 1485 De
1408 1445 1584 1488 sancto
1615 1433 1860 1505 Philippo
1887 1434 2132 1486 diacono.

111 1542 356 1600 Ediculas
385 1543 552 1597 isthic
576 1541 865 1613 perlustrat
893 1541 1054 1596 Paula
1080 1543 1310 1614 Philippi
1771 1542 1904 1598 Esse
1935 1557 2104 1596 novus
2131 1551 2258 1611 poto
2312 1557 2420 1612 quo
2457 1554 2673 1610 pectora
2697 1559 2837 1598 sicca
2866 1546 3110 1617 rigantur
3133 1565 3149 1613 ;

109 1635 297 1697 Levita,
329 1649 392 1689 ex
425 1646 636 1704 septem
668 1636 756 1704 qui
792 1636 972 1688 munia
1004 1635 1147 1689 clara
1181 1651 1458 1691 sacrorum
1769 1633 2102 1701 Mutavitque
2130 1642 2325 1692 atram,
2359 1633 2557 1709 tinctus
2587 1633 2928 1702 baptismate,
2960 1635 3151 1704 pellem

111 1727 217 1782 Cum
241 1727 512 1797 Stephano
542 1741 779 1797 capere,
814 1729 944 1793 aris,
969 1743 1072 1796 qua
1103 1728 1220 1798 lege
1251 1730 1499 1785 minister
1764 1723 1862 1778 Hic
1891 1725 2043 1794 niger
2067 1724 2370 1786 eunuchus,
2396 1724 2614 1792 gentilia
2646 1724 2807 1778 corda
2835 1726 3090 1794 ﬁgurans.

109 1818 286 1881 Editus,
312 1819 502 1872 a-terni
538 1835 644 1872 non
682 1827 857 1872 cessat
883 1821 1087 1872 semina
1118 1821 1269 1875 verbi
1763 1815 2054 1873 Bethsoros
2090 1826 2175 1870 est
2207 1817 2358 1871 vicus
2395 1816 2627 1888 Solymis
2675 1831 2778 1884 qua
2811 1818 3056 1887 pergitur
3097 1817 3334 1889 llebrcn,

111 1909 337 1979 Spargere
368 1926 463 1980 per
492 1912 743 1982 populos,
775 1921 830 1966 et
860 1927 992 1966 oves
1024 1913 1088 1966 ad
1111 1913 1250 1966 ovile
1278 1928 1473 1968 vocare
1503 1933 1517 1967 ε
1685 1935 1726 1993 Β
1755 1907 1812 1961 ln
1845 1923 1952 1976 quo
1977 1907 2096 1961 l'ons
2119 1906 2270 1975 cujus
2307 1907 2646 1961 sacrantibus
2675 1906 2850 1962 elutus
2890 1909 3046 1964 undis

108 2001 303 2056 Plurima
333 2005 485 2074 signa
525 2020 741 2074 gerens,
770 2005 1031 2058 virtutum
1064 2005 1182 2060 luce
1209 2022 1524 2072 coruscans,
1752 2001 1992 2055 Candida
2033 1999 2307 2069 pra'clarte
2337 1999 2535 2054 meruit
2563 2001 2840 2054 consortia
2878 1998 3019 2054 vitae.

112 2091 352 2147 Damonas
373 2095 676 2162 expellens,
707 2087 1002 2164 paralytica
1036 2111 1262 2165 corpora
1286 2113 1505 2160 curans,
1751 2089 1985 2158 Spiritus
2011 2089 2285 2158 abripiens
2320 2087 2455 2142 alias
2491 2087 2787 2143 transferre
2807 2087 3112 2160 Philippum

109 2178 376 2236 Restituens
400 2200 652 2251 gressum
675 2185 881 2238 claudis
903 2201 965 2240 ac
997 2184 1203 2239 lumina
1236 2187 1412 2241 caecis.

1750 2180 2018 2244 Destinat,
2049 2180 2258 2233 Azotiis
2298 2179 2650 2248 reliquisque,
2676 2179 2766 2234 ubi
2795 2180 2959 2234 verba
2995 2179 3187 2234 salutis

110 2271 182 2325 Ille
206 2273 522 2330 Samaritum
560 2276 680 2328 ﬁdei
709 2276 1019 2330 fundamina
1052 2276 1276 2332 ﬁrmans
1752 2269 1978 2324 Disserit
2003 2270 2242 2337 allegans
2277 2272 2468 2325 urbem
2493 2268 2620 2324 dum
2651 2269 2843 2324 transit
2869 2271 2935 2326 ad
2958 2269 3116 2324 istam

109 2361 343 2429 instruxit,
373 2368 609 2430 monuit,
645 2366 994 2435 Simonisque
1031 2382 1238 2422 venena
1279 2367 1500 2439 fugavit.
1748 2361 2052 2417 Ediiicans
2077 2363 2130 2416 in
2167 2377 2274 2432 qua
2299 2371 2506 2417 mentes
2527 2362 2816 2431 requievit,
2852 2371 2907 2416 et
2929 2362 3050 2433 ejus

110 2452 318 2524 Angelico
346 2459 504 2510 ductu
563 2474 879 2528 properans,
913 2459 1040 2514 hinc
1068 2460 1244 2530 pergit
1276 2461 1342 2513 ad
1375 2470 1641 2523 austrum,
1750 2452 1883 2507 Tres
1905 2453 2055 2522 ,ἰιιιιει
2086 2455 2300 2522 genitae.
2331 2469 2453 2507 cum
2487 2453 2814 2524 virginitatis
2843 2455 3048 2508 Ιιοηοτθ

113 2544 476 2616 1Ethiepemque
511 2557 671 2603 tuens
700 2551 1009 2604 eunuchum
1049 2565 1202 2604 sacra
1232 2549 1516 2619 legentem,
1748 2546 1964 2601 Sortitre
1993 2547 2252 2612 tumulos;
2289 2547 2554 2617 Ephesiua
2585 2557 2778 2616 quarta
2804 2546 3050 2601 renidet:

112 2634 263 2689 Divino
287 2640 482 2691 monitu
508 2651 774 2707 carpento
799 2641 1065 2712 jungitur,
1100 2651 1264 2712 atque
1746 2635 1984 2707 Spiritus
2007 2637 2120 2708 ipse
2146 2638 2442 2708 prophetia:
2469 2654 2608 2708 quas
2637 2653 2862 2693 munere
2890 2645 3112 2693 sanctus

114 2721 307 2780 Sollicito
330 2729 504 2782 studio
549 2731 790 2784 sociatur
822 2731 1031 2800 apertio
1055 2731 1212 2800 legis.
1745 2727 1998 2797 lmplens,
2029 2728 2296 2782 illecebris
2321 2727 2424 2780 diri
2449 2728 2684 2783 servavit
2710 2729 2776 2783 ab
2805 2728 2997 2796 anguis

113 2812 214 2869 Dum
232 2827 426 2874 veteres
447 2820 713 2876 sitiuntur
737 2836 914 2893 aqua},
943 2820 1065 2876 fons
1093 2821 1348 2893 panditur
1380 2829 1532 2875 ortus
1749 2816 2129 2889 Ethereisque
2158 2817 2339 2874 choris
2359 2818 2483 2872 θα)ιί
2507 2832 2668 2890 super
2688 2828 2830 2874 astra
2855 2818 3085 2889 jugavit.

1483 2970 1711 3027 CAPUT
1761 2971 1853 3026 Xl.

1339 3062 1416 3116 De
1438 3074 1619 3118 sancto
1646 3060 1928 3131 Procopio.

116 3184 270 3242 Urbem
305 3188 435 3245 hanc
461 3191 762 3263 Procopius
789 3191 984 3264 legitur
1009 3193 1297 3248 deeorasse
1333 3193 1630 3264 triumpho,
1738 3195 1982 3252 Adverso
2009 3194 2227 3249 vibrans
2254 3195 2439 3249 hostes
2469 3196 2758 3263 superabat
2783 3192 3024 3248 abactos.

114 3271 366 3346 Scythopoli
393 3283 543 3350 prius
574 3294 769 3337 ornata
803 3286 964 3339 verbo
996 3295 1158 3354 atque
1188 3285 1402 3355 vigore;
1742 3285 1861 3341 Huc
1891 3301 2105 3356 quoque
2133 3287 2373 3342 directus
2399 3287 2570 3355 prima
2593 3284 2659 3339 ad
2689 3299 2949 3354 responsa.
2974 3283 3168 3348 fidelis.

112 3361 240 3420 Nocte
261 3370 436 3441 dieque
459 3372 553 3428 Dei
587 3375 679 3442 qui
709 3383 817 3428 stat
845 3375 968 3429 dum
999 3376 1232 3430 cultibus
1261 3376 1436 3441 almis,
1740 3375 1940 3441 Fortis,
1973 3386 2026 3431 et
2065 3378 2315 3433 inventus
2345 3379 2579 3448 sapiens,
2615 3387 2977 3446 constansque
3011 3375 3306 3447 probatu“

113 3451 283 3510 Viscera
311 3461 601 3517 conlicicns
632 3479 756 3518 raro
785 3475 1026 3519 recreata
1056 3476 1272 3534 paratu,
1739 3467 1992 3537 lratoque
2020 3469 2204 3538 probis
2232 3467 2473 3522 Fabiano
2496 3468 2680 3536 judice
2709 3469 2887 3533 dictis,

111 3539 244 3598 Corda
275 3551 539 3618 saginabat
563 3553 796 3621 dapibus
825 3556 1080 3624 replendo
1103 3557 1371 3625 supernis.
1740 3557 2049 3614 Mncroncm
2082 3561 2357 3629 excipiens
2385 3560 2680 3616 certamina
2707 3560 2814 3614 (ine
2840 3568 3110 3614 vcnustat.

116 3629 298 3705 Insuper
331 3641 569 3700 internos
605 3646 817 3701 interna
844 3655 1178 3716 externaque
1210 3646 1343 3700 bella

1440 3805 1666 3862 (APUT
1704 3805 1814 3859 ΧΠ.

1180 3895 1258 3950 De
1299 3895 1498 3963 Prisco,
1534 3896 1742 3951 .llulclto
1773 3904 1820 3948 et
1854 3893 2172 3948 Alexandro.

107 3991 318 4056 Phalerea
343 4005 579 4061 celebres
607 4007 700 4061 hic
735 4021 1146 4062 consummasse
1172 4008 1471 4079 triumphos
1729 4008 1980 4078 ignavam
2019 4008 2110 4062 sed
2149 4005 2294 4061 humi
2325 4013 2574 4075 gererent
2598 4012 2814 4074 torpore
2841 4005 3077 4074 quietem
3103 4021 3117 4058 :

105 4083 286 4144 ΑίΙιῙθιθὶ
312 4091 468 4150 fortes
492 4097 736 4166 pretiosa
770 4108 942 4152 morte
973 4098 1243 4168 leguntur.
1728 4101 1912 4171 Regna
1942 4102 2080 4155 Deus
2112 4100 2326 4155 mandet
2355 4115 2476 4154 cum
2507 4100 2553 4153 vi
2588 4098 2841 4168 rapienda
2866 4113 3116 4168 superna.

106 4172 292 4238 Quorum
329 4193 432 4238 tres
463 4188 641 4242 valida
661 4187 892 4257 juvenes
920 4188 1120 4242 virtute
1147 4190 1406 4252 nitentes,
1722 4190 1886 4244 Arma
1917 4189 2113 4260 quibus
2140 4190 2283 4243 nacti
2323 4189 2524 4253 verbis,
2555 4191 2873 4259 gradLuntur
2902 4188 2956 4240 in
2987 4184 3187 4242 Urbem

104 4261 290 4352 Priscus.
323 4274 578 4342 Malchns,
607 4279 938 4344 Alexander,
965 4279 1124 4334 simul
1152 4281 1282 4334 urbe
1308 4281 1407 4334 sub
1439 4281 1539 4335 ista
1721 4281 2094 4352 Approperaut
2122 4281 2295 4345 bellis,
2325 4293 2378 4336 et
2405 4281 2595 4334 adorto
2616 4280 2800 4350 judice
2831 4278 3054 4332 crudum

105 4351 314 4428 Drgeates
339 4370 564 4436 quodam
589 4372 714 4426 vita:
740 4373 929 4427 ruralis
961 4373 1154 4442 agello,
1719 4371 1973 4426 lucusant
2000 4372 2170 4442 rigide
2199 4373 2340 4441 quod
2370 4372 2631 4440 sanguine
2667 4370 2856 4426 saeviat
2881 4367 3045 4422 ahno.

103 4443 254 4506 Intenti
280 4461 477 4523 studiis,
510 4462 640 4516 dum
679 4473 918 4532 tetnpore
946 4461 1220 4518 Valeriani
1717 4465 1973 4518 Actutum
2001 4465 2218 4518 monitis
2250 4479 2410 4532 quam
2440 4465 2597 4534 digna
2627 4461 2836 4533 profata
2879 4457 3179 4530 rependens
3205 4473 3218 4510 :

104 4534 172 4593 lsli
197 4554 500 4618 comperiuut
525 4556 649 4609 ﬁdei
680 4557 1026 4610 crebrescere
1057 4571 1286 4624 pugnas,
1719 4575 1738 4607 ι
1765 4555 2087 4623 Subjicitote
2108 4556 2270 4620 feris,
2305 4557 2506 4625 inquit;
2541 4557 2737 4625 quibus
2771 4555 2912 4608 haud
2951 4552 3122 4624 placet
3148 4549 3292 4606 istud

105 4627 261 4691 Diuum
279 4647 476 4700 accensi
505 4648 710 4715 pariter
733 4649 951 4702 virtutis
977 4663 1187 4712 amore,
1711 4646 1948 4703 Proﬂuat
1979 4659 2036 4702 ut
2072 4658 2260 4702 nostro
2291 4649 2510 4715 sanguis
2541 4662 2796 4700 mucrone
2823 4646 3068 4713 piorum;
3113 4663 3134 4695 ι

104 4715 254 4790 Turpis
279 4734 503 4800 segnitia:
528 4752 649 4790 sese
672 4752 885 4806 cmpcre
909 4746 1098 4791 notare
1127 4754 1140 4788 :
1714 4739 1961 4793 Rictibus
1987 4737 2258 4792 horriticis
2286 4752 2411 4790 mox
2442 4735 2737 4803 allegantur
2773 4733 2966 4787 edendi

105 4803 218 4899 Quod
242 4828 346 4870 cum
367 4823 610 4877 cmlestes
637 4837 958 4894 caperentur
985 4829 1037 4881 in
1078 4826 1222 4882 Urbe
1252 4842 1488 4892 coronze,
1635 4887 1681 4899 _
1711 4829 2055 4899 Abrahmque
2078 4829 2196 4884 sinu
2224 4829 2460 4898 correpti
2495 4843 2558 4880 ex
2586 4840 2680 4879 ore
2706 4824 2940 4879 ferarum

102 4892 178 4964 lllSi
202 4919 289 4959 non
313 4923 574 4980 caperent,
605 4917 764 4980 irent,
797 4928 1041 4988 peterent
1071 4937 1096 4973 r
1131 4929 1452 4989 perentque,
1633 4887 1686 4947 Β
1712 4921 2014 4992 Perpetuos
2042 4929 2289 4991 prompta
2317 4920 2600 4975 luerautur
2639 4926 2813 4972 morte
2835 4927 3084 4970 coronas.

1421 5072 1648 5129 CAPUT
1689 5074 1825 5130 Xlll.

1362 5165 1440 5219 De
1459 5177 1641 5223 sancto
1677 5167 1910 5223 Marino.

105 5251 277 5294 nll'ltlﬂm
302 5275 400 5294 Διιηι
434 5269 516 5294 Li-
555 5271 739 5294 -..!L---
770 5272 974 5294 _-Il---
1021 5280 1066 5294 -4
1109 5273 1206 5294 le-“
1232 5291 1240 5293 ξ
1298 5292 1302 5293 γ
1361 5277 1410 5294 ιι
1481 5278 1493 5290 ο
1591 5279 1600 5285 ~

1361 5277 1410 5294 ιι
1481 5278 1493 5290 ο
1591 5279 1600 5285 ~
1706 5277 1722 5294 I
1767 5291 1780 5294 -
1802 5275 1870 5294 ο--
1906 5273 1963 5294 ﬁl
1992 5271 2103 5294 ηρ-ιέ
2139 5272 2224 5294 ---ε
2258 5272 2497 5294 --κερκ-
2520 5288 2534 5294 -
2565 5283 2845 5294 ....-..--.--..
