3872 5326
479 360 762 415 'Protinus
793 371 1073 429 egressum
1105 356 1399 428 Teotignus
1421 358 1706 428 episcopus
1742 372 1981 421 armans,

506 440 666 506 Daeit
690 451 743 505 in
771 449 1079 513 ecclesiam,
1106 448 1226 503 ﬁdei
1268 450 1614 503 sermonibus
1639 457 1824 518 auget,

511 541 858 611 Tandemque
887 541 1162 605 attollens,
1186 541 1374 595 altaris
1401 541 1466 595 ad
1497 541 1683 594 intima
1715 540 1967 594 transfert
1992 559 2006 595 :

509 632 626 698 Quo
653 633 974 702 praecinctus
989 640 1106 686 erat
1134 631 1372 702 gladium
1401 630 1674 700 proponit,
1705 639 1759 685 et
1787 629 1944 684 offert

507 723 636 778 Inde
662 723 1034 793 Evangelium,
1065 725 1308 792 rogitans
1334 723 1464 792 quid
1493 722 1677 775 mallet
1701 736 1911 774 eorum.

508 813 752 884 Cumque
773 829 989 867 manum
1015 823 1258 883 prompte
1281 814 1461 867 divina
1484 813 1550 866 ad
1576 811 1696 880 jura
1726 811 1961 876 tulisset,

482 903 716 959 .Przrsul
743 905 820 958 ait
852 923 864 957 :
897 922 916 957 ι
946 903 1097 970 Quod
1127 903 1336 974 cmpisti
1362 902 1472 972 jam
1504 903 1720 972 perﬁce,
1761 902 1833 956 lili
1865 919 1879 955 :

510 994 694 1049 Vitam
721 1003 1077 1050 contemnens
1099 993 1369 1065 fragilem,
1399 1004 1618 1065 sperato
1643 1003 1982 1058 manentem;

507 1089 732 1161 Pergite
761 1087 1062 1156 conlidens,
1094 1089 1332 1145 oblatam
1362 1087 1566 1159 prende
1597 1103 1874 1157 coronam,

1229 239 1639 300 rwooanm
1667 240 1987 300 canorum
2031 240 2372 299 REMENSIS
2403 193 2764 299 causeam
2806 233 3128 298 METRICA.

2117 364 2166 420 Α
2198 357 2314 424 Qua
2342 357 2594 410 redimire
2619 349 2772 426 pium
2803 347 3060 412 Dominus
3081 363 3244 425 caput
3273 364 3422 426 cngit
3448 356 3631 410 altus.»
3718 403 3722 412 λ

2189 448 2523 517 “egrediens
2573 462 2775 502 saevum
2819 449 3010 517 repetit
3040 462 3288 516 praecone
3321 446 3550 500 tribunal

2189 541 2473 604 Invitante,
2499 541 2624 594 dato
2649 540 2750 594 sibi
2782 547 3046 609 tempore,
3074 539 3298 605 adesse,
3335 525 3614 593 recurrens

2189 632 2298 688 Nec.
2328 633 2526 702 patitur
2551 632 2778 688 scitaute
2802 647 2980 685 moras
3010 640 3069 685 ut
3104 631 3334 700 prmside
3367 631 3587 695 reddat;

2193 720 2368 777 Verba
2395 724 2488 778 sed
2519 737 2844 792 expromens
2874 730 3022 776 certo
3050 736 3107 776 se
3134 723 3330 776 robore
3359 721 3543 784 fixum,

2196 813 2313 868 Non
2341 813 2627 882 rogitatus,
2655 814 2730 866 ait
2757 813 3138 867 conﬁrmatum
3172 826 3291 865 esse
3314 820 3536 880 paterna

2197 901 2340 974 Lege
2359 945 2373 970 ,
2411 903 2504 958 Dei
2532 902 2710 973 potius
2738 903 2975 958 hominis
3000 917 3160 971 quam
3181 901 3334 970 jussa
3365 901 3610 956 timenda.

2202 992 2292 1048 Sic
2324 992 2686 1064 plectijugulo
2715 991 2804 1046 tali
2835 1007 2934 1062 pro
2961 992 3159 1047 famine
3184 990 3391 1059 jussus,

2200 1085 2420 1156 Majoris
2450 1101 2610 1156 super
2635 1093 2779 1140 astra
2807 1085 3032 1156 gradum
3067 1100 3190 1142 mox
3219 1086 3384 1141 sumit
3415 1081 3636 1140 honoris.

1908 1236 2136 1293 CAPUT
2177 1236 2315 1292 XIV.

1845 1349 1918 1404 De
1947 1365 2127 1407 sancto
2150 1353 2372 1408 Asteria.

483 1283 498 1325 ἑ

487 1514 758 1573 ’Ἇειθινὶηε
778 1512 1001 1583 quidam
1029 1523 1268 1579 praesens
1289 1515 1430 1574 erat,
1457 1507 1607 1562 urbis
1635 1505 1884 1563 alumnus

485 1609 714 1673 "Rome,
735 1603 994 1675 patricius
1015 1610 1164 1664 natu,
1199 1599 1484 1668 splendore
1515 1610 1756 1664 senator,

487 1701 746 1758 =0rnatus
769 1696 997 1760 meritis,
1021 1693 1216 1766 opibus
1252 1691 1486 1747 feliciter
1513 1700 1691 1757 utens,

509 1792 806 1848 Nobilitate
832 1790 1039 1860 vigens,
1069 1786 1235 1857 regali
1262 1792 1548 1841 stemmate
1574 1784 1798 1854 pollens,

507 1883 581 1936 At
614 1895 777 1950 super
805 1880 922 1933 haec
954 1878 1072 1931 ﬁdei
1101 1875 1301 1932 Christi
1320 1874 1610 1944 przecelsus
1641 1889 1847 1928 amore.

477 2010 484 2014 -
508 1974 560 2030 Is
584 1971 868 2044 praetaxati
894 1971 1020 2023 dum
1055 1967 1314 2037 martyris
1343 1975 1485 2020 astat
1514 1964 1694 2035 agoni,

507 2063 726 2133 Excipit
747 2071 803 2117 et
831 2075 1030 2116 cmsum
1060 2059 1264 2130 gladio,
1297 2057 1603 2128 attollitque
1630 2065 1878 2111 verenter

509 2159 779 2230 Subjectis
807 2157 1074 2223 humeris,
1103 2156 1378 2212 substrata
1409 2163 1465 2210 et
1499 2165 1652 2210 veste
1671 2156 1949 2219 ,cadaver

490 2249 690 2305 Testis
715 2259 770 2304 et
792 2247 1064 2317 exsequiis
1085 2262 1245 2317 quem
1274 2246 1386 2310 dat,
1415 2262 1538 2301 mox
1569 2255 1756 2314 captat
1775 2245 2059 2300 honorem.

504 2342 771 2400 Traditur
798 2343 886 2397 hic
914 2341 1099 2395 multis
1129 2341 1251 2394 aliis
1277 2355 1492 2409 quoque
1522 2339 1756 2409 fulgidus
1786 2338 1943 2402 actis,

502 2433 550 2490 E
579 2435 771 2506 quibus
794 2434 847 2490 id
882 2447 979 2503 per
1007 2447 1130 2488 eum
1164 2433 1382 2486 tradunt
1412 2431 1760 2487 memorabile
1787 2439 2017 2500 gestum.

478 2526 811 2583 .Paneadam
847 2542 1007 2596 quam
1036 2523 1323 2579 Phoenices
1345 2523 1644 2591 antiquitus
1673 2522 1864 2575 urbem

501 2617 723 2681 Dicunt,
749 2616 1049 2671 Caesaream
1076 2614 1249 2670 nostri
1276 2614 1462 2666 dixere
1499 2611 1758 2680 Philippi;

503 2708 704 2765 Panius
730 2708 872 2764 hanc
897 2720 1064 2777 prope
1097 2721 1273 2771 mons,
1295 2704 1448 2773 cujus
1483 2704 1758 2758 radicibus
1779 2709 1932 2757 ortus

471 2797 756 2854 -Jordanis
782 2797 994 2868 gemino
1023 2796 1285 2851 asseritur
1313 2793 1604 2864 procedere
1631 2791 1814 2847 fonte:

501 2885 668 2944 Moris
697 2896 813 2942 erat
836 2895 1167 2942 mactaretur
1201 2901 1310 2958 quo
1332 2886 1549 2940 victima
1573 2893 1724 2940 certo

503 2977 851 3048 Solemnique
879 2979 964 3034 die
994 2977 1155 3033 fatuis
1181 2994 1211 3032 a
1249 2978 1497 3047 gentibus
1522 2978 1630 3034 illic

475 3069 847 3136 ..-Da2monicae,
872 3069 993 3124 fuco
1015 3084 1134 3139 quae
1159 3067 1364 3123 fraudis
1402 3070 1651 3139 adempta
1685 3069 1904 3134 dolusat,

498 3158 838 3225 'Vaneseens,
867 3161 1041 3214 oculis
1071 3173 1338 3228 nusquam
1365 3175 1560 3228 parere
1586 3160 1839 3224 solebat,.

482 3248 786 3319 famaque
805 3250 1068 3307 suadebat
1085 3250 1470 3320 .prmscntibus,
1495 3251 1671 3307 hostia
1695 3251 1826 3306 celsi

2191 1514 2341 1581 Quod
2369 1515 2686 1572 mirabiliter
2700 1522 2902 1586 peteret
2923 1517 3217 1586 penetralia
3235 1516 3359 1574 caeli

2190 1607 2426 1680 Contigit
2458 1609 2754 1673 Asterium,
2786 1611 3060 1678 quondam
3091 1611 3336 1680 dcccptio
3368 1609 3490 1664 talis

2113 1727 2162 1787 Β
2192 1701 2324 1755 Dum
2356 1701 2584 1770 geritur,
2608 1716 2733 1756 casu
2764 1709 3086 1772 praesentem
3111 1711 3291 1756 astare
3326 1701 3562 1770 profanis

2192 1793 2615 1864 Przestringique
2653 1793 2839 1847 videns
2863 1793 3105 1862 stupidas
3130 1794 3506 1864 phantasmate
3534 1801 3723 1864 mentes,

2192 1885 2522 1954 Erroresquc
2549 1883 2732 1938 dolens
2764 1883 3060 1946 hominum,
3092 1886 3384 1938 miseratus
3420 1894 3475 1938 et
3500 1899 3645 1938 orans

2191 1974 2435 2044 Ingemit,
2465 1983 2625 2043 atque
2651 1973 2835 2028 oculos
2857 1974 3009 2029 caelis
3033 1972 3352 2043 palmasque
3376 1974 3671 2043 rependens,

2189 2067 2406 2123 Invocat
2435 2075 2646 2120 interno
2669 2065 2953 2119 Dominum
2984 2065 3221 2120 clamore
3250 2074 3552 2135 potentem,

2191 2158 2511 2227 Integraque
2541 2155 2644 2209 ﬁde
2677 2155 2873 2224 poscit,
2898 2155 3262 2226 lacrymisque
3292 2155 3529 2224 profusis

2189 2249 2443 2320 Flagitat,
2475 2249 2677 2318 antiqui
2703 2248 2922 2302 fallaces
2950 2258 3143 2318 arguat
3169 2258 3312 2300 artes

2193 2340 2494 2410 Serpentis,
2525 2341 2738 2394 miseris
2768 2354 3054 2394 removens
3084 2337 3405 2393 mortalibus
3439 2336 3592 2409 hujus

2189 2429 2454 2500 Pi'azstigii
2486 2429 2728 2496 nebulas,
2761 2445 3066 2498 arcanaque
3092 2439 3332 2483 monstra
3365 2429 3620 2486 revolans.

2192 2523 2318 2580 Ilmc
2345 2525 2612 2594 rogitante
2642 2523 2744 2592 piis
2765 2523 3016 2593 precibus
3044 2538 3166 2577 cum
3199 2521 3416 2577 ﬂetibus
3443 2521 3599 2587 almo,

2193 2615 2332 2670 Ecce
2360 2613 2652 2684 superferri
2681 2615 2862 2669 subito
2886 2615 3222 2684 depromitur
3251 2613 3468 2684 anguis,

2199 2705 2425 2761 Victima
2449 2705 2644 2760 divinis
2676 2705 2886 2759 Sublata
2918 2714 3102 2774 ptitata
3138 2703 3341 2774 rapinis

2193 2797 2442 2860 Reddita,
2470 2806 2787 2852 CllﬂL’lOl‘llm
2817 2795 2962 2850 fluvii
2995 2795 3374 2864 conspectihus
3399 2792 3528 2848 imo.

2187 2890 2284 2945 Sic
2315 2890 2436 2944 ﬁdei
2477 2904 2636 2960 prece
2667 2889 3004 2944 Christicola:
3035 2887 3267 2944 resoluta
3295 2886 3499 2943 fatiscit

2193 2982 2432 3038 ditatum
2464 2981 2580 3037 falsi
2611 2991 2882 3036 tantarqu
2922 2982 3170 3036 machina
3200 2980 3330 3042 ludi,

2195 3074 2266 3130 Ut
2295 3090 2397 3128 non
2425 3075 2573 3129 hisce
2604 3075 2736 3130 locis
2765 3074 3004 3143 reparari
3031 3072 3266 3143 quiverit
3289 3085 3447 3128 error

2194 3167 2456 3236 Amplius,
2480 3167 2568 3223 hic
2593 3167 2724 3222 clari
2751 3166 3021 3236 patefacto
3049 3164 3251 3220 lumine
3280 3162 3420 3220 veri.

496 3431 510 3485 ξ
1939 3405 2163 3464 CAPUT
2205 3407 2316 3462 XV.

1814 3520 1902 3575 De
1927 3531 2101 3576 statua
2139 3520 2432 3576 Salvatoria

485 3653 771 3711 'T‘aneadte
791 3654 928 3710 civis
952 3653 1149 3710 mulier
1174 3645 1526 3724 deprenditur
1551 3651 1730 3722 hujus,

502 3745 745 3802 Fimbria
765 3761 925 3816 quam
950 3744 1159 3800 Domini
1189 3754 1440 3799 contacta
1469 3759 1663 3799 cruore
1692 3745 1912 3800 levavit.

502 3837 661 3894 xEdis
689 3853 790 3910 pro
813 3837 1040 3903 foribus,
1064 3835 1218 3905 cujus
1247 3836 1394 3891 basis
1419 3851 1579 3899 mrea,
1608 3835 1717 3889 ﬁxa

501 3930 836 3985 Constiterat
867 3929 1145 3985 muliebris
1169 3929 1373 3982 habens
1401 3926 1652 3997 ﬁgmenta
1683 3928 1865 3998 ﬁgura:

499 4020 747 4086 Femina,
779 4035 876 4075 ceu
907 4020 1115 4088 palmas
1150 4020 1378 4073 tendens
1405 4017 1739 4088 genibusque
1773 4019 1974 4074 voluta.

503 4111 688 4165 Altera
709 4109 964 4164 salviﬁcis
993 4119 1226 4164 statuam
1253 4108 1401 4163 basis
1425 4123 1533 4162 tere
1562 4108 1783 4174 gerebat

505 4197 732 4268 Compta
758 4198 918 4263 stola,
943 4198 1188 4252 dextram
1225 4197 1379 4266 quasi
1409 4196 1799 4271 pergcrctjpro
1835 4198 2078 4269 porrige-

1531 4289 1658 4362 [rct)
1685 4289 2013 4346 auxiliando.

500 4379 660 4439 lianc
678 4397 836 4441 secus
860 4397 1149 4456 erumpens
1178 4383 1327 4438 humi
1361 4380 1634 4437 innascier
1671 4380 1836 4438 herba
1867 4443 1873 4453 ,

2115 3636 2160 3694 (ἶ
2191 3653 2452 3708 Crescere
2481 3666 2546 3706 au
2569 3667 2740 3707 erasa:
2764 3660 3025 3708 consueta
3053 3651 3248 3707 lacinia
3275 3652 3464 3717 vestis,

2193 3745 2320 3811 Qua:
2347 3760 2468 3797 mox
2511 3743 2808 3800 fromlentis
2832 3747 3092 3815 tetigisset
3120 3746 3325 3801 vertice
3351 3745 3496 3810 enni,

2191 3836 2473 3891 I’cllcndns
2507 3837 2670 3890 robur
2697 3839 2913 3892 morbos
2944 3837 3190 3908 capiebat
3212 3839 3278 3891 ad
3316 3852 3526 3905 omnes,

2195 3925 2276 3980 Nil
2307 3927 2521 3980 virtutis
2554 3929 2761 3982 habens
2781 3944 2930 3982 sacra
2969 3929 3069 3982 nisi
3107 3939 3247 3982 tacta
3290 3927 3526 3982 lacerna.

2189 4017 2434 4074 Pet-ﬁdus
2463 4021 2598 4074 hanc
2625 4035 2789 4075 cui-nu
2820 4031 3004 4076 taurus
3027 4022 3118 4091 qui
3147 4022 3415 4077 obsistere
3464 4015 3625 4090 ruptis

2188 4113 2426 4168 Irruerat
2451 4115 2667 4170 domino
2701 4113 2849 4180 loris,
2875 4116 3029 4183 petit,
3064 4116 3262 4184 impete
3289 4118 3472 4178 vertit,

2190 4205 2565 4276 Figmentique
2585 4207 2780 4261 furens
2811 4209 3012 4277 proprii
3036 4207 3326 4264 simulacra
3363 4208 3588 4280 reponit,

2191 4293 2417 4350 Cwlitus
2448 4293 2637 4350 aIfulso
2663 4297 2857 4352 teritur
2891 4298 3031 4368 quod
3060 4297 3284 4355 fulmine
3312 4310 3560 4356 trimcum

2193 4385 2370 4456 Atque
2400 4395 2551 4442 notat
2581 4386 2771 4459 jugulo
2809 4390 2974 4445 divini
3004 4382 3234 4446 vindicis
3262 4391 3455 4447 ictum.

1903 4539 2131 4597 CAPUT
2181 4542 2319 4598 XVI.

1849 4647 1930 4704 De
1953 4663 2133 4707 sancto
2162 4652 2458 4727 Pamphilo.

502 4787 714 4845 Floruit
731 4784 823 4842 hic
846 4783 1025 4841 clarus
1053 4781 1362 4838 venerando
1390 4778 1706 4852 Pamphilus
1729 4791 1854 4837 actu

507 4878 733 4950 Martyr,
759 4875 1133 4945 presbyterum
1163 4872 1383 4942 dignum
1409 4886 1566 4940 quem
1594 4873 1749 4926 laude
1779 4875 2014 4929 sacravit

510 4969 745 5040 Agapius
777 4965 992 5036 prazsul,
1025 4962 1183 5032 hujus
1211 4963 1546 5033 largissimus
1582 4966 1733 5019 nrhis

507 5060 649 5129 Erga
676 5058 884 5127 inopes,
909 5066 962 5109 et
987 5056 1066 5110 eis
1096 5055 1378 5109 devinctus
1406 5070 1589 5110 amore
1611 5066 1868 5125 paterno;

507 5151 678 5178 Ιηηηιι
702 5147 1050 5178 ηιιιιησιιισιηιδιι
1077 5146 1369 5178 Ιῗηηιηοῖσὶιὶι
1403 5146 1615 5178 en'Aa-l'nn
1646 5147 1796 5178 nntius

2112 4769 2164 4830 Ῑ)
2193 4786 2356 4859 Signa
2387 4805 2576 4845 manus
2605 4792 2870 4859 recolens,
2895 4795 3119 4865 vestigia
3141 4779 3423 4866 sanguinis
3447 4795 3602 4850 edens

2192 4880 2449 4934 Articulis
2484 4892 2706 4936 sanctus
2726 4887 2961 4953 prepriis
2983 4901 3102 4954 qua:
3125 4896 3332 4954 martyr
3351 4892 3556 4951 ararat,

2191 4968 2291 5035 Qui
2333 4970 2520 5039 plenus
2558 4969 2706 5035 ﬁdei,
2738 4974 2902 5027 divini
2933 4975 3123 5042 plenus
3150 4976 3352 5030 amoris

2193 5063 2372 5132 Regna
2399 5063 2745 5134 triumphavit
2769 5066 2952 5119 feralia
2978 5044 3312 5123 Maximiani.

2194 5155 2454 5178 D..--I.!-_-
2481 5156 2524 5178 1³.
2567 5171 2634 5178 .-,
2685 5157 2756 5178 ,779
2785 5176 2790 5177 ,
