3872 5326
129 283 219 342 as
564 280 654 339 es
680 275 1054 339 'l‘ﬁwlPﬂlS
1090 273 1356 334 curusn
1394 272 1482 330 er
1521 270 1623 329 ss.
1648 262 2079 333 ramum-1
2111 262 2289 321 unm
2327 251 2628 319 rnes.‘-‘-
2664 258 2790 315 me.
2832 252 2896 313 n.
3243 246 3355 315 επ

1422 466 1425 467 ί
1486 379 1713 438 eaeor
1751 376 1914 439 xvii.

1408 473 1489 529 De
1525 471 1753 527 Eusebio
1778 470 2049 540 scriptore.

134 594 414 669 llartyrbtc
437 595 652 665 adjutor
672 604 948 650 sacrorum
972 602 1026 646 tn
1057 590 1177 646 luce
1201 589 1459 644 librorum
1704 575 1751 630 Α
1782 584 1858 638 Ex
1913 581 2137 638 inﬁnitis
2187 578 2321 640 fere.
2375 591 2470 633 sea
2514 574 2770 647 prreclara
2826 571 3074 627 feruntur

135 664 404 747 Huic'nitct
433 664 689 751 Eusebio,
716 685 1014 754 Scriptura:
1042 698 1202 750 quem
1230 688 1389 736 vocat
1421 680 1536 750 ipso
1782 674 2022 731 llistoria
2047 670 2325 735 Ecclesiae,
2355 667 2603 723 Canones
2641 664 3073 736 Evangeliornm,

137 780 461 851 Hieronymus
488 778 717 841 clavem,
746 753 1165 843 testamentique
1190 772 1446 842 perennis
1782 766 2117 825 Omuimodis
2143 763 2470 823 Cbromcon,
2496 759 2660 829 gestis
2686 756 3010 820 clarissima,
3036 753 3191 822 cujus

136 847 421 937 Custodem,
449 884 758 926 memorans
812 865 1212 939 quamplurima
1250 876 1478 934 qua:th
1501 858 1679 916 revol-
1784 858 2041 915 Doctrina
2069 867 2229 927 atque
2255 854 2388 910 fides
2411 867 2634 923 operum
2657 849 2926 920 probitate
2963 847 3192 903 renidet.

1493 951 1610 1023 [vat

908 1183 915 1189 _
1016 1182 1022 1189 ,
1346 1185 1351 1189 _
1500 1088 1733 1159 CAPUT
1771 1097 1955 1155 xvm.

890 1183 969 1251 De
1000 1182 1299 1266 Theophila,
1324 1185 1511 1247 Acacio
1537 1203 1583 1246 et
1601 1188 1828 1245 Gelasio.
1868 1216 1939 1229 -—
1981 1184 2195 1255 Reliqua
2220 1182 2423 1237 itineris
2447 1179 2651 1235 Parthe.

137 1312 428 1384 Theophilus
452 1309 653 1383 prtesul
677 1309 770 1365 hic
796 1308 997 1364 lumine
1028 1306 1226 1362 claruit
1252 1305 1419 1370 almo,
1785 1299 1957 1355 Parva
1983 1296 2078 1352 sed
2107 1295 2340 1351 admittit
2363 1293 2618 1347 vitantem
2641 1289 2877 1346 eulmina
2901 1284 3060 1344 cella.

138 1407 361 1475 Doginate
383 1380 681 1474 puriﬁcaus
704 1410 948 1455 errantes
971 1396 1177 1452 Pascha
1204 1393 1438 1450 colendi.
1785 1394 1940 1449 Tunc
1974 1392 2091 1447 loca
2114 1398 2306 1446 cuncta
2336 1388 2438 1458 piis
2463 1385 2664 1442 Christi
2690 1384 2899 1455 signata
2933 1380 3217 1451 trimuphis

138 1498 230 1553 llac
251 1495 403 1549 etiam
431 1492 675 1546 renitens
698 1489 927 1543 antistes
955 1487 1189 1543 Aeacius
1219 1485 1374 1548 urbe.
1787 1483 2148 1549 Cirrnmiens,
2176 1493 2370 1549 magno
2398 1475 2521 1530 ﬁdei
2555 1482 2844 1549 veneratur
2869 1486 3077 1526 amore.

139 1585 377 1657 Expositis
403 1584 531 1638 ΙΜρὶ
566 1580 871 1636 Salomonis
900 1579 1149 1648 dogmata
1175 1576 1372 1629 Ιιιδῑνίὶι
1396 1587 1413 1627 ³
1788 1576 2065 1634 Prostrata
2089 1586 2215 1630 ante
2243 1589 2458 1631 crucem
2481 1560 2764 1627 Dominum
2789 1578 2846 1623 ut
2877 1577 3093 1623 tueatur
3118 1566 3309 1619 adorat

140 1676 369 1731 Praeterea
399 1672 568 1727 multa
594 1671 888 1726 Ecclesiaut
914 1683 1129 1739 quoque
1158 1667 1278 1720 luce
1307 1671 1573 1720 vcnustat.

1828 1672 2141 1733 “cadentem,
2172 1666 2356 1721 mundi
2386 1678 2598 1734 quoque
2624 1661 2851 1716 crimina
2879 1668 3053 1713 morte
3086 1657 3357 1727 piantem:

142 1764 220 1831 Qui
244 1781 331 1833 pro
354 1763 573 1820 Libcrio
599 1760 833 1815 Felicem
860 1759 988 1813 sede
1015 1764 1241 1812 coronat

1788 1761 2093 1830 Osculaque
2118 1757 2286 1828 aﬁigit
2307 1754 2491 1825 lapidi,
2524 1753 2801 1823 complexa
2830 1748 3157 1820 sepulcrum,

141 1857 371 1921 Gelasius,
402 1862 526 1926 post
554 1851 850 1907 Euzonium
881 1850 993 1905 sale
1027 1850 1200 1903 fertur
1227 1850 1454 1904 honesto

142 1949 221 2005 llic
241 1949 463 2020 viguisse
492 1961 649 2000 sacer
676 1959 849 2015 parca.
871 1943 966 1998 sed
994 1942 1227 1997 condere
1258 1941 1471 1996 dextra.

1790 1853 2025 1925 Angelus
2050 1859 2229 1905 amoto
2258 1855 2466 1903 reserat
2491 1860 2597 1916 quo
2624 1842 2811 1913 gaudia
2838 1841 2983 1905 vitm,

1785 1942 2153 2012 All-ambitque
2179 1941 2376 2001 locum,
2411 1937 2770 2007 lacrymarum
2800 1932 3019 1987 ﬂumine
3044 1927 3187 1993 fuso,

197 2036 465 2107 Postquam
491 2033 753 2090 Cursarem
783 2033 1043 2087 lustrasse
1074 2029 1313 2086 sacraria
1342 2030 1544 2101 gatltict
1788 2035 1864 2090 De
1893 2032 2104 2088 Domini
2137 2029 2396 2085 membris
2424 2024 2755 2081 monumenti
2780 2022 2900 2093 jure
2928 2028 3199 2076 sacratum

144 2126 297 2190 Paula.
322 2141 414 2196 per
434 2125 712 2195 Antipatri
744 2124 946 2178 dictum
978 2124 1044 2177 dc
1070 2121 1289 2177 nomine
1316 2130 1552 2176 castrum
1787 2127 1923 2182 ttinc
1952 2125 2167 2179 tandem
2190 2121 2477 2193 egrediens
2499 2118 2627 2174 Sion
2655 2115 2899 2172 ascendit
2928 2114 2979 2168 in
3010 2128 3196 2168 arcem

145 2216 437 2271 δειῐιίηιιιιηι
476 2215 752 2285 gradiens,
779 2214 1040 2284 Lytldam,
1067 2213 1334 2283 Diospolis
1359 2227 1455 2269 ore
1787 2218 2062 2273 Montibus
2089 2218 2140 2270 in
2172 2213 2401 2277 sanctis,
2425 2209 2581 2279 cujus
2611 2207 2925 2263 fundamina
2951 2204 3155 2275 pollent

144 2301 250 2371 Qua:
274 2303 436 2359 fertur
464 2303 653 2369 Graio,
682 2318 788 2357 non
820 2303 1002 2374 segnis
1037 2303 1117 2359 ire
1142 2302 1364 2373 sategit.

1788 2308 1964 2363 Portae
1988 2315 2042 2361 et
2069 2316 2247 2361 castra
2279 2304 2388 2358 Dco
2423 2303 2603 2357 chara:
2634 2315 2797 2368 super
2824 2298 3003 2354 omnia
3032 2286 3219 2351 Jacob.

144 2395 366 2451 Dorcadis
390 2394 697 2465 (Euezeque
730 2395 875 2450 salus
906 2394 1044 2449 hanc
1070 2393 1270 2464 fulgida
1301 2394 1485 2450 comit.
1787 2399 1903 2454 Non
1932 2398 2035 2452 ill-.e
2059 2396 2289 2450 fliunmis
2312 2393 2496 2464 quales
2526 2399 2757 2446 uruntur
2783 2391 2849 2443 ab
2882 2387 3075 2451 hostis,

144 2483 268 2539 [land
297 2485 484 2555 procul
513 2486 639 2540 ltiue
672 2484 1036 2554 Arimathiam
1067 2486 1241 2540 vicum
1271 2486 1435 2540 intrat
1462 2484 1650 2556 Ioseph
1669 2519 1685 2550 ,
1785 2493 1856 2548 At
1879 2492 2076 2563 quibus
2100 2491 2329 2545 intratur
2354 2487 2502 2557 regni
2534 2483 2771 2540 ctelestis
2801 2482 2854 2535 in
2883 2480 3082 2535 aulam.

144 2576 375 2633 Ctelornm
417 2578 699 2633 Dominum
730 2578 876 2648 digni
910 2579 1143 2633 condere
1171 2578 1439 2647 sepulcro.

1787 2585 1903 2640 Non
1936 2584 2095 2639 siccis
2116 2590 2368 2652 spectans
2394 2578 2565 2634 oculis
2595 2574 2878 2647 aspergine
2906 2573 3111 2632 Christi
3170 2594 3174 2599 ·

144 2669 246 2724 lude
269 2670 606 2726 sacerdotum
635 2668 858 2723 Niobem
884 2667 1135 2741 [Nobem]
1159 2669 1398 2724 succedit
1419 2669 1472 2723 in
1497 2669 1687 2724 urbem
1790 2674 2081 2746 sanguinis
2110 2672 2239 2726 infer
2254 2678 2363 2724 tam
2399 2669 2563 2724 vincti
2593 2666 2823 2735 cmsique
2857 2664 3185 2727 columnam,

146 2758 247 2814 Post
266 2763 563 2817 occisorqu
590 2760 852 2814 tumulum
883 2759 1024 2814 tristi
1049 2760 1230 2815 omine
1257 2760 1457 2814 dictam
1482 2760 1647 2830 (156).
1686 2826 1691 2829 _
1756 2768 1919 2837 .an
1946 2778 2092 2823 certe
2121 2765 2349 2819 assidua:
2378 2760 2742 2817 moderamina
2771 2760 2918 2828 larga
2952 2756 3142 2811 salutis

142 2849 255 2935 ⁵ιιίιιο
279 2850 500 2922 anpem
526 2861 740 2921 portum
770 2861 1021 2922 penetrat
1050 2851 1306 2921 fugientis
1339 2851 1510 2915 tonm;
1790 2859 1919 2914 Fert
1951 2858 2071 2913 ﬁdis
2102 2855 2276 2909 valida
2307 2852 2582 2924 applicilis
2609 2852 2743 2906 dans
2774 2850 2964 2905 robora
2997 2846 3190 2902 vinclis

149 2938 271 2996 Unde
296 2945 435 2996 viam
469 2953 717 3013 repetens
747 2942 941 2998 celeris
969 2943 1189 2997 divertit
1217 2941 1269 2995 iu
1297 2941 1576 2996 Emmaus.
1789 2948 1999 3003 Pellem
2028 2947 2271 3001 diversas
2300 2946 2509 2999 medico
2537 2941 2800 2996 solamine
2831 2947 3033 3011 pestes,

84 3080 87 3083 Α
149 3027 254 3094 Quae
284 3047 426 3087 nunc
455 3031 749 3102 Nicopolis,
780 3032 1039 3086 Dominus
1067 3047 1171 3100 qua
1203 3030 1467 3102 fragmine
1500 3032 1656 3104 panis
1766 3040 2038 3096 puniens
2066 3038 2310 3093 ecclesia;
2339 3052 2442 3106 qua
2473 3042 2775 3091 ευειριιιςιια
2802 3033 3051 3096 levatur;

147 3119 345 3189 Ᾱὲηίιιιε
367 3133 453 3179 t‘Sl
485 3125 589 3179 illis
619 3140 848 3195 quorum
873 3124 1092 3197 dilectio
1119 3139 1246 3179 vera
1790 3130 2053 3184 Panditur
2076 3128 2201 3182 inde
2224 3128 2371 3181 locus
2400 3124 2597 3187 Paul-.13,
2627 3140 2734 3194 quo
2756 3120 2993 3193 Spiritus
3019 3120 3193 3175 almus

150 3210 297 3269 Factis
320 3216 533 3282 enituit,
561 3232 791 3288 quorum
825 3218 1082 3272 irradiata
1112 3217 1411 3287 probantur

150 3301 361 3374 Lumina,
397 3310 524 3365 dum
562 3310 731 3378 gestis
757 3308 1001 3364 caelestia
1028 3310 1180 3379 jnssa
1216 3308 1479 3365 decorant

1792 3221 2018 3276 Centum
2047 3220 2130 3274 bis
2155 3219 2427 3288 denosque
2453 3231 2614 3287 super
2642 3213 2998 3269 descenderat
3030 3227 3199 3283 agnos

1794 3314 1893 3369 llic
1923 3329 2134 3384 quinque
2167 3314 2492 3384 pauperibus
2526 3310 2726 3366 Christi
2757 3310 2842 3380 pia
2882 3309 3023 3363 dona
3057 3308 3371 3364 ministrata:

149 3396 200 3501 lit
224 3411 436 3501 noscunt
456 3417 621 3471 opera
652 3402 797 3501 quod
823 3416 930 3501 non
963 3416 1256 3472 agnoscere
1287 3408 1515 3473 possunt
1793 3406 2059 3475 Competit
2087 3414 2327 3475 aptatam
2360 3404 2517 3474 longo
2548 3401 2842 3473 spiramine
2872 3400 3148 3465 Bethlem;

148 3487 332 3551 Audito,
369 3502 726 3562 reteguntque
754 3492 916 3547 simul
953 3507 1061 3546 non
1090 3506 1213 3547 esse
1235 3492 1477 3547 beandos
1790 3498 1968 3567 Atque
1996 3512 2212 3566 specum
2246 3495 2554 3565 ingrediens
2580 3493 2821 3548 divinum
2853 3491 3088 3561 Virginis
3111 3490 3266 3548 alvus

149 3577 391 3645 Quoslibet
417 3598 514 3637 ore
545 3583 723 3646 modo,
752 3582 797 3637 si
830 3597 936 3637 non
966 3584 1105 3637 bona
1136 3581 1277 3637 facta
1305 3591 1621 3653 sequantur.
1793 3590 1907 3656 Qua
1935 3588 2110 3657 posuit
2135 3596 2367 3656 partum,
2394 3600 2654 3656 pra-sepe,
2680 3584 2937 3639 animalia
2964 3585 3168 3640 Christi

151 3669 232 3725 llic
251 3689 348 3743 quo
385 3673 532 3729 fonte
561 3675 724 3745 pedes
755 3674 903 3729 visus
922 3673 1121 3730 lavisse
1157 3674 1483 3744 Redemptor
1792 3677 1910 3744 Quo
1944 3675 2154 3730 Domini
2182 3690 2450 3743 agitavere
2472 3674 2575 3736 sui,
2600 3689 2660 3731 se
2694 3690 2918 3731 cernere
2946 3675 3064 3730 visu
3147 3725 3153 3738 ,

150 3762 396 3834 Apparens
419 3782 542 3822 cum
573 3766 871 3836 discipulis,
901 3780 1233 3837 numeroque
1264 3765 1483 3823 lnuntur
1792 3769 2051 3824 Testatur
2080 3768 2201 3822 ﬁdei
2234 3768 2420 3822 stratis
2447 3767 2676 3836 puerilia
2713 3766 2907 3837 pannis

148 3851 420 3911 Morborum
450 3858 554 3913 hoc
585 3866 767 3927 pestes
805 3858 1076 3912 variorum
1114 3856 1367 3910 animalia
1406 3856 1689 3929 Iinquuut_,
1793 3859 2031 3915 Membra
2046 3857 2234 3928 jacere
2261 3857 2379 3922 Dei,
2402 3856 2611 3913 stabulo
2634 3858 2858 3927 deposta
2885 3857 2988 3913 sub
3014 3867 3207 3916 arcto:

148 3940 355 4015 lnclytus
376 3946 501 4002 hinc
520 3944 813 4017 Cleopbas,
835 3946 992 4015 cujus
1012 3955 1227 4002 sacrata
1259 3946 1481 4002 nitescit
1794 3950 2024 4006 Sedulus
2059 3951 2277 4004 intactae
2306 3948 2463 4002 matri
2490 3949 2748 4003 nutritins
2771 3958 2958 4021 aptum

150 4031 344 4105 Hospite
366 4038 525 4109 digna
552 4037 743 4094 domus
771 4037 1018 4101 Domino,
1047 4037 1326 4108 jngulatur
1346 4037 1401 4091 in
1428 4038 1559 4109 ipsa,
1794 4039 2006 4096 Praebet
2028 4049 2087 4094 ut
2115 4038 2469 4108 obsequium;
2501 4039 2783 4096 venientes
2817 4051 3058 4112 tempore
3088 4045 3269 4100 nocua

149 4116 334 4180 iudzeos
356 4126 556 4181 Christi
589 4141 782 4196 passus
813 4142 912 4197 pro
936 4125 1094 4180 laude
1126 4125 1402 4192 furentes;
1792 4131 2067 4199 Pastores,
2095 4132 2439 4201 stellamque,
2469 4129 2653 4201 Magos
2684 4131 2769 4202 pia
2798 4148 3025 4189 munera
3047 4135 3241 4192 dantes
3262 4152 3282 4192 :

150 4210 345 4285 Quaque
368 4220 530 4272 etiam
555 4217 734 4273 cultus
761 4218 958 4272 celebri
986 4217 1188 4287 pietate
1215 4216 1457 4286 sepultus
1794 4222 2084 4277 Lacteutes
2101 4236 2291 4286 caesos,
2317 4219 2584 4275 Herodem
2610 4221 2754 4276 caede
2775 4219 3077 4287 furentem;

150 4304 297 4371 Quem
327 4312 480 4366 terris
508 4310 795 4364 Dominum
827 4312 1044 4381 propria
1069 4319 1382 4379 susceperat
1414 4308 1548 4374 :ede,
1797 4313 1866 4370 Ut
1902 4315 2036 4384 petit
2061 4303 2354 4384 Egyptum
2379 4311 2577 4383 Josepb
2600 4313 2891 4369 comitante
2918 4314 3108 4370 Maria.

152 4391 287 4500 uir.“
315 4399 935 4500 PO'i-Sui‘ernasn'afoiil
962 4399 1064 4455 Sibi
1094 4399 1583 4500 donlalafiattlem-
1794 4406 1995 4476 Sicque
2023 4407 2244 4462 doumm
2273 4405 2429 4474 panis
2454 4403 2708 4477 lacrymis
2736 4417 2993 4462 venerata
3026 4408 3265 4479 profusis

207 4486 428 4560 Nicopoli
458 4492 742 4560 egrediens
768 4492 1035 4545 Bethoron
1064 4490 1382 4546 conscendit
1409 4499 1693 4558 utramque
1794 4495 1968 4550 Fonte
1997 4497 2087 4565 pio
2124 4495 2285 4565 Regis
2311 4496 2579 4549 cunabula
2610 4511 2763 4550 sacra
2794 4496 3017 4550 salutat.

150 4575 315 4682 falli!)
335 4583 491 4682 ttt‘bes
523 4583 678 4682 regis
697 4581 1001 4682 Salomonis
1027 4583 1231 4638 honore
1260 4582 1488 4648 locatas,
1718 4613 1766 4671 Ι)
1796 4585 1951 4640 llautl
1983 4586 2171 4655 procul
2202 4585 2327 4639 inde
2361 4585 2499 4655 petit
2529 4586 2719 4638 turrim
2744 4587 2925 4655 gregis
2951 4587 3130 4643 omine
3153 4590 3303 4645 claro

269 4672 466 4774 “94"”:
485 4675 637 4774 Yffi“
663 4672 926 4728 δεηοτυιη
956 4674 1171 4774 ιυτιξηθ
1196 4687 1377 4774 "eisiis
1405 4690 1421 4725 ε
1724 4669 1743 4671 ⁷
1797 4684 1927 4751 Quae
1945 4682 2114 4740 Iacob
2148 4691 2373 4751 paverat
2395 4698 2544 4748 oves,
2567 4683 2667 4736 sibi
2692 4683 2841 4741 vocis
2863 4684 3125 4740 honorem
3414 4684 3439 4725 ί

150 4758 187 4810 Δ
209 4759 396 4817 dextris
427 4762 681 4818 Gabaona
709 4773 885 4830 tuens,
922 4780 1026 4834 qua
1060 4763 1225 4832 ﬁgere
1255 4764 1422 4819 solem

151 4847 211 4867 ιν
383 4855 395 4867 .
528 4856 539 4867 .
583 4857 615 4867 .,
655 4858 676 4867 -
742 4865 750 4867 μ
1081 4856 1093 4867 .
1205 4855 1219 4867 .

1797 4774 2066 4845 Angelieze
2086 4775 2382 4829 hauserunt
2406 4783 2678 4842 pastores,
2700 4773 2905 4842 Gloria,
2931 4790 3143 4830 summo

150 4847 433 4957 ξ”ξηξξέίξδ
456 4856 623 4957 valuit
651 4858 824 4911 "eius
849 4855 1370 4957 ‘f"$“°mi"ff3_-'f35"30
1799 4867 1912 4934 Qua
1950 4874 2166 4922 cantata
2194 4865 2303 4919 Deo
2333 4863 2653 4922 mortalibus
2684 4876 2850 4940 atque
2876 4866 3125 4937 benignis

153 4941 378 5001 Substitit
402 4948 455 5002 in
485 4948 693 5013 Gabaa,
718 4949 1069 5019 meminitque
1095 4947 1316 5004 libidine
1347 4964 1516 5007 cmsos
1798 4957 1908 5011 Pax
1940 4955 2136 5026 legata,
2162 4954 2330 5009 choro
2359 4955 2545 5011 laudes
2576 4957 2844 5020 renonum
2868 4973 3123 5029 superno.

154 5029 520 5132 .Sfxcentosque
551 5050 864 5097 reservatus
889 5043 942 5097 in
973 5040 1182 5109 origine
1216 5041 1387 5097 Pauli.
1714 5108 1717 5111 Ἴ
1799 5046 1971 5113 Quem
1997 5060 2164 5115 prope
2197 5045 2324 5100 dum
2354 5057 2646 5117 pascuntur
2672 5063 2839 5121 ογρεσ
2872 5068 2938 5107 θη
2966 5049 3180 5107 Veneris
3215 5066 3391 5132 agon!

152 5117 275 5226 llinc
298 5128 468 5226 urbem
496 5132 656 5187 misto
688 5132 939 5202 trinoque
961 5132 1245 5188 vocamine
1274 5134 1475 5190 dictam
1799 5137 2079 5207 Detegitur
2106 5135 2252 5209 puri,
2276 5137 2486 5194 caelesti
2512 5152 2565 5195 et
2589 5154 2716 5196 rore
2747 5117 2971 5220 repieti,
