3872 5326
479 343 611 400 ~39.7

510 457 679 526 Ilujus
703 470 822 509 cum
847 454 1009 510 sociis
1029 452 1191 508 evicit
1216 453 1500 523 episcopus
1526 449 1699 515 urbis,

510 546 739 615 Quando
762 544 815 600 in
855 542 1085 598 Fanensi
1128 539 1449 613 [Fennensi]
1491 539 1686 609 capitis
1718 552 1922 593 caesura
1972 552 2084 590 me-

1868 626 2020 698 [talio

435 718 439 723 ’
502 728 880 799 Quadraginta
909 724 1068 781 simul
1090 723 1349 779 coelorum
1379 722 1446 776 ad
1479 721 1671 793 gaudia
1699 721 1868 777 misit.

495 820 632 875 Mox
665 818 791 873 hinc
814 820 880 872 ad
911 818 1154 871 dextram
1186 814 1417 869 Bethsur
1443 813 1725 881 transitur,
1750 821 1804 867 et
1837 811 2051 873 Eschol,

492 911 667 966 Unde
692 909 907 966 bonum
936 912 1156 978 portant
1186 906 1356 978 geruli
1386 906 1646 975 praesagia
1675 904 1874 960 Clu-isti

513 1004 846 1066 Gestautem,
874 1002 1021 1071 ligno
1048 1015 1319 1070 appensus
1344 999 1434 1068 qui
1463 998 1638 1053 dulcia
1672 997 1811 1051 fudit

514 1094 651 1149 Vina
681 1092 815 1157 suis,
840 1099 1150 1160 terramque
1176 1090 1324 1144 dedit
1348 1089 1566 1144 dulcore
1592 1086 1867 1144 ﬂuentem.

513 1184 654 1238 Hinc
685 1182 834 1237 Sara.-
862 1180 1051 1235 cellam
1082 1180 1216 1250 petit
1241 1189 1293 1233 et
1321 1178 1546 1248 vestigia
1574 1191 1812 1247 quercus

514 1274 768 1337 Abrahae,
800 1280 1043 1342 spectare
1072 1271 1211 1324 diem
1241 1286 1337 1340 per
1371 1269 1573 1324 lumina
1610 1269 1792 1323 cordis

481 1370 493 1377 '
516 1366 632 1433 Qua
666 1366 862 1420 meruit
888 1363 1111 1427 Christi,
1144 1364 1372 1418 Domino
1402 1362 1695 1417 lmtatusin
1722 1362 1862 1432 ipso.

516 1456 741 1511 Scandit
767 1455 835 1510 ab
865 1454 992 1509 hinc
1019 1468 1246 1524 surgens
1277 1452 1491 1507 IIebron
1520 1466 1640 1521 qua:
1664 1450 2019 1507 Chariatarbo

515 1545 780 1612 Quattuor
806 1559 836 1597 a
876 1542 1095 1597 tumulis
1131 1558 1447 1614 magnorum
1474 1542 1926 1626 dicta.virorum:

512 1635 762 1701 Abrahm,
782 1641 944 1702 atque
972 1631 1142 1698 Isaac,
1164 1632 1355 1697 Jacob,
1382 1632 1650 1701 primique
1670 1631 1939 1702 parentis,

482 1725 766 1798 «Iungitur
791 1724 877 1780 bis
904 1724 1090 1790 Caleb,
1122 1736 1458 1795 quartusque
1482 1733 1702 1795 putatus
1730 1724 1787 1779 in
1817 1723 1945 1780 illis.

512 1817 748 1872 Dimittit
771 1816 1211 1887 Cbariatsepher,
1241 1817 1326 1870 cui
1357 1817 1535 1870 littera
1565 1830 1760 1870 nomen

478 1939 492 1953 ς
511 1906 792 1973 Prmstitit,
823 1906 1096 1961 admirans
1125 1921 1349 1976 superas
1376 1916 1536 1975 atque
1565 1906 1846 1963 inferiores

514 1996 720 2063 Undas,
752 1994 1005 2052 Othoniel
1034 1995 1173 2050 ruris
1202 2011 1339 2066 quas
1369 1995 1516 2051 arida
1542 2004 1789 2050 temnens

516 2086 761 2155 Accepit,
790 2084 986 2153 quibus
1014 2084 1248 2155 irriguos
1275 2083 1473 2138 ditarct
1502 2084 1702 2153 agellos
1731 2084 1897 2155 (I57).

478 2175 646 2231 alnde
672 2174 888 2245 Capbar
913 2173 1168 2229 Baruchze
1202 2174 1396 2229 teritur
1422 2174 1706 2228 benedictio
1734 2173 1891 2242 vilice,

516 2263 742 2320 Sidereo
777 2264 1049 2320 Abraham
1083 2265 1308 2320 Domino
1338 2280 1520 2320 comes
1558 2279 1836 2334 usquequo
1868 2266 2032 2319 venit.

516 2354 745 2412 Miratur
770 2370 994 2418 campos
1020 2353 1269 2409 Sodoma:
1295 2354 1455 2408 Paula
1483 2364 1645 2424 atque
1668 2354 1986 2410 Gomorrbte

514 2446 758 2514 Caelesti,
793 2445 1000 2500 meritis
1025 2445 1376 2516 agitantibus,
1409 2447 1530 2517 igne
1559 2457 1824 2517 perustos.

512 2539 725 2610 Aspicit
747 2538 986 2609 Engaddi
1014 2539 1214 2600 vineta,
1237 2539 1583 2609 opobalsama
1609 2538 1801 2594 sudant

514 2629 650 2695 Quis
673 2628 902 2699 virgulta
934 2629 1088 2697 locis,
1112 2629 1232 2684 aliis
1256 2629 1491 2684 indebita
1523 2629 1701 2685 terris.

488 2716 1007 2789 ‘Contemplausque
1046 2717 1235 2789 Segor,
1274 2718 1502 2772 Zoaram
1534 2734 1696 2788 quam
1738 2735 1873 2774 voce
1923 2716 2088 2791 Syro-

1875 2811 2017 2883 [τω.

488 2900 733 2966 '-Dicunt,
756 2898 1295 2976 speluncatlmeminit
1323 2902 1423 2958 Lct
1449 2903 1634 2974 sicque
1670 2903 1899 2969 sodales,

514 2992 574 3048 In
597 2993 867 3065 lacrymas
888 3008 1170 3060 conversa,
1203 3005 1384 3051 monet
1408 3012 1569 3067 quam
1597 2997 1718 3052 vina
1747 2997 1983 3052 cavenda

485 3082 662 3151 r‘Sint,
693 3084 965 3139 dominata
995 3086 1111 3140 viro
1136 3096 1412 3156 nequeunt
1435 3103 1594 3157 quem
1627 3090 1845 3145 vincere
1873 3089 2041 3143 cives.
2111 3084 2122 3098 ’

1162 338 1571 396 Ριοῡολῐιῡι
1610 336 1926 394 CANONICI
1966 335 2028 393 ΒΣ

2162 335 2310 393 NSIS
2342 336 2701 395 OPUSCULA
2742 337 3075 396 METRICA.
3635 334 3727 392 επ

2064 502 2067 505 .
2115 459 2165 516 Α
2191 449 2234 501 A
2262 449 2488 505 Domino
2518 462 2765 520 reparata
2793 452 2986 507 docent
3009 450 3212 507 erroris
3242 458 3525 519 utramque

2190 537 2267 591 De
2293 524 2531 594 tenebris
2559 539 2758 594 Christi
2787 539 3091 608 pellendam
3117 539 3337 594 numine
3366 536 3595 607 plebem.

2186 628 2489 698 Ingreditur
2512 627 2733 684 Jericho
2765 631 3063 699 turrimque
3094 630 3284 687 Acbiel
3317 629 3611 698 speculata,

2189 717 2361 784 Quam
2394 718 2736 789 primogeniti
2768 719 2914 774 letho
2943 719 3193 774 fundavit
3218 719 3465 781 Abiram,

2187 804 2354 875 Inque
2385 805 2566 878 Segub
2593 808 2808 876 generis
2833 816 3017 878 portas
3046 808 3100 862 in
3127 808 3310 864 limine
3339 809 3493 878 ponit
3515 806 3675 880 (I58).

2190 897 2410 968 Galgala
2440 910 2742 954 castrorum
2772 909 2982 969 spectat
3011 901 3295 972 prazputia,
3324 900 3481 970 liquit

2191 988 2322 1055 Qua:
2350 1001 2503 1045 vetus
2529 989 2693 1045 Israel
2720 991 2962 1061 repetita:
2990 992 3215 1062 mystica
3245 993 3451 1044 rimans

2189 1078 2383 1134 Carnis
2407 1095 2631 1143 casura),
2662 1095 2722 1134 ac
2751 1080 2999 1135 recolens
3017 1082 3342 1151 purgamina
3371 1080 3584 1136 mentis.

2190 1166 2281 1222 Bis
2309 1182 2400 1223 sex
2430 1169 2557 1224 hinc
2587 1170 2791 1241 lapides
2818 1170 3105 1224 translatos
3129 1170 3365 1224 ﬂuminis
3393 1170 3501 1222 into

2188 1257 2335 1316 Iuris
2358 1261 2641 1332 apostolici
2673 1262 2762 1333 qui
2792 1262 3139 1318 fundamenta
3170 1263 3450 1328 locarunt;

2168 1349 2418 1406 l‘ontem
2437 1353 2602 1408 etiam
2625 1356 2825 1409 veteris
2854 1369 3240 1424 nonnunquam
3271 1353 3405 1425 legis
3432 1367 3665 1410 amarum

2191 1439 2257 1495 Et
2286 1445 2549 1509 sterilem,
2576 1459 2734 1513 quem
2767 1445 2819 1499 in
2847 1444 3122 1499 dulcorem
3147 1445 3416 1515 sapientia
3443 1443 3617 1516 magni

2191 1532 2469 1590 Convertit
2494 1537 2655 1601 vatis,
2684 1536 2911 1592 reddens
2936 1536 3266 1607 scaturigine
3290 1536 3483 1591 ditem.

2256 1623 2363 1680 Vix
2394 1641 2500 1680 nos
2531 1627 2838 1692 transierat,
2866 1628 3140 1683 redeuntis
3167 1628 3415 1699 lampade
3443 1626 3597 1693 lucis,

2187 1715 2584 1787 Iordanemque
2606 1718 2761 1787 petit,
2790 1718 3057 1773 meditans
3080 1718 3311 1788 vestigia
3335 1716 3600 1785 quondam

2115 1819 2165 1882 Β
2192 1804 2347 1861 Sicca
2376 1807 2718 1863 sacerdotum
2751 1808 3001 1863 steterint
3029 1807 3269 1863 cedentis
3299 1818 3359 1864 ut
3388 1806 3563 1863 amnis

2190 1896 2250 1951 In
2279 1894 2489 1962 medio;
2526 1906 2647 1965 post
2678 1896 2808 1951 Elia:
2840 1897 3054 1952 virtutis
3082 1905 3138 1951 et
3164 1895 3283 1966 ejus

2187 1987 2472 2056 .Compotis
2499 1996 2558 2043 ut
2584 1988 2787 2044 siccum
2811 1988 2980 2059 jussis
3009 1989 3115 2044 iter
3136 1992 3274 2045 unda
3306 1990 3557 2059 pararit:

2172 2075 2266 2132 uUt
2288 2077 2555 2147 baptisma
2583 2094 2777 2133 novum
2812 2094 3033 2134 sacratis
3059 2080 3363 2145 animabus,
3390 2081 3442 2134 in
3471 2080 3586 2151 ipso

2194 2169 2442 2224 Abluerit
2469 2169 2638 2225 vellus
2673 2171 2882 2227 macula
2913 2172 3031 2227 sine
3061 2172 3323 2228 candidus
3350 2172 3556 2243 Agnus,

2191 2258 2386 2315 Nostra
2412 2261 2580 2330 piacla
2608 2261 2811 2326 lavans,
2840 2264 3040 2333 polluta
3071 2274 3125 2319 et
3153 2274 3335 2334 strage
3360 2264 3556 2319 ﬂuenta

2193 2349 2426 2404 Ilumani
2454 2353 2670 2422 generis
2695 2353 2915 2423 proprio
2945 2355 3270 2424 baptismate
3299 2355 3565 2410 mundana

2192 2443 2374 2497 Achor
2398 2443 2673 2498 turbarum
2701 2444 2891 2500 vallem
2920 2446 3066 2500 videt
3092 2456 3251 2516 atque
3276 2447 3555 2511 tumultus,

2172 2536 2308 2603 Qua
2338 2535 2540 2591 furtum
2570 2546 2651 2591 est
2675 2546 2730 2591 et
2759 2538 3001 2593 avaritia:
3027 2539 3279 2593 damnata
3311 2539 3535 2608 cupido;

2180 2625 2320 2682 inde
2349 2628 2566 2681 domum
2599 2627 2809 2682 Domini
2836 2627 3043 2691 Bethel,
3073 2645 3176 2698 qua
3206 2644 3413 2700 pauper
3435 2628 3588 2686 laccb

2191 2715 2421 2774 Innuda
2448 2703 2703 2775 dormivit
2732 2720 2914 2785 humo,
2947 2719 3107 2791 lapidi
3138 2723 3315 2791 capite
3342 2734 3484 2786 acto,

2110 2850 2119 2861 .
2188 2809 2486 2867 Zacharias
2511 2812 2697 2867 oculos
2725 2824 2929 2884 septem
2954 2828 3112 2883 quem
3136 2817 3315 2871 cernit
3346 2817 3640 2881 habentem,

2192 2902 2434 2974 Angulus
2462 2905 2746 2977 utriusque
2777 2908 2934 2961 datur
2963 2924 3069 2978 quo
3100 2909 3323 2979 parjetis
3352 2925 3511 2963 unus.

2176 2996 2260 3051 =Et
2286 2997 2429 3052 videt
2457 2997 2657 3053 scalam
2687 2999 2810 3053 ςαξιί
2842 2999 2894 3053 in
2927 2999 3136 3071 fastigia
3167 3001 3386 3054 ductam

2193 3086 2438 3157 Desuper
2462 3088 2680 3143 innixus
2707 3099 2885 3143 rector
2913 3104 3014 3158 qua
3046 3092 3272 3161 porrigit
3295 3090 3437 3144 altus

518 3170 766 3244 ﬂincquc
791 3175 958 3229 notho
978 3191 1006 3229 a
1028 3176 1202 3230 calido
1233 3177 1446 3232 rediens
1470 3177 1558 3233 ubi
1584 3193 1777 3248 sponsa
1806 3179 2089 3233 cubantem
2120 3164 2165 3227 C
2196 3179 2313 3249 Ipse
2341 3196 2557 3235 manum
2588 3183 2748 3248 digno
2778 3183 3162 3238 scaudentilms
3186 3194 3334 3237 astra
3363 3192 3572 3247 meatu;

510 3263 730 3317 Invenit
752 3279 1028 3335 sponsum,
1054 3265 1326 3320 Tltccuam
1358 3268 1673 3336 pertransit,
1701 3278 1951 3324 ovantem

500 3353 838 3424 Suspiciens
863 3364 1098 3408 montem
1130 3357 1195 3408 de
1229 3371 1337 3424 quo
1369 3354 1620 3411 Salvator
1643 3358 1708 3411 ad
1736 3358 1905 3413 altum

517 3445 850 3500 Conscendit
870 3440 1050 3501 Patri's
1079 3446 1273 3501 solium
1298 3463 1404 3516 quo
1430 3448 1587 3503 sa‘cla
1620 3450 1901 3518 gubernat.

492 3539 635 3594 «Hoc
666 3538 865 3594 dudum
896 3538 1089 3594 rull‘am
1121 3555 1238 3595 mos
1269 3550 1450 3597 monte
1481 3540 1708 3612 ﬂagrare
1732 3540 2019 3611 iuvencam

519 3629 840 3698 Exstiterat,
871 3630 1023 3702 cujus
1054 3632 1231 3702 populi
1263 3633 1402 3687 ciuis
1433 3643 1551 3687 atra
1583 3633 1786 3703 piabat,

517 3724 578 3779 In
607 3738 770 3794 quem
802 3724 1099 3794 migrantes
1126 3723 1428 3788 cherubim,
1457 3722 1671 3793 fastigia
1700 3724 1879 3795 templi

491 3815 814 3885 .-Linquunt,
846 3815 1090 3870 ecclesiae
1120 3814 1430 3870 fundamina
1466 3812 1616 3871 Iirma
1649 3816 1909 3877 locautcs.

494 3905 855 3976 "Qua'Jacobi
888 3916 1189 3963 memorant
1214 3900 1426 3963 Sacrata
1457 3908 1730 3963 recondita
1761 3913 2021 3975 membra,

519 3999 638 4070 Ipse
668 4000 808 4070 quod
837 3999 1079 4055 ediderat
1113 4002 1308 4071 templo
1334 4002 1639 4056 veneranda
1672 4001 1882 4071 piorum

517 4090 795 4145 Zachariae
820 4090 1059 4145 condens
1085 4080 1368 4160 Simeouis
1394 4099 1449 4144 ct
1471 4105 1595 4144 ossa
1619 4093 1717 4143 sub
1745 4092 1879 4160 ipso.

517 4178 659 4234 llinc
685 4193 900 4249 quoque
926 4179 1192 4247 Pelagium
1216 4182 1483 4248 quondam
1508 4180 1815 4234 cantamine
1841 4195 2091 4244 mersam,

508 4269 770 4325 Pondere
795 4269 1040 4339 deposito
1062 4269 1267 4332 carnis,
1292 4270 1413 4322 caeli
1445 4269 1549 4322 alta
1578 4270 1778 4338 petisse

510 4360 691 4416 Fama
721 4361 889 4426 canit,
921 4362 1076 4426 cuius
1105 4368 1403 4414 memoratu
1435 4368 1492 4414 et
1519 4359 1766 4415 laudibus
1797 4370 1948 4417 actus

521 4448 782 4520 Condigni
814 4450 938 4506 felix
970 4449 1179 4503 imitatu
1211 4449 1334 4505 linis
1361 4450 1611 4504 habetur.

504 4538 785 4611 .Perspicit
812 4539 1101 4611 hospitium
1134 4534 1356 4595 Martha}
1382 4538 1544 4593 Paula
1577 4548 1736 4609 atque
1770 4537 1952 4595 Maria:

504 4630 956 4702 'Betpbagemque
984 4632 1322 4686 sacerdotum
1351 4629 1556 4685 ditioue
1585 4635 1881 4695 retentam,“

518 4723 695 4792 Atque
725 4722 898 4777 locum
926 4722 1139 4776 Domini
1171 4722 1416 4792 petulans
1445 4736 1554 4791 quo
1582 4721 1731 4776 frena
1764 4716 1967 4793 recepit

508 4813 748 4867 Geutilis
774 4813 971 4883 pullus,
998 4813 1200 4868 celebri
1228 4815 1318 4883 qui
1345 4828 1594 4885 comptus
1623 4815 1826 4869 honoro

515 4903 701 4958 Vestis
728 4905 1037 4974 apostolica
1063 4905 1157 4958 dat
1187 4906 1367 4958 mollia
1398 4916 1545 4975 terga
1577 4907 1802 4962 sedenti.

506 4990 863 5046 'fI‘ramiteasic
891 5003 1042 5047 recto
1065 4989 1283 5046 Iericho
1310 4993 1588 5048 descendit
1610 5002 1666 5050 et
1693 4995 1807 5063 ejus

507 5078 600 5133 Ex
627 5076 919 5147 Evangelio
948 5079 1216 5143 meminit,
1245 5095 1404 5149 quem
1436 5097 1576 5137 saeva
1606 5084 1877 5139 latronum

519 5166 739 5236 Spicula
770 5168 1095 5221 seminecem
1127 5168 1410 5236 dederant,
1443 5179 1810 5242 temptantque
1836 5189 2024 5230 severa

2173 3269 2547 3340 .Prtncipitans
2575 3288 2744 3327 vanos
2771 3282 2826 3329 ct
2847 3289 3011 3343 opaca
3046 3273 3231 3328 fraude
3258 3275 3543 3346 malignos.

2191 3362 2320 3420 Iesu
2352 3380 2473 3419 mox
2498 3375 2552 3420 et
2575 3366 2806 3421 Eleazar
2829 3376 3084 3421 venerata
3115 3368 3358 3437 sepulcra

2195 3454 2423 3509 Miratur
2450 3470 2647 3510 censor
2670 3458 2810 3527 quod
2847 3457 3033 3527 legerit
3064 3474 3251 3527 aspera
3285 3459 3483 3513 ornatis

2193 3559 2332 3614 ipse,
2356 3546 2463 3598 situ
2493 3544 2713 3615 reliquis
2738 3545 2891 3615 plana
2921 3555 3082 3615 atque
3108 3548 3381 3602 uberrima
3411 3548 3638 3605 tradens.

2194 3635 2333 3703 Quid
2363 3635 2595 3690 referam
2629 3635 2764 3699 Silo,
2794 3639 2883 3706 qui
2916 3637 3093 3692 diruta
3129 3638 3385 3708 panditur
3410 3656 3501 3692 ara

2194 3725 2487 3781 Sacrorum
2518 3738 2785 3793 veterum,
2812 3744 2917 3797 qua
2946 3727 3289 3798 Bettjatnitica
3314 3731 3492 3783 scitur

2199 3814 2544 3871 Prmcessissc
2566 3817 2739 3871 tribus
2768 3830 2946 3887 raptas
2969 3819 3086 3872 sine
3110 3834 3260 3872 more
3285 3818 3560 3873 Sabinas?

2188 3908 2616 3978 vrtutnsgrctlicns
2647 3911 2885 3978 Sichem,
2912 3928 3029 3981 quze
3053 3910 3304 3980 Neapolis
3327 3930 3463 3966 nova
3489 3912 3660 3975 fertur,

2193 3996 2362 4051 Intrat
2392 3999 2446 4052 in
2482 3999 2764 4054 ecclesiam
2795 4000 3052 4064 Garizim,
3083 4000 3225 4054 latus
3257 4003 3403 4055 edita
3444 4000 3649 4066 montis,

2194 4085 2323 4152 Quae
2347 4102 2506 4141 secus
2535 4099 2775 4158 aspectat
2811 4100 3027 4157 puteum
3060 4105 3217 4160 quem
3238 4090 3373 4145 fodit
3406 4090 3578 4151 Iacob.

2193 4181 2362 4248 Quem
2388 4196 2550 4251 super
2571 4182 2816 4236 assidens
2850 4183 3106 4238 Dominus
3136 4186 3238 4238 fert
3262 4184 3454 4253 pocula
3484 4192 3705 4254 poscent.

2194 4274 2261 4328 Et
2300 4276 2512 4345 lympha
2546 4276 2667 4330 ﬁdei
2700 4276 2930 4329 satiatur
2958 4275 3331 4342 Satttaritautc,

2194 4365 2479 4421 Librorum
2509 4383 2628 4438 qua:
2657 4366 2896 4436 quinque
2922 4370 3070 4423 viros
3101 4368 3470 4441 Mosaycorum

2197 4456 2557 4526 Erroremque
2587 4467 2729 4512 meat
2762 4457 2999 4512 Dosithei
3033 4458 3272 4527 linquere
3296 4470 3531 4526 sextum,

2195 4546 2441 4602 Mcssiam
2470 4564 2654 4604 verum
2679 4548 3124 4618 Salvatoremque
3155 4555 3409 4619 receptat.

2196 4635 2330 4692 Iliuc
2357 4638 2593 4708 digressa
2623 4637 2842 4693 Patrum
2869 4638 3112 4694 duodena
3140 4639 3385 4709 sepulcra
3423 4647 3611 4701 tuetur.

2194 4730 2603 4800 Samariamqae
2631 4730 2797 4795 videt,
2827 4731 3025 4785 dictam
3053 4733 3153 4786 sub
3182 4733 3388 4787 honore
3415 4731 3670 4789 Sebastem

2191 4823 2440 4893 Augusti,
2469 4832 2690 4879 tenuere
2718 4825 2789 4894 pii
2819 4839 2924 4894 qua
2954 4824 3109 4879 busta
3138 4826 3415 4895 prOphctte

2190 4915 2412 4982 Abdias,
2441 4916 2668 4982 Eliseus,
2696 4931 2922 4984 magnus
2948 4916 3186 4986 Baptista
3211 4916 3478 4983 Joannes;

2197 5003 2464 5073 Valdeque
2487 5008 2815 5060 contrenmit
2842 5007 3101 5061 miracula
3130 5007 3285 5076 plura
3311 5008 3570 5062 videndo:

2192 5094 2355 5149 Audit
2381 5096 2524 5149 enim
2557 5106 2798 5165 strepere
2821 5098 2987 5151 variis
3020 5098 3168 5167 nigra
3195 5100 3409 5166 agmina
3435 5096 3610 5168 pennis

2191 5184 2513 5239 Sanctorum
2545 5185 2611 5239 ad
2647 5189 2877 5242 tumbas.
2906 5188 3153 5242 homines
3183 5188 3391 5242 ululare
3414 5191 3635 5242 lucorum
