3872 5326
124 146 215 215 329
565 148 652 214 DE
684 150 1058 217 'IRIUMPHRS
1095 158 1367 216 CHRISTI
1410 161 1496 216 E'I’
1537 162 1637 218 SS.
1682 161 2110 218 PALESTINJ-I
2152 162 2333 219 LEBRI
2373 163 2573 220 THES.
2613 164 2841 219 --LlB.
2882 140 2974 253 ιιιξ

131 269 217 323 Pro
236 270 425 340 quibus
445 270 726 328 effundens
747 273 1017 347 lacrytuas
1029 274 1414 346 Christumque
1439 283 1677 363 piecata,
1712 284 1757 341 Α
1790 274 2032 347 Hospitio
2057 277 2220 331 nitnis
2246 286 2474 347 angusto
2499 285 2611 333 tres
2632 277 2781 349 degit
2808 277 2860 331 in
2887 291 3061 332 annos

130 363 271 419 Fessa
301 364 443 425 licet,
476 376 710 421 montem
740 368 971 437 pedihus
996 370 1365 423 conscendere
1394 371 1612 440 gaudet,

130 455 178 510 In
200 455 340 524 cujus
365 455 594 524 geminis
618 467 834 510 centum
870 457 972 511 sub
999 468 1239 526 tempore
1269 463 1438 528 pestis

131 547 328 602 Alnliam
358 548 630 616 Specuhus
660 556 876 603 constat
908 552 1119 618 pavisse
1148 552 1377 620 prophet
1398 567 1461 605 's.

132 638 238 691 l;nle
258 637 340 706 pio
361 637 569 706 petitur
600 637 808 691 Domini
844 640 1110 692 nutricula
1140 656 1326 711 gressu

134 729 333 793 Nazara,
361 737 584 797 tumque
609 728 754 783 Cana
782 730 1291 802 Capharuaumqne,
1315 750 1532 803 cupavo;

132 820 388 892 Signorum
419 822 650 887 Christi,
676 832 927 895 stagnum
959 841 1173 895 quoque
1201 826 1510 884 Tiberiadis

131 912 324 984 hartgio
344 922 575 980 sectum,
601 915 725 969 divo
738 925 1007 986 sectoque
1036 925 1329 972 sacratum.

135 1003 300 1058 Vastus
321 1004 386 1059 ab
409 1003 536 1060 inde
568 1005 735 1067 locus,
758 1006 967 1061 satians
996 1007 1086 1061 ubi
1119 1007 1286 1061 millia
1316 1007 1557 1078 quinque

114 1093 338 1148 Panibus
362 1107 425 1147 ex
456 1094 665 1163 quinis,
688 1094 771 1149 bis
796 1110 893 1149 sex
917 1110 1073 1150 sacra
1101 1096 1315 1151 vascula
1343 1098 1556 1167 replens

131 1183 382 1253 Itelliquiis
412 1184 676 1240 Dominus
706 1188 1020 1255 superantia
1047 1189 1186 1241 dona
1222 1190 1433 1257 reponit

131 1272 401 1343 Discipulis,
430 1274 626 1346 vulgus
650 1292 770 1346 qua:
794 1278 1029 1333 condere
1054 1288 1243 1333 vcntrc
1277 1280 1551 1350 nequibat.

189 1365 394 1423 Scandit
443 1368 644 1422 deinde
693 1369 933 1437 Thahor,
981 1385 1233 1441 superam
1287 1386 1395 1440 quo
1448 1371 1681 1440 prodere

1356 1463 1608 1537 [fortnam

133 1551 429 1623 Complaenit
458 1553 692 1609 Domino
733 1554 939 1610 caelesti
969 1554 1089 1610 luce
1119 1555 1435 1610 micantem.

134 1644 329 1700 Ilertuon
355 1643 808 1715 Hermoniimqne
836 1646 1025 1701 videns
1050 1647 1154 1700 lata
1185 1657 1238 1703 et
1263 1646 1499 1703 Galilaetc

134 1735 253 1789 Itura
280 1744 449 1799 tuens,
475 1735 697 1806 Sysartn
726 1738 932 1793 Barach
964 1739 1214 1793 vincente
1240 1738 1535 1810 phalanges

132 1823 224 1890 Qua
245 1833 435 1890 stratae,
468 1826 759 1897 rivumque
783 1826 944 1883 Cison
975 1828 1090 1883 loca
1117 1828 1275 1900 plana
1306 1839 1613 1896 secantem;

135 1913 241 1969 'l'utn
261 1924 573 1987 peremeusa
602 1916 783 1983 Naim,
808 1920 986 1975 vidum
1026 1936 1163 1977 nova
1188 1922 1380 1992 gaudia
1411 1930 1674 1987 tractans,

136 2005 341 2063 Destinat
367 2008 667 2080 IEgyptum
696 2011 898 2081 legere,
926 2011 1196 2083 pauloque
1224 2014 1430 2068 resistit

135 2098 197 2150 Ad
219 2097 398 2153 fontem
425 2103 515 2168 qtti
556 2102 787 2157 maxilla:
813 2104 877 2158 de
906 2105 1068 2159 dente
1096 2104 1286 2159 molari

135 2188 333 2246 Prulluus
356 2189 608 2247 Arcadiae
634 2197 890 2250 torrentia
918 2197 1126 2250 viscera
1159 2196 1392 2262 mulcet;

135 2279 487 2351 llorashiuxque
520 2284 677 2339 videt
708 2284 896 2341 Michce
921 2286 1162 2343 studiosa
1200 2287 1530 2358 sepulcrum,

135 2368 227 2425 lum
248 2389 379 2428 nunc
398 2375 718 2441 ecclesiam,
744 2377 824 2432 sic
851 2376 1024 2433 fertur
1046 2378 1098 2434 in
1132 2396 1262 2434 arva
1295 2379 1500 2450 Canopi

141 2458 293 2518 Visere
311 2463 527 2520 diffusos
551 2469 724 2522 eremi
756 2468 971 2539 lateque
998 2479 1244 2541 patentes

140 2554 366 2612 Virtutum
402 2574 629 2632 campos
664 2561 927 2617 mirorum
955 2565 1162 2621 semine
1194 2564 1351 2621 fetos.

140 2641 341 2715 Quinque
376 2649 535 2705 urbes
569 2649 824 2719 Pharias,
853 2653 1188 2711 Chanaatide
1209 2672 1339 2713 voce
1363 2658 1675 2716 loouentes;

140 2732 301 2790 Eesseu
324 2738 710 2813 'I‘apsucosqne
742 2745 832 2801 Dei
859 2746 1088 2803 Nilotica
1118 2763 1247 2803 rura

140 2824 240 2916 Quae
261 2833 440 2886 summi
466 2832 644 2903 jussis
682 2837 893 2910 Moyses
921 2841 1209 2913 Splendore
1235 2845 1553 2916 triumphat,

140 2912 370 2974 Percurrit
394 2924 592 2980 celeris
618 2927 792 2983 celsas
820 2930 1066 3001 amplexa
1096 2933 1375 2991 columnas

139 3009 350 3071 Ecclesia:
372 3017 599 3085 Christi,
631 3023 964 3096 pedibusque
991 3027 1296 3085 advolvitur
1323 3032 1515 3088 horum

140 3102 235 3172 Qui,
254 3112 435 3166 mundo
457 3113 702 3185 profugi,
735 3129 993 3187 superant
1019 3121 1271 3177 sublimia
1299 3124 1504 3179 mundi.

140 3194 296 3284 vaiat
316 3201 549 3261 Isidorus
580 3208 789 3276 primas
819 3221 1147 3284 sanctusque
1173 3218 1432 3272 sacerdos

137 3283 182 3340 In
200 3286 359 3350 Nitria:
378 3307 587 3366 partes,
615 3299 794 3356 clarus
817 3283 1124 3374 confessor;
1149 3309 1323 3364 eidem

138 3374 351 3470 thebani
380 3400 694 3458 properant,
723 3394 968 3462 Arsetes,
995 3397 1361 3470 Serapioncsa

140 3466 228 3563 I105
246 3489 476 3563 cernens,
503 3482 791 3540 Dominum
816 3502 944 3543 vere
969 3505 1027 3545 se
1054 3508 1277 3547 cernere
1305 3495 1500 3563 credit,

141 3557 359 3652 Quodque
378 3570 642 3642 impendit
671 3575 772 3643 eis,
797 3580 992 3649 gaudet
1022 3582 1329 3652 dependere
1349 3557 1583 3641 Christo.

138 3647 436 3752 aequoque
465 3665 687 3738 legisset
715 3673 933 3743 regione
960 3675 1163 3745 quietis
1187 3677 1444 3734 honorem

139 3736 189 3835 lii
212 3744 438 3808 desiderii
464 3736 655 3812 votum
687 3736 804 3815 loca
836 3736 1021 3819 sancta
1053 3773 1333 3835 tenerent;

138 3832 199 3922 od
216 3852 321 3907 qua
342 3858 436 3900 ceu
461 3851 657 3917 pennis
684 3855 874 3922 pernix
908 3860 1174 3915 remeavit
1207 3832 1405 3916 avinis.

137 3920 270 3998 Inque
287 3947 487 3993 sacram
526 3952 738 3998 remeat
766 3945 1008 4003 Bethlem
1042 3965 1295 4005 mansura
1320 3964 1556 4021 perenne
1588 3969 1602 4005 :

1786 371 1825 421 Α
1842 408 1843 411 η
1863 367 2015 422 tollat
2040 369 2213 423 donec
2236 368 2494 439 cellisque
2523 368 2978 438 monasteriisque

1787 457 2032 515 Sollicito
2060 459 2293 514 fabricas
2320 460 2548 513 diversis
2575 460 2761 513 usibus
2787 468 2961 529 aptas,

1785 553 2132 622 Diversisqne
2157 552 2460 623 peregrinis
2484 551 2792 607 habitacula
2818 550 3014 606 condat

1783 641 1970 710 Ampla
1999 640 2138 694 viam
2160 642 2336 711 juxta,
2361 643 2582 696 veniens
2610 656 2715 709 qua
2745 638 2932 693 cmlica
2964 639 3127 709 Virgo

1784 731 2083 802 Hospitium
2111 731 2308 801 Joscph
2334 733 2600 787 comitans
2632 747 2740 784 nun
2775 730 3012 800 repperit
3035 729 3199 787 olim.
3250 790 3255 791 γ

1781 820 1915 875 Nam
1947 823 2338 877 xcuodochium
2371 824 2560 877 statuit
2592 822 2834 878 studiosa
2863 822 3126 887 virorum,

1782 914 2172 987 Virgineusque
2198 918 2395 972 choros
2423 924 2596 972 certat
2629 916 2915 985 disponere
2941 913 3156 980 turmis,

1779 1006 1957 1076 Atque
1984 1010 2332 1065 monasteriis
2361 1007 2630 1063 famulans
2655 1022 2792 1077 quos
2812 1005 2999 1061 ultima
3026 1004 3187 1070 rexit,

1782 1096 1851 1154 Ut
1880 1099 2085 1155 servire
2113 1100 2284 1171 magis
2309 1101 2447 1156 hanc
2477 1116 2634 1169 quam
2667 1114 2897 1169 praeesse
2920 1097 3153 1152 videres.

1859 1193 1992 1250 Cum
2017 1208 2166 1247 mare
2198 1191 2453 1247 defuncto
2483 1189 2628 1244 nullo
2659 1190 2771 1244 edit
2799 1190 2868 1244 ab
2899 1186 3024 1242 inde
3054 1187 3272 1252 marito,

1778 1285 2036 1353 Quamvis
2064 1284 2169 1338 huc
2193 1291 2382 1338 sancto
2408 1281 2624 1335 virtutis
2651 1282 2705 1334 in
2743 1296 2870 1336 arce
2894 1280 3195 1349 probaret:

1778 1379 1888 1435 Nec
1916 1388 2036 1449 post
2071 1376 2261 1433 balnea
2292 1376 2420 1431 linis
2453 1374 2628 1429 fracta
2655 1389 2857 1443 vapore
2891 1372 3127 1428 levatur

1780 1471 1958 1526 Mollia
1986 1485 2092 1524 non
2124 1468 2316 1523 habuit
2354 1466 2502 1532 lecti,
2528 1466 2630 1522 nisi
2662 1465 2904 1520 febribus
2923 1477 3087 1534 aegra,

1780 1563 1965 1619 Strata
1993 1561 2202 1626 cilicio;
2228 1573 2450 1614 somnos
2473 1558 2637 1613 dabat
2673 1572 2863 1627 aspera
2892 1556 3086 1611 tellus:

1706 1636 1752 1697 Β
1782 1656 2149 1726 Noctibusque
2180 1663 2234 1710 et
2263 1653 2524 1723 requiem,
2558 1651 2774 1722 requies
2800 1650 2843 1705 si
2877 1649 2981 1704 rite
3005 1656 3235 1703 vocatur

1782 1749 1899 1817 Qua
1925 1746 2290 1817 coniungebat
2309 1742 2565 1814 precibus
2591 1751 2889 1811 noctesque
2914 1738 3159 1807 diesque,
3188 1784 3191 1786 ,

1781 1840 2076 1896 quundeus
2108 1838 2365 1909 Iacrymis
2395 1851 2564 1892 cunas
2584 1835 2784 1906 pietate
2811 1830 3075 1903 profusis.

1780 1934 1982 1991 Crebra
2010 1934 2115 2005 piis
2138 1935 2342 1987 ducens
2363 1930 2567 2001 pariter
2590 1927 2795 1997 jejnnia
2820 1924 2962 1982 votis

1786 2025 2337 2097 Dmnia’pauperibus
2368 2024 2629 2086 tribuens,
2663 2020 2723 2074 Iit
2749 2018 2911 2073 rebus
2940 2030 3110 2087 egena

1782 2117 2058 2180 Terrcnis,
2094 2117 2274 2190 Superi
2304 2117 2544 2183 locuples
2566 2115 2659 2170 sed
2688 2113 2923 2168 culmine
2951 2110 3098 2165 doni.

1782 2210 1916 2266 Nam
1954 2209 2147 2266 docilis
2180 2209 2405 2263 memori
2434 2207 2747 2277 Scripturas
2770 2213 2949 2259 mente
2977 2200 3201 2274 gerebat

1783 2304 2005 2358 Divinas
2035 2302 2329 2366 meditans,
2362 2301 2413 2354 in
2451 2300 2531 2355 eis
2564 2299 2849 2369 aenigmata
2882 2295 3018 2349 lucis

1782 2398 2143 2453 Instrumenta
2178 2393 2322 2460 novi,
2356 2391 2555 2448 veteris
2585 2405 2799 2462 quoque
2830 2386 3101 2459 dogmatis
3130 2386 3246 2456 ipso

1781 2487 1991 2544 Hausit.
2019 2485 2346 2556 Hieronymo
2371 2482 2573 2540 celebri
2606 2482 2853 2537 tradente
2880 2479 3140 2549 magistro

1785 2576 2103 2635 Hebraicam
2131 2574 2319 2631 didicit
2341 2575 2601 2645 linguam,
2630 2585 2880 2627 sermone
2908 2571 3138 2625 canebat

1783 2666 2050 2725 Ilebraico
2089 2666 2344 2738 psalmos,
2378 2665 2605 2736 genuina
2634 2664 2735 2719 hos
2759 2676 2889 2717 voce
2918 2661 3186 2717 resultans
3210 2671 3228 2713 :

1783 2760 2067 2831 Eloquium
2096 2760 2250 2815 Latio
2277 2775 2497 2830 gramen
2536 2759 2653 2813 sine
2679 2772 2830 2812 more
2862 2755 3110 2818 sonabat,

1787 2853 2057 2908 Virtutum
2080 2853 2241 2907 rutila
2273 2853 2544 2907 variarum
2573 2851 2695 2906 luce
2719 2847 2946 2913 nitebat,

1782 2941 2131 2998 Eustochium
2165 2948 2400 3011 gnatam,
2429 2937 2544 2994 solo
2570 2952 2678 3007 quo
2709 2949 2933 2989 munere
2962 2932 3127 2987 ditem

1779 3034 1960 3105 Liquit
1988 3043 2044 3090 et
2070 3041 2312 3103 optatam
2332 3031 2417 3085 ‘ad
2448 3029 2677 3100 patriam
2700 3026 2937 3098 jocnnda
2975 3022 3219 3078 recessit.

1777 3129 2021 3200 Cumque
2050 3135 2332 3199 rogaretur
2368 3125 2607 3180 moriens
2633 3132 2885 3179 utrumne
2909 3121 3122 3177 dolores

1780 3221 2039 3285 Sentiret,
2068 3217 2251 3274 retulit
2270 3216 2342 3271 nil
2373 3233 2432 3273 se
2459 3217 2662 3271 sentire
2683 3214 2965 3270 molestum
2997 3230 3010 3265 :

1783 3312 1989 3368 Cuncta
2012 3311 2196 3381 quieta
2221 3310 2344 3375 sibi,
2363 3307 2478 3378 jam
2512 3315 2706 3363 cuneta
2745 3319 2933 3360 serena
2965 3301 3197 3365 videri;-

1783 3404 1982 3475 Sicquc
2010 3417 2227 3459 crucem
2257 3401 2415 3457 labiis
2443 3401 2595 3471 digiti
2628 3398 2996 3453 moderamine
3023 3393 3197 3466 pingit

1784 3496 2102 3566 Emittitqne
2129 3494 2386 3559 animam,
2415 3492 2535 3547 cmli
2568 3500 2775 3546 secreta
2804 3495 3096 3559 petentem.

1781 3588 2100 3643 Pontiﬁcum
2132 3587 2379 3642 manibus
2410 3584 2668 3640 feretrum
2701 3578 2957 3637 translata
2985 3579 3278 3644 ferentum,

1782 3683 2004 3739 Ponitur
2034 3683 2086 3736 iu
2117 3681 2289 3736 media
2326 3677 2595 3749 spelunca:
2620 3676 2827 3733 consita
2855 3670 3052 3727 Christi

1782 3773 2041 3831 Ecclesia.
2074 3772 2301 3839 Quimus
2329 3786 2452 3826 cum
2481 3769 2811 3838 Hieronymo
2849 3779 2977 3836 ergo
3005 3762 3221 3819 beatam

1782 3863 2143 3936 Martyrioque
2171 3872 2487 3919 coronatam
2525 3874 2650 3916 vere
2687 3859 2847 3917 cdere
2875 3855 3052 3926 longo.

960 4122 1421 4212 INCIPIT
1491 4123 1851 4213 LIBER
1921 4124 2498 4215 TERTIUS.

1431 4309 1661 4367 CAPUT
1703 4309 2011 4368 PRIMUM.

1042 4420 1117 4476 De
1138 4423 1334 4476 sanctis
1358 4420 1608 4487 Eusebio,
1640 4419 1799 4480 Peleo
1824 4432 1873 4479 et
1914 4421 2065 4489 Nilo,
2096 4425 2413 4495 martyribus

136 4527 360 4590 Praeterea
386 4535 572 4591 multis
603 4537 707 4591 ista
747 4534 938 4590 tellure
969 4534 1259 4607 triumphis

138 4622 366 4684 Elituisse
389 4627 556 4700 liquet
593 4637 807 4686 sanctos
837 4629 1124 4685 formidine
1152 4629 1315 4687 victa.

138 4712 356 4774 Eusebius
382 4721 623 4789 quidam,
661 4720 785 4776 fidei
819 4721 1042 4778 devotus
1074 4721 1346 4790 alumnus,

135 4807 171 4858 Α
192 4815 392 4869 custode
425 4813 722 4872 Palaestina
756 4831 856 4885 pro
886 4816 1105 4871 nomine
1130 4814 1335 4873 Christi

137 4890 322 4971 Teutas,
350 4915 618 4961 tormento
643 4907 876 4977 primum
903 4907 1180 4963 cruciatur
1207 4910 1405 4979 equino

137 4980 238 5043 Post
254 4989 427 5063 jugulo
455 4996 665 5065 plexos,
703 4997 895 5067 capitis
930 4995 1031 5051 sub
1057 4997 1245 5056 fenore
1273 5000 1389 5058 dite

1698 4552 1750 4612 ι)
1777 4541 2018 4613 Martyrii
2048 4541 2276 4612 sumpsit
2301 4539 2561 4596 caelorum
2583 4541 2806 4610 praemia
2834 4553 3016 4612 pana,

1779 4632 2007 4704 Augusti
2035 4633 2224 4703 quinto
2250 4632 2461 4688 decimo
2489 4631 2633 4702 quod
2663 4632 2777 4689 sole
2798 4631 3012 4689 dicatur

1780 4722 1891 4779 Hac
1921 4724 2095 4794 patria
2127 4731 2413 4792 torquente
2441 4724 2562 4795 pios
2588 4722 2925 4781 Diocletiano

1777 4815 2072 4872 Pontifices
2101 4815 2304 4871 Christi
2327 4815 2625 4886 Peleusque
2652 4816 2913 4888 Nilusque
2938 4815 3204 4885 feruntur

1776 4908 2009 4980 Agmine
2033 4923 2157 4962 cum
2188 4909 2321 4965 cleri
2356 4909 2554 4965 caelum
2594 4912 2815 4983 petiisse
2847 4926 2944 4982 per
2967 4912 3134 4986 ignes

1779 4999 1849 5054 Et
1875 4997 2109 5056 Domino
2131 5016 2191 5057 se
2218 5016 2320 5071 pro
2346 5003 2556 5073 populis
2585 5003 2900 5061 holocausta
2926 5004 3184 5074 dedisse.

1589 5149 1772 5208 APUT
1812 5152 1875 5208 II.

1589 5151 1772 5208 APUT
1812 5152 1875 5208 II.

648 5239 724 5295 De
748 5240 983 5308 Asclepio
1014 5239 1274 5314 episcopo,
1308 5151 1797 5317 Eusebioiuoque,
1826 5242 2080 5300 Nectario
2105 5245 2415 5322 Zenoneque
2440 5250 2782 5319 martyribus.

3225 139 3369 219 ’ἐῶ
