  <div class='ocr_page' id='page_1' title='image "/cluster/home/n/w/nwhite01/storage/ocr_20150623/135/hvd.32044015471758/273.png"; bbox 0 0 3872 5326; ppageno 0'>
   <div class='ocr_carea' id='block_1_1' title="bbox 436 119 3672 192">
    <p class='ocr_par' dir='ltr' id='par_1_1' title="bbox 436 119 3672 192">
     <span class='ocr_line' id='line_1_1' title="bbox 436 119 3672 192; baseline 0.002 -8"><span class='ocrx_word' id='word_1_1' title='bbox 436 127 536 186; x_wconf 62' lang='grc'><strong>11⁷51</strong></span> <span class='ocrx_word' id='word_1_2' title='bbox 687 179 690 182; x_wconf 21' lang='grc' dir='ltr'><strong>Α</strong></span> <span class='ocrx_word' id='word_1_3' title='bbox 1117 125 1504 182; x_wconf 66' lang='lat' dir='ltr'><strong>FLODOARDI</strong></span> <span class='ocrx_word' id='word_1_4' title='bbox 1544 126 1860 184; x_wconf 80' lang='lat' dir='ltr'><strong>CANONlCl</strong></span> <span class='ocrx_word' id='word_1_5' title='bbox 1899 119 2245 184; x_wconf 67' lang='lat' dir='ltr'><strong>REMENSIS</strong></span> <span class='ocrx_word' id='word_1_6' title='bbox 2295 129 2656 190; x_wconf 78' lang='lat' dir='ltr'><strong>OPUSCULA</strong></span> <span class='ocrx_word' id='word_1_7' title='bbox 2695 132 3018 190; x_wconf 78' lang='lat' dir='ltr'><strong>METRICA.</strong></span> <span class='ocrx_word' id='word_1_8' title='bbox 3584 131 3672 192; x_wconf 62' lang='lat'><strong>553</strong></span> 
     </span>
    </p>
   </div>
   <div class='ocr_carea' id='block_1_2' title="bbox 435 236 1820 310">
    <p class='ocr_par' dir='ltr' id='par_1_2' title="bbox 435 236 1820 310">
     <span class='ocr_line' id='line_1_2' title="bbox 435 236 1820 310; baseline 0.001 -19"><span class='ocrx_word' id='word_1_9' title='bbox 435 239 730 302; x_wconf 84' lang='lat' dir='ltr'><strong>Gazcnscs,</strong></span> <span class='ocrx_word' id='word_1_10' title='bbox 757 253 891 310; x_wconf 87' lang='lat' dir='ltr'><strong>quos</strong></span> <span class='ocrx_word' id='word_1_11' title='bbox 915 236 1228 294; x_wconf 70' lang='lat' dir='ltr'><strong>verberibus</strong></span> <span class='ocrx_word' id='word_1_12' title='bbox 1267 239 1561 308; x_wconf 73' lang='lat' dir='ltr'><strong>vinclisque</strong></span> <span class='ocrx_word' id='word_1_13' title='bbox 1595 238 1820 308; x_wconf 73' lang='lat' dir='ltr'><strong>fatigarat</strong></span> 
     </span>
    </p>
   </div>
   <div class='ocr_carea' id='block_1_3' title="bbox 435 330 1800 398">
    <p class='ocr_par' dir='ltr' id='par_1_3' title="bbox 435 330 1800 398">
     <span class='ocr_line' id='line_1_3' title="bbox 435 330 1800 398; baseline 0 -16"><span class='ocrx_word' id='word_1_14' title='bbox 435 331 601 398; x_wconf 78' lang='lat' dir='ltr'><strong>impia</strong></span> <span class='ocrx_word' id='word_1_15' title='bbox 627 331 768 398; x_wconf 87' lang='lat' dir='ltr'><strong>quod</strong></span> <span class='ocrx_word' id='word_1_16' title='bbox 795 331 988 386; x_wconf 85' lang='lat' dir='ltr'><strong>studiis</strong></span> <span class='ocrx_word' id='word_1_17' title='bbox 1013 330 1203 387; x_wconf 89' lang='lat' dir='ltr'><strong>horum</strong></span> <span class='ocrx_word' id='word_1_18' title='bbox 1236 331 1342 385; x_wconf 87' lang='lat' dir='ltr'><strong>sint</strong></span> <span class='ocrx_word' id='word_1_19' title='bbox 1369 341 1542 388; x_wconf 85' lang='lat' dir='ltr'><strong>strata</strong></span> <span class='ocrx_word' id='word_1_20' title='bbox 1566 331 1759 384; x_wconf 86' lang='lat' dir='ltr'><strong>sacella</strong></span> <span class='ocrx_word' id='word_1_21' title='bbox 1782 348 1800 398; x_wconf 59' lang='grc' dir='ltr'>ξ</span> 
     </span>
    </p>
   </div>
   <div class='ocr_carea' id='block_1_4' title="bbox 443 420 1814 494">
    <p class='ocr_par' dir='ltr' id='par_1_4' title="bbox 443 420 1814 494">
     <span class='ocr_line' id='line_1_4' title="bbox 443 420 1814 494; baseline 0.004 -22"><span class='ocrx_word' id='word_1_22' title='bbox 443 420 691 479; x_wconf 79' lang='lat' dir='ltr'><strong>Fastibus</strong></span> <span class='ocrx_word' id='word_1_23' title='bbox 717 421 1007 486; x_wconf 89' lang='lat' dir='ltr'><strong>intersunt,</strong></span> <span class='ocrx_word' id='word_1_24' title='bbox 1038 424 1247 478; x_wconf 90' lang='lat' dir='ltr'><strong>laceros</strong></span> <span class='ocrx_word' id='word_1_25' title='bbox 1276 425 1526 491; x_wconf 74' lang='lat' dir='ltr'><strong>saxisque</strong></span> <span class='ocrx_word' id='word_1_26' title='bbox 1565 434 1814 494; x_wconf 83' lang='lat' dir='ltr'><strong>gravatos</strong></span> 
     </span>
    </p>
   </div>
   <div class='ocr_carea' id='block_1_5' title="bbox 438 513 1924 582">
    <p class='ocr_par' dir='ltr' id='par_1_5' title="bbox 438 513 1924 582">
     <span class='ocr_line' id='line_1_5' title="bbox 438 513 1924 582; baseline 0.005 -18"><span class='ocrx_word' id='word_1_27' title='bbox 438 515 514 565; x_wconf 75' lang='lat' dir='ltr'><strong>Ac</strong></span> <span class='ocrx_word' id='word_1_28' title='bbox 540 514 765 568; x_wconf 77' lang='lat' dir='ltr'><strong>cerebro</strong></span> <span class='ocrx_word' id='word_1_29' title='bbox 791 515 1058 582; x_wconf 84' lang='lat' dir='ltr'><strong>demptos,</strong></span> <span class='ocrx_word' id='word_1_30' title='bbox 1088 515 1451 569; x_wconf 82' lang='lat' dir='ltr'><strong>memlu&#39;orum</strong></span> <span class='ocrx_word' id='word_1_31' title='bbox 1476 527 1666 568; x_wconf 75' lang='lat' dir='ltr'><strong>cmtera</strong></span> <span class='ocrx_word' id='word_1_32' title='bbox 1698 513 1924 570; x_wconf 81' lang='lat' dir='ltr'><strong>ﬂammis</strong></span> 
     </span>
    </p>
   </div>
   <div class='ocr_carea' id='block_1_6' title="bbox 439 604 1886 674">
    <p class='ocr_par' dir='ltr' id='par_1_6' title="bbox 439 604 1886 674">
     <span class='ocr_line' id='line_1_6' title="bbox 439 604 1886 674; baseline 0.001 -17"><span class='ocrx_word' id='word_1_33' title='bbox 439 604 1071 674; x_wconf 84' lang='lat' dir='ltr'><strong>Dantjumentorumque</strong></span> <span class='ocrx_word' id='word_1_34' title='bbox 1097 617 1282 658; x_wconf 86' lang='lat' dir='ltr'><strong>serunt</strong></span> <span class='ocrx_word' id='word_1_35' title='bbox 1313 605 1468 658; x_wconf 85' lang='lat' dir='ltr'><strong>tuista</strong></span> <span class='ocrx_word' id='word_1_36' title='bbox 1495 604 1706 658; x_wconf 80' lang='lat' dir='ltr'><strong>OSsihus</strong></span> <span class='ocrx_word' id='word_1_37' title='bbox 1743 620 1886 668; x_wconf 48' lang='lat' dir='ltr'><strong>oss-tt,</strong></span> 
     </span>
    </p>
   </div>
   <div class='ocr_carea' id='block_1_7' title="bbox 439 692 1955 768">
    <p class='ocr_par' dir='ltr' id='par_1_7' title="bbox 439 692 1955 768">
     <span class='ocr_line' id='line_1_7' title="bbox 439 692 1955 768; baseline 0.005 -24"><span class='ocrx_word' id='word_1_38' title='bbox 439 692 569 759; x_wconf 56' lang='lat' dir='ltr'><strong>Qua:</strong></span> <span class='ocrx_word' id='word_1_39' title='bbox 599 709 794 761; x_wconf 88' lang='lat' dir='ltr'><strong>supero</strong></span> <span class='ocrx_word' id='word_1_40' title='bbox 825 693 1017 748; x_wconf 84' lang='lat' dir='ltr'><strong>mulier</strong></span> <span class='ocrx_word' id='word_1_41' title='bbox 1048 696 1251 756; x_wconf 84' lang='lat' dir='ltr'><strong>monitu</strong></span> <span class='ocrx_word' id='word_1_42' title='bbox 1281 712 1636 766; x_wconf 62' lang='lat' dir='ltr'><strong>quati-easque</strong></span> <span class='ocrx_word' id='word_1_43' title='bbox 1667 697 1955 768; x_wconf 77' lang='lat' dir='ltr'><strong>legensque</strong></span> 
     </span>
    </p>
   </div>
   <div class='ocr_carea' id='block_1_8' title="bbox 441 781 1568 854">
    <p class='ocr_par' dir='ltr' id='par_1_8' title="bbox 441 781 1568 854">
     <span class='ocr_line' id='line_1_8' title="bbox 441 781 1568 854; baseline 0.005 -20"><span class='ocrx_word' id='word_1_44' title='bbox 441 781 659 854; x_wconf 84' lang='lat' dir='ltr'><strong>Dclegat</strong></span> <span class='ocrx_word' id='word_1_45' title='bbox 693 783 1037 840; x_wconf 81' lang='lat' dir='ltr'><strong>manifestato</strong></span> <span class='ocrx_word' id='word_1_46' title='bbox 1061 800 1155 854; x_wconf 88' lang='lat' dir='ltr'><strong>per</strong></span> <span class='ocrx_word' id='word_1_47' title='bbox 1182 785 1294 838; x_wconf 89' lang='lat' dir='ltr'><strong>visa</strong></span> <span class='ocrx_word' id='word_1_48' title='bbox 1331 787 1568 840; x_wconf 75' lang='lat' dir='ltr'><strong>sobriuo.</strong></span> 
     </span>
    </p>
   </div>
   <div class='ocr_carea' id='block_1_9' title="bbox 435 874 1809 946">
    <p class='ocr_par' dir='ltr' id='par_1_9' title="bbox 435 874 1809 946">
     <span class='ocr_line' id='line_1_9' title="bbox 435 874 1809 946; baseline 0.003 -16"><span class='ocrx_word' id='word_1_49' title='bbox 435 874 506 930; x_wconf 82' lang='lat' dir='ltr'><strong>At</strong></span> <span class='ocrx_word' id='word_1_50' title='bbox 537 874 682 928; x_wconf 85' lang='lat' dir='ltr'><strong>Zeno</strong></span> <span class='ocrx_word' id='word_1_51' title='bbox 713 874 986 944; x_wconf 87' lang='lat' dir='ltr'><strong>accipiens</strong></span> <span class='ocrx_word' id='word_1_52' title='bbox 1013 877 1300 931; x_wconf 88' lang='lat' dir='ltr'><strong>charorum</strong></span> <span class='ocrx_word' id='word_1_53' title='bbox 1329 879 1551 946; x_wconf 79' lang='lat' dir='ltr'><strong>pignora</strong></span> <span class='ocrx_word' id='word_1_54' title='bbox 1579 878 1809 934; x_wconf 77' lang='lat' dir='ltr'><strong>fratrum</strong></span> 
     </span>
    </p>
   </div>
   <div class='ocr_carea' id='block_1_10' title="bbox 439 965 1854 1036">
    <p class='ocr_par' dir='ltr' id='par_1_10' title="bbox 439 965 1854 1036">
     <span class='ocr_line' id='line_1_10' title="bbox 439 965 1854 1036; baseline 0.005 -20"><span class='ocrx_word' id='word_1_55' title='bbox 439 965 603 1018; x_wconf 77' lang='lat' dir='ltr'><strong>Tecta</strong></span> <span class='ocrx_word' id='word_1_56' title='bbox 637 965 778 1018; x_wconf 90' lang='lat' dir='ltr'><strong>domi</strong></span> <span class='ocrx_word' id='word_1_57' title='bbox 804 974 1006 1032; x_wconf 86' lang='lat' dir='ltr'><strong>servat,</strong></span> <span class='ocrx_word' id='word_1_58' title='bbox 1035 967 1158 1020; x_wconf 88' lang='lat' dir='ltr'><strong>dum</strong></span> <span class='ocrx_word' id='word_1_59' title='bbox 1183 967 1373 1036; x_wconf 67' lang='lat' dir='ltr'><strong>prtesul</strong></span> <span class='ocrx_word' id='word_1_60' title='bbox 1399 969 1451 1021; x_wconf 92' lang='lat' dir='ltr'><strong>iu</strong></span> <span class='ocrx_word' id='word_1_61' title='bbox 1477 967 1612 1021; x_wconf 85' lang='lat' dir='ltr'><strong>urbe</strong></span> <span class='ocrx_word' id='word_1_62' title='bbox 1642 969 1854 1023; x_wconf 77' lang='lat' dir='ltr'><strong>dicatus</strong></span> 
     </span>
    </p>
   </div>
   <div class='ocr_carea' id='block_1_11' title="bbox 439 1041 1898 1126">
    <p class='ocr_par' dir='ltr' id='par_1_11' title="bbox 439 1041 1898 1126">
     <span class='ocr_line' id='line_1_11' title="bbox 439 1041 1898 1126; baseline 0.004 -18"><span class='ocrx_word' id='word_1_63' title='bbox 439 1055 668 1116; x_wconf 76' lang='lat' dir='ltr'><strong>Basilica</strong></span> <span class='ocrx_word' id='word_1_64' title='bbox 699 1065 902 1120; x_wconf 84' lang='lat' dir='ltr'><strong>structa</strong></span> <span class='ocrx_word' id='word_1_65' title='bbox 937 1058 1130 1114; x_wconf 88' lang='lat' dir='ltr'><strong>sociari</strong></span> <span class='ocrx_word' id='word_1_66' title='bbox 1169 1059 1252 1114; x_wconf 89' lang='lat' dir='ltr'><strong>his</strong></span> <span class='ocrx_word' id='word_1_67' title='bbox 1285 1057 1511 1124; x_wconf 83' lang='lat' dir='ltr'><strong>Nestora</strong></span> <span class='ocrx_word' id='word_1_68' title='bbox 1543 1069 1734 1126; x_wconf 90' lang='lat' dir='ltr'><strong>certat,</strong></span> <span class='ocrx_word' id='word_1_69' title='bbox 1891 1041 1898 1046; x_wconf 54' lang='grc'><em>’</em></span> 
     </span>
    </p>
   </div>
   <div class='ocr_carea' id='block_1_12' title="bbox 2037 241 3468 316">
    <p class='ocr_par' dir='ltr' id='par_1_12' title="bbox 2037 241 3468 316">
     <span class='ocr_line' id='line_1_12' title="bbox 2037 241 3468 316; baseline 0.007 -25"><span class='ocrx_word' id='word_1_70' title='bbox 2037 245 2086 306; x_wconf 69' lang='grc' dir='ltr'><strong>Α</strong></span> <span class='ocrx_word' id='word_1_71' title='bbox 2117 241 2214 306; x_wconf 86' lang='lat' dir='ltr'><strong>Qui</strong></span> <span class='ocrx_word' id='word_1_72' title='bbox 2245 241 2366 300; x_wconf 77' lang='lat' dir='ltr'><strong>belii</strong></span> <span class='ocrx_word' id='word_1_73' title='bbox 2403 257 2586 297; x_wconf 85' lang='lat' dir='ltr'><strong>comes</strong></span> <span class='ocrx_word' id='word_1_74' title='bbox 2613 246 2862 316; x_wconf 78' lang='lat' dir='ltr'><strong>egregius</strong></span> <span class='ocrx_word' id='word_1_75' title='bbox 2888 259 3220 315; x_wconf 85' lang='lat' dir='ltr'><strong>consorsque</strong></span> <span class='ocrx_word' id='word_1_76' title='bbox 3247 259 3468 301; x_wconf 71' lang='lat' dir='ltr'><strong>corona</strong></span> 
     </span>
    </p>
   </div>
   <div class='ocr_carea' id='block_1_13' title="bbox 2119 321 3555 405">
    <p class='ocr_par' dir='ltr' id='par_1_13' title="bbox 2119 321 3555 405">
     <span class='ocr_line' id='line_1_13' title="bbox 2119 321 3555 405; baseline 0.004 -19"><span class='ocrx_word' id='word_1_77' title='bbox 2119 321 2372 399; x_wconf 61' lang='lat' dir='ltr'><strong>Cur-poiiis</strong></span> <span class='ocrx_word' id='word_1_78' title='bbox 2398 334 2461 386; x_wconf 85' lang='lat' dir='ltr'><strong>ad</strong></span> <span class='ocrx_word' id='word_1_79' title='bbox 2489 335 2721 402; x_wconf 88' lang='lat' dir='ltr'><strong>speciem</strong></span> <span class='ocrx_word' id='word_1_80' title='bbox 2754 336 2880 390; x_wconf 85' lang='lat' dir='ltr'><strong>dum</strong></span> <span class='ocrx_word' id='word_1_81' title='bbox 2907 336 3120 405; x_wconf 78' lang='lat' dir='ltr'><strong>spirans</strong></span> <span class='ocrx_word' id='word_1_82' title='bbox 3145 336 3332 390; x_wconf 84' lang='lat' dir='ltr'><strong>ultima</strong></span> <span class='ocrx_word' id='word_1_83' title='bbox 3364 335 3555 392; x_wconf 75' lang='lat' dir='ltr'><strong>missus</strong></span> 
     </span>
    </p>
   </div>
   <div class='ocr_carea' id='block_1_14' title="bbox 2121 422 3385 496">
    <p class='ocr_par' dir='ltr' id='par_1_14' title="bbox 2121 422 3385 496">
     <span class='ocr_line' id='line_1_14' title="bbox 2121 422 3385 496; baseline 0.006 -22"><span class='ocrx_word' id='word_1_84' title='bbox 2121 422 2336 476; x_wconf 82' lang='lat' dir='ltr'><strong>Zenone</strong></span> <span class='ocrx_word' id='word_1_85' title='bbox 2361 424 2588 480; x_wconf 88' lang='lat' dir='ltr'><strong>sollicite</strong></span> <span class='ocrx_word' id='word_1_86' title='bbox 2617 441 2800 480; x_wconf 86' lang='lat' dir='ltr'><strong>curam</strong></span> <span class='ocrx_word' id='word_1_87' title='bbox 2831 437 3121 496; x_wconf 54' lang='lat' dir='ltr'><strong>praestante</strong></span> <span class='ocrx_word' id='word_1_88' title='bbox 3149 427 3385 493; x_wconf 80' lang='lat' dir='ltr'><strong>favetur,</strong></span> 
     </span>
    </p>
   </div>
   <div class='ocr_carea' id='block_1_15' title="bbox 2122 513 3472 588">
    <p class='ocr_par' dir='ltr' id='par_1_15' title="bbox 2122 513 3472 588">
     <span class='ocr_line' id='line_1_15' title="bbox 2122 513 3472 588; baseline 0.004 -22"><span class='ocrx_word' id='word_1_89' title='bbox 2122 513 2330 566; x_wconf 81' lang='lat' dir='ltr'><strong>Emicat</strong></span> <span class='ocrx_word' id='word_1_90' title='bbox 2361 516 2617 568; x_wconf 84' lang='lat' dir='ltr'><strong>emeritus</strong></span> <span class='ocrx_word' id='word_1_91' title='bbox 2649 517 2880 585; x_wconf 86' lang='lat' dir='ltr'><strong>coelique</strong></span> <span class='ocrx_word' id='word_1_92' title='bbox 2917 518 3150 588; x_wconf 83' lang='lat' dir='ltr'><strong>capessit</strong></span> <span class='ocrx_word' id='word_1_93' title='bbox 3185 518 3472 572; x_wconf 82' lang='lat' dir='ltr'><strong>honorem.</strong></span> 
     </span>
    </p>
   </div>
   <div class='ocr_carea' id='block_1_16' title="bbox 2121 605 3434 680">
    <p class='ocr_par' dir='ltr' id='par_1_16' title="bbox 2121 605 3434 680">
     <span class='ocr_line' id='line_1_16' title="bbox 2121 605 3434 680; baseline 0.005 -22"><span class='ocrx_word' id='word_1_94' title='bbox 2121 605 2362 660; x_wconf 79' lang='lat' dir='ltr'><strong>Antistes</strong></span> <span class='ocrx_word' id='word_1_95' title='bbox 2388 605 2567 662; x_wconf 81' lang='lat' dir='ltr'><strong>Zenon</strong></span> <span class='ocrx_word' id='word_1_96' title='bbox 2601 623 2816 678; x_wconf 88' lang='lat' dir='ltr'><strong>quoque</strong></span> <span class='ocrx_word' id='word_1_97' title='bbox 2854 612 3199 664; x_wconf 79' lang='lat' dir='ltr'><strong>centonarius</strong></span> <span class='ocrx_word' id='word_1_98' title='bbox 3228 605 3434 680; x_wconf 30' lang='lat' dir='ltr'><strong>almis.</strong></span> 
     </span>
    </p>
   </div>
   <div class='ocr_carea' id='block_1_17' title="bbox 2125 695 3317 766">
    <p class='ocr_par' dir='ltr' id='par_1_17' title="bbox 2125 695 3317 766">
     <span class='ocr_line' id='line_1_17' title="bbox 2125 695 3317 766; baseline 0.003 -14"><span class='ocrx_word' id='word_1_99' title='bbox 2125 695 2324 752; x_wconf 74' lang='lat' dir='ltr'><strong>Otiiciis</strong></span> <span class='ocrx_word' id='word_1_100' title='bbox 2355 697 2686 764; x_wconf 81' lang='lat' dir='ltr'><strong>indeliciens,</strong></span> <span class='ocrx_word' id='word_1_101' title='bbox 2717 701 2992 756; x_wconf 88' lang='lat' dir='ltr'><strong>sollenmis</strong></span> <span class='ocrx_word' id='word_1_102' title='bbox 3023 712 3078 758; x_wconf 87' lang='lat' dir='ltr'><strong>et</strong></span> <span class='ocrx_word' id='word_1_103' title='bbox 3111 713 3317 766; x_wconf 77' lang='lat' dir='ltr'><strong>astans,</strong></span> 
     </span>
    </p>
   </div>
   <div class='ocr_carea' id='block_1_18' title="bbox 2125 785 3588 862">
    <p class='ocr_par' dir='ltr' id='par_1_18' title="bbox 2125 785 3588 862">
     <span class='ocr_line' id='line_1_18' title="bbox 2125 785 3588 862; baseline 0.006 -21"><span class='ocrx_word' id='word_1_104' title='bbox 2125 785 2234 842; x_wconf 79' lang='lat' dir='ltr'><strong>Nec</strong></span> <span class='ocrx_word' id='word_1_105' title='bbox 2262 788 2437 842; x_wconf 90' lang='lat' dir='ltr'><strong>minor</strong></span> <span class='ocrx_word' id='word_1_106' title='bbox 2462 791 2742 860; x_wconf 81' lang='lat' dir='ltr'><strong>aspicitur,</strong></span> <span class='ocrx_word' id='word_1_107' title='bbox 2773 793 3012 862; x_wconf 89' lang='lat' dir='ltr'><strong>requiem</strong></span> <span class='ocrx_word' id='word_1_108' title='bbox 3043 809 3146 848; x_wconf 84' lang='lat' dir='ltr'><strong>nec</strong></span> <span class='ocrx_word' id='word_1_109' title='bbox 3181 793 3376 849; x_wconf 82' lang='lat' dir='ltr'><strong>ritibus</strong></span> <span class='ocrx_word' id='word_1_110' title='bbox 3409 791 3588 850; x_wconf 81' lang='lat' dir='ltr'><strong>affert.=</strong></span> 
     </span>
    </p>
   </div>
   <div class='ocr_carea' id='block_1_19' title="bbox 2127 877 3200 954">
    <p class='ocr_par' dir='ltr' id='par_1_19' title="bbox 2127 877 3200 954">
     <span class='ocr_line' id='line_1_19' title="bbox 2127 877 3200 954; baseline 0.006 -22"><span class='ocrx_word' id='word_1_111' title='bbox 2127 877 2259 932; x_wconf 86' lang='lat' dir='ltr'><strong>Jurc</strong></span> <span class='ocrx_word' id='word_1_112' title='bbox 2289 879 2524 932; x_wconf 85' lang='lat' dir='ltr'><strong>maritali</strong></span> <span class='ocrx_word' id='word_1_113' title='bbox 2564 889 2808 936; x_wconf 87' lang='lat' dir='ltr'><strong>teruolus</strong></span> <span class='ocrx_word' id='word_1_114' title='bbox 2829 883 3074 954; x_wconf 81' lang='lat' dir='ltr'><strong>jungitur</strong></span> <span class='ocrx_word' id='word_1_115' title='bbox 3097 883 3200 948; x_wconf 83' lang='lat' dir='ltr'><strong>eis,</strong></span> 
     </span>
    </p>
   </div>
   <div class='ocr_carea' id='block_1_20' title="bbox 2129 967 3498 1043">
    <p class='ocr_par' dir='ltr' id='par_1_20' title="bbox 2129 967 3498 1043">
     <span class='ocr_line' id='line_1_20' title="bbox 2129 967 3498 1043; baseline 0.004 -21"><span class='ocrx_word' id='word_1_116' title='bbox 2129 967 2263 1022; x_wconf 83' lang='lat' dir='ltr'><strong>iluic</strong></span> <span class='ocrx_word' id='word_1_117' title='bbox 2286 969 2438 1024; x_wconf 68' lang='lat' dir='ltr'><strong>trinae</strong></span> <span class='ocrx_word' id='word_1_118' title='bbox 2463 972 2674 1040; x_wconf 74' lang='lat' dir='ltr'><strong>genitor</strong></span> <span class='ocrx_word' id='word_1_119' title='bbox 2699 972 2922 1033; x_wconf 84' lang='lat' dir='ltr'><strong>sobolis.</strong></span> <span class='ocrx_word' id='word_1_120' title='bbox 2946 973 3033 1028; x_wconf 90' lang='lat' dir='ltr'><strong>hic</strong></span> <span class='ocrx_word' id='word_1_121' title='bbox 3059 972 3218 1028; x_wconf 82' lang='lat' dir='ltr'><strong>laude</strong></span> <span class='ocrx_word' id='word_1_122' title='bbox 3241 972 3498 1043; x_wconf 69' lang='lat' dir='ltr'><strong>sophistae</strong></span> 
     </span>
    </p>
   </div>
   <div class='ocr_carea' id='block_1_21' title="bbox 2129 1061 3528 1130">
    <p class='ocr_par' dir='ltr' id='par_1_21' title="bbox 2129 1061 3528 1130">
     <span class='ocr_line' id='line_1_21' title="bbox 2129 1061 3528 1130; baseline 0.004 -15"><span class='ocrx_word' id='word_1_123' title='bbox 2129 1061 2431 1130; x_wconf 75' lang='lat' dir='ltr'><strong>Excellens,</strong></span> <span class='ocrx_word' id='word_1_124' title='bbox 2461 1065 2702 1124; x_wconf 85' lang='lat' dir='ltr'><strong>actisuue</strong></span> <span class='ocrx_word' id='word_1_125' title='bbox 2730 1065 2965 1120; x_wconf 87' lang='lat' dir='ltr'><strong>animam</strong></span> <span class='ocrx_word' id='word_1_126' title='bbox 2990 1066 3283 1122; x_wconf 78' lang='lat' dir='ltr'><strong>virtutibus</strong></span> <span class='ocrx_word' id='word_1_127' title='bbox 3309 1080 3528 1122; x_wconf 79' lang='lat' dir='ltr'><strong>ornans.</strong></span> 
     </span>
    </p>
   </div>
   <div class='ocr_carea' id='block_1_22' title="bbox 1907 1215 2258 1272">
    <p class='ocr_par' dir='ltr' id='par_1_22' title="bbox 1907 1215 2258 1272">
     <span class='ocr_line' id='line_1_22' title="bbox 1907 1215 2258 1272; baseline -0.003 0"><span class='ocrx_word' id='word_1_128' title='bbox 1907 1215 2136 1272; x_wconf 73' lang='lat' dir='ltr'><strong>CAPUT</strong></span> <span class='ocrx_word' id='word_1_129' title='bbox 2174 1217 2258 1272; x_wconf 90' lang='lat' dir='ltr'><strong>Ill.</strong></span> 
     </span>
    </p>
   </div>
   <div class='ocr_carea' id='block_1_23' title="bbox 1649 1311 2450 1386">
    <p class='ocr_par' dir='ltr' id='par_1_23' title="bbox 1649 1311 2450 1386">
     <span class='ocr_line' id='line_1_23' title="bbox 1649 1311 2450 1386; baseline 0.005 -22"><span class='ocrx_word' id='word_1_130' title='bbox 1649 1311 1721 1365; x_wconf 77' lang='lat' dir='ltr'><strong>De</strong></span> <span class='ocrx_word' id='word_1_131' title='bbox 1750 1321 1932 1366; x_wconf 82' lang='lat' dir='ltr'><strong>sancto</strong></span> <span class='ocrx_word' id='word_1_132' title='bbox 1963 1311 2243 1368; x_wconf 79' lang='lat' dir='ltr'><strong>Hilariouc</strong></span> <span class='ocrx_word' id='word_1_133' title='bbox 2276 1312 2450 1386; x_wconf 76' lang='grc'><strong>(159).</strong></span> 
     </span>
    </p>
   </div>
   <div class='ocr_carea' id='block_1_24' title="bbox 437 1423 1803 1490">
    <p class='ocr_par' dir='ltr' id='par_1_24' title="bbox 437 1423 1803 1490">
     <span class='ocr_line' id='line_1_24' title="bbox 437 1423 1803 1490; baseline -0.003 -8"><span class='ocrx_word' id='word_1_134' title='bbox 437 1425 598 1482; x_wconf 85' lang='lat' dir='ltr'><strong>Patre</strong></span> <span class='ocrx_word' id='word_1_135' title='bbox 630 1425 971 1482; x_wconf 73' lang='lat' dir='ltr'><strong>Palmstinam</strong></span> <span class='ocrx_word' id='word_1_136' title='bbox 1012 1425 1214 1479; x_wconf 88' lang='lat' dir='ltr'><strong>claram</strong></span> <span class='ocrx_word' id='word_1_137' title='bbox 1240 1423 1514 1480; x_wconf 83' lang='lat' dir='ltr'><strong>liilarionc</strong></span> <span class='ocrx_word' id='word_1_138' title='bbox 1545 1424 1803 1490; x_wconf 87' lang='lat' dir='ltr'><strong>feramus,</strong></span> 
     </span>
    </p>
   </div>
   <div class='ocr_carea' id='block_1_25' title="bbox 439 1515 2022 1586">
    <p class='ocr_par' dir='ltr' id='par_1_25' title="bbox 439 1515 2022 1586">
     <span class='ocr_line' id='line_1_25' title="bbox 439 1515 2022 1586; baseline -0.002 -14"><span class='ocrx_word' id='word_1_139' title='bbox 439 1516 939 1586; x_wconf 77' lang='lat' dir='ltr'><strong>Hiemuymutnque</strong></span> <span class='ocrx_word' id='word_1_140' title='bbox 978 1515 1166 1569; x_wconf 89' lang='lat' dir='ltr'><strong>ducem</strong></span> <span class='ocrx_word' id='word_1_141' title='bbox 1194 1517 1315 1568; x_wconf 77' lang='lat' dir='ltr'><strong>vita:</strong></span> <span class='ocrx_word' id='word_1_142' title='bbox 1356 1515 1406 1568; x_wconf 91' lang='lat' dir='ltr'><strong>in</strong></span> <span class='ocrx_word' id='word_1_143' title='bbox 1438 1530 1684 1570; x_wconf 84' lang='lat' dir='ltr'><strong>sermone</strong></span> <span class='ocrx_word' id='word_1_144' title='bbox 1714 1531 2022 1583; x_wconf 88' lang='lat' dir='ltr'><strong>sequamur.</strong></span> 
     </span>
    </p>
   </div>
   <div class='ocr_carea' id='block_1_26' title="bbox 439 1605 1949 1676">
    <p class='ocr_par' dir='ltr' id='par_1_26' title="bbox 439 1605 1949 1676">
     <span class='ocr_line' id='line_1_26' title="bbox 439 1605 1949 1676; baseline -0.003 -13"><span class='ocrx_word' id='word_1_145' title='bbox 439 1607 646 1663; x_wconf 85' lang='lat' dir='ltr'><strong>Scribit</strong></span> <span class='ocrx_word' id='word_1_146' title='bbox 673 1607 759 1662; x_wconf 87' lang='lat' dir='ltr'><strong>hic</strong></span> <span class='ocrx_word' id='word_1_147' title='bbox 788 1615 1008 1661; x_wconf 90' lang='lat' dir='ltr'><strong>exortus</strong></span> <span class='ocrx_word' id='word_1_148' title='bbox 1032 1607 1264 1676; x_wconf 85' lang='lat' dir='ltr'><strong>primum</strong></span> <span class='ocrx_word' id='word_1_149' title='bbox 1294 1614 1352 1660; x_wconf 92' lang='lat' dir='ltr'><strong>ut</strong></span> <span class='ocrx_word' id='word_1_150' title='bbox 1379 1607 1497 1664; x_wconf 85' lang='lat' dir='ltr'><strong>vico</strong></span> <span class='ocrx_word' id='word_1_151' title='bbox 1528 1622 1691 1676; x_wconf 89' lang='lat' dir='ltr'><strong>prope</strong></span> <span class='ocrx_word' id='word_1_152' title='bbox 1726 1605 1949 1672; x_wconf 84' lang='lat' dir='ltr'><strong>Gazam,</strong></span> 
     </span>
    </p>
   </div>
   <div class='ocr_carea' id='block_1_27' title="bbox 437 1683 1702 1766">
    <p class='ocr_par' dir='ltr' id='par_1_27' title="bbox 437 1683 1702 1766">
     <span class='ocr_line' id='line_1_27' title="bbox 437 1683 1702 1766; baseline -0.001 -14"><span class='ocrx_word' id='word_1_153' title='bbox 437 1699 671 1752; x_wconf 80' lang='lat' dir='ltr'><strong>Millibus</strong></span> <span class='ocrx_word' id='word_1_154' title='bbox 701 1709 752 1752; x_wconf 83' lang='lat' dir='ltr'><strong>et</strong></span> <span class='ocrx_word' id='word_1_155' title='bbox 781 1697 958 1766; x_wconf 84' lang='lat' dir='ltr'><strong>quiuis</strong></span> <span class='ocrx_word' id='word_1_156' title='bbox 985 1697 1206 1755; x_wconf 79' lang='lat' dir='ltr'><strong>distanti</strong></span> <span class='ocrx_word' id='word_1_157' title='bbox 1241 1697 1507 1750; x_wconf 74' lang='lat' dir='ltr'><strong>lucentibus</strong></span> <span class='ocrx_word' id='word_1_158' title='bbox 1533 1683 1702 1757; x_wconf 74' lang='lat' dir='ltr'><strong>urbis.</strong></span> 
     </span>
    </p>
   </div>
   <div class='ocr_carea' id='block_1_28' title="bbox 436 1787 1781 1856">
    <p class='ocr_par' dir='ltr' id='par_1_28' title="bbox 436 1787 1781 1856">
     <span class='ocr_line' id='line_1_28' title="bbox 436 1787 1781 1856; baseline -0.002 -12"><span class='ocrx_word' id='word_1_159' title='bbox 436 1787 666 1844; x_wconf 67' lang='lat' dir='ltr'><strong>Nomine</strong></span> <span class='ocrx_word' id='word_1_160' title='bbox 701 1789 964 1850; x_wconf 85' lang='lat' dir='ltr'><strong>&#39;l‘havata,</strong></span> <span class='ocrx_word' id='word_1_161' title='bbox 997 1795 1177 1856; x_wconf 87' lang='lat' dir='ltr'><strong>partes</strong></span> <span class='ocrx_word' id='word_1_162' title='bbox 1216 1787 1304 1854; x_wconf 87' lang='lat' dir='ltr'><strong>qui</strong></span> <span class='ocrx_word' id='word_1_163' title='bbox 1337 1787 1556 1856; x_wconf 78' lang='lat' dir='ltr'><strong>respicit</strong></span> <span class='ocrx_word' id='word_1_164' title='bbox 1587 1787 1781 1840; x_wconf 86' lang='lat' dir='ltr'><strong>austri.</strong></span> 
     </span>
    </p>
   </div>
   <div class='ocr_carea' id='block_1_29' title="bbox 439 1878 1710 1948">
    <p class='ocr_par' dir='ltr' id='par_1_29' title="bbox 439 1878 1710 1948">
     <span class='ocr_line' id='line_1_29' title="bbox 439 1878 1710 1948; baseline 0 -16"><span class='ocrx_word' id='word_1_165' title='bbox 439 1879 706 1933; x_wconf 79' lang='lat' dir='ltr'><strong>Evolvcus</strong></span> <span class='ocrx_word' id='word_1_166' title='bbox 739 1879 972 1948; x_wconf 87' lang='lat' dir='ltr'><strong>reliquos</strong></span> <span class='ocrx_word' id='word_1_167' title='bbox 1004 1878 1126 1932; x_wconf 68' lang='lat' dir='ltr'><strong>vita:</strong></span> <span class='ocrx_word' id='word_1_168' title='bbox 1164 1893 1226 1931; x_wconf 89' lang='lat' dir='ltr'><strong>ac</strong></span> <span class='ocrx_word' id='word_1_169' title='bbox 1266 1879 1481 1932; x_wconf 86' lang='lat' dir='ltr'><strong>virtutis</strong></span> <span class='ocrx_word' id='word_1_170' title='bbox 1510 1895 1710 1946; x_wconf 77' lang='lat' dir='ltr'><strong>agones</strong></span> 
     </span>
    </p>
   </div>
   <div class='ocr_carea' id='block_1_30' title="bbox 442 1967 1826 2038">
    <p class='ocr_par' dir='ltr' id='par_1_30' title="bbox 442 1967 1826 2038">
     <span class='ocr_line' id='line_1_30' title="bbox 442 1967 1826 2038; baseline 0 -16"><span class='ocrx_word' id='word_1_171' title='bbox 442 1967 546 2024; x_wconf 77' lang='lat' dir='ltr'><strong>llic</strong></span> <span class='ocrx_word' id='word_1_172' title='bbox 571 1969 714 2023; x_wconf 84' lang='lat' dir='ltr'><strong>velut</strong></span> <span class='ocrx_word' id='word_1_173' title='bbox 750 1983 779 2022; x_wconf 91' lang='lat' dir='ltr'><strong>c</strong></span> <span class='ocrx_word' id='word_1_174' title='bbox 805 1969 975 2038; x_wconf 82' lang='lat' dir='ltr'><strong>spinis</strong></span> <span class='ocrx_word' id='word_1_175' title='bbox 1005 1967 1250 2021; x_wconf 84' lang='lat' dir='ltr'><strong>redoleas</strong></span> <span class='ocrx_word' id='word_1_176' title='bbox 1283 1983 1402 2022; x_wconf 89' lang='lat' dir='ltr'><strong>rosa</strong></span> <span class='ocrx_word' id='word_1_177' title='bbox 1431 1969 1602 2038; x_wconf 78' lang='lat' dir='ltr'><strong>surgit</strong></span> <span class='ocrx_word' id='word_1_178' title='bbox 1633 1969 1826 2032; x_wconf 87' lang='lat' dir='ltr'><strong>acutis,</strong></span> 
     </span>
    </p>
   </div>
   <div class='ocr_carea' id='block_1_31' title="bbox 444 2060 1706 2134">
    <p class='ocr_par' dir='ltr' id='par_1_31' title="bbox 444 2060 1706 2134">
     <span class='ocr_line' id='line_1_31' title="bbox 444 2060 1706 2134; baseline -0.005 -14"><span class='ocrx_word' id='word_1_179' title='bbox 444 2063 789 2134; x_wconf 81' lang='lat' dir='ltr'><strong>Settlptiliuut</strong></span> <span class='ocrx_word' id='word_1_180' title='bbox 817 2062 960 2116; x_wconf 89' lang='lat' dir='ltr'><strong>cultu</strong></span> <span class='ocrx_word' id='word_1_181' title='bbox 987 2062 1141 2115; x_wconf 56' lang='lat' dir='ltr'><strong>saevis</strong></span> <span class='ocrx_word' id='word_1_182' title='bbox 1173 2060 1509 2129; x_wconf 80' lang='lat' dir='ltr'><strong>genitoribus</strong></span> <span class='ocrx_word' id='word_1_183' title='bbox 1535 2071 1706 2128; x_wconf 91' lang='lat' dir='ltr'><strong>ortus,</strong></span> 
     </span>
    </p>
   </div>
   <div class='ocr_carea' id='block_1_32' title="bbox 443 2153 1690 2212">
    <p class='ocr_par' dir='ltr' id='par_1_32' title="bbox 443 2153 1690 2212">
     <span class='ocr_line' id='line_1_32' title="bbox 443 2153 1690 2212; baseline -0.003 0"><span class='ocrx_word' id='word_1_184' title='bbox 443 2158 786 2212; x_wconf 84' lang='lat' dir='ltr'><strong>Erudientlus</strong></span> <span class='ocrx_word' id='word_1_185' title='bbox 821 2155 1116 2210; x_wconf 78' lang='lat' dir='ltr'><strong>Alexandri</strong></span> <span class='ocrx_word' id='word_1_186' title='bbox 1153 2153 1542 2208; x_wconf 71' lang='lat' dir='ltr'><strong>transn&#39;tittitur</strong></span> <span class='ocrx_word' id='word_1_187' title='bbox 1573 2155 1690 2208; x_wconf 90' lang='lat' dir='ltr'><strong>urbi</strong></span> 
     </span>
    </p>
   </div>
   <div class='ocr_carea' id='block_1_33' title="bbox 442 2243 1939 2318">
    <p class='ocr_par' dir='ltr' id='par_1_33' title="bbox 442 2243 1939 2318">
     <span class='ocr_line' id='line_1_33' title="bbox 442 2243 1939 2318; baseline -0.005 -13"><span class='ocrx_word' id='word_1_188' title='bbox 442 2250 974 2318; x_wconf 86' lang='lat' dir='ltr'><strong>Grammaticamque</strong></span> <span class='ocrx_word' id='word_1_189' title='bbox 1002 2245 1138 2300; x_wconf 90' lang='lat' dir='ltr'><strong>catis</strong></span> <span class='ocrx_word' id='word_1_190' title='bbox 1178 2245 1365 2311; x_wconf 79' lang='lat' dir='ltr'><strong>didicit</strong></span> <span class='ocrx_word' id='word_1_191' title='bbox 1387 2243 1698 2298; x_wconf 88' lang='lat' dir='ltr'><strong>doctoribus</strong></span> <span class='ocrx_word' id='word_1_192' title='bbox 1723 2254 1896 2298; x_wconf 89' lang='lat' dir='ltr'><strong>artem</strong></span> <span class='ocrx_word' id='word_1_193' title='bbox 1925 2261 1939 2298; x_wconf 89' lang='lat'>:</span> 
     </span>
    </p>
   </div>
   <div class='ocr_carea' id='block_1_34' title="bbox 443 2337 1862 2414">
    <p class='ocr_par' dir='ltr' id='par_1_34' title="bbox 443 2337 1862 2414">
     <span class='ocr_line' id='line_1_34' title="bbox 443 2337 1862 2414; baseline -0.005 -20"><span class='ocrx_word' id='word_1_194' title='bbox 443 2341 705 2406; x_wconf 83' lang='lat' dir='ltr'><strong>Omnibus</strong></span> <span class='ocrx_word' id='word_1_195' title='bbox 735 2347 787 2393; x_wconf 89' lang='lat' dir='ltr'><strong>et</strong></span> <span class='ocrx_word' id='word_1_196' title='bbox 817 2339 1016 2392; x_wconf 88' lang='lat' dir='ltr'><strong>charus</strong></span> <span class='ocrx_word' id='word_1_197' title='bbox 1037 2337 1274 2390; x_wconf 88' lang='lat' dir='ltr'><strong>studium</strong></span> <span class='ocrx_word' id='word_1_198' title='bbox 1311 2351 1596 2414; x_wconf 85' lang='lat' dir='ltr'><strong>tuoresque</strong></span> <span class='ocrx_word' id='word_1_199' title='bbox 1627 2337 1862 2402; x_wconf 88' lang='lat' dir='ltr'><strong>calebat,</strong></span> 
     </span>
    </p>
   </div>
   <div class='ocr_carea' id='block_1_35' title="bbox 445 2426 1653 2500">
    <p class='ocr_par' dir='ltr' id='par_1_35' title="bbox 445 2426 1653 2500">
     <span class='ocr_line' id='line_1_35' title="bbox 445 2426 1653 2500; baseline -0.007 -16"><span class='ocrx_word' id='word_1_200' title='bbox 445 2431 674 2500; x_wconf 76' lang='lat' dir='ltr'><strong>Egregie</strong></span> <span class='ocrx_word' id='word_1_201' title='bbox 715 2429 817 2481; x_wconf 86' lang='lat' dir='ltr'><strong>ritu</strong></span> <span class='ocrx_word' id='word_1_202' title='bbox 841 2427 1041 2482; x_wconf 84' lang='lat' dir='ltr'><strong>Christi</strong></span> <span class='ocrx_word' id='word_1_203' title='bbox 1073 2443 1132 2480; x_wconf 86' lang='lat' dir='ltr'><strong>se</strong></span> <span class='ocrx_word' id='word_1_204' title='bbox 1171 2426 1407 2481; x_wconf 85' lang='lat' dir='ltr'><strong>cultibus</strong></span> <span class='ocrx_word' id='word_1_205' title='bbox 1445 2427 1653 2490; x_wconf 85' lang='lat' dir='ltr'><strong>indcus,</strong></span> 
     </span>
    </p>
   </div>
   <div class='ocr_carea' id='block_1_36' title="bbox 443 2518 1824 2590">
    <p class='ocr_par' dir='ltr' id='par_1_36' title="bbox 443 2518 1824 2590">
     <span class='ocr_line' id='line_1_36' title="bbox 443 2518 1824 2590; baseline -0.004 -11"><span class='ocrx_word' id='word_1_206' title='bbox 443 2521 762 2590; x_wconf 67' lang='lat' dir='ltr'><strong>Aﬁectuque</strong></span> <span class='ocrx_word' id='word_1_207' title='bbox 792 2523 880 2590; x_wconf 87' lang='lat' dir='ltr'><strong>pio</strong></span> <span class='ocrx_word' id='word_1_208' title='bbox 911 2521 1180 2574; x_wconf 84' lang='lat' dir='ltr'><strong>meditans</strong></span> <span class='ocrx_word' id='word_1_209' title='bbox 1213 2519 1264 2571; x_wconf 90' lang='lat' dir='ltr'><strong>in</strong></span> <span class='ocrx_word' id='word_1_210' title='bbox 1296 2518 1589 2588; x_wconf 82' lang='lat' dir='ltr'><strong>relligionis</strong></span> <span class='ocrx_word' id='word_1_211' title='bbox 1616 2533 1824 2588; x_wconf 66' lang='lat' dir='ltr'><strong>amore.</strong></span> 
     </span>
    </p>
   </div>
   <div class='ocr_carea' id='block_1_37' title="bbox 445 2610 1635 2678">
    <p class='ocr_par' dir='ltr' id='par_1_37' title="bbox 445 2610 1635 2678">
     <span class='ocr_line' id='line_1_37' title="bbox 445 2610 1635 2678; baseline -0.004 -9"><span class='ocrx_word' id='word_1_212' title='bbox 445 2615 668 2670; x_wconf 72' lang='lat' dir='ltr'><strong>Antonii</strong></span> <span class='ocrx_word' id='word_1_213' title='bbox 697 2629 893 2666; x_wconf 86' lang='lat' dir='ltr'><strong>nomen</strong></span> <span class='ocrx_word' id='word_1_214' title='bbox 923 2610 1122 2668; x_wconf 74' lang='lat' dir='ltr'><strong>celebri</strong></span> <span class='ocrx_word' id='word_1_215' title='bbox 1155 2625 1370 2663; x_wconf 89' lang='lat' dir='ltr'><strong>rumore</strong></span> <span class='ocrx_word' id='word_1_216' title='bbox 1400 2611 1635 2678; x_wconf 76' lang='lat' dir='ltr'><strong>capessit</strong></span> 
     </span>
    </p>
   </div>
   <div class='ocr_carea' id='block_1_38' title="bbox 451 2702 1985 2775">
    <p class='ocr_par' dir='ltr' id='par_1_38' title="bbox 451 2702 1985 2775">
     <span class='ocr_line' id='line_1_38' title="bbox 451 2702 1985 2775; baseline -0.003 -15"><span class='ocrx_word' id='word_1_217' title='bbox 451 2709 635 2762; x_wconf 73' lang='lat' dir='ltr'><strong>Visere</strong></span> <span class='ocrx_word' id='word_1_218' title='bbox 659 2721 817 2775; x_wconf 89' lang='lat' dir='ltr'><strong>quem</strong></span> <span class='ocrx_word' id='word_1_219' title='bbox 853 2702 1088 2768; x_wconf 85' lang='lat' dir='ltr'><strong>fervens,</strong></span> <span class='ocrx_word' id='word_1_220' title='bbox 1122 2718 1364 2757; x_wconf 88' lang='lat' dir='ltr'><strong>cremum</strong></span> <span class='ocrx_word' id='word_1_221' title='bbox 1397 2703 1556 2772; x_wconf 83' lang='lat' dir='ltr'><strong>petit,</strong></span> <span class='ocrx_word' id='word_1_222' title='bbox 1585 2711 1750 2773; x_wconf 89' lang='lat' dir='ltr'><strong>utque</strong></span> <span class='ocrx_word' id='word_1_223' title='bbox 1777 2703 1985 2773; x_wconf 83' lang='lat' dir='ltr'><strong>positus</strong></span> 
     </span>
    </p>
   </div>
   <div class='ocr_carea' id='block_1_39' title="bbox 447 2797 1544 2865">
    <p class='ocr_par' dir='ltr' id='par_1_39' title="bbox 447 2797 1544 2865">
     <span class='ocr_line' id='line_1_39' title="bbox 447 2797 1544 2865; baseline -0.005 -9"><span class='ocrx_word' id='word_1_224' title='bbox 447 2801 678 2865; x_wconf 80' lang='lat' dir='ltr'><strong>Eli&#39;cctu,</strong></span> <span class='ocrx_word' id='word_1_225' title='bbox 704 2800 858 2854; x_wconf 88' lang='lat' dir='ltr'><strong>solita</strong></span> <span class='ocrx_word' id='word_1_226' title='bbox 890 2807 1129 2852; x_wconf 83' lang='lat' dir='ltr'><strong>mutatur</strong></span> <span class='ocrx_word' id='word_1_227' title='bbox 1156 2805 1306 2851; x_wconf 82' lang='lat' dir='ltr'><strong>veste</strong></span> <span class='ocrx_word' id='word_1_228' title='bbox 1335 2797 1544 2852; x_wconf 87' lang='lat' dir='ltr'><strong>duobus</strong></span> 
     </span>
    </p>
   </div>
   <div class='ocr_carea' id='block_1_40' title="bbox 449 2890 2040 2964">
    <p class='ocr_par' dir='ltr' id='par_1_40' title="bbox 449 2890 2040 2964">
     <span class='ocr_line' id='line_1_40' title="bbox 449 2890 2040 2964; baseline -0.004 -16"><span class='ocrx_word' id='word_1_229' title='bbox 449 2895 742 2960; x_wconf 79' lang='lat' dir='ltr'><strong>Meusibus,</strong></span> <span class='ocrx_word' id='word_1_230' title='bbox 776 2893 1030 2964; x_wconf 79' lang='lat' dir='ltr'><strong>hicjaxta</strong></span> <span class='ocrx_word' id='word_1_231' title='bbox 1071 2891 1340 2948; x_wconf 77' lang='lat' dir='ltr'><strong>recubans</strong></span> <span class='ocrx_word' id='word_1_232' title='bbox 1389 2901 1552 2961; x_wconf 89' lang='lat' dir='ltr'><strong>atque</strong></span> <span class='ocrx_word' id='word_1_233' title='bbox 1601 2890 1767 2944; x_wconf 88' lang='lat' dir='ltr'><strong>ardua</strong></span> <span class='ocrx_word' id='word_1_234' title='bbox 1819 2890 2040 2960; x_wconf 81' lang='lat' dir='ltr'><strong>signans</strong></span> 
     </span>
    </p>
   </div>
   <div class='ocr_carea' id='block_1_41' title="bbox 450 2987 1858 3053">
    <p class='ocr_par' dir='ltr' id='par_1_41' title="bbox 450 2987 1858 3053">
     <span class='ocr_line' id='line_1_41' title="bbox 450 2987 1858 3053; baseline -0.001 -12"><span class='ocrx_word' id='word_1_235' title='bbox 450 2989 740 3041; x_wconf 86' lang='lat' dir='ltr'><strong>Castorum</strong></span> <span class='ocrx_word' id='word_1_236' title='bbox 777 2987 972 3042; x_wconf 87' lang='lat' dir='ltr'><strong>seriem</strong></span> <span class='ocrx_word' id='word_1_237' title='bbox 1005 3001 1214 3040; x_wconf 87' lang='lat' dir='ltr'><strong>morum</strong></span> <span class='ocrx_word' id='word_1_238' title='bbox 1249 2999 1558 3053; x_wconf 65' lang='lat' dir='ltr'><strong>norma&#39;que</strong></span> <span class='ocrx_word' id='word_1_239' title='bbox 1591 2994 1858 3049; x_wconf 89' lang='lat' dir='ltr'><strong>tenorem,</strong></span> 
     </span>
    </p>
   </div>
   <div class='ocr_carea' id='block_1_42' title="bbox 453 3080 1969 3146">
    <p class='ocr_par' dir='ltr' id='par_1_42' title="bbox 453 3080 1969 3146">
     <span class='ocr_line' id='line_1_42' title="bbox 453 3080 1969 3146; baseline 0.001 -12"><span class='ocrx_word' id='word_1_240' title='bbox 453 3082 626 3146; x_wconf 85' lang='lat' dir='ltr'><strong>Quam</strong></span> <span class='ocrx_word' id='word_1_241' title='bbox 659 3080 795 3133; x_wconf 87' lang='lat' dir='ltr'><strong>foret</strong></span> <span class='ocrx_word' id='word_1_242' title='bbox 827 3081 1034 3136; x_wconf 84' lang='lat' dir='ltr'><strong>orando</strong></span> <span class='ocrx_word' id='word_1_243' title='bbox 1065 3081 1336 3144; x_wconf 86' lang='lat' dir='ltr'><strong>assiduus,</strong></span> <span class='ocrx_word' id='word_1_244' title='bbox 1376 3081 1698 3136; x_wconf 84' lang='lat' dir='ltr'><strong>summissus</strong></span> <span class='ocrx_word' id='word_1_245' title='bbox 1727 3082 1969 3136; x_wconf 82' lang='lat' dir='ltr'><strong>alumnos</strong></span> 
     </span>
    </p>
   </div>
   <div class='ocr_carea' id='block_1_43' title="bbox 457 3170 1972 3240">
    <p class='ocr_par' dir='ltr' id='par_1_43' title="bbox 457 3170 1972 3240">
     <span class='ocr_line' id='line_1_43' title="bbox 457 3170 1972 3240; baseline 0.001 -16"><span class='ocrx_word' id='word_1_246' title='bbox 457 3170 772 3240; x_wconf 65' lang='lat' dir='ltr'><strong>iixeipietts,</strong></span> <span class='ocrx_word' id='word_1_247' title='bbox 797 3186 1031 3240; x_wconf 87' lang='lat' dir='ltr'><strong>acerque</strong></span> <span class='ocrx_word' id='word_1_248' title='bbox 1054 3187 1300 3232; x_wconf 88' lang='lat' dir='ltr'><strong>monens,</strong></span> <span class='ocrx_word' id='word_1_249' title='bbox 1320 3171 1604 3239; x_wconf 85' lang='lat' dir='ltr'><strong>alacerque</strong></span> <span class='ocrx_word' id='word_1_250' title='bbox 1643 3173 1931 3234; x_wconf 81' lang='lat' dir='ltr'><strong>cohort-aus</strong></span> <span class='ocrx_word' id='word_1_251' title='bbox 1957 3188 1972 3236; x_wconf 86' lang='lat'><strong>;</strong></span> 
     </span>
    </p>
   </div>
   <div class='ocr_carea' id='block_1_44' title="bbox 450 3263 1743 3336">
    <p class='ocr_par' dir='ltr' id='par_1_44' title="bbox 450 3263 1743 3336">
     <span class='ocr_line' id='line_1_44' title="bbox 450 3263 1743 3336; baseline 0 -18"><span class='ocrx_word' id='word_1_252' title='bbox 450 3265 732 3332; x_wconf 62' lang='lat' dir='ltr'><strong>Asperitas</strong></span> <span class='ocrx_word' id='word_1_253' title='bbox 760 3263 932 3334; x_wconf 90' lang='lat' dir='ltr'><strong>qualis</strong></span> <span class='ocrx_word' id='word_1_254' title='bbox 963 3264 1086 3318; x_wconf 88' lang='lat' dir='ltr'><strong>huic</strong></span> <span class='ocrx_word' id='word_1_255' title='bbox 1109 3265 1482 3334; x_wconf 85' lang='lat' dir='ltr'><strong>propositique</strong></span> <span class='ocrx_word' id='word_1_256' title='bbox 1507 3264 1743 3336; x_wconf 87' lang='lat' dir='ltr'><strong>cibique.</strong></span> 
     </span>
    </p>
   </div>
   <div class='ocr_carea' id='block_1_45' title="bbox 449 3355 1968 3428">
    <p class='ocr_par' dir='ltr' id='par_1_45' title="bbox 449 3355 1968 3428">
     <span class='ocr_line' id='line_1_45' title="bbox 449 3355 1968 3428; baseline 0.002 -19"><span class='ocrx_word' id='word_1_257' title='bbox 449 3358 532 3410; x_wconf 77' lang='lat' dir='ltr'><strong>Ad</strong></span> <span class='ocrx_word' id='word_1_258' title='bbox 563 3357 790 3426; x_wconf 90' lang='lat' dir='ltr'><strong>patriam</strong></span> <span class='ocrx_word' id='word_1_259' title='bbox 817 3366 934 3424; x_wconf 88' lang='lat' dir='ltr'><strong>post</strong></span> <span class='ocrx_word' id='word_1_260' title='bbox 962 3356 1075 3410; x_wconf 68' lang='lat' dir='ltr'><strong>hmc</strong></span> <span class='ocrx_word' id='word_1_261' title='bbox 1103 3355 1382 3410; x_wconf 86' lang='lat' dir='ltr'><strong>monachis</strong></span> <span class='ocrx_word' id='word_1_262' title='bbox 1409 3355 1610 3427; x_wconf 84' lang='lat' dir='ltr'><strong>collega</strong></span> <span class='ocrx_word' id='word_1_263' title='bbox 1645 3357 1968 3428; x_wconf 81' lang='lat' dir='ltr'><strong>quibusdam</strong></span> 
     </span>
    </p>
   </div>
   <div class='ocr_carea' id='block_1_46' title="bbox 461 3447 1971 3518">
    <p class='ocr_par' dir='ltr' id='par_1_46' title="bbox 461 3447 1971 3518">
     <span class='ocr_line' id='line_1_46' title="bbox 461 3447 1971 3518; baseline 0.003 -18"><span class='ocrx_word' id='word_1_264' title='bbox 461 3448 742 3502; x_wconf 84' lang='lat' dir='ltr'><strong>Dcfunctis</strong></span> <span class='ocrx_word' id='word_1_265' title='bbox 768 3447 982 3503; x_wconf 87' lang='lat' dir='ltr'><strong>rediens</strong></span> <span class='ocrx_word' id='word_1_266' title='bbox 1009 3457 1158 3517; x_wconf 88' lang='lat' dir='ltr'><strong>patre</strong></span> <span class='ocrx_word' id='word_1_267' title='bbox 1182 3449 1406 3518; x_wconf 58' lang='lat' dir='ltr'><strong>jamque</strong></span> <span class='ocrx_word' id='word_1_268' title='bbox 1442 3457 1499 3503; x_wconf 91' lang='lat' dir='ltr'><strong>et</strong></span> <span class='ocrx_word' id='word_1_269' title='bbox 1533 3456 1726 3506; x_wconf 83' lang='lat' dir='ltr'><strong>matre.</strong></span> <span class='ocrx_word' id='word_1_270' title='bbox 1758 3449 1971 3504; x_wconf 85' lang='lat' dir='ltr'><strong>decenti</strong></span> 
     </span>
    </p>
   </div>
   <div class='ocr_carea' id='block_1_47' title="bbox 451 3533 1658 3609">
    <p class='ocr_par' dir='ltr' id='par_1_47' title="bbox 451 3533 1658 3609">
     <span class='ocr_line' id='line_1_47' title="bbox 451 3533 1658 3609; baseline 0.001 -17"><span class='ocrx_word' id='word_1_271' title='bbox 451 3539 736 3609; x_wconf 69' lang='lat' dir='ltr'><strong>Dispensat</strong></span> <span class='ocrx_word' id='word_1_272' title='bbox 763 3538 978 3594; x_wconf 84' lang='lat' dir='ltr'><strong>dimissa</strong></span> <span class='ocrx_word' id='word_1_273' title='bbox 1011 3539 1112 3594; x_wconf 90' lang='lat' dir='ltr'><strong>sibi</strong></span> <span class='ocrx_word' id='word_1_274' title='bbox 1153 3533 1478 3608; x_wconf 84' lang='lat' dir='ltr'><strong>patrimonia</strong></span> <span class='ocrx_word' id='word_1_275' title='bbox 1515 3539 1658 3607; x_wconf 88' lang='lat' dir='ltr'><strong>jure,</strong></span> 
     </span>
    </p>
   </div>
   <div class='ocr_carea' id='block_1_48' title="bbox 451 3629 1795 3704">
    <p class='ocr_par' dir='ltr' id='par_1_48' title="bbox 451 3629 1795 3704">
     <span class='ocr_line' id='line_1_48' title="bbox 451 3629 1795 3704; baseline 0.004 -21"><span class='ocrx_word' id='word_1_276' title='bbox 451 3629 738 3692; x_wconf 82' lang='lat' dir='ltr'><strong>Fratribus</strong></span> <span class='ocrx_word' id='word_1_277' title='bbox 762 3639 816 3686; x_wconf 90' lang='lat' dir='ltr'><strong>et</strong></span> <span class='ocrx_word' id='word_1_278' title='bbox 839 3640 1068 3702; x_wconf 83' lang='lat' dir='ltr'><strong>partem,</strong></span> <span class='ocrx_word' id='word_1_279' title='bbox 1097 3642 1307 3702; x_wconf 87' lang='lat' dir='ltr'><strong>partem</strong></span> <span class='ocrx_word' id='word_1_280' title='bbox 1339 3633 1567 3703; x_wconf 81' lang='lat' dir='ltr'><strong>largitur</strong></span> <span class='ocrx_word' id='word_1_281' title='bbox 1587 3633 1795 3704; x_wconf 85' lang='lat' dir='ltr'><strong>egenis,</strong></span> 
     </span>
    </p>
   </div>
   <div class='ocr_carea' id='block_1_49' title="bbox 453 3721 1904 3794">
    <p class='ocr_par' dir='ltr' id='par_1_49' title="bbox 453 3721 1904 3794">
     <span class='ocr_line' id='line_1_49' title="bbox 453 3721 1904 3794; baseline 0.001 -18"><span class='ocrx_word' id='word_1_282' title='bbox 453 3721 538 3776; x_wconf 74' lang='lat' dir='ltr'><strong>Nil</strong></span> <span class='ocrx_word' id='word_1_283' title='bbox 575 3723 795 3778; x_wconf 81' lang='lat' dir='ltr'><strong>sibimet</strong></span> <span class='ocrx_word' id='word_1_284' title='bbox 828 3739 1067 3778; x_wconf 86' lang='lat' dir='ltr'><strong>servans.</strong></span> <span class='ocrx_word' id='word_1_285' title='bbox 1102 3725 1208 3782; x_wconf 85' lang='lat' dir='ltr'><strong>Ter</strong></span> <span class='ocrx_word' id='word_1_286' title='bbox 1232 3725 1426 3794; x_wconf 86' lang='lat' dir='ltr'><strong>quinos</strong></span> <span class='ocrx_word' id='word_1_287' title='bbox 1448 3727 1625 3779; x_wconf 89' lang='lat' dir='ltr'><strong>nudus</strong></span> <span class='ocrx_word' id='word_1_288' title='bbox 1649 3736 1702 3780; x_wconf 91' lang='lat' dir='ltr'><strong>ct</strong></span> <span class='ocrx_word' id='word_1_289' title='bbox 1731 3741 1904 3780; x_wconf 81' lang='lat' dir='ltr'><strong>annos</strong></span> 
     </span>
    </p>
   </div>
   <div class='ocr_carea' id='block_1_50' title="bbox 455 3813 1938 3884">
    <p class='ocr_par' dir='ltr' id='par_1_50' title="bbox 455 3813 1938 3884">
     <span class='ocr_line' id='line_1_50' title="bbox 455 3813 1938 3884; baseline 0.002 -17"><span class='ocrx_word' id='word_1_290' title='bbox 455 3815 592 3868; x_wconf 87' lang='lat' dir='ltr'><strong>Dum</strong></span> <span class='ocrx_word' id='word_1_291' title='bbox 619 3813 775 3884; x_wconf 88' lang='lat' dir='ltr'><strong>regit,</strong></span> <span class='ocrx_word' id='word_1_292' title='bbox 811 3829 958 3868; x_wconf 88' lang='lat' dir='ltr'><strong>arma</strong></span> <span class='ocrx_word' id='word_1_293' title='bbox 991 3830 1182 3884; x_wconf 86' lang='lat' dir='ltr'><strong>gerens</strong></span> <span class='ocrx_word' id='word_1_294' title='bbox 1219 3815 1440 3879; x_wconf 78' lang='lat' dir='ltr'><strong>Christi,</strong></span> <span class='ocrx_word' id='word_1_295' title='bbox 1472 3816 1687 3872; x_wconf 84' lang='lat' dir='ltr'><strong>deserta</strong></span> <span class='ocrx_word' id='word_1_296' title='bbox 1719 3815 1938 3880; x_wconf 65' lang='lat' dir='ltr'><strong>subivit,</strong></span> 
     </span>
    </p>
   </div>
   <div class='ocr_carea' id='block_1_51' title="bbox 461 3902 1552 3974">
    <p class='ocr_par' dir='ltr' id='par_1_51' title="bbox 461 3902 1552 3974">
     <span class='ocr_line' id='line_1_51' title="bbox 461 3902 1552 3974; baseline -0.004 -14"><span class='ocrx_word' id='word_1_297' title='bbox 461 3902 616 3960; x_wconf 80' lang='lat' dir='ltr'><strong>liirto</strong></span> <span class='ocrx_word' id='word_1_298' title='bbox 645 3903 841 3958; x_wconf 88' lang='lat' dir='ltr'><strong>ruralis</strong></span> <span class='ocrx_word' id='word_1_299' title='bbox 865 3912 1153 3970; x_wconf 81' lang='lat' dir='ltr'><strong>coopertus</strong></span> <span class='ocrx_word' id='word_1_300' title='bbox 1175 3905 1409 3974; x_wconf 82' lang='lat' dir='ltr'><strong>tegmine</strong></span> <span class='ocrx_word' id='word_1_301' title='bbox 1438 3905 1552 3972; x_wconf 82' lang='lat' dir='ltr'><strong>sagi</strong></span> 
     </span>
    </p>
   </div>
   <div class='ocr_carea' id='block_1_52' title="bbox 457 3991 1726 4062">
    <p class='ocr_par' dir='ltr' id='par_1_52' title="bbox 457 3991 1726 4062">
     <span class='ocr_line' id='line_1_52' title="bbox 457 3991 1726 4062; baseline -0.001 -15"><span class='ocrx_word' id='word_1_302' title='bbox 457 3991 678 4048; x_wconf 67' lang='lat' dir='ltr'><strong>Vestem</strong></span> <span class='ocrx_word' id='word_1_303' title='bbox 707 3993 1094 4062; x_wconf 89' lang='lat' dir='ltr'><strong>pelliceamque</strong></span> <span class='ocrx_word' id='word_1_304' title='bbox 1123 3991 1323 4055; x_wconf 86' lang='lat' dir='ltr'><strong>ferens,</strong></span> <span class='ocrx_word' id='word_1_305' title='bbox 1351 3995 1619 4048; x_wconf 85' lang='lat' dir='ltr'><strong>Antonius</strong></span> <span class='ocrx_word' id='word_1_306' title='bbox 1649 3994 1726 4048; x_wconf 92' lang='lat' dir='ltr'><strong>illi</strong></span> 
     </span>
    </p>
   </div>
   <div class='ocr_carea' id='block_1_53' title="bbox 459 4082 1898 4151">
    <p class='ocr_par' dir='ltr' id='par_1_53' title="bbox 459 4082 1898 4151">
     <span class='ocr_line' id='line_1_53' title="bbox 459 4082 1898 4151; baseline 0.001 -13"><span class='ocrx_word' id='word_1_307' title='bbox 459 4085 632 4150; x_wconf 78' lang='lat' dir='ltr'><strong>Quam</strong></span> <span class='ocrx_word' id='word_1_308' title='bbox 666 4085 812 4138; x_wconf 84' lang='lat' dir='ltr'><strong>dedit</strong></span> <span class='ocrx_word' id='word_1_309' title='bbox 836 4083 1098 4136; x_wconf 89' lang='lat' dir='ltr'><strong>instructo</strong></span> <span class='ocrx_word' id='word_1_310' title='bbox 1121 4082 1250 4151; x_wconf 73' lang='lat' dir='ltr'><strong>iuga</strong></span> <span class='ocrx_word' id='word_1_311' title='bbox 1281 4085 1424 4140; x_wconf 86' lang='lat' dir='ltr'><strong>ferre</strong></span> <span class='ocrx_word' id='word_1_312' title='bbox 1463 4087 1648 4140; x_wconf 84' lang='lat' dir='ltr'><strong>suavia</strong></span> <span class='ocrx_word' id='word_1_313' title='bbox 1675 4087 1898 4142; x_wconf 81' lang='lat' dir='ltr'><strong>Christi.</strong></span> 
     </span>
    </p>
   </div>
   <div class='ocr_carea' id='block_1_54' title="bbox 461 4173 1774 4246">
    <p class='ocr_par' dir='ltr' id='par_1_54' title="bbox 461 4173 1774 4246">
     <span class='ocr_line' id='line_1_54' title="bbox 461 4173 1774 4246; baseline 0.002 -18"><span class='ocrx_word' id='word_1_314' title='bbox 461 4177 649 4231; x_wconf 83' lang='lat' dir='ltr'><strong>Carica</strong></span> <span class='ocrx_word' id='word_1_315' title='bbox 671 4177 784 4246; x_wconf 86' lang='lat' dir='ltr'><strong>jam</strong></span> <span class='ocrx_word' id='word_1_316' title='bbox 818 4183 978 4229; x_wconf 86' lang='lat' dir='ltr'><strong>noctu</strong></span> <span class='ocrx_word' id='word_1_317' title='bbox 1005 4173 1205 4228; x_wconf 84' lang='lat' dir='ltr'><strong>fessum</strong></span> <span class='ocrx_word' id='word_1_318' title='bbox 1245 4182 1327 4230; x_wconf 92' lang='lat' dir='ltr'><strong>ter</strong></span> <span class='ocrx_word' id='word_1_319' title='bbox 1351 4177 1512 4243; x_wconf 84' lang='lat' dir='ltr'><strong>quina</strong></span> <span class='ocrx_word' id='word_1_320' title='bbox 1543 4178 1774 4230; x_wconf 88' lang='lat' dir='ltr'><strong>cibabat.</strong></span> 
     </span>
    </p>
   </div>
   <div class='ocr_carea' id='block_1_55' title="bbox 461 4268 1900 4338">
    <p class='ocr_par' dir='ltr' id='par_1_55' title="bbox 461 4268 1900 4338">
     <span class='ocr_line' id='line_1_55' title="bbox 461 4268 1900 4338; baseline 0.002 -15"><span class='ocrx_word' id='word_1_321' title='bbox 461 4271 732 4338; x_wconf 85' lang='lat' dir='ltr'><strong>Quattuor</strong></span> <span class='ocrx_word' id='word_1_322' title='bbox 759 4269 885 4324; x_wconf 90' lang='lat' dir='ltr'><strong>huic</strong></span> <span class='ocrx_word' id='word_1_323' title='bbox 914 4270 1070 4324; x_wconf 86' lang='lat' dir='ltr'><strong>anuis</strong></span> <span class='ocrx_word' id='word_1_324' title='bbox 1100 4277 1264 4322; x_wconf 73' lang='lat' dir='ltr'><strong>testus</strong></span> <span class='ocrx_word' id='word_1_325' title='bbox 1301 4268 1614 4338; x_wconf 85' lang='lat' dir='ltr'><strong>pluviasque</strong></span> <span class='ocrx_word' id='word_1_326' title='bbox 1641 4279 1900 4326; x_wconf 75' lang='lat' dir='ltr'><strong>removet.</strong></span> 
     </span>
    </p>
   </div>
   <div class='ocr_carea' id='block_1_56' title="bbox 456 4360 1744 4432">
    <p class='ocr_par' dir='ltr' id='par_1_56' title="bbox 456 4360 1744 4432">
     <span class='ocr_line' id='line_1_56' title="bbox 456 4360 1744 4432; baseline -0.002 -15"><span class='ocrx_word' id='word_1_327' title='bbox 456 4361 704 4432; x_wconf 79' lang='lat' dir='ltr'><strong>Angulus</strong></span> <span class='ocrx_word' id='word_1_328' title='bbox 732 4360 944 4430; x_wconf 83' lang='lat' dir='ltr'><strong>angusti</strong></span> <span class='ocrx_word' id='word_1_329' title='bbox 969 4360 1164 4431; x_wconf 86' lang='lat' dir='ltr'><strong>tugurii</strong></span> <span class='ocrx_word' id='word_1_330' title='bbox 1191 4361 1494 4432; x_wconf 66' lang='lat' dir='ltr'><strong>casulae-que</strong></span> <span class='ocrx_word' id='word_1_331' title='bbox 1525 4360 1744 4430; x_wconf 75' lang='lat' dir='ltr'><strong>pusillae,</strong></span> 
     </span>
    </p>
   </div>
   <div class='ocr_carea' id='block_1_57' title="bbox 459 4452 1685 4523">
    <p class='ocr_par' dir='ltr' id='par_1_57' title="bbox 459 4452 1685 4523">
     <span class='ocr_line' id='line_1_57' title="bbox 459 4452 1685 4523; baseline -0.003 -15"><span class='ocrx_word' id='word_1_332' title='bbox 459 4459 606 4522; x_wconf 78' lang='lat' dir='ltr'><strong>Quas</strong></span> <span class='ocrx_word' id='word_1_333' title='bbox 637 4452 780 4508; x_wconf 91' lang='lat' dir='ltr'><strong>molli</strong></span> <span class='ocrx_word' id='word_1_334' title='bbox 807 4453 972 4523; x_wconf 85' lang='lat' dir='ltr'><strong>junco</strong></span> <span class='ocrx_word' id='word_1_335' title='bbox 1000 4467 1120 4506; x_wconf 90' lang='lat' dir='ltr'><strong>cum</strong></span> <span class='ocrx_word' id='word_1_336' title='bbox 1149 4453 1324 4508; x_wconf 86' lang='lat' dir='ltr'><strong>carice</strong></span> <span class='ocrx_word' id='word_1_337' title='bbox 1355 4452 1486 4507; x_wconf 88' lang='lat' dir='ltr'><strong>texit</strong></span> <span class='ocrx_word' id='word_1_338' title='bbox 1511 4461 1685 4512; x_wconf 84' lang='lat' dir='ltr'><strong>acuta.</strong></span> 
     </span>
    </p>
   </div>
   <div class='ocr_carea' id='block_1_58' title="bbox 456 4533 2002 4616">
    <p class='ocr_par' dir='ltr' id='par_1_58' title="bbox 456 4533 2002 4616">
     <span class='ocr_line' id='line_1_58' title="bbox 456 4533 2002 4616; baseline -0.004 -15"><span class='ocrx_word' id='word_1_339' title='bbox 456 4546 658 4602; x_wconf 68' lang='lat' dir='ltr'><strong>Cellula</strong></span> <span class='ocrx_word' id='word_1_340' title='bbox 681 4554 802 4616; x_wconf 90' lang='lat' dir='ltr'><strong>post</strong></span> <span class='ocrx_word' id='word_1_341' title='bbox 837 4545 1084 4607; x_wconf 89' lang='lat' dir='ltr'><strong>struitur,</strong></span> <span class='ocrx_word' id='word_1_342' title='bbox 1115 4545 1340 4612; x_wconf 84' lang='lat' dir='ltr'><strong>pedibus</strong></span> <span class='ocrx_word' id='word_1_343' title='bbox 1360 4559 1480 4613; x_wconf 64' lang='lat' dir='ltr'><strong>quae</strong></span> <span class='ocrx_word' id='word_1_344' title='bbox 1509 4553 1766 4614; x_wconf 89' lang='lat' dir='ltr'><strong>quattuor</strong></span> <span class='ocrx_word' id='word_1_345' title='bbox 1794 4543 1968 4612; x_wconf 88' lang='lat' dir='ltr'><strong>ampla</strong></span> <span class='ocrx_word' id='word_1_346' title='bbox 1999 4533 2002 4536; x_wconf 61' lang='grc'><em>’</em></span> 
     </span>
    </p>
   </div>
   <div class='ocr_carea' id='block_1_59' title="bbox 457 4636 2009 4710">
    <p class='ocr_par' dir='ltr' id='par_1_59' title="bbox 457 4636 2009 4710">
     <span class='ocr_line' id='line_1_59' title="bbox 457 4636 2009 4710; baseline -0.004 -14"><span class='ocrx_word' id='word_1_347' title='bbox 457 4640 702 4696; x_wconf 82' lang='lat' dir='ltr'><strong>Culmine</strong></span> <span class='ocrx_word' id='word_1_348' title='bbox 727 4641 966 4710; x_wconf 88' lang='lat' dir='ltr'><strong>quinque</strong></span> <span class='ocrx_word' id='word_1_349' title='bbox 998 4638 1192 4706; x_wconf 89' lang='lat' dir='ltr'><strong>pedum</strong></span> <span class='ocrx_word' id='word_1_350' title='bbox 1219 4637 1506 4702; x_wconf 86' lang='lat' dir='ltr'><strong>scandens,</strong></span> <span class='ocrx_word' id='word_1_351' title='bbox 1535 4636 1874 4691; x_wconf 89' lang='lat' dir='ltr'><strong>summissior</strong></span> <span class='ocrx_word' id='word_1_352' title='bbox 1892 4636 2009 4704; x_wconf 64' lang='lat' dir='ltr'><strong>eius</strong></span> 
     </span>
    </p>
   </div>
   <div class='ocr_carea' id='block_1_60' title="bbox 461 4727 1835 4798">
    <p class='ocr_par' dir='ltr' id='par_1_60' title="bbox 461 4727 1835 4798">
     <span class='ocr_line' id='line_1_60' title="bbox 461 4727 1835 4798; baseline -0.002 -13"><span class='ocrx_word' id='word_1_353' title='bbox 461 4733 707 4794; x_wconf 81' lang='lat' dir='ltr'><strong>Statura,</strong></span> <span class='ocrx_word' id='word_1_354' title='bbox 737 4732 958 4785; x_wconf 84' lang='lat' dir='ltr'><strong>veniens</strong></span> <span class='ocrx_word' id='word_1_355' title='bbox 998 4727 1216 4782; x_wconf 88' lang='lat' dir='ltr'><strong>humilis</strong></span> <span class='ocrx_word' id='word_1_356' title='bbox 1243 4736 1529 4796; x_wconf 80' lang='lat' dir='ltr'><strong>caperetur</strong></span> <span class='ocrx_word' id='word_1_357' title='bbox 1557 4737 1616 4782; x_wconf 91' lang='lat' dir='ltr'><strong>ut</strong></span> <span class='ocrx_word' id='word_1_358' title='bbox 1641 4729 1835 4798; x_wconf 83' lang='lat' dir='ltr'><strong>hospes</strong></span> 
     </span>
    </p>
   </div>
   <div class='ocr_carea' id='block_1_61' title="bbox 458 4815 1858 4896">
    <p class='ocr_par' dir='ltr' id='par_1_61' title="bbox 458 4815 1858 4890">
     <span class='ocr_line' id='line_1_61' title="bbox 458 4815 1858 4890; baseline -0.001 -19"><span class='ocrx_word' id='word_1_359' title='bbox 458 4823 700 4890; x_wconf 61' lang='lat' dir='ltr'><strong>t‘lurpore</strong></span> <span class='ocrx_word' id='word_1_360' title='bbox 727 4820 850 4872; x_wconf 86' lang='lat' dir='ltr'><strong>dum</strong></span> <span class='ocrx_word' id='word_1_361' title='bbox 875 4819 1120 4879; x_wconf 84' lang='lat' dir='ltr'><strong>recubat,</strong></span> <span class='ocrx_word' id='word_1_362' title='bbox 1149 4815 1308 4888; x_wconf 86' lang='lat' dir='ltr'><strong>paulo</strong></span> <span class='ocrx_word' id='word_1_363' title='bbox 1339 4832 1456 4884; x_wconf 71' lang='lat' dir='ltr'><strong>quae</strong></span> <span class='ocrx_word' id='word_1_364' title='bbox 1489 4816 1695 4886; x_wconf 88' lang='lat' dir='ltr'><strong>longior</strong></span> <span class='ocrx_word' id='word_1_365' title='bbox 1715 4827 1858 4871; x_wconf 85' lang='lat' dir='ltr'><strong>esset</strong></span> 
     </span>
    </p>
   </div>
   <div class='ocr_carea' id='block_1_62' title="bbox 460 4907 2041 4982">
    <p class='ocr_par' dir='ltr' id='par_1_62' title="bbox 460 4907 2041 4982">
     <span class='ocr_line' id='line_1_62' title="bbox 460 4907 2041 4982; baseline -0.003 -18"><span class='ocrx_word' id='word_1_366' title='bbox 460 4915 634 4982; x_wconf 75' lang='lat' dir='ltr'><strong>Quam</strong></span> <span class='ocrx_word' id='word_1_367' title='bbox 661 4927 766 4964; x_wconf 89' lang='lat' dir='ltr'><strong>non</strong></span> <span class='ocrx_word' id='word_1_368' title='bbox 791 4925 910 4962; x_wconf 89' lang='lat' dir='ltr'><strong>esse</strong></span> <span class='ocrx_word' id='word_1_369' title='bbox 939 4910 1180 4974; x_wconf 83' lang='lat' dir='ltr'><strong>domum,</strong></span> <span class='ocrx_word' id='word_1_370' title='bbox 1209 4907 1470 4962; x_wconf 88' lang='lat' dir='ltr'><strong>tumulmn</strong></span> <span class='ocrx_word' id='word_1_371' title='bbox 1502 4909 1592 4963; x_wconf 90' lang='lat' dir='ltr'><strong>sed</strong></span> <span class='ocrx_word' id='word_1_372' title='bbox 1640 4908 1776 4963; x_wconf 85' lang='lat' dir='ltr'><strong>forte</strong></span> <span class='ocrx_word' id='word_1_373' title='bbox 1803 4917 2041 4978; x_wconf 82' lang='lat' dir='ltr'><strong>putares.</strong></span> 
     </span>
    </p>
   </div>
   <div class='ocr_carea' id='block_1_63' title="bbox 459 5001 1764 5064">
    <p class='ocr_par' dir='ltr' id='par_1_63' title="bbox 459 5001 1764 5064">
     <span class='ocr_line' id='line_1_63' title="bbox 459 5001 1764 5064; baseline -0.005 -6"><span class='ocrx_word' id='word_1_374' title='bbox 459 5003 708 5058; x_wconf 77' lang='lat' dir='ltr'><strong>Pasehali</strong></span> <span class='ocrx_word' id='word_1_375' title='bbox 747 5001 832 5056; x_wconf 85' lang='lat' dir='ltr'><strong>ille</strong></span> <span class='ocrx_word' id='word_1_376' title='bbox 859 5003 945 5056; x_wconf 87' lang='lat' dir='ltr'><strong>die</strong></span> <span class='ocrx_word' id='word_1_377' title='bbox 975 5001 1134 5055; x_wconf 87' lang='lat' dir='ltr'><strong>modo</strong></span> <span class='ocrx_word' id='word_1_378' title='bbox 1169 5002 1492 5056; x_wconf 84' lang='lat' dir='ltr'><strong>tondebatur</strong></span> <span class='ocrx_word' id='word_1_379' title='bbox 1525 5002 1574 5055; x_wconf 91' lang='lat' dir='ltr'><strong>in</strong></span> <span class='ocrx_word' id='word_1_380' title='bbox 1601 5015 1764 5064; x_wconf 79' lang='lat' dir='ltr'><strong>anno,</strong></span> 
     </span>
    </p>
   </div>
   <div class='ocr_carea' id='block_1_64' title="bbox 463 5093 1976 5163">
    <p class='ocr_par' dir='ltr' id='par_1_64' title="bbox 463 5093 1976 5163">
     <span class='ocr_line' id='line_1_64' title="bbox 463 5093 1976 5163; baseline -0.001 -15"><span class='ocrx_word' id='word_1_381' title='bbox 463 5097 580 5150; x_wconf 68' lang='lat' dir='ltr'><strong>Non</strong></span> <span class='ocrx_word' id='word_1_382' title='bbox 621 5103 836 5148; x_wconf 89' lang='lat' dir='ltr'><strong>mutans</strong></span> <span class='ocrx_word' id='word_1_383' title='bbox 868 5093 1104 5148; x_wconf 75' lang='lat' dir='ltr'><strong>tunicam</strong></span> <span class='ocrx_word' id='word_1_384' title='bbox 1134 5093 1234 5148; x_wconf 85' lang='lat' dir='ltr'><strong>nisi</strong></span> <span class='ocrx_word' id='word_1_385' title='bbox 1260 5109 1380 5149; x_wconf 89' lang='lat' dir='ltr'><strong>cum</strong></span> <span class='ocrx_word' id='word_1_386' title='bbox 1409 5093 1622 5163; x_wconf 89' lang='lat' dir='ltr'><strong>penitus</strong></span> <span class='ocrx_word' id='word_1_387' title='bbox 1643 5093 1791 5162; x_wconf 85' lang='lat' dir='ltr'><strong>prior</strong></span> <span class='ocrx_word' id='word_1_388' title='bbox 1819 5099 1976 5160; x_wconf 77' lang='lat' dir='ltr'><strong>esset</strong></span> 
     </span>
    </p>
   </div>
   <div class='ocr_carea' id='block_1_65' title="bbox 463 5182 1789 5256">
    <p class='ocr_par' dir='ltr' id='par_1_65' title="bbox 463 5182 1789 5256">
     <span class='ocr_line' id='line_1_65' title="bbox 463 5182 1789 5256; baseline -0.001 -19"><span class='ocrx_word' id='word_1_389' title='bbox 463 5187 518 5238; x_wconf 79' lang='lat' dir='ltr'><strong>in</strong></span> <span class='ocrx_word' id='word_1_390' title='bbox 549 5184 744 5253; x_wconf 82' lang='lat' dir='ltr'><strong>pannis</strong></span> <span class='ocrx_word' id='word_1_391' title='bbox 773 5185 1006 5239; x_wconf 89' lang='lat' dir='ltr'><strong>resoluta</strong></span> <span class='ocrx_word' id='word_1_392' title='bbox 1041 5184 1236 5256; x_wconf 86' lang='lat' dir='ltr'><strong>pioque</strong></span> <span class='ocrx_word' id='word_1_393' title='bbox 1265 5185 1550 5252; x_wconf 86' lang='lat' dir='ltr'><strong>absumpta</strong></span> <span class='ocrx_word' id='word_1_394' title='bbox 1581 5182 1789 5236; x_wconf 86' lang='lat' dir='ltr'><strong>labore.</strong></span> 
     </span>
    </p>
   </div>
   <div class='ocr_carea' id='block_1_66' title="bbox 466 5267 1800 5326">
    <p class='ocr_par' dir='ltr' id='par_1_66' title="bbox 466 5267 1800 5326">
     <span class='ocr_line' id='line_1_66' title="bbox 466 5267 1800 5326; baseline -0.004 0"><span class='ocrx_word' id='word_1_395' title='bbox 466 5277 681 5326; x_wconf 64' lang='lat' dir='ltr'><strong>Stratus</strong></span> <span class='ocrx_word' id='word_1_396' title='bbox 711 5271 934 5326; x_wconf 85' lang='lat' dir='ltr'><strong>humum</strong></span> <span class='ocrx_word' id='word_1_397' title='bbox 958 5272 1154 5326; x_wconf 88' lang='lat' dir='ltr'><strong>nudam</strong></span> <span class='ocrx_word' id='word_1_398' title='bbox 1179 5272 1452 5326; x_wconf 86' lang='lat' dir='ltr'><strong>sternebat</strong></span> <span class='ocrx_word' id='word_1_399' title='bbox 1475 5269 1704 5326; x_wconf 80' lang='lat' dir='ltr'><strong>iunceas</strong></span> <span class='ocrx_word' id='word_1_400' title='bbox 1731 5267 1800 5322; x_wconf 92' lang='lat' dir='ltr'><strong>illi</strong></span> 
     </span>
    </p>
   </div>
   <div class='ocr_carea' id='block_1_67' title="bbox 2133 1424 3512 1496">
    <p class='ocr_par' dir='ltr' id='par_1_67' title="bbox 2133 1424 3512 1496">
     <span class='ocr_line' id='line_1_67' title="bbox 2133 1424 3512 1496; baseline 0 -16"><span class='ocrx_word' id='word_1_401' title='bbox 2133 1424 2312 1495; x_wconf 82' lang='lat' dir='ltr'><strong>Usque</strong></span> <span class='ocrx_word' id='word_1_402' title='bbox 2339 1425 2479 1480; x_wconf 89' lang='lat' dir='ltr'><strong>diem</strong></span> <span class='ocrx_word' id='word_1_403' title='bbox 2509 1425 2719 1488; x_wconf 90' lang='lat' dir='ltr'><strong>mortis,</strong></span> <span class='ocrx_word' id='word_1_404' title='bbox 2754 1440 2852 1481; x_wconf 89' lang='lat' dir='ltr'><strong>nec</strong></span> <span class='ocrx_word' id='word_1_405' title='bbox 2879 1426 2930 1481; x_wconf 89' lang='lat' dir='ltr'><strong>ei</strong></span> <span class='ocrx_word' id='word_1_406' title='bbox 2959 1426 3249 1496; x_wconf 87' lang='lat' dir='ltr'><strong>pretiosior</strong></span> <span class='ocrx_word' id='word_1_407' title='bbox 3275 1439 3512 1496; x_wconf 84' lang='lat' dir='ltr'><strong>unquam</strong></span> 
     </span>
    </p>
   </div>
   <div class='ocr_carea' id='block_1_68' title="bbox 2127 1513 3539 1582">
    <p class='ocr_par' dir='ltr' id='par_1_68' title="bbox 2127 1513 3539 1582">
     <span class='ocr_line' id='line_1_68' title="bbox 2127 1513 3539 1582; baseline 0.003 -16"><span class='ocrx_word' id='word_1_408' title='bbox 2127 1514 2243 1580; x_wconf 89' lang='lat' dir='ltr'><strong>Quo</strong></span> <span class='ocrx_word' id='word_1_409' title='bbox 2268 1513 2432 1568; x_wconf 86' lang='lat' dir='ltr'><strong>semel</strong></span> <span class='ocrx_word' id='word_1_410' title='bbox 2457 1515 2672 1570; x_wconf 88' lang='lat' dir='ltr'><strong>indutus</strong></span> <span class='ocrx_word' id='word_1_411' title='bbox 2703 1514 2902 1580; x_wconf 81' lang='lat' dir='ltr'><strong>fuerat,</strong></span> <span class='ocrx_word' id='word_1_412' title='bbox 2929 1532 3038 1570; x_wconf 88' lang='lat' dir='ltr'><strong>non</strong></span> <span class='ocrx_word' id='word_1_413' title='bbox 3061 1532 3254 1571; x_wconf 90' lang='lat' dir='ltr'><strong>saccus</strong></span> <span class='ocrx_word' id='word_1_414' title='bbox 3283 1517 3336 1570; x_wconf 92' lang='lat' dir='ltr'><strong>in</strong></span> <span class='ocrx_word' id='word_1_415' title='bbox 3371 1515 3539 1582; x_wconf 79' lang='lat' dir='ltr'><strong>nndisl</strong></span> 
     </span>
    </p>
   </div>
   <div class='ocr_carea' id='block_1_69' title="bbox 2127 1607 3532 1680">
    <p class='ocr_par' dir='ltr' id='par_1_69' title="bbox 2127 1607 3532 1680">
     <span class='ocr_line' id='line_1_69' title="bbox 2127 1607 3532 1680; baseline 0.002 -19"><span class='ocrx_word' id='word_1_416' title='bbox 2127 1607 2255 1662; x_wconf 87' lang='lat' dir='ltr'><strong>Post</strong></span> <span class='ocrx_word' id='word_1_417' title='bbox 2277 1607 2434 1672; x_wconf 89' lang='lat' dir='ltr'><strong>lotus,</strong></span> <span class='ocrx_word' id='word_1_418' title='bbox 2476 1608 2732 1680; x_wconf 84' lang='lat' dir='ltr'><strong>lacrymis</strong></span> <span class='ocrx_word' id='word_1_419' title='bbox 2764 1610 2942 1665; x_wconf 88' lang='lat' dir='ltr'><strong>cordis</strong></span> <span class='ocrx_word' id='word_1_420' title='bbox 2965 1609 3070 1664; x_wconf 88' lang='lat' dir='ltr'><strong>nisi</strong></span> <span class='ocrx_word' id='word_1_421' title='bbox 3099 1609 3246 1666; x_wconf 88' lang='lat' dir='ltr'><strong>fonte</strong></span> <span class='ocrx_word' id='word_1_422' title='bbox 3277 1607 3532 1678; x_wconf 81' lang='lat' dir='ltr'><strong>profusis.</strong></span> 
     </span>
    </p>
   </div>
   <div class='ocr_carea' id='block_1_70' title="bbox 2129 1697 3452 1766">
    <p class='ocr_par' dir='ltr' id='par_1_70' title="bbox 2129 1697 3452 1766">
     <span class='ocr_line' id='line_1_70' title="bbox 2129 1697 3452 1766; baseline 0.003 -18"><span class='ocrx_word' id='word_1_423' title='bbox 2129 1697 2439 1766; x_wconf 84' lang='lat' dir='ltr'><strong>Scripturas</strong></span> <span class='ocrx_word' id='word_1_424' title='bbox 2465 1707 2682 1752; x_wconf 88' lang='lat' dir='ltr'><strong>sanctas</strong></span> <span class='ocrx_word' id='word_1_425' title='bbox 2704 1699 2902 1754; x_wconf 89' lang='lat' dir='ltr'><strong>mentis</strong></span> <span class='ocrx_word' id='word_1_426' title='bbox 2927 1700 3194 1754; x_wconf 86' lang='lat' dir='ltr'><strong>retinebat</strong></span> <span class='ocrx_word' id='word_1_427' title='bbox 3219 1700 3272 1752; x_wconf 91' lang='lat' dir='ltr'><strong>in</strong></span> <span class='ocrx_word' id='word_1_428' title='bbox 3301 1713 3452 1760; x_wconf 84' lang='lat' dir='ltr'><strong>arca,</strong></span> 
     </span>
    </p>
   </div>
   <div class='ocr_carea' id='block_1_71' title="bbox 2055 1783 3686 1866">
    <p class='ocr_par' dir='ltr' id='par_1_71' title="bbox 2055 1783 3686 1866">
     <span class='ocr_line' id='line_1_71' title="bbox 2055 1783 3686 1866; baseline -0.001 -24"><span class='ocrx_word' id='word_1_429' title='bbox 2055 1807 2101 1866; x_wconf 74' lang='grc' dir='ltr'><strong>η</strong></span> <span class='ocrx_word' id='word_1_430' title='bbox 2127 1787 2361 1857; x_wconf 84' lang='lat' dir='ltr'><strong>Postque</strong></span> <span class='ocrx_word' id='word_1_431' title='bbox 2385 1803 2572 1856; x_wconf 85' lang='lat' dir='ltr'><strong>preces</strong></span> <span class='ocrx_word' id='word_1_432' title='bbox 2594 1788 2827 1857; x_wconf 88' lang='lat' dir='ltr'><strong>psalmos</strong></span> <span class='ocrx_word' id='word_1_433' title='bbox 2851 1789 3078 1844; x_wconf 89' lang='lat' dir='ltr'><strong>Domino</strong></span> <span class='ocrx_word' id='word_1_434' title='bbox 3099 1798 3156 1842; x_wconf 91' lang='lat' dir='ltr'><strong>ut</strong></span> <span class='ocrx_word' id='word_1_435' title='bbox 3177 1797 3446 1857; x_wconf 60' lang='lat' dir='ltr'><strong>prasente</strong></span> <span class='ocrx_word' id='word_1_436' title='bbox 3469 1783 3686 1840; x_wconf 68' lang='lat' dir='ltr'><strong>canebat.</strong></span> 
     </span>
    </p>
   </div>
   <div class='ocr_carea' id='block_1_72' title="bbox 2137 1877 3518 1948">
    <p class='ocr_par' dir='ltr' id='par_1_72' title="bbox 2137 1877 3518 1948">
     <span class='ocr_line' id='line_1_72' title="bbox 2137 1877 3518 1948; baseline -0.001 -16"><span class='ocrx_word' id='word_1_437' title='bbox 2137 1879 2284 1948; x_wconf 80' lang='grc'><strong>(160)</strong></span> <span class='ocrx_word' id='word_1_438' title='bbox 2307 1879 2402 1934; x_wconf 84' lang='lat' dir='ltr'><strong>Cui</strong></span> <span class='ocrx_word' id='word_1_439' title='bbox 2433 1889 2592 1933; x_wconf 88' lang='lat' dir='ltr'><strong>natus</strong></span> <span class='ocrx_word' id='word_1_440' title='bbox 2621 1879 2708 1932; x_wconf 91' lang='lat' dir='ltr'><strong>ubi</strong></span> <span class='ocrx_word' id='word_1_441' title='bbox 2739 1879 2998 1948; x_wconf 62' lang='lat' dir='ltr'><strong>praeteriit</strong></span> <span class='ocrx_word' id='word_1_442' title='bbox 3029 1877 3320 1936; x_wconf 83' lang='lat' dir='ltr'><strong>vicesimus</strong></span> <span class='ocrx_word' id='word_1_443' title='bbox 3343 1889 3518 1930; x_wconf 85' lang='lat' dir='ltr'><strong>anuus</strong></span> 
     </span>
    </p>
   </div>
   <div class='ocr_carea' id='block_1_73' title="bbox 2137 1967 3504 2040">
    <p class='ocr_par' dir='ltr' id='par_1_73' title="bbox 2137 1967 3504 2040">
     <span class='ocr_line' id='line_1_73' title="bbox 2137 1967 3504 2040; baseline -0.003 -16"><span class='ocrx_word' id='word_1_444' title='bbox 2137 1969 2220 2024; x_wconf 78' lang='lat' dir='ltr'><strong>Nil</strong></span> <span class='ocrx_word' id='word_1_445' title='bbox 2245 1970 2458 2040; x_wconf 86' lang='lat' dir='ltr'><strong>epulum</strong></span> <span class='ocrx_word' id='word_1_446' title='bbox 2485 1979 2679 2040; x_wconf 74' lang='lat' dir='ltr'><strong>praeter</strong></span> <span class='ocrx_word' id='word_1_447' title='bbox 2709 1970 2870 2024; x_wconf 87' lang='lat' dir='ltr'><strong>lentis</strong></span> <span class='ocrx_word' id='word_1_448' title='bbox 2899 1971 3068 2025; x_wconf 89' lang='lat' dir='ltr'><strong>tribus</strong></span> <span class='ocrx_word' id='word_1_449' title='bbox 3095 1969 3208 2024; x_wconf 87' lang='lat' dir='ltr'><strong>edit</strong></span> <span class='ocrx_word' id='word_1_450' title='bbox 3239 1969 3292 2022; x_wconf 90' lang='lat' dir='ltr'><strong>in</strong></span> <span class='ocrx_word' id='word_1_451' title='bbox 3321 1967 3504 2031; x_wconf 87' lang='lat' dir='ltr'><strong>annis,</strong></span> 
     </span>
    </p>
   </div>
   <div class='ocr_carea' id='block_1_74' title="bbox 2138 2055 3602 2130">
    <p class='ocr_par' dir='ltr' id='par_1_74' title="bbox 2138 2055 3602 2130">
     <span class='ocr_line' id='line_1_74' title="bbox 2138 2055 3602 2130; baseline -0.007 -11"><span class='ocrx_word' id='word_1_452' title='bbox 2138 2061 2352 2130; x_wconf 76' lang='lat' dir='ltr'><strong>Frigida</strong></span> <span class='ocrx_word' id='word_1_453' title='bbox 2382 2077 2539 2130; x_wconf 89' lang='lat' dir='ltr'><strong>quam</strong></span> <span class='ocrx_word' id='word_1_454' title='bbox 2569 2061 2728 2130; x_wconf 90' lang='lat' dir='ltr'><strong>paulo</strong></span> <span class='ocrx_word' id='word_1_455' title='bbox 2752 2062 3024 2116; x_wconf 89' lang='lat' dir='ltr'><strong>domitans</strong></span> <span class='ocrx_word' id='word_1_456' title='bbox 3049 2060 3412 2114; x_wconf 84' lang='lat' dir='ltr'><strong>madefecerat</strong></span> <span class='ocrx_word' id='word_1_457' title='bbox 3441 2055 3602 2122; x_wconf 79' lang='lat' dir='ltr'><strong>unda;</strong></span> 
     </span>
    </p>
   </div>
   <div class='ocr_carea' id='block_1_75' title="bbox 2137 2147 3622 2221">
    <p class='ocr_par' dir='ltr' id='par_1_75' title="bbox 2137 2147 3622 2221">
     <span class='ocr_line' id='line_1_75' title="bbox 2137 2147 3622 2221; baseline -0.004 -15"><span class='ocrx_word' id='word_1_458' title='bbox 2137 2151 2278 2207; x_wconf 88' lang='lat' dir='ltr'><strong>lliuc</strong></span> <span class='ocrx_word' id='word_1_459' title='bbox 2314 2153 2484 2207; x_wconf 91' lang='lat' dir='ltr'><strong>tribus</strong></span> <span class='ocrx_word' id='word_1_460' title='bbox 2513 2161 2598 2206; x_wconf 86' lang='lat' dir='ltr'><strong>est</strong></span> <span class='ocrx_word' id='word_1_461' title='bbox 2621 2153 2741 2207; x_wconf 84' lang='lat' dir='ltr'><strong>aliis</strong></span> <span class='ocrx_word' id='word_1_462' title='bbox 2771 2151 2905 2216; x_wconf 83' lang='lat' dir='ltr'><strong>sale,</strong></span> <span class='ocrx_word' id='word_1_463' title='bbox 2933 2168 3072 2221; x_wconf 89' lang='lat' dir='ltr'><strong>pane</strong></span> <span class='ocrx_word' id='word_1_464' title='bbox 3107 2150 3344 2206; x_wconf 87' lang='lat' dir='ltr'><strong>refectus</strong></span> <span class='ocrx_word' id='word_1_465' title='bbox 3378 2158 3433 2202; x_wconf 90' lang='lat' dir='ltr'><strong>et</strong></span> <span class='ocrx_word' id='word_1_466' title='bbox 3461 2147 3622 2210; x_wconf 81' lang='lat' dir='ltr'><strong>unda;</strong></span> 
     </span>
    </p>
   </div>
   <div class='ocr_carea' id='block_1_76' title="bbox 2139 2243 3544 2316">
    <p class='ocr_par' dir='ltr' id='par_1_76' title="bbox 2139 2243 3544 2316">
     <span class='ocr_line' id='line_1_76' title="bbox 2139 2243 3544 2316; baseline -0.002 -18"><span class='ocrx_word' id='word_1_467' title='bbox 2139 2243 2405 2310; x_wconf 84' lang='lat' dir='ltr'><strong>Quattuor</strong></span> <span class='ocrx_word' id='word_1_468' title='bbox 2429 2255 2512 2300; x_wconf 90' lang='lat' dir='ltr'><strong>cst</strong></span> <span class='ocrx_word' id='word_1_469' title='bbox 2539 2256 2660 2315; x_wconf 91' lang='lat' dir='ltr'><strong>post</strong></span> <span class='ocrx_word' id='word_1_470' title='bbox 2691 2247 2830 2300; x_wconf 87' lang='lat' dir='ltr'><strong>hanc</strong></span> <span class='ocrx_word' id='word_1_471' title='bbox 2865 2246 3050 2300; x_wconf 88' lang='lat' dir='ltr'><strong>herbis</strong></span> <span class='ocrx_word' id='word_1_472' title='bbox 3081 2245 3388 2316; x_wconf 85' lang='lat' dir='ltr'><strong>agrestibus</strong></span> <span class='ocrx_word' id='word_1_473' title='bbox 3414 2256 3544 2296; x_wconf 86' lang='lat' dir='ltr'><strong>usus</strong></span> 
     </span>
    </p>
   </div>
   <div class='ocr_carea' id='block_1_77' title="bbox 2138 2336 3494 2409">
    <p class='ocr_par' dir='ltr' id='par_1_77' title="bbox 2138 2336 3494 2409">
     <span class='ocr_line' id='line_1_77' title="bbox 2138 2336 3494 2409; baseline -0.001 -19"><span class='ocrx_word' id='word_1_474' title='bbox 2138 2337 2505 2406; x_wconf 86' lang='lat' dir='ltr'><strong>Quorumdam</strong></span> <span class='ocrx_word' id='word_1_475' title='bbox 2532 2339 2738 2409; x_wconf 89' lang='lat' dir='ltr'><strong>junctis</strong></span> <span class='ocrx_word' id='word_1_476' title='bbox 2765 2338 3021 2392; x_wconf 77' lang='lat' dir='ltr'><strong>fruticem</strong></span> <span class='ocrx_word' id='word_1_477' title='bbox 3053 2336 3325 2392; x_wconf 83' lang='lat' dir='ltr'><strong>radicibus</strong></span> <span class='ocrx_word' id='word_1_478' title='bbox 3346 2349 3442 2390; x_wconf 87' lang='lat' dir='ltr'><strong>esu</strong></span> <span class='ocrx_word' id='word_1_479' title='bbox 3477 2350 3494 2398; x_wconf 91' lang='lat'><strong>;</strong></span> 
     </span>
    </p>
   </div>
   <div class='ocr_carea' id='block_1_78' title="bbox 2139 2417 3628 2500">
    <p class='ocr_par' dir='ltr' id='par_1_78' title="bbox 2139 2417 3628 2500">
     <span class='ocr_line' id='line_1_78' title="bbox 2139 2417 3628 2500; baseline 0 -19"><span class='ocrx_word' id='word_1_480' title='bbox 2139 2417 2390 2500; x_wconf 77' lang='lat' dir='ltr'><strong>Quinque</strong></span> <span class='ocrx_word' id='word_1_481' title='bbox 2429 2431 2626 2485; x_wconf 88' lang='lat' dir='ltr'><strong>dchiuc</strong></span> <span class='ocrx_word' id='word_1_482' title='bbox 2662 2447 2854 2500; x_wconf 90' lang='lat' dir='ltr'><strong>panem</strong></span> <span class='ocrx_word' id='word_1_483' title='bbox 2887 2431 3078 2484; x_wconf 75' lang='lat' dir='ltr'><strong>media:</strong></span> <span class='ocrx_word' id='word_1_484' title='bbox 3105 2430 3234 2484; x_wconf 89' lang='lat' dir='ltr'><strong>dant</strong></span> <span class='ocrx_word' id='word_1_485' title='bbox 3259 2429 3464 2483; x_wconf 82' lang='lat' dir='ltr'><strong>hordea</strong></span> <span class='ocrx_word' id='word_1_486' title='bbox 3493 2425 3628 2481; x_wconf 67' lang='lat' dir='ltr'><strong>libre</strong></span> 
     </span>
    </p>
   </div>
   <div class='ocr_carea' id='block_1_79' title="bbox 2137 2515 3690 2590">
    <p class='ocr_par' dir='ltr' id='par_1_79' title="bbox 2137 2515 3690 2590">
     <span class='ocr_line' id='line_1_79' title="bbox 2137 2515 3690 2590; baseline -0.004 -16"><span class='ocrx_word' id='word_1_487' title='bbox 2137 2519 2314 2588; x_wconf 80' lang='lat' dir='ltr'><strong>Atque</strong></span> <span class='ocrx_word' id='word_1_488' title='bbox 2340 2519 2458 2574; x_wconf 91' lang='lat' dir='ltr'><strong>olus</strong></span> <span class='ocrx_word' id='word_1_489' title='bbox 2477 2520 2679 2590; x_wconf 88' lang='lat' dir='ltr'><strong>absque</strong></span> <span class='ocrx_word' id='word_1_490' title='bbox 2700 2521 2818 2575; x_wconf 87' lang='lat' dir='ltr'><strong>oleo</strong></span> <span class='ocrx_word' id='word_1_491' title='bbox 2843 2521 3111 2574; x_wconf 89' lang='lat' dir='ltr'><strong>modicum</strong></span> <span class='ocrx_word' id='word_1_492' title='bbox 3136 2527 3464 2588; x_wconf 86' lang='lat' dir='ltr'><strong>coctumque</strong></span> <span class='ocrx_word' id='word_1_493' title='bbox 3481 2515 3690 2590; x_wconf 72' lang='lat' dir='ltr'><strong>iugatur.</strong></span> 
     </span>
    </p>
   </div>
   <div class='ocr_carea' id='block_1_80' title="bbox 2139 2609 3424 2681">
    <p class='ocr_par' dir='ltr' id='par_1_80' title="bbox 2139 2609 3424 2681">
     <span class='ocr_line' id='line_1_80' title="bbox 2139 2609 3424 2681; baseline 0 -17"><span class='ocrx_word' id='word_1_494' title='bbox 2139 2611 2368 2676; x_wconf 80' lang='lat' dir='ltr'><strong>Lumina</strong></span> <span class='ocrx_word' id='word_1_495' title='bbox 2405 2611 2599 2666; x_wconf 82' lang='lat' dir='ltr'><strong>deinde</strong></span> <span class='ocrx_word' id='word_1_496' title='bbox 2632 2612 2822 2666; x_wconf 87' lang='lat' dir='ltr'><strong>videns</strong></span> <span class='ocrx_word' id='word_1_497' title='bbox 2849 2611 2948 2665; x_wconf 91' lang='lat' dir='ltr'><strong>sibi</strong></span> <span class='ocrx_word' id='word_1_498' title='bbox 2976 2611 3210 2681; x_wconf 88' lang='lat' dir='ltr'><strong>caligare</strong></span> <span class='ocrx_word' id='word_1_499' title='bbox 3235 2609 3424 2664; x_wconf 84' lang='lat' dir='ltr'><strong>labore</strong></span> 
     </span>
    </p>
   </div>
   <div class='ocr_carea' id='block_1_81' title="bbox 2139 2699 3540 2773">
    <p class='ocr_par' dir='ltr' id='par_1_81' title="bbox 2139 2699 3540 2773">
     <span class='ocr_line' id='line_1_81' title="bbox 2139 2699 3540 2773; baseline -0.002 -15"><span class='ocrx_word' id='word_1_500' title='bbox 2139 2703 2471 2773; x_wconf 81' lang='lat' dir='ltr'><strong>Pumiceque</strong></span> <span class='ocrx_word' id='word_1_501' title='bbox 2508 2713 2683 2758; x_wconf 90' lang='lat' dir='ltr'><strong>cutem</strong></span> <span class='ocrx_word' id='word_1_502' title='bbox 2709 2703 2916 2764; x_wconf 80' lang='lat' dir='ltr'><strong>retrahi</strong></span> <span class='ocrx_word' id='word_1_503' title='bbox 2945 2703 3256 2758; x_wconf 88' lang='lat' dir='ltr'><strong>scabiediuc</strong></span> <span class='ocrx_word' id='word_1_504' title='bbox 3285 2699 3540 2771; x_wconf 82' lang='lat' dir='ltr'><strong>quadam.</strong></span> 
     </span>
    </p>
   </div>
   <div class='ocr_carea' id='block_1_82' title="bbox 2142 2794 3293 2866">
    <p class='ocr_par' dir='ltr' id='par_1_82' title="bbox 2142 2794 3293 2866">
     <span class='ocr_line' id='line_1_82' title="bbox 2142 2794 3293 2866; baseline -0.002 -16"><span class='ocrx_word' id='word_1_505' title='bbox 2142 2795 2374 2850; x_wconf 70' lang='lat' dir='ltr'><strong>Prtefato</strong></span> <span class='ocrx_word' id='word_1_506' title='bbox 2405 2795 2640 2850; x_wconf 89' lang='lat' dir='ltr'><strong>fomenta</strong></span> <span class='ocrx_word' id='word_1_507' title='bbox 2672 2795 2794 2850; x_wconf 89' lang='lat' dir='ltr'><strong>cibo</strong></span> <span class='ocrx_word' id='word_1_508' title='bbox 2816 2794 3092 2866; x_wconf 86' lang='lat' dir='ltr'><strong>conjungit</strong></span> <span class='ocrx_word' id='word_1_509' title='bbox 3119 2795 3246 2848; x_wconf 88' lang='lat' dir='ltr'><strong>olivi</strong></span> <span class='ocrx_word' id='word_1_510' title='bbox 3277 2811 3293 2859; x_wconf 88' lang='lat'><strong>;</strong></span> 
     </span>
    </p>
   </div>
   <div class='ocr_carea' id='block_1_83' title="bbox 2143 2885 3376 2956">
    <p class='ocr_par' dir='ltr' id='par_1_83' title="bbox 2143 2885 3376 2956">
     <span class='ocr_line' id='line_1_83' title="bbox 2143 2885 3376 2956; baseline 0.002 -14"><span class='ocrx_word' id='word_1_511' title='bbox 2143 2888 2363 2956; x_wconf 80' lang='lat' dir='ltr'><strong>Hocque</strong></span> <span class='ocrx_word' id='word_1_512' title='bbox 2387 2897 2574 2942; x_wconf 86' lang='lat' dir='ltr'><strong>tenore</strong></span> <span class='ocrx_word' id='word_1_513' title='bbox 2610 2887 2715 2942; x_wconf 88' lang='lat' dir='ltr'><strong>cibi</strong></span> <span class='ocrx_word' id='word_1_514' title='bbox 2747 2887 2872 2940; x_wconf 88' lang='lat' dir='ltr'><strong>dmn</strong></span> <span class='ocrx_word' id='word_1_515' title='bbox 2899 2887 3270 2954; x_wconf 76' lang='lat' dir='ltr'><strong>sexagesimus</strong></span> <span class='ocrx_word' id='word_1_516' title='bbox 3299 2885 3376 2944; x_wconf 88' lang='lat' dir='ltr'><strong>illi</strong></span> 
     </span>
    </p>
   </div>
   <div class='ocr_carea' id='block_1_84' title="bbox 2142 2977 3404 3048">
    <p class='ocr_par' dir='ltr' id='par_1_84' title="bbox 2142 2977 3404 3048">
     <span class='ocr_line' id='line_1_84' title="bbox 2142 2977 3404 3048; baseline -0.004 -12"><span class='ocrx_word' id='word_1_517' title='bbox 2142 2979 2359 3035; x_wconf 79' lang='lat' dir='ltr'><strong>Tertius</strong></span> <span class='ocrx_word' id='word_1_518' title='bbox 2379 2988 2434 3033; x_wconf 90' lang='lat' dir='ltr'><strong>ct</strong></span> <span class='ocrx_word' id='word_1_519' title='bbox 2461 2979 2582 3040; x_wconf 71' lang='lat' dir='ltr'><strong>vita:</strong></span> <span class='ocrx_word' id='word_1_520' title='bbox 2610 2977 2910 3048; x_wconf 89' lang='lat' dir='ltr'><strong>completur</strong></span> <span class='ocrx_word' id='word_1_521' title='bbox 2941 2979 3184 3048; x_wconf 88' lang='lat' dir='ltr'><strong>pascitur</strong></span> <span class='ocrx_word' id='word_1_522' title='bbox 3205 2992 3404 3043; x_wconf 88' lang='lat' dir='ltr'><strong>annus,</strong></span> 
     </span>
    </p>
   </div>
   <div class='ocr_carea' id='block_1_85' title="bbox 2145 3071 3435 3140">
    <p class='ocr_par' dir='ltr' id='par_1_85' title="bbox 2145 3071 3435 3140">
     <span class='ocr_line' id='line_1_85' title="bbox 2145 3071 3435 3140; baseline -0.005 -10"><span class='ocrx_word' id='word_1_523' title='bbox 2145 3071 2412 3130; x_wconf 67' lang='lat' dir='ltr'><strong>Praeterea</strong></span> <span class='ocrx_word' id='word_1_524' title='bbox 2454 3073 2626 3127; x_wconf 90' lang='lat' dir='ltr'><strong>victus</strong></span> <span class='ocrx_word' id='word_1_525' title='bbox 2661 3072 2764 3126; x_wconf 87' lang='lat' dir='ltr'><strong>sibi</strong></span> <span class='ocrx_word' id='word_1_526' title='bbox 2799 3073 2872 3128; x_wconf 91' lang='lat' dir='ltr'><strong>uil</strong></span> <span class='ocrx_word' id='word_1_527' title='bbox 2903 3072 3186 3140; x_wconf 85' lang='lat' dir='ltr'><strong>enjuslibet</strong></span> <span class='ocrx_word' id='word_1_528' title='bbox 3209 3085 3435 3140; x_wconf 81' lang='lat' dir='ltr'><strong>augens.</strong></span> 
     </span>
    </p>
   </div>
   <div class='ocr_carea' id='block_1_86' title="bbox 2021 3157 3516 3241">
    <p class='ocr_par' dir='ltr' id='par_1_86' title="bbox 2021 3157 3516 3241">
     <span class='ocr_line' id='line_1_86' title="bbox 2021 3157 3516 3241; baseline -0.001 -23"><span class='ocrx_word' id='word_1_529' title='bbox 2021 3157 2024 3160; x_wconf 27' lang='grc' dir='ltr'><strong><em>ί</em></strong></span> <span class='ocrx_word' id='word_1_530' title='bbox 2069 3179 2116 3241; x_wconf 76' lang='lat' dir='ltr'><strong>C</strong></span> <span class='ocrx_word' id='word_1_531' title='bbox 2147 3161 2240 3218; x_wconf 91' lang='lat' dir='ltr'><strong>Sic</strong></span> <span class='ocrx_word' id='word_1_532' title='bbox 2267 3163 2590 3228; x_wconf 82' lang='lat' dir='ltr'><strong>indefessus,</strong></span> <span class='ocrx_word' id='word_1_533' title='bbox 2619 3177 2742 3220; x_wconf 89' lang='lat' dir='ltr'><strong>cum</strong></span> <span class='ocrx_word' id='word_1_534' title='bbox 2761 3161 2874 3229; x_wconf 88' lang='lat' dir='ltr'><strong>jam</strong></span> <span class='ocrx_word' id='word_1_535' title='bbox 2904 3162 3008 3216; x_wconf 87' lang='lat' dir='ltr'><strong>sibi</strong></span> <span class='ocrx_word' id='word_1_536' title='bbox 3041 3163 3230 3216; x_wconf 86' lang='lat' dir='ltr'><strong>adesse</strong></span> <span class='ocrx_word' id='word_1_537' title='bbox 3253 3162 3516 3230; x_wconf 66' lang='lat' dir='ltr'><strong>paltestra</strong></span> 
     </span>
    </p>
   </div>
   <div class='ocr_carea' id='block_1_87' title="bbox 2144 3252 3488 3324">
    <p class='ocr_par' dir='ltr' id='par_1_87' title="bbox 2144 3252 3488 3324">
     <span class='ocr_line' id='line_1_87' title="bbox 2144 3252 3488 3324; baseline -0.001 -16"><span class='ocrx_word' id='word_1_538' title='bbox 2144 3253 2432 3324; x_wconf 79' lang='lat' dir='ltr'><strong>Colligeret</strong></span> <span class='ocrx_word' id='word_1_539' title='bbox 2469 3264 2690 3316; x_wconf 86' lang='lat' dir='ltr'><strong>metam,</strong></span> <span class='ocrx_word' id='word_1_540' title='bbox 2731 3253 2885 3322; x_wconf 87' lang='lat' dir='ltr'><strong>panis</strong></span> <span class='ocrx_word' id='word_1_541' title='bbox 2920 3253 3218 3306; x_wconf 85' lang='lat' dir='ltr'><strong>contemnit</strong></span> <span class='ocrx_word' id='word_1_542' title='bbox 3245 3252 3488 3319; x_wconf 80' lang='lat' dir='ltr'><strong>ofellam,</strong></span> 
     </span>
    </p>
   </div>
   <div class='ocr_carea' id='block_1_88' title="bbox 2145 3346 3406 3416">
    <p class='ocr_par' dir='ltr' id='par_1_88' title="bbox 2145 3346 3406 3416">
     <span class='ocr_line' id='line_1_88' title="bbox 2145 3346 3406 3416; baseline -0.001 -15"><span class='ocrx_word' id='word_1_543' title='bbox 2145 3348 2614 3416; x_wconf 89' lang='lat' dir='ltr'><strong>Coutemneusque</strong></span> <span class='ocrx_word' id='word_1_544' title='bbox 2643 3346 2759 3401; x_wconf 91' lang='lat' dir='ltr'><strong>dies</strong></span> <span class='ocrx_word' id='word_1_545' title='bbox 2789 3347 3169 3416; x_wconf 81' lang='lat' dir='ltr'><strong>octogenarins</strong></span> <span class='ocrx_word' id='word_1_546' title='bbox 3195 3346 3406 3416; x_wconf 85' lang='lat' dir='ltr'><strong>implet,</strong></span> 
     </span>
    </p>
   </div>
   <div class='ocr_carea' id='block_1_89' title="bbox 2146 3438 3494 3508">
    <p class='ocr_par' dir='ltr' id='par_1_89' title="bbox 2146 3438 3494 3508">
     <span class='ocr_line' id='line_1_89' title="bbox 2146 3438 3494 3508; baseline 0.001 -15"><span class='ocrx_word' id='word_1_547' title='bbox 2146 3439 2412 3493; x_wconf 88' lang='lat' dir='ltr'><strong>lmmcnso</strong></span> <span class='ocrx_word' id='word_1_548' title='bbox 2438 3438 2649 3494; x_wconf 81' lang='lat' dir='ltr'><strong>fervore</strong></span> <span class='ocrx_word' id='word_1_549' title='bbox 2690 3439 2892 3502; x_wconf 88' lang='lat' dir='ltr'><strong>calens,</strong></span> <span class='ocrx_word' id='word_1_550' title='bbox 2935 3440 3086 3508; x_wconf 89' lang='lat' dir='ltr'><strong>quasi</strong></span> <span class='ocrx_word' id='word_1_551' title='bbox 3118 3440 3222 3492; x_wconf 91' lang='lat' dir='ltr'><strong>tiro</strong></span> <span class='ocrx_word' id='word_1_552' title='bbox 3255 3439 3494 3494; x_wconf 85' lang='lat' dir='ltr'><strong>duellum</strong></span> 
     </span>
    </p>
   </div>
   <div class='ocr_carea' id='block_1_90' title="bbox 2145 3531 3446 3600">
    <p class='ocr_par' dir='ltr' id='par_1_90' title="bbox 2145 3531 3446 3600">
     <span class='ocr_line' id='line_1_90' title="bbox 2145 3531 3446 3600; baseline 0.001 -15"><span class='ocrx_word' id='word_1_553' title='bbox 2145 3531 2436 3596; x_wconf 87' lang='lat' dir='ltr'><strong>lncipcret,</strong></span> <span class='ocrx_word' id='word_1_554' title='bbox 2459 3531 2600 3584; x_wconf 90' lang='lat' dir='ltr'><strong>soliti</strong></span> <span class='ocrx_word' id='word_1_555' title='bbox 2624 3545 2730 3598; x_wconf 86' lang='lat' dir='ltr'><strong>quo</strong></span> <span class='ocrx_word' id='word_1_556' title='bbox 2769 3539 3008 3600; x_wconf 88' lang='lat' dir='ltr'><strong>tempore</strong></span> <span class='ocrx_word' id='word_1_557' title='bbox 3035 3547 3240 3600; x_wconf 78' lang='lat' dir='ltr'><strong>ponere</strong></span> <span class='ocrx_word' id='word_1_558' title='bbox 3269 3531 3446 3586; x_wconf 89' lang='lat' dir='ltr'><strong>multi.</strong></span> 
     </span>
    </p>
   </div>
   <div class='ocr_carea' id='block_1_91' title="bbox 2148 3623 3648 3694">
    <p class='ocr_par' dir='ltr' id='par_1_91' title="bbox 2148 3623 3648 3694">
     <span class='ocr_line' id='line_1_91' title="bbox 2148 3623 3648 3694; baseline 0.002 -16"><span class='ocrx_word' id='word_1_559' title='bbox 2148 3625 2390 3694; x_wconf 86' lang='lat' dir='ltr'><strong>Namque</strong></span> <span class='ocrx_word' id='word_1_560' title='bbox 2421 3623 2617 3690; x_wconf 73' lang='lat' dir='ltr'><strong>farina,</strong></span> <span class='ocrx_word' id='word_1_561' title='bbox 2645 3623 2825 3678; x_wconf 89' lang='lat' dir='ltr'><strong>herbis</strong></span> <span class='ocrx_word' id='word_1_562' title='bbox 2855 3639 3068 3694; x_wconf 84' lang='lat' dir='ltr'><strong>quoque</strong></span> <span class='ocrx_word' id='word_1_563' title='bbox 3091 3624 3486 3679; x_wconf 78' lang='lat' dir='ltr'><strong>sorbitiuncula</strong></span> <span class='ocrx_word' id='word_1_564' title='bbox 3515 3623 3648 3681; x_wconf 77' lang='lat' dir='ltr'><strong>tritis</strong></span> 
     </span>
    </p>
   </div>
   <div class='ocr_carea' id='block_1_92' title="bbox 2149 3715 3530 3786">
    <p class='ocr_par' dir='ltr' id='par_1_92' title="bbox 2149 3715 3530 3786">
     <span class='ocr_line' id='line_1_92' title="bbox 2149 3715 3530 3786; baseline 0.001 -16"><span class='ocrx_word' id='word_1_565' title='bbox 2149 3716 2340 3770; x_wconf 89' lang='lat' dir='ltr'><strong>Editur</strong></span> <span class='ocrx_word' id='word_1_566' title='bbox 2368 3715 2616 3784; x_wconf 79' lang='lat' dir='ltr'><strong>hancque</strong></span> <span class='ocrx_word' id='word_1_567' title='bbox 2643 3717 2832 3770; x_wconf 89' lang='lat' dir='ltr'><strong>cibans</strong></span> <span class='ocrx_word' id='word_1_568' title='bbox 2857 3724 3006 3785; x_wconf 89' lang='lat' dir='ltr'><strong>potat</strong></span> <span class='ocrx_word' id='word_1_569' title='bbox 3038 3716 3126 3772; x_wconf 80' lang='lat' dir='ltr'><strong>vix</strong></span> <span class='ocrx_word' id='word_1_570' title='bbox 3154 3718 3314 3772; x_wconf 84' lang='lat' dir='ltr'><strong>uncia</strong></span> <span class='ocrx_word' id='word_1_571' title='bbox 3348 3717 3530 3786; x_wconf 85' lang='lat' dir='ltr'><strong>quina.</strong></span> 
     </span>
    </p>
   </div>
   <div class='ocr_carea' id='block_1_93' title="bbox 2150 3806 3498 3876">
    <p class='ocr_par' dir='ltr' id='par_1_93' title="bbox 2150 3806 3498 3876">
     <span class='ocr_line' id='line_1_93' title="bbox 2150 3806 3498 3876; baseline 0.001 -14"><span class='ocrx_word' id='word_1_572' title='bbox 2150 3807 2350 3876; x_wconf 73' lang='lat' dir='ltr'><strong>Sicque</strong></span> <span class='ocrx_word' id='word_1_573' title='bbox 2377 3806 2604 3876; x_wconf 86' lang='lat' dir='ltr'><strong>implens</strong></span> <span class='ocrx_word' id='word_1_574' title='bbox 2633 3807 2827 3860; x_wconf 87' lang='lat' dir='ltr'><strong>seriem</strong></span> <span class='ocrx_word' id='word_1_575' title='bbox 2855 3807 2997 3871; x_wconf 62' lang='lat' dir='ltr'><strong>vita),</strong></span> <span class='ocrx_word' id='word_1_576' title='bbox 3039 3807 3348 3861; x_wconf 87' lang='lat' dir='ltr'><strong>nullatenus</strong></span> <span class='ocrx_word' id='word_1_577' title='bbox 3370 3817 3498 3863; x_wconf 87' lang='lat' dir='ltr'><strong>ante</strong></span> 
     </span>
    </p>
   </div>
   <div class='ocr_carea' id='block_1_94' title="bbox 2149 3897 3502 3967">
    <p class='ocr_par' dir='ltr' id='par_1_94' title="bbox 2149 3897 3502 3967">
     <span class='ocr_line' id='line_1_94' title="bbox 2149 3897 3502 3967; baseline 0.002 -17"><span class='ocrx_word' id='word_1_578' title='bbox 2149 3898 2322 3965; x_wconf 85' lang='lat' dir='ltr'><strong>Quam</strong></span> <span class='ocrx_word' id='word_1_579' title='bbox 2361 3898 2438 3950; x_wconf 90' lang='lat' dir='ltr'><strong>sol</strong></span> <span class='ocrx_word' id='word_1_580' title='bbox 2463 3897 2718 3952; x_wconf 88' lang='lat' dir='ltr'><strong>occiduus</strong></span> <span class='ocrx_word' id='word_1_581' title='bbox 2749 3897 2929 3952; x_wconf 88' lang='lat' dir='ltr'><strong>radios</strong></span> <span class='ocrx_word' id='word_1_582' title='bbox 2951 3898 3298 3967; x_wconf 83' lang='lat' dir='ltr'><strong>itmuergeret</strong></span> <span class='ocrx_word' id='word_1_583' title='bbox 3331 3898 3502 3958; x_wconf 80' lang='lat' dir='ltr'><strong>undis</strong></span> 
     </span>
    </p>
   </div>
   <div class='ocr_carea' id='block_1_95' title="bbox 2150 3989 3504 4061">
    <p class='ocr_par' dir='ltr' id='par_1_95' title="bbox 2150 3989 3504 4061">
     <span class='ocr_line' id='line_1_95' title="bbox 2150 3989 3504 4061; baseline -0.001 -15"><span class='ocrx_word' id='word_1_584' title='bbox 2150 3993 2261 4047; x_wconf 80' lang='lat' dir='ltr'><strong>Nec</strong></span> <span class='ocrx_word' id='word_1_585' title='bbox 2295 3991 2448 4046; x_wconf 89' lang='lat' dir='ltr'><strong>festis</strong></span> <span class='ocrx_word' id='word_1_586' title='bbox 2471 3993 2774 4061; x_wconf 84' lang='lat' dir='ltr'><strong>graviterve</strong></span> <span class='ocrx_word' id='word_1_587' title='bbox 2801 3990 3007 4046; x_wconf 91' lang='lat' dir='ltr'><strong>cubans</strong></span> <span class='ocrx_word' id='word_1_588' title='bbox 3031 3989 3235 4059; x_wconf 78' lang='lat' dir='ltr'><strong>jejunia</strong></span> <span class='ocrx_word' id='word_1_589' title='bbox 3263 3990 3449 4044; x_wconf 86' lang='lat' dir='ltr'><strong>solvit.</strong></span> <span class='ocrx_word' id='word_1_590' title='bbox 3501 4021 3504 4030; x_wconf 69' lang='grc' dir='ltr'>ς</span> 
     </span>
    </p>
   </div>
   <div class='ocr_carea' id='block_1_96' title="bbox 2223 4077 3697 4154">
    <p class='ocr_par' dir='ltr' id='par_1_96' title="bbox 2223 4077 3697 4154">
     <span class='ocr_line' id='line_1_96' title="bbox 2223 4077 3697 4154; baseline -0.004 -14"><span class='ocrx_word' id='word_1_591' title='bbox 2223 4086 2400 4140; x_wconf 75' lang='lat' dir='ltr'><strong>Multa:</strong></span> <span class='ocrx_word' id='word_1_592' title='bbox 2437 4099 2662 4154; x_wconf 86' lang='lat' dir='ltr'><strong>parvum</strong></span> <span class='ocrx_word' id='word_1_593' title='bbox 2696 4085 2862 4148; x_wconf 79' lang='lat' dir='ltr'><strong>acies,</strong></span> <span class='ocrx_word' id='word_1_594' title='bbox 2887 4083 3185 4138; x_wconf 84' lang='lat' dir='ltr'><strong>certamina</strong></span> <span class='ocrx_word' id='word_1_595' title='bbox 3231 4081 3402 4136; x_wconf 86' lang='lat' dir='ltr'><strong>multa</strong></span> <span class='ocrx_word' id='word_1_596' title='bbox 3433 4077 3697 4142; x_wconf 57' lang='lat' dir='ltr'><strong>lacessunt}</strong></span> 
     </span>
    </p>
   </div>
   <div class='ocr_carea' id='block_1_97' title="bbox 2153 4175 3549 4244">
    <p class='ocr_par' dir='ltr' id='par_1_97' title="bbox 2153 4175 3549 4244">
     <span class='ocr_line' id='line_1_97' title="bbox 2153 4175 3549 4244; baseline -0.003 -12"><span class='ocrx_word' id='word_1_597' title='bbox 2153 4177 2318 4233; x_wconf 87' lang='lat' dir='ltr'><strong>Extra</strong></span> <span class='ocrx_word' id='word_1_598' title='bbox 2341 4187 2565 4230; x_wconf 81' lang='lat' dir='ltr'><strong>externa</strong></span> <span class='ocrx_word' id='word_1_599' title='bbox 2591 4183 2832 4244; x_wconf 87' lang='lat' dir='ltr'><strong>crepant,</strong></span> <span class='ocrx_word' id='word_1_600' title='bbox 2874 4176 3020 4230; x_wconf 88' lang='lat' dir='ltr'><strong>intus</strong></span> <span class='ocrx_word' id='word_1_601' title='bbox 3049 4175 3232 4229; x_wconf 75' lang='lat' dir='ltr'><strong>civilia</strong></span> <span class='ocrx_word' id='word_1_602' title='bbox 3263 4183 3508 4228; x_wconf 86' lang='lat' dir='ltr'><strong>mussant</strong></span> <span class='ocrx_word' id='word_1_603' title='bbox 3533 4189 3549 4228; x_wconf 92' lang='lat'><strong>:</strong></span> 
     </span>
    </p>
   </div>
   <div class='ocr_carea' id='block_1_98' title="bbox 2153 4268 3586 4338">
    <p class='ocr_par' dir='ltr' id='par_1_98' title="bbox 2153 4268 3586 4338">
     <span class='ocr_line' id='line_1_98' title="bbox 2153 4268 3586 4338; baseline -0.003 -14"><span class='ocrx_word' id='word_1_604' title='bbox 2153 4271 2394 4324; x_wconf 87' lang='lat' dir='ltr'><strong>Flaminc</strong></span> <span class='ocrx_word' id='word_1_605' title='bbox 2418 4269 2510 4324; x_wconf 90' lang='lat' dir='ltr'><strong>sed</strong></span> <span class='ocrx_word' id='word_1_606' title='bbox 2532 4271 2722 4324; x_wconf 89' lang='lat' dir='ltr'><strong>doctus</strong></span> <span class='ocrx_word' id='word_1_607' title='bbox 2745 4285 2941 4338; x_wconf 88' lang='lat' dir='ltr'><strong>supero</strong></span> <span class='ocrx_word' id='word_1_608' title='bbox 2975 4269 3095 4338; x_wconf 85' lang='lat' dir='ltr'><strong>pius</strong></span> <span class='ocrx_word' id='word_1_609' title='bbox 3135 4268 3324 4322; x_wconf 90' lang='lat' dir='ltr'><strong>intima</strong></span> <span class='ocrx_word' id='word_1_610' title='bbox 3357 4273 3586 4337; x_wconf 84' lang='lat' dir='ltr'><strong>pressat.</strong></span> 
     </span>
    </p>
   </div>
   <div class='ocr_carea' id='block_1_99' title="bbox 2151 4359 3567 4432">
    <p class='ocr_par' dir='ltr' id='par_1_99' title="bbox 2151 4359 3567 4432">
     <span class='ocr_line' id='line_1_99' title="bbox 2151 4359 3567 4432; baseline -0.003 -16"><span class='ocrx_word' id='word_1_611' title='bbox 2151 4361 2598 4432; x_wconf 86' lang='lat' dir='ltr'><strong>Componeusque</strong></span> <span class='ocrx_word' id='word_1_612' title='bbox 2629 4362 2795 4416; x_wconf 84' lang='lat' dir='ltr'><strong>animi</strong></span> <span class='ocrx_word' id='word_1_613' title='bbox 2827 4362 2960 4416; x_wconf 85' lang='lat' dir='ltr'><strong>sudo</strong></span> <span class='ocrx_word' id='word_1_614' title='bbox 2989 4360 3358 4414; x_wconf 84' lang='lat' dir='ltr'><strong>moderamine</strong></span> <span class='ocrx_word' id='word_1_615' title='bbox 3385 4359 3567 4412; x_wconf 79' lang='lat' dir='ltr'><strong>turbas</strong></span> 
     </span>
    </p>
   </div>
   <div class='ocr_carea' id='block_1_100' title="bbox 2153 4449 3555 4522">
    <p class='ocr_par' dir='ltr' id='par_1_100' title="bbox 2153 4449 3555 4522">
     <span class='ocr_line' id='line_1_100' title="bbox 2153 4449 3555 4522; baseline -0.005 -16"><span class='ocrx_word' id='word_1_616' title='bbox 2153 4451 2384 4506; x_wconf 85' lang='lat' dir='ltr'><strong>Conlicit</strong></span> <span class='ocrx_word' id='word_1_617' title='bbox 2411 4453 2715 4506; x_wconf 87' lang='lat' dir='ltr'><strong>edomitaus</strong></span> <span class='ocrx_word' id='word_1_618' title='bbox 2745 4451 3001 4504; x_wconf 80' lang='lat' dir='ltr'><strong>lascivum</strong></span> <span class='ocrx_word' id='word_1_619' title='bbox 3035 4451 3274 4520; x_wconf 84' lang='lat' dir='ltr'><strong>pondere</strong></span> <span class='ocrx_word' id='word_1_620' title='bbox 3307 4449 3555 4522; x_wconf 70' lang='lat' dir='ltr'><strong>asellum,</strong></span> 
     </span>
    </p>
   </div>
   <div class='ocr_carea' id='block_1_101' title="bbox 2073 4531 3562 4612">
    <p class='ocr_par' dir='ltr' id='par_1_101' title="bbox 2073 4531 3562 4612">
     <span class='ocr_line' id='line_1_101' title="bbox 2073 4531 3562 4612; baseline -0.003 -15"><span class='ocrx_word' id='word_1_621' title='bbox 2073 4531 2126 4590; x_wconf 71' lang='grc' dir='ltr'><strong><em>Β</em></strong></span> <span class='ocrx_word' id='word_1_622' title='bbox 2157 4543 2381 4612; x_wconf 77' lang='lat' dir='ltr'><strong>Frangit</strong></span> <span class='ocrx_word' id='word_1_623' title='bbox 2407 4553 2462 4598; x_wconf 91' lang='lat' dir='ltr'><strong>ct</strong></span> <span class='ocrx_word' id='word_1_624' title='bbox 2487 4553 2743 4598; x_wconf 87' lang='lat' dir='ltr'><strong>extenuat</strong></span> <span class='ocrx_word' id='word_1_625' title='bbox 2773 4543 3148 4611; x_wconf 87' lang='lat' dir='ltr'><strong>bellorumque</strong></span> <span class='ocrx_word' id='word_1_626' title='bbox 3177 4541 3364 4596; x_wconf 86' lang='lat' dir='ltr'><strong>usibus</strong></span> <span class='ocrx_word' id='word_1_627' title='bbox 3395 4547 3562 4610; x_wconf 77' lang='lat' dir='ltr'><strong>aptat.</strong></span> 
     </span>
    </p>
   </div>
   <div class='ocr_carea' id='block_1_102' title="bbox 2155 4630 3452 4696">
    <p class='ocr_par' dir='ltr' id='par_1_102' title="bbox 2155 4630 3452 4696">
     <span class='ocr_line' id='line_1_102' title="bbox 2155 4630 3452 4696; baseline -0.001 -11"><span class='ocrx_word' id='word_1_628' title='bbox 2155 4634 2352 4686; x_wconf 84' lang='lat' dir='ltr'><strong>Suetus</strong></span> <span class='ocrx_word' id='word_1_629' title='bbox 2380 4634 2432 4687; x_wconf 92' lang='lat' dir='ltr'><strong>in</strong></span> <span class='ocrx_word' id='word_1_630' title='bbox 2461 4633 2707 4696; x_wconf 85' lang='lat' dir='ltr'><strong>internis,</strong></span> <span class='ocrx_word' id='word_1_631' title='bbox 2737 4633 2804 4686; x_wconf 88' lang='lat' dir='ltr'><strong>ad</strong></span> <span class='ocrx_word' id='word_1_632' title='bbox 2839 4633 3070 4686; x_wconf 89' lang='lat' dir='ltr'><strong>barbara</strong></span> <span class='ocrx_word' id='word_1_633' title='bbox 3101 4630 3296 4686; x_wconf 80' lang='lat' dir='ltr'><strong>fortior</strong></span> <span class='ocrx_word' id='word_1_634' title='bbox 3318 4631 3452 4684; x_wconf 74' lang='lat' dir='ltr'><strong>exit.</strong></span> 
     </span>
    </p>
   </div>
   <div class='ocr_carea' id='block_1_103' title="bbox 2153 4717 3602 4792">
    <p class='ocr_par' dir='ltr' id='par_1_103' title="bbox 2153 4717 3602 4792">
     <span class='ocr_line' id='line_1_103' title="bbox 2153 4717 3602 4792; baseline -0.003 -16"><span class='ocrx_word' id='word_1_635' title='bbox 2153 4723 2300 4776; x_wconf 79' lang='lat' dir='ltr'><strong>Bella</strong></span> <span class='ocrx_word' id='word_1_636' title='bbox 2335 4723 2552 4776; x_wconf 88' lang='lat' dir='ltr'><strong>trahens</strong></span> <span class='ocrx_word' id='word_1_637' title='bbox 2576 4722 2747 4775; x_wconf 81' lang='lat' dir='ltr'><strong>hostis</strong></span> <span class='ocrx_word' id='word_1_638' title='bbox 2779 4722 2944 4775; x_wconf 87' lang='lat' dir='ltr'><strong>variis</strong></span> <span class='ocrx_word' id='word_1_639' title='bbox 2971 4721 3114 4775; x_wconf 88' lang='lat' dir='ltr'><strong>hunc</strong></span> <span class='ocrx_word' id='word_1_640' title='bbox 3137 4731 3394 4792; x_wconf 76' lang='lat' dir='ltr'><strong>provocat</strong></span> <span class='ocrx_word' id='word_1_641' title='bbox 3421 4717 3602 4782; x_wconf 85' lang='lat' dir='ltr'><strong>armis,</strong></span> 
     </span>
    </p>
   </div>
   <div class='ocr_carea' id='block_1_104' title="bbox 2155 4812 3380 4884">
    <p class='ocr_par' dir='ltr' id='par_1_104' title="bbox 2155 4812 3380 4884">
     <span class='ocr_line' id='line_1_104' title="bbox 2155 4812 3380 4884; baseline -0.003 -13"><span class='ocrx_word' id='word_1_642' title='bbox 2155 4813 2302 4871; x_wconf 80' lang='lat' dir='ltr'><strong>Mille</strong></span> <span class='ocrx_word' id='word_1_643' title='bbox 2332 4815 2466 4881; x_wconf 79' lang='lat' dir='ltr'><strong>petit</strong></span> <span class='ocrx_word' id='word_1_644' title='bbox 2497 4812 2676 4878; x_wconf 89' lang='lat' dir='ltr'><strong>furtis,</strong></span> <span class='ocrx_word' id='word_1_645' title='bbox 2705 4815 2982 4884; x_wconf 81' lang='lat' dir='ltr'><strong>impugnat</strong></span> <span class='ocrx_word' id='word_1_646' title='bbox 3019 4813 3164 4868; x_wconf 84' lang='lat' dir='ltr'><strong>mille</strong></span> <span class='ocrx_word' id='word_1_647' title='bbox 3185 4813 3380 4868; x_wconf 84' lang='lat' dir='ltr'><strong>duellis</strong></span> 
     </span>
    </p>
   </div>
   <div class='ocr_carea' id='block_1_105' title="bbox 2159 4905 3551 4976">
    <p class='ocr_par' dir='ltr' id='par_1_105' title="bbox 2159 4905 3551 4976">
     <span class='ocr_line' id='line_1_105' title="bbox 2159 4905 3551 4976; baseline -0.001 -18"><span class='ocrx_word' id='word_1_648' title='bbox 2159 4905 2320 4960; x_wconf 85' lang='lat' dir='ltr'><strong>Pusio</strong></span> <span class='ocrx_word' id='word_1_649' title='bbox 2347 4905 2486 4974; x_wconf 80' lang='lat' dir='ltr'><strong>quod</strong></span> <span class='ocrx_word' id='word_1_650' title='bbox 2516 4905 2680 4974; x_wconf 82' lang='lat' dir='ltr'><strong>vagit,</strong></span> <span class='ocrx_word' id='word_1_651' title='bbox 2713 4905 2964 4974; x_wconf 84' lang='lat' dir='ltr'><strong>vel-quod</strong></span> <span class='ocrx_word' id='word_1_652' title='bbox 2989 4905 3306 4960; x_wconf 86' lang='lat' dir='ltr'><strong>muliercula</strong></span> <span class='ocrx_word' id='word_1_653' title='bbox 3329 4905 3551 4976; x_wconf 77' lang='lat' dir='ltr'><strong>plangit,</strong></span> 
     </span>
    </p>
   </div>
   <div class='ocr_carea' id='block_1_106' title="bbox 2157 4993 3594 5066">
    <p class='ocr_par' dir='ltr' id='par_1_106' title="bbox 2157 4993 3594 5066">
     <span class='ocr_line' id='line_1_106' title="bbox 2157 4993 3594 5066; baseline 0.003 -24"><span class='ocrx_word' id='word_1_654' title='bbox 2157 4996 2308 5061; x_wconf 85' lang='lat' dir='ltr'><strong>Quod</strong></span> <span class='ocrx_word' id='word_1_655' title='bbox 2337 4994 2508 5066; x_wconf 85' lang='lat' dir='ltr'><strong>mugit</strong></span> <span class='ocrx_word' id='word_1_656' title='bbox 2545 4995 2827 5059; x_wconf 82' lang='lat' dir='ltr'><strong>bos,balat</strong></span> <span class='ocrx_word' id='word_1_657' title='bbox 2850 4995 2986 5058; x_wconf 81' lang='lat' dir='ltr'><strong>ovis,</strong></span> <span class='ocrx_word' id='word_1_658' title='bbox 3027 4997 3168 5063; x_wconf 88' lang='lat' dir='ltr'><strong>quod</strong></span> <span class='ocrx_word' id='word_1_659' title='bbox 3199 4995 3370 5050; x_wconf 86' lang='lat' dir='ltr'><strong>bellua</strong></span> <span class='ocrx_word' id='word_1_660' title='bbox 3397 4993 3594 5064; x_wconf 81' lang='lat' dir='ltr'><strong>gannit,</strong></span> 
     </span>
    </p>
   </div>
   <div class='ocr_carea' id='block_1_107' title="bbox 2157 5085 3580 5154">
    <p class='ocr_par' dir='ltr' id='par_1_107' title="bbox 2157 5085 3580 5154">
     <span class='ocr_line' id='line_1_107' title="bbox 2157 5085 3580 5154; baseline 0 -16"><span class='ocrx_word' id='word_1_661' title='bbox 2157 5086 2444 5152; x_wconf 81' lang='lat' dir='ltr'><strong>Admonet,</strong></span> <span class='ocrx_word' id='word_1_662' title='bbox 2478 5095 2638 5154; x_wconf 86' lang='lat' dir='ltr'><strong>atque</strong></span> <span class='ocrx_word' id='word_1_663' title='bbox 2659 5085 3022 5154; x_wconf 84' lang='lat' dir='ltr'><strong>pavcudorum</strong></span> <span class='ocrx_word' id='word_1_664' title='bbox 3046 5095 3292 5154; x_wconf 85' lang='lat' dir='ltr'><strong>portenta</strong></span> <span class='ocrx_word' id='word_1_665' title='bbox 3320 5100 3580 5148; x_wconf 82' lang='lat' dir='ltr'><strong>sonorum,</strong></span> 
     </span>
    </p>
   </div>
   <div class='ocr_carea' id='block_1_108' title="bbox 2159 5173 3494 5245">
    <p class='ocr_par' dir='ltr' id='par_1_108' title="bbox 2159 5173 3494 5245">
     <span class='ocr_line' id='line_1_108' title="bbox 2159 5173 3494 5245; baseline -0.001 -16"><span class='ocrx_word' id='word_1_666' title='bbox 2159 5176 2220 5229; x_wconf 76' lang='lat' dir='ltr'><strong>Et</strong></span> <span class='ocrx_word' id='word_1_667' title='bbox 2247 5176 2502 5245; x_wconf 87' lang='lat' dir='ltr'><strong>strepitus</strong></span> <span class='ocrx_word' id='word_1_668' title='bbox 2541 5175 2900 5229; x_wconf 83' lang='lat' dir='ltr'><strong>exercituum.</strong></span> <span class='ocrx_word' id='word_1_669' title='bbox 2926 5173 3095 5240; x_wconf 89' lang='lat' dir='ltr'><strong>Quem</strong></span> <span class='ocrx_word' id='word_1_670' title='bbox 3125 5189 3256 5230; x_wconf 88' lang='lat' dir='ltr'><strong>voce</strong></span> <span class='ocrx_word' id='word_1_671' title='bbox 3281 5191 3494 5230; x_wconf 85' lang='lat' dir='ltr'><strong>movero</strong></span> 
     </span>
    </p>
   </div>
   <div class='ocr_carea' id='block_1_109' title="bbox 2158 5267 3589 5326">
    <p class='ocr_par' dir='ltr' id='par_1_109' title="bbox 2158 5267 3589 5326">
     <span class='ocr_line' id='line_1_109' title="bbox 2158 5267 3589 5326; baseline -0.003 -2"><span class='ocrx_word' id='word_1_672' title='bbox 2158 5269 2290 5324; x_wconf 85' lang='lat' dir='ltr'><strong>Dum</strong></span> <span class='ocrx_word' id='word_1_673' title='bbox 2319 5271 2526 5326; x_wconf 76' lang='lat' dir='ltr'><strong>nequit.</strong></span> <span class='ocrx_word' id='word_1_674' title='bbox 2558 5269 2829 5326; x_wconf 81' lang='lat' dir='ltr'><strong>horriﬁcis</strong></span> <span class='ocrx_word' id='word_1_675' title='bbox 2857 5277 3030 5324; x_wconf 88' lang='lat' dir='ltr'><strong>tentat</strong></span> <span class='ocrx_word' id='word_1_676' title='bbox 3049 5278 3405 5326; x_wconf 87' lang='lat' dir='ltr'><strong>consternere</strong></span> <span class='ocrx_word' id='word_1_677' title='bbox 3433 5267 3589 5324; x_wconf 82' lang='lat' dir='ltr'><strong>visis:</strong></span> 
     </span>
    </p>
   </div>
  </div>
