3872 5326
511 310 615 373 εδδ

1191 308 1577 367 mocosam
1601 306 1917 367 caueam:
1957 301 2305 364 ιιειιειιςιε
2340 272 2706 367 opuscuut
2731 304 3029 364 ιιειίιιειι

3637 276 3732 362 ιςδό

513 427 622 483 Sed
645 441 821 498 neque
842 440 967 497 pars
986 440 1175 481 aversa
1200 425 1341 489 silet,
1366 425 1538 480 virtus
1553 422 1676 494 qula
1697 420 1912 478 Marnas
1930 419 2077 493 (16!)
2105 420 2158 480 Δ
2182 415 2263 471 Me
2285 426 2474 484 terres,
2500 419 2639 474 idem
2663 421 2715 474 in
2745 434 2962 489 magno,
2991 417 3083 486 qui
3113 416 3166 470 ln
3196 415 3373 486 vulpe,
3415 414 3636 478 camelo.

510 517 800 588 Snbjaceat
824 516 1071 581 Christo;
1099 515 1330 585 ﬁdeique
1360 513 1574 569 occasio
1602 511 1786 568 multis

509 609 623 665 lloc
642 605 755 677 jam
782 617 889 663 tam
913 621 1143 678 propero
1170 605 1429 676 przefulsit
1451 613 1603 674 parta
1632 602 1926 672 triumpho.

580 700 786 771 Anguis
815 699 903 754 bic
933 697 1141 768 antiqui
1168 698 1311 752 vires
1335 697 1672 750 vacuabatet
1692 702 1890 759 artem,

511 789 621 845 Nec
646 804 828 845 coram
852 788 1026 859 posito
1049 786 1289 858 figmenti
1325 796 1564 841 monstra
1586 784 1856 840 valebant.

511 880 755 938 Sacratae
770 876 989 950 juvenis
1011 878 1271 951 flagrabat
1298 878 1523 950 virginis
1550 879 1694 947 igne,

510 970 741 1028 Ludicra
773 971 1103 1039 praetulerat,
1133 973 1226 1025 sed
1257 970 1506 1037 frangere
1533 978 1655 1023 vota
1686 966 1963 1037 nequibat.

512 1060 664 1118 llaud
695 1077 859 1133 grave
886 1061 1033 1115 ducit
1060 1061 1164 1115 iter
1182 1059 1523 1129 Memphitem
1552 1057 1772 1112 tendere
1793 1056 1846 1109 in
1874 1052 2085 1120 urbem,

512 1153 877 1222 Armatnrque
904 1151 1040 1207 dolis
1067 1151 1266 1207 Christi
1303 1160 1358 1205 ut
1384 1163 1641 1220 superare
1662 1146 1863 1203 monile

514 1243 831 1298 Prmvalcat.
861 1242 1054 1298 Totum
1084 1243 1326 1297 vanisita
1361 1242 1555 1296 deterit
1585 1255 1806 1304 annum;

515 1333 643 1388 inde
678 1335 809 1388 vafri
836 1334 1049 1389 rediens
1075 1334 1369 1388 instructus
1400 1330 1588 1385 fraude
1608 1329 1839 1394 colubri,

514 1427 1016 1498 Prmsumptumquc
1044 1441 1235 1495 gerens
1264 1424 1426 1480 animi
1463 1423 1796 1493 grassamine
1820 1420 2051 1483 crimen,

515 1515 636 1582 Es,
671 1517 832 1572 limen
863 1516 1070 1582 subter,
1100 1514 1343 1586 quaedam
1374 1513 1440 1567 ad
1465 1522 1711 1583 portenta
1742 1520 1986 1565 notatum

516 1609 754 1670 Defodit.
779 1609 1039 1679 adjiciens
1063 1605 1256 1678 magici
1295 1604 1405 1659 fera
1423 1618 1701 1658 murmura
1730 1601 1915 1657 vincli.

514 1701 666 1758 lliret
697 1701 957 1764 insanire,
977 1708 1161 1767 caput,
1186 1696 1451 1751 velamine
1476 1693 1649 1755 vulso,

516 1791 683 1862 Virgo
711 1799 914 1855 rotans,
936 1788 1127 1843 diffusa
1152 1803 1336 1843 comas
1361 1796 1417 1841 et
1437 1784 1663 1841 stridula
1684 1785 1848 1873 dente

515 1885 725 1938 Ardere
751 1882 987 1945 incendi,
1018 1895 1241 1949 puerum
1266 1879 1499 1933 clamore
1529 1891 1741 1932 vocare.

517 1974 774 2030 Traditur
798 1982 919 2029 acta
945 1972 1082 2036 seni,
1110 1973 1304 2042 retegit
1328 1972 1410 2026 cui
1444 1970 1589 2024 larva
1621 1969 1852 2040 piaclum

520 2064 799 2133 Ejulnlans
827 2073 882 2119 et
912 2062 1057 2117 furta
1089 2060 1284 2128 fateus,
1317 2060 1622 2132 Memphyte
1645 2068 1919 2122 vocatum.

524 2156 588 2210 Vi
620 2156 861 2220 ductum,
902 2161 1165 2209 tormenta
1194 2153 1326 2222 pati,
1350 2152 1528 2208 crucis
1553 2151 1764 2222 ignibus
1788 2150 1898 2205 uri.

521 2246 703 2316 Cogis,
730 2247 827 2310 ait,
859 2261 945 2301 me
966 2245 1115 2299 exire
1147 2252 1289 2298 tenet
1312 2258 1471 2314 quem
1500 2243 1661 2297 limen
1692 2244 1960 2296 adactum.

527 2337 715 2409 Magna
745 2338 954 2408 (senex)
987 2336 1156 2389 virtus
1179 2344 1337 2405 quem
1372 2333 1571 2387 lamina
1600 2331 1721 2387 licia
1746 2331 2000 2385 nectunt!

523 2429 635 2485 Cur
661 2443 767 2483 non
788 2428 929 2483 hunc
965 2426 1144 2496 potius
1172 2425 1263 2495 qui
1292 2434 1344 2478 te
1371 2422 1695 2478 immittebat
1721 2419 1907 2475 inisti?

527 2516 749 2589 thuid,
772 2516 869 2584 ait,
899 2515 1102 2585 collega
1134 2530 1304 2579 meus,
1329 2528 1489 2584 quem
1516 2512 1722 2566 d:emon
1755 2509 1960 2565 amoris

525 2610 866 2681 Illaquearat,
898 2623 996 2678 ego
1024 2605 1367 2676 impeterem?
1397 2604 1503 2659 Sed
1533 2604 1683 2675 virgo
1720 2601 1956 2672 sigillum

528 2702 608 2757 Ne
637 2712 836 2758 tereret
871 2701 1042 2770 rapui.
1072 2698 1267 2754 Fecisti
1297 2696 1514 2758 invitus,
1546 2704 1603 2749 at
1640 2694 1727 2749 exi

527 2791 784 2857 Perdere,
812 2806 916 2846 non
942 2806 1160 2847 servare
1189 2789 1388 2852 solens,
1409 2787 1664 2858 pellitque
1692 2784 1926 2840 ferocem

528 2880 909 2952 Necjuvcnem
935 2891 1234 2953 exspectat,
1263 2880 1467 2934 fraudis
1496 2878 1721 2949 vestigia
1759 2879 1969 2943 vitans;

531 2973 783 3044 Increpat
806 2983 1044 3044 ereptam
1075 2989 1178 3027 non
1206 2988 1263 3028 se
1285 2971 1496 3027 cavisse
1520 2969 1775 3040 puellam.

601 3062 716 3118 Non
740 3063 896 3118 modo
922 3064 1124 3118 vicinas
1151 3061 1311 3118 urbes
1348 3063 1434 3132 pia
1465 3060 1606 3116 fama
1638 3059 1894 3130 replerat,

534 3155 675 3223 Quin
697 3153 973 3225 longinqui
998 3154 1160 3209 etiam
1190 3161 1378 3224 gentes
1403 3152 1675 3206 exciverat
1695 3149 1865 3204 orbis.

536 3246 609 3302 lit
645 3245 844 3311 nostris
873 3244 1055 3315 procul
1084 3258 1113 3297 e
1145 3244 1305 3297 terris
1328 3242 1564 3298 Orientis
1594 3242 1646 3295 in
1675 3255 1855 3306 axem,

537 3341 794 3407 Qum-rere
810 3335 1105 3391 salvificum
1131 3334 1387 3403 delegerit
1412 3332 1500 3387 ille
1526 3332 1827 3386 medentem

539 3430 872 3484 Francorum
900 3424 1123 3480 illustris
1152 3440 1310 3496 quem
1326 3422 1568 3495 jnssibus
1588 3422 1936 3490 induperater

538 3517 894 3587 Prosequitur
914 3515 1137 3580 chartis,
1168 3514 1427 3570 comitatu
1454 3523 1507 3567 et
1543 3512 1838 3568 honoribus
1866 3519 2105 3564 auctum.

538 3610 640 3677 Qui
662 3610 816 3663 furvo
841 3623 872 3663 a
901 3622 1066 3679 puero
1086 3622 1363 3676 possessus
1379 3604 1639 3669 daemone,
1670 3614 1832 3658 noctu

545 3699 806 3754 Dentibus
829 3698 1137 3762 infremcre,
1169 3705 1224 3752 et
1247 3712 1487 3768 gemere,
1513 3705 1674 3765 atque
1689 3694 1891 3748 ululare
1903 3700 2109 3756 suetus,

540 3795 776 3862 Diraque
803 3791 968 3861 flagra
987 3790 1184 3853 ferens,
1210 3790 1448 3859 requiem
1473 3789 1523 3842 in
1549 3794 1814 3842 tormenta
1846 3784 2112 3840 trahebat.

538 3882 705 3956 Cujus
736 3885 788 3938 in
826 3883 1141 3953 obsequium
1164 3880 1346 3952 plures
1371 3881 1440 3935 ob
1468 3880 1636 3951 patris
1661 3891 1900 3931 amorem

540 3975 866 4040 Procedunt,
898 3974 1045 4029 videt
1070 3982 1129 4028 ut
1164 3972 1377 4028 turbam
1404 3971 1696 4034 benedieit,
1726 3969 1878 4024 abire

541 4068 872 4139 Praecipiens
903 4068 1105 4130 senior,
1129 4066 1489 4135 iuvenemque
1515 4075 1747 4131 suosque
1769 4073 2007 4123 manere,

546 4157 678 4212 Nam
702 4171 921 4213 causam
954 4156 1217 4209 adventus
1235 4169 1304 4209 cx
1330 4153 1444 4223 ipso
1470 4150 1716 4220 intelligit
1736 4162 1849 4203 ore.

546 4246 669 4301 Mox
696 4245 958 4315 rogitatus
985 4242 1173 4307 homo,
1205 4242 1413 4311 rapitur
1433 4240 1525 4293 vix
1549 4247 1767 4308 tangere
1798 4244 1999 4315 terAram

547 4337 620 4393 Ut
644 4299 866 4406 pedibus
889 4334 1084 4398 valeat,
1115 4299 1351 4402 loquiiur
1380 4344 1627 4385 sermone
1644 4299 1951 4399 “Syroruxif’:

546 4430 701 4485 Tunc
722 4428 953 4501 primum
983 4426 1187 4493 audito,
1227 4440 1450 4481 servans
1480 4424 1732 4479 idiomata
1756 4422 1970 4491 lingua}.

548 4519 659 4576 Nec
683 4520 861 4575 minus
879 4528 936 4574 et
961 4517 1149 4574 Gncco
1170 4517 1365 4573 citatus
1394 4512 1664 4588 [scitatus]
1694 4512 1895 4568 fainine
1926 4511 2112 4583 pollet.

550 4612 873 4669 Praeterieris
896 4610 1076 4666 varias
1096 4610 1291 4680 quibus
1319 4608 1407 4664 hic
1431 4608 1501 4663 sit
1522 4607 1776 4677 praeditus
1806 4616 1972 4673 artes,

547 4704 775 4760 Numine
795 4711 850 4757 et
880 4702 1106 4774 imperio
1131 4699 1332 4756 Christi
1356 4708 1596 4763 curatus,
1630 4708 1688 4752 ut
1711 4708 1827 4752 atra

548 4799 708 4871 Pesle
735 4797 878 4868 viget
900 4796 1055 4858 liber,
1078 4794 1335 4847 librarum
1357 4792 1591 4862 pondera
1621 4789 1826 4861 profert

551 4887 907 4951 Simplicitate
942 4894 1135 4954 putans
1165 4882 1281 4935 auri
1312 4883 1503 4937 debere
1539 4881 1770 4947 talenta;

554 4975 763 5032 llorJea
792 4975 859 5031 ab
879 4976 982 5030 hoc
1004 4973 1097 5028 sed
1128 4987 1264 5043 pane
1288 4972 1453 5042 capit,
1490 4972 1649 5026 simul
1680 4972 1900 5040 insuper
1933 4970 2116 5024 audit:

552 5067 757 5125 Aurum
795 5065 937 5134 quod
967 5079 1174 5118 canum
1202 5070 1450 5130 reputent
1470 5061 1560 5131 qui
1596 5060 1718 5115 talia
1742 5068 1977 5115 sumant.

624 5156 741 5213 Non
770 5150 1016 5210 homines
1043 5152 1201 5207 modo
1227 5153 1502 5215 reddebat,
1534 5152 1662 5222 quin
1689 5152 1844 5207 bruta
1874 5149 2055 5205 saluti.

558 5248 630 5306 Ut
649 5247 842 5301 Bactra
864 5246 1132 5316 quondam
1156 5245 1372 5300 duetum
1407 5245 1624 5316 regione
1646 5244 1928 5307 camelum,

2182 505 2553 574 Proclamans,
2573 524 2908 582 pergensque
2920 506 3037 581 [pro
3063 504 3368 579 porrigens]
3399 521 3636 569 manum,
3658 494 3729 565 cui

3306 596 3545 669 [turbida
3572 597 3676 652 dire

2181 692 2359 761 Atque
2385 692 2620 747 immane
2645 689 2880 747 fremens
2903 691 3029 745 dum
3052 690 3293 760 proxima
3326 686 3504 741 bellua
3530 685 3702 753 fertur,

2183 784 2434 848 Labitur,
2474 794 2635 854 atque
2662 794 2825 854 caput
2849 783 3045 853 premit
3070 778 3401 851 eszequabile
3426 778 3601 833 terris.

2185 874 2452 930 Mirantur
2476 875 2678 936 cuncti.
2708 884 2856 928 tanto
2882 882 3089 927 terrore
3117 872 3384 925 furentem

2187 963 2321 1020 Tam
2351 965 2551 1025 subito.
2577 964 2665 1018 tali
2692 963 2893 1018 factam
2922 962 3176 1016 leniutine
3203 962 3408 1015 mitem.

2256 1054 2368 1114 Nec
2402 1059 2542 1129 potis
2567 1065 2650 1113 est
2683 1072 2909 1111 numero
2934 1056 3110 1111 claudi
3134 1055 3467 1125 pedibusque
3486 1052 3631 1124 ligari

2187 1148 2346 1205 Omni
2384 1149 2525 1204 facta
2557 1150 2643 1203 die
2669 1164 2764 1219 per
2790 1162 2913 1202 eum
2945 1146 3203 1201 miracula
3232 1145 3377 1198 vitae.

2189 1239 2342 1295 Haud
2371 1239 2548 1293 minus
2573 1252 2666 1291 ore
2696 1245 2887 1307 potens
2916 1237 3099 1290 turbas
3126 1235 3376 1305 explebat
3402 1242 3590 1289 euntes

2189 1327 2482 1392 lrradians,
2513 1329 2578 1381 ad
2603 1327 2743 1382 celsa
2769 1342 2989 1391 vocans,
3015 1334 3069 1381 et
3098 1327 3149 1380 in
3178 1327 3347 1381 ardua
3384 1325 3646 1381 ductans:

2191 1421 2382 1475 Visere
2409 1428 2643 1474 semotus
2669 1434 2773 1471 non
2803 1433 3085 1488 spernens,
3114 1418 3318 1472 semina
3363 1415 3522 1470 Verbi

2192 1509 2371 1565 Lmtus
2391 1523 2558 1580 agens
2586 1508 2796 1585 Domini
2840 1516 2896 1562 ct
2940 1515 3174 1578 segetem
3212 1521 3410 1577 supero
3461 1504 3625 1559 imbre
3657 1519 3738 1559 vc-

3411 1594 3677 1670 [nustans;

2194 1692 2647 1763 Amplillcansquc
2673 1691 2759 1761 pio
2781 1689 3046 1761 proscissa
3074 1688 3285 1743 novalia
3322 1696 3525 1750 rastro,

2118 1763 2167 1823 Β
2194 1785 2368 1854 Auget
2394 1783 2535 1839 culta
2565 1782 2679 1844 Dei,
2705 1782 2870 1835 veteri
2905 1795 3042 1833 nova
3078 1778 3283 1833 semina
3322 1776 3490 1846 gleba:

2193 1874 2496 1931 lnculcans.
2527 1873 2897 1941 Agarenorum
2929 1885 3025 1924 ceu
3060 1868 3248 1938 pandit
3279 1867 3465 1931 Elusa,

2195 1964 2365 2031 Quam
2396 1964 2674 2018 inveniens
2695 1961 2824 2015 olim
2848 1959 3133 2031 Cythereia
3155 1956 3290 2012 festa
3315 1957 3580 2020 litantem,

2196 2056 2312 2112 Non
2342 2057 2493 2127 prius
2518 2054 2735 2109 absistit
2765 2052 3013 2124 lacrymis
3037 2061 3089 2107 et
3117 2051 3315 2105 famine
3344 2049 3492 2113 divo,

2197 2148 2452 2203 Ecclesiae
2477 2162 2637 2216 quam
2664 2144 2955 2198 condenda:
2976 2141 3285 2196 fundamina
3318 2147 3550 2202 ructans,

2199 2238 2517 2296 Pontilicem
2542 2235 2714 2290 sacris
2744 2245 2802 2288 ut
2821 2241 2937 2287 crat
2966 2233 3191 2285 vittatus
3217 2229 3423 2284 Adonis

2200 2330 2477 2402 (Dmmone
2505 2343 2627 2382 nam
2657 2325 2809 2396 pulso
2835 2324 3017 2394 plures
3041 2328 3326 2377 curaverat
3354 2322 3562 2387 horum,

2199 2420 2436 2477 Adnotct
2473 2417 2666 2488 insigni
2697 2416 3002 2472 redimitum
3025 2420 3312 2467 stemmate
3337 2409 3557 2465 Christi.

2200 2513 2460 2584 Alapiona
2491 2513 2604 2566 fero
2626 2524 2864 2565 vacuans
2886 2506 3158 2561 amamine
3188 2504 3356 2559 menti

2203 2604 2339 2661 Dum
2373 2602 2639 2664 redhibet,
2667 2600 2884 2656 Christo
2905 2598 3143 2660 lucrans,
3170 2593 3420 2649 allinibus
3444 2589 3612 2647 auctis

2201 2694 2448 2753 Nominis
2469 2694 2654 2749 :eterui
2685 2692 2996 2747 Bethlehem
3026 2688 3288 2744 attollitur
3312 2697 3534 2751 auctor;

2205 2783 2405 2856 Sicque
2435 2781 2781 2838 monasteriis
2809 2781 2960 2835 vicus
2986 2777 3222 2847 repletur
3238 2784 3293 2830 et
3321 2772 3479 2828 aulis.

2205 2875 2590 2945 Sollicitusque
2611 2884 2668 2928 ut
2696 2882 2833 2935 erat,
2867 2870 3095 2924 fratrum
3125 2880 3397 2939 praenosse
3427 2863 3630 2919 solebat

2208 2965 2404 3029 Multa,
2424 2964 2600 3018 futura
2625 2977 2841 3025 cavens,
2874 2960 3045 3014 vitare
3070 2956 3320 3012 nocentia
3342 2954 3564 3010 callens.

2206 3055 2314 3113 Ceu
2343 3055 2613 3126 quondam
2642 3052 2807 3108 sociis
2833 3050 2996 3105 vetuli
3023 3048 3313 3104 discrimen
3342 3043 3494 3099 avari

2209 3147 2557 3210 Prmmonnit,
2580 3145 2901 3213 turbamque
2921 3141 3086 3195 feram
3117 3147 3437 3216 turpemque
3461 3130 3695 3203 repulsam

2209 3242 2340 3309 Quae
2359 3239 2501 3310 passi
2526 3254 2542 3305 ;
2575 3235 2865 3306 hospitium
2888 3241 3095 3302 patrem
3128 3229 3362 3282 lustrare
3388 3236 3602 3280 tenaces

2210 3332 2347 3388 Dum
2374 3317 2594 3400 cogunt,
2611 3322 2763 3398 cujus
2792 3324 2957 3379 multa
2985 3320 3248 3391 vertigine
3277 3316 3459 3371 funda!

2213 3424 2379 3480 Vinea
2411 3419 2720 3493 prtevallata
2743 3417 2919 3470 minus
2944 3412 3101 3467 solito
3130 3409 3318 3473 edidit,
3344 3416 3507 3476 atque

2211 3516 2267 3572 ld
2295 3530 2510 3586 quoque
2539 3513 2592 3567 in
2620 3510 2946 3565 horrendum
2974 3504 3173 3560 mensis
3196 3500 3425 3556 descivit
3445 3505 3664 3553 acetum.

2214 3607 2443 3678 Dapsilis
2469 3614 2525 3659 at
2562 3604 2756 3658 fratres
2786 3598 2942 3655 hilari
2966 3597 3056 3666 qui
3087 3595 3211 3649 dote
3242 3591 3435 3647 refovit

2215 3702 2403 3763 Vinea,
2431 3711 2551 3767 qua‘.
2572 3702 2787 3749 centum
2812 3690 2986 3745 fuerat
3014 3687 3217 3742 factura
3244 3683 3466 3754 lagenas

2213 3789 2448 3846 Millibus
2472 3795 2530 3840 ut
2556 3785 2728 3839 tribus
2756 3789 2839 3836 est
2873 3779 3042 3850 plebis
3067 3778 3312 3850 depasta,
3345 3783 3609 3827 trecentas

2215 3883 2468 3940 Reddidit
2495 3881 2547 3934 in
2573 3878 2804 3948 spatium
2830 3873 3017 3944 viginti
3044 3870 3179 3925 lecta
3201 3868 3434 3932 dierum,

2216 3974 2350 4030 Nam
2378 3973 2538 4027 Pater
2563 3967 2801 4023 llilarion
2831 3965 2952 4020 laeto
2981 3964 3120 4018 hanc
3150 3959 3499 4016 benedixcmt
3533 3970 3640 4009 ore.

2215 4065 2349 4123 Cum
2372 4062 2607 4135 propriis
2636 4061 2842 4114 sineret
2866 4054 3115 4127 gregibus
3142 4051 3346 4107 servire
3365 4046 3607 4102 fovendis
3624 4082 3637 4109 ,

2219 4157 2371 4213 Celsa
2397 4155 2546 4226 prius
2574 4151 2747 4207 doctis
2773 4148 3024 4202 alimenta
3048 4143 3326 4214 requirere
3355 4136 3571 4199 mentis.

2220 4223 2413 4302 llascce
2441 4242 2659 4314 quidem
2694 4236 2979 4310 quaerenda
3006 4233 3133 4304 juge
3157 4272 3174 4298 ,
3216 4232 3331 4287 lucc
3374 4223 3624 4284 sectanda
3663 4238 3701 4275 n‘

3491 4313 3663 4387 [nebat
3684 4349 3695 4372 ,

2219 4429 2334 4484 Non
2363 4442 2425 4482 ea
2451 4439 2569 4495 qua:
2596 4420 2810 4478 assidue
2832 4415 3031 4474 mundo
3057 4413 3270 4467 labente
3300 4408 3586 4464 fatiscunt:

2219 4521 2456 4589 Quorum
2477 4531 2637 4587 quem
2659 4527 2842 4569 curam
2866 4508 3184 4564 monachum
3212 4504 3448 4557 retinere
3490 4496 3697 4555 sciebat.

2222 4610 2389 4680 llujus
2418 4608 2659 4665 avaritia:
2680 4604 2822 4660 haud
2845 4608 3002 4656 norat
3029 4597 3259 4651 tolerare
3290 4593 3549 4646 furorem.

2221 4703 2398 4771 Quare
2419 4715 2449 4753 a
2474 4704 2763 4767 conspectu
2793 4687 3082 4746 venerandi
3110 4691 3387 4739 amoverat
3414 4681 3529 4734 oris

2222 4766 2520 4849 gellicitnm
2543 4784 2851 4858 quemdam,
2874 4777 3151 4837 custodem
3181 4771 3434 4845 pauperis
3458 4766 3614 4827 horti,

2227 4889 2392 4956 Atque
2420 4882 2601 4938 animo
2629 4889 2877 4933 nummos
2904 4872 3117 4928 solitum
3142 4881 3362 4922 servare
3384 4861 3571 4934 pusillo
3595 4871 3610 4910 :

2219 4950 2322 5045 Qui
2358 4983 2573 5030 tentans
2599 4969 2769 5024 lenire
2789 4979 2996 5027 senem,
3025 4975 3146 5015 cum
3172 4956 3318 5011 fasce
3347 4950 3568 5007 virentis

2223 5066 2450 5125 Advenit
2473 5061 2688 5124 ciceris,
2716 5069 3003 5125 coramque
3033 5067 3129 5107 nec
3151 5062 3315 5103 ausus
3344 5045 3512 5106 adire,

2224 5159 2371 5215 Clam
2393 5155 2539 5221 dedit
2562 5150 2830 5221 Hesycbio
2858 5144 3159 5217 ponendum
3183 5138 3248 5192 ad
3271 5135 3509 5199 fercula;
3539 5142 3663 5196 sero,

2224 5248 2469 5304 Fetorem
2494 5240 2731 5314 appliciti
2754 5238 2938 5294 senior
2962 5233 3487 5288 haurirerecusans,
