3872 5326
67 3585 72 3588 .
149 3529 228 3583 Cui
255 3537 328 3585 tot
349 3531 544 3586 devoto
567 3535 810 3582 sacrarat
839 3533 889 3579 te
913 3539 1077 3593 upora
1104 3535 1288 3575 cursu.

107 341 184 396 557
365 303 368 306 ί
512 332 603 387 ne
635 329 1006 385 'l‘ttliltll’ltls
1044 327 1317 384 cuniin
1355 322 1444 384 Et
1483 326 1582 380 ss.
1627 323 1692 379 tu

1809 322 2057 378 ΞΒΤΙΧέΕ
2098 323 2276 377 LIBRI
2309 321 2505 379 TRES.
2532 354 2588 363 —-
2631 323 2757 376 LIB.
2792 321 2878 375 Ill.
3201 316 3304 372 533

109 453 307 510 Pellebat
339 444 598 513 siquidem
622 452 884 513 praestans
919 440 1023 494 hac
1061 437 1309 493 culminis
1336 450 1461 490 arce
1664 442 1713 500 Α
1744 438 1804 491 Ει
1833 452 2078 506 pompam
2101 435 2308 506 fugiens
2335 444 2681 490 venerantem
2707 431 3094 494 ruricolonum,

109 537 324 608 Corporis
351 536 534 603 attigui
568 534 805 586 se'nsarve
831 529 1098 583 amauiine
1128 527 1312 590 vestis,
1744 525 2021 579 Accelerat
2054 535 2262 579 mutare
2292 523 2484 583 locum,
2520 539 2624 577 non
2665 532 2786 576 nota
2820 522 3101 590 requirens
3175 575 3184 584 ,

113 630 341 699 Taugcret
369 634 461 678 aut
482 639 645 693 quam
675 623 922 690 quisque,
958 619 1066 687 regi
1099 633 1206 686 quo
1235 623 1419 668 nosset
1443 613 1608 668 odore

1812 623 1971 674 imata
2003 619 2252 688 profugii.
2287 618 2340 670 lu
2373 618 2606 672 Bruebio
2630 625 2779 671 tanto
2808 615 3015 684 hospite
3042 615 3176 668 hetis

114 722 189 776 (iui
222 721 386 780 larvm,
415 717 665 770 addictus
687 713 818 767 vitio
849 711 931 764 vel
961 709 1135 763 oleret
1156 709 1398 761 adustus.

1810 713 2028 766 atribus
2047 723 2329 780 exceptus,
2351 708 2678 779 janijamque
2701 709 3023 762 instantilms
3053 705 3276 767 umbris,

175 811 336 865 Flebat
356 815 411 860 at
432 805 686 859 obsessus
712 801 1015 856 numerosis
1036 799 1268 866 undique
1294 795 1463 849 turbis
1750 805 2029 860 υρςτρωη,
2058 813 2212 872 palm
2235 804 2312 856 ire
2340 807 2512 866 vim";
2547 803 2828 855 mrbmmn.
2859 801 3015 855 amici

119 902 167 956 Et
186 911 324 969 grege
349 897 578 964 stipatus
606 893 829 946 fratrum
854 907 1091 958 curaque
1131 886 1346 941 fovendi

1809 911 1828 948 ε
1854 896 2085 949 retinere
2111 903 2332 963 parant;
2363 893 2710 947 nihilominus
2738 890 2824 944 ille
2849 896 3118 959 perurget.

118 989 313 1046 Allectus
335 987 503 1056 pacis,
527 984 796 1039 desiderio
824 992 986 1051 alque
1012 980 1207 1050 quietis

1809 991 1998 1054 nplum
2029 986 2153 1048 iter,
2189 994 2453 1038 attestans
2482 998 2549 1036 ne
2577 983 2645 1034 sit
2672 995 2822 1035 mora
2852 981 2985 1032 forte
3009 977 3235 1031 molesta

120 1081 289 1135 Arctari
314 1079 585 1148 obsequiis
609 1076 915 1130 venientum
946 1081 999 1127 ct
1028 1074 1230 1126 honore
1251 1068 1466 1123 dolebat
1492 1084 1508 1123 :

1809 1098 1826 1136 ξ
1856 1088 2175 1151 properante
2200 1077 2354 1147 fuga;
2387 1075 2536 1138 Post,
2573 1074 2766 1143 inquit,
2793 1087 2952 1126 causa
2983 1070 3184 1140 patebit

120 1170 326 1269 (ξδξξθθτίδ
355 1170 470 1222 “me
499 1171 693 1269 ίξ¹¹¹θ¹¹⁸
715 1165 945 1221 evadere
973 1174 1121 1232 5'1"“
1151 1161 1386 1269 “uel”?
1757 1175 1840 1230 Me
1861 1175 2034 1229 subito
2063 1188 2092 1224 a
2120 1170 2273 1224 vobis
2301 1168 2570 1236 celerique
2598 1168 2857 1237 migrasse
2886 1179 3122 1218 recessu.

122 1260 411 1329 Oblatasque
439 1258 622 1311 animo
645 1271 867 1326 pompas
888 1271 948 1308 ac
971 1260 1256 1308 stemmata
1278 1251 1515 1316 calcans,

1809 1281 1868 1318 ec
1899 1279 2044 1317 mora
2071 1272 2188 1331 post
2221 1271 2430 1315 noctein
2454 1259 2674 1312 lictores
2705 1255 2913 1323 hospita
2951 1253 3164 1320 pulsant

121 1350 270 1405 Solum
295 1351 584 1419 exoptabat
609 1363 880 1411 ereinum;
914 1361 1072 1414 quam
1095 1359 1297 1414 pronus
1327 1343 1464 1396 inire

1809 1355 1997 1415 imiua,
2027 1359 2302 1421 portantes
2334 1347 2571 1416 perversi
2595 1346 2766 1398 edicta
2794 1342 3003 1413 tyranni
3032 1339 3204 1410 (162},

125 1440 454 1510 Dinnjamjam
487 1453 642 1510 parto
664 1453 959 1508 properans
987 1446 1215 1491 conatur
1245 1434 1431 1499 asello,

1815 1462 1916 1500 une
1935 1446 2046 1514 qui,
2075 1445 2366 1502 destructo,
2397 1454 2502 1508 quo
2527 1446 2740 1490 rexerat
2765 1433 3001 1502 agmina,
3037 1430 3296 1492 claustro,

123 1529 706 1630 {l'dfii'Sm’iW‘e."m'll
735 1527 1018 1628 ¹ίξενγιιιοεῐ
1051 1527 1210 1626 milli.“
1241 1524 1409 1625 "fligi:
1765 1537 2100 1595 Funebribus
2119 1532 2285 1602 jussis
2314 1529 2596 1584 mandarat
2625 1527 2821 1594 ubique
2846 1521 3068 1591 requiri.

128 1619 364 1673 Excidium
395 1618 587 1688 patria:
608 1617 754 1670 velut
777 1617 1073 1670 intentetur
1098 1626 1151 1668 et
1181 1615 1340 1684 ignis,

1817 1629 2035 1684 rustrati
2062 1626 2219 1687 votis,
2248 1623 2433 1693 Magus
2458 1631 2564 1683 cst,
2587 1629 2645 1672 ut
2672 1619 2889 1678 dicitur,
2925 1614 3029 1677 illi;

126 1708 344 1766 Claudere
375 1709 548 1762 moliti
586 1708 942 1778 precibusque
964 1706 1262 1774 astringere
1291 1703 1414 1758 nisi.
1770 1719 1908 1773 vera
1935 1718 2184 1772 rerum,"
2209 1730 2330 1768 eum
2365 1709 2586 1780 magicis
2613 1708 2808 1761 cauere
2840 1705 3041 1758 “unm.

127 1802 354 1854 Atinauet
393 1801 628 1854 invictus
657 1809 895 1852 tractans
920 1799 1034 1851 haec
1070 1796 1267 1849 famina
1301 1809 1484 1849 secum
1521 1811 1534 1845 :
1696 1782 1742 1842 Β
1769 1812 1860 1866 me
1885 1808 2052 1864 eremi
2079 1817 2288 1860 scuram
2319 1804 2522 1872 legens,
2551 1809 2790 1855 semotus
2817 1799 2868 1851 in
2905 1809 3107 1850 annum

129 1889 352 1946 Fallacein
389 1889 533 1944 haud
558 1889 697 1943 facio
724 1889 1029 1951 Dominum,
1061 1903 1161 1942 nec
1191 1886 1353 1956 quibo
1379 1885 1556 1938 ridere

132 1980 353 2036 Proruere
384 1982 670 2042 ecclesias,
701 1979 876 2031 fusum
902 1978 1149 2048 squalere
1176 1991 1458 2040 cruorem;

133 2072 252 2127 Unde
275 2074 505 2144 probare
527 2072 708 2124 datum
739 2069 926 2138 patria:
964 2069 1205 2138 prmscita
1233 2066 1451 2135 pericla.

134 2163 305 2218 Vadrre
326 2164 424 2217 sed
453 2161 762 2230 prohibent,
793 2169 1023 2213 testatur
1051 2168 1104 2211 at
1142 2158 1255 2226 ipse
1283 2157 1526 2211 ciborum

133 2255 320 2307 Sumere
350 2253 427 2307 nil
450 2263 695 2321 potusve,
727 2251 826 2304 nisi
857 2250 1098 2302 mittatur
1124 2247 1294 2301 abire.

133 2342 206 2396 Sic
229 2352 419 2412 septem
446 2338 948 2411 postquamjejunia
991 2347 1160 2391 tracta
1193 2336 1384 2390 diebus

134 2433 370 2500 Producit,
397 2437 615 2494 missus,
645 2435 791 2488 socio
819 2433 987 2485 multo
1016 2430 1226 2500 agmine
1248 2427 1444 2498 pergit.

137 2525 338 2592 Quorum
366 2526 735 2596 quaniplures,
761 2525 848 2578 ubi
876 2539 970 2592 per
991 2538 1084 2575 sua
1109 2536 1261 2582 rara,
1291 2516 1539 2580 remittit,

137 2617 468 2688 Quadraginta
500 2617 682 2686 legens
709 2632 914 2678 secum,
939 2614 1140 2683 jrjnuia
1166 2612 1332 2665 fortes

139 2707 218 2772 Qui
243 2707 463 2762 loierare
488 2715 706 2775 queant,
744 2705 951 2758 Pelusia
979 2704 1146 2758 tendit
1170 2703 1220 2755 in
1252 2716 1403 2764 arva,

140 2799 201 2851 Ac
223 2798 417 2852 Domini
448 2798 623 2867 patrio
649 2809 836 2849 servos
867 2795 1048 2847 invisit
1073 2806 1276 2845 amore.

141 2886 243 2940 little
265 2899 449 2960 petens
475 2903 740 2950 erenium,
763 2885 929 2939 coluit
957 2900 1115 2954 quam
1153 2880 1418 2935 Antonius
1453 2876 1586 2931 alter

143 2979 340 3049 (Nempe
359 2981 656 3034 revelatum
680 2977 784 3031 sibi
811 2976 950 3044 quod
983 2973 1107 3028 (ιωΙί
1137 2972 1242 3024 alta
1276 2967 1556 3036 subisset),

145 3071 289 3125 Solari
320 3073 538 3135 fratres,
574 3070 805 3123 lustrare
837 3065 1138 3121 habitacula
1177 3069 1374 3116 certat.

149 3161 349 3218 Deiectis
373 3164 473 3217 sibi
505 3160 829 3230 subparibus
858 3158 1032 3211 vicina
1072 3154 1302 3216 duobus,

147 3253 283 3308 Vasta
313 3255 475 3310 eremi
510 3260 781 3323 penetrat,
809 3259 1121 3316 tantumque
1152 3243 1446 3298 abstemius
1484 3241 1591 3294 illic

148 3341 359 3414 Tamque
388 3344 554 3398 silens
577 3343 711 3410 agit,
737 3351 790 3394 ut
822 3339 1054 3410 primum
1083 3337 1309 3405 coepisse
1333 3332 1607 3402 professus

151 3437 279 3493 Tunc
304 3438 459 3491 fuerit
487 3436 692 3489 servire
719 3435 824 3488 Deo
847 3432 968 3485 vita:
996 3429 1183 3483 ordine
1214 3426 1454 3490 Christo,

1768 1901 1964 1956 Fertne
1995 1905 2194 1958 manet,
2215 1897 2407 1958 donec,
2438 1894 2578 1948 fama
2611 1892 2883 1960 vulgante,
2913 1887 3166 1952 nitescit;

1771 1992 1996 2062 Jamque
2027 2004 2219 2044 carens
2241 1987 2462 2048 latebra,
2494 1987 2654 2040 terris
2683 1986 2815 2038 bene
2843 1992 3000 2035 notus
3030 1978 3178 2034 Eois.

1771 2085 1989 2153 Appetit
2015 2081 2280 2150 :equorcis
2310 2080 2522 2132 tandem
2557 2092 2614 2131 se
2643 2074 2893 2130 claudere
2921 2070 3123 2124 arenis.

1776 2175 2082 2246 Discipulos
2121 2185 2249 2228 tunc
2277 2172 2573 2227 adveniens
2603 2167 2874 2224 Adrianus
2903 2166 2970 2219 ab
2997 2164 3107 2218 oris

1777 2270 1939 2326 Forte
1964 2265 2286 2328 pill'JESlilliS,
2321 2264 2508 2333 pandit
2535 2262 2762 2331 periisse
2790 2257 3082 2315 nefamlum

1780 2359 1946 2429 Regni
1970 2358 2382 2427 sccptrigcrum,
2409 2353 2609 2408 Christi
2652 2365 2876 2420 regnare
2904 2348 3153 2401 clientem
3184 2341 3353 2414 (163),

1781 2453 2146 2518 Ilortaturque
2169 2447 2478 2502 monasterii
2511 2445 2742 2499 recidiva
2775 2439 3003 2512 reposci.

1783 2543 1982 2601 Abnuit
2018 2543 2116 2595 iste
2144 2541 2307 2594 decus
2333 2538 2564 2608 fugiens,
2592 2549 2696 2588 non
2727 2532 2859 2586 bella
2888 2536 3176 2590 reuulans;

1783 2635 1894 2692 Nec
1927 2635 2279 2689 reverebatur
2302 2631 2547 2700 pavidus,
2577 2626 2668 2695 qui
2700 2638 2862 2694 regna
2895 2635 3121 2691 perosus

1787 2730 2055 2798 Deviaque
2083 2728 2375 2800 ingiessus,
2404 2721 2672 2776 comlucto
2701 2718 2908 2770 interna
2939 2711 3167 2771 camelo,

1787 2823 1892 2878 Per
1915 2823 2027 2876 loca
2058 2829 2207 2873 vasta
2237 2815 2620 2871 Parethonium
2643 2807 2956 2879 perducitur
2987 2801 3201 2856 urbem.

1788 2922 1885 2977 Ast
1919 2920 2184 2973 Adrianus
2214 2917 2416 2969 honore
2443 2910 2629 2965 calens
2659 2919 2713 2961 et
2742 2901 2994 2959 culminis
3031 2912 3159 2951 aura

1791 3011 2074 3072 Pet-ﬂatus,
2103 3007 2250 3061 vellit
2277 3006 2430 3058 furiis
2453 3011 2505 3056 et
2535 2998 2723 3054 fraude
2753 2996 3094 3066 magistrum,

1793 3106 1859 3161 Et
1883 3105 2021 3159 male
2049 3099 2292 3173 protritis
2317 3112 2435 3166 qua:
2466 3094 2540 3147 illi
2572 3089 2798 3162 leganda
2827 3089 3033 3141 dicarat

1719 3155 1764 3217 Ο
1799 3200 1973 3269 Larga
2007 3209 2225 3251 manus.
2255 3200 2436 3261 spreto
2462 3186 2648 3241 infelix
2677 3183 2825 3237 senis
2848 3194 2942 3234 ore
2973 3173 3192 3230 recessit
3219 3173 3248 3238 ς
3302 3170 3304 3172 ’
3359 3171 3365 3178 ⁷

1800 3292 2003 3362 Regius
2028 3288 2170 3343 haud
2194 3285 2411 3354 longum
2449 3280 2612 3361 morti
2641 3291 2799 3347 quem
2831 3269 3052 3327 morlms
3079 3265 3278 3337 adegit.

1873 3385 2094 3437 Zonano
2116 3378 2297 3432 senior
2318 3376 2508 3446 juneto
2532 3369 2676 3424 subit
2701 3367 2845 3421 edita
2877 3360 3073 3418 classis

1802 3475 2040 3530 Siciliam
2070 3468 2361 3527 tendentis,
2386 3481 2448 3518 ea
2478 3463 2644 3517 scissa
2674 3457 2834 3511 Adria
2864 3451 3025 3525 puppi

1805 3567 1941 3622 Dum
1976 3565 2188 3630 legitur,
2217 3559 2395 3613 subito
2425 3552 2662 3609 naucleri
2702 3549 2842 3602 filius
2867 3556 2987 3599 atro

1806 3657 2050 3714 Flumine
2079 3661 2391 3718 correptus,
2421 3646 2767 3708 clamansque
2809 3638 2878 3690 ita
2909 3634 3137 3703 prodere
3174 3628 3379 3680 fervet:

1808 3745 2046 3802 Hilurica
2077 3757 2192 3800 cur.
2223 3753 2379 3790 serve
2413 3733 2523 3794 Dei,
2553 3746 2652 3784 nec
2681 3730 2733 3782 in
2755 3723 2988 3792 tequoris
3011 3718 3168 3773 undis

1810 3837 1940 3892 Esse
1968 3835 2091 3886 licet
2119 3837 2282 3891 tutus,
2311 3823 2542 3895 spatium
2569 3820 2636 3872 da
2667 3829 2885 3886 tangere
2911 3823 3085 3866 terras

1812 3932 1910 3988 llic
1937 3932 2072 3984 imas
2103 3941 2168 3978 ne
2193 3919 2495 3992 praecipitor
2521 3913 2774 3983 depulsus
2805 3909 3044 3978 abyssos.

1811 4022 1904 4078 Ille
1930 4018 2114 4074 dolens
2151 4013 2316 4084 relegi
2345 4029 2359 4065 :
2396 4011 2655 4069 Remane,
2687 4005 2828 4059 Deus
2856 4016 2920 4055 en
2951 4010 3121 4059 meus,
3155 3990 3349 4062 inquit,

1815 4114 1872 4169 Si
1898 4113 2050 4175 sinit,
2075 4109 2162 4164 hic
2186 4107 2394 4170 socius;
2427 4099 2693 4174 prohibet,
2727 4097 2807 4150 sin
2841 4093 2924 4147 ille
2953 4087 3148 4144 morari

1815 4206 2020 4263 Invidia
2049 4201 2192 4272 quod
2223 4198 2338 4270 agis
2370 4203 2709 4267 peccatorem
2741 4198 2899 4256 atque
2927 4177 3252 4238 vacantem?
3376 4247 3384 4252 ν

1819 4299 1926 4355 Sed
1957 4307 2109 4367 patre
2138 4296 2302 4349 dante
2330 4290 2488 4344 fidem
2515 4283 2740 4354 reliquis
2766 4295 2871 4334 non
2904 4275 3126 4331 credere
3159 4269 3337 4330 terris,
3391 4339 3394 4342 .

1820 4391 2097 4460 Expurgat
2114 4386 2244 4440 vitio
2265 4396 2512 4454 puerum,
2535 4379 2919 4447 ingressusque
2941 4366 3254 4421 Pacbimum
3269 4359 3398 4432 (Pa.-

3027 4451 3328 4530 [ehynum)

1825 4575 1976 4643 Quod
1993 4573 2164 4628 solum
2180 4575 2449 4637 superest,
2463 4563 2624 4616 rebus
2635 4557 2777 4628 quod
2791 4562 2958 4610 restat
2973 4563 3160 4618 egeno.

1827 4669 1954 4726 Fert
1979 4683 2076 4738 pro
2098 4662 2280 4724 naulo,
2309 4655 2650 4725 Evangelium
2681 4650 2823 4718 quod
2849 4646 3137 4709 scrisperat
3171 4639 3303 4690 olim
3378 4675 3380 4677 ›

1827 4764 1942 4833 Ipse
1970 4733 2132 4814 manu
2159 4752 2397 4824 propria,
2427 4747 2586 4802 nituit
2613 4745 2736 4796 dum
2763 4741 2930 4808 prima
2963 4733 3205 4800 juventa.

1833 4831 2040 4921 Navigii
2068 4845 2246 4903 renuit
2270 4843 2542 4900 dominus,
2569 4835 2672 4890 nisi
2710 4833 2920 4891 codice,
2947 4831 3116 4878 veste.

1833 4947 1910 5002 Re
1931 4953 2162 4998 cernens
2188 4937 2395 5002 inopes.
2427 4931 2666 4984 Laztatus
2687 4938 2848 4994 egere
2877 4922 3100 4978 beatus;
3169 4967 3174 4970 ,

1833 5039 1900 5092 At
1923 5049 1990 5088 ne
2018 5035 2300 5101 promatur
2337 5008 2630 5079 meditullia
2669 5015 2863 5070 transit
2894 5013 2946 5065 in
2979 5021 3130 5072 arva,

1834 5127 2110 5196 Lignaque
2137 5118 2392 5173 decidens
2423 5117 2674 5168 humeros
2693 5105 2959 5159 onerabat
2984 5098 3228 5166 alumni;

150 3620 350 3674 Arentes
371 3619 536 3672 nimio
557 3616 877 3686 squalebant
906 3614 1125 3684 pulvere
1148 3609 1336 3679 glebte,

153 3711 507 3778 Eﬂ'ervensque
527 3709 649 3764 sitis
679 3705 995 3759 morilmnda
1017 3703 1315 3756 obduxerat
1344 3712 1495 3760 arva,

153 3802 210 3855 Et
232 3809 476 3857 vacuarat
499 3800 659 3869 aquis
684 3798 928 3852 clausum
958 3793 1072 3848 sola
1101 3789 1302 3845 torrida
1335 3786 1528 3841 coitum

152 3895 258 3950 lam
281 3898 444 3951 tribus
465 3905 525 3949 ut
551 3893 707 3963 liquit
731 3902 904 3944 terras
934 3886 1199 3942 Antonius
1237 3881 1415 3944 annis,

157 3988 418 4042 necessum
447 3985 602 4052 cujus
625 3984 808 4054 lugere
835 3980 1099 4034 elementa
1132 3973 1395 4028 ferebant.

159 4078 335 4134 Adfore
357 4078 496 4132 fama
522 4076 709 4130 volans
740 4073 826 4126 ubi
865 4069 1097 4141 prodidit
1128 4065 1481 4124 liilarionem,

160 4166 296 4221 Hunc
317 4168 563 4225 ci-rlatim
600 4165 824 4226 adeunt,
850 4160 992 4215 ducti
1030 4157 1227 4228 passim
1258 4151 1511 4206 omnibus
1545 4147 1710 4218 agris,

162 4251 339 4313 Lurida
366 4237 484 4312 tribe
510 4255 668 4309 famis
691 4262 994 4308 sternentes
1021 4263 1115 4301 ora
1147 4263 1162 4299 :
1197 4241 1401 4299 colonis

162 4353 474 4422 Conipatitur
504 4347 710 4418 pressis
737 4345 917 4399 senior
943 4343 1140 4412 pietate
1179 4334 1507 4396 redundans,

166 4439 320 4512 thue
351 4443 468 4513 polo
495 4451 686 4507 passas
712 4433 927 4502 gemino
950 4417 1073 4484 cum
1105 4426 1306 4480 lumine
1331 4421 1536 4492 palmas

165 4512 358 4600 Exerit,
371 4551 432 4590 os
457 4542 734 4590 reserans,
761 4527 940 4594 largos
969 4536 1092 4575 mox
1124 4517 1343 4574 exhibet
1373 4512 1594 4567 imbres.
1754 4527 1802 4586 ο

167 4625 257 4680 Ast
279 4628 358 4683 ubi
386 4624 660 4682 concessis
690 4619 919 4675 satiatur
942 4613 1123 4684 glarea
1146 4606 1366 4669 nimbis,

171 4716 243 4769 En
279 4717 445 4774 subito
477 4715 684 4771 exortis
715 4709 997 4780 replentur
1026 4717 1148 4758 rura
1180 4694 1472 4768 chelydris.

172 4805 278 4861 Non
297 4823 416 4863 arva
446 4805 716 4878 agricolis,
749 4798 930 4872 pecori
956 4811 1062 4849 non
1089 4805 1284 4862 pascua
1318 4796 1429 4840 tuta
1459 4799 1478 4848 ;

170 4898 423 4974 Niisquam
453 4903 598 4972 agris
629 4897 868 4968 requies,
899 4901 955 4947 et
979 4901 1124 4946 certa
1155 4881 1390 4956 pericula
1431 4888 1722 4947 quaquam.

174 4973 615 5060 Quidmedieinali
639 4989 931 5047 exhibeant
958 4981 1021 5037 ad
1053 4979 1240 5032 funera
1268 4973 1378 5027 fotu

175 5084 438 5151 Incertum,
468 5087 572 5140 nisi
604 5091 890 5153 patronum
924 5075 987 5128 ad
1014 5067 1269 5137 suffragia
1295 5072 1478 5118 norum

177 5177 312 5198 1'--.,
348 5189 450 5198 ρ-.-
501 5187 516 5198 .
575 5189 674 5198 ---κ
717 5177 908 5198 ...Μοίρι
942 5167 1114 5198 1ηισηη1
1174 5173 1280 5198 nnn
1316 5153 1471 5198 nnvin
1510 5148 1731 5198 uellant.
