3872 5326
482 389 589 446 539

487 502 732 558 Siciliam
756 510 882 557 ante
909 501 1026 557 dies
1053 516 1254 571 paucos
1280 516 1401 558 esse
1429 501 1762 559 Hilarioaem
1851 558 1859 565 ,

486 591 824 660 lugrcssum;
853 608 1013 662 quem
1044 608 1203 647 nemo
1225 594 1386 663 sapit,
1416 603 1569 664 putat
1599 595 1713 664 ipse
1739 595 1913 651 latere

488 683 780 750 Secretus;
813 685 906 739 sed
937 684 1098 739 abibo
1122 694 1177 738 et
1208 700 1333 739 eum
1356 699 1453 753 per
1481 687 1715 755 compita
1744 687 1990 754 prodam.

488 773 721 845 Moxque
768 784 960 847 petens
1011 783 1229 844 portum
1283 774 1506 845 appellit
1552 775 1771 830 sinuosa
1827 774 2071 830 Pachimi

1660 867 1930 941 [Pachyni
1950 866 1969 940 ]
1987 908 2001 930 ,

491 960 569 1016 Ac
600 960 739 1016 duce
761 974 1078 1031 possessore
1103 958 1249 1028 (164)
1278 972 1457 1014 casam
1473 959 1621 1014 senis
1638 968 1762 1012 ante
1787 958 2071 1013 recumbit.

490 1050 600 1107 Nec
623 1068 798 1117 mora,
830 1051 967 1106 liber
998 1052 1131 1112 abit,
1161 1051 1469 1121 medicique
1494 1051 1775 1104 notamina
1808 1049 2014 1120 pangit.

491 1141 664 1208 Quem
695 1140 879 1210 plures
902 1140 1178 1211 extemplo
1207 1140 1409 1195 adeunt
1433 1180 1448 1203 ,
1483 1140 1796 1209 morbisque
1827 1140 2079 1195 levantur

491 1231 750 1301 Corporis
784 1247 850 1286 ac
873 1232 1087 1285 mentis.
1110 1230 1246 1285 Tum
1279 1230 1346 1284 de
1377 1229 1707 1300 primoribus
1731 1245 1898 1293 unus,

492 1323 589 1380 Cui
614 1324 895 1396 gravidam
922 1322 1192 1396 lymphata
1223 1332 1404 1377 cutem
1431 1321 1768 1376 distenderat
1792 1322 1933 1376 unda
1953 1359 1969 1388 ,

493 1416 614 1483 Quo
645 1417 793 1470 venit
822 1417 923 1471 sub
940 1415 1075 1479 sole,
1108 1414 1251 1470 redit
1288 1428 1411 1469 tuo:
1446 1413 1684 1483 pondere
1709 1412 1864 1468 liber.

493 1506 597 1572 Qui
629 1504 947 1561 medicatori
973 1503 1285 1573 praestantia
1313 1503 1535 1572 praemia
1572 1516 1851 1570 promens,

502 1597 629 1654 lla‘c
659 1612 914 1666 responsa
936 1598 1080 1667 capit
1106 1614 1119 1651 :
1145 1596 1331 1651 Gratis
1359 1596 1483 1649 data
1509 1594 1690 1649 dedite
1715 1594 1906 1664 gratis.

565 1692 709 1746 Inter
721 1705 839 1760 qum
855 1689 1430 1760 llesychius,qu:creus
1449 1696 1560 1743 toto
1574 1687 1707 1741 urbe
1721 1687 2033 1756 magistrum
2044 1727 2059 1752 ,

495 1782 703 1837 Littora
737 1781 1054 1851 perlustrat,
1088 1788 1337 1850 penetrat
1360 1780 1600 1843 deserta,
1631 1778 1875 1833 levamen

499 1876 673 1931 Corde
696 1874 886 1929 fovens
917 1873 1082 1937 istud,
1113 1880 1320 1926 tantum
1347 1886 1450 1925 non
1482 1886 1639 1941 posse
1670 1870 1839 1924 latere

513 1964 668 2021 llnnc
692 1966 1002 2034 ubicunque
1020 1964 1134 2017 diu.
1151 1962 1322 2029 Quam
1348 1978 1497 2032 spem
1522 1971 1633 2016 tres
1655 1961 1805 2016 ducit
1820 1961 1872 2016 iu
1896 1973 2086 2016 annos.

510 2058 639 2115 lude
658 2075 689 2114 a
717 2057 905 2113 Iuda-0
929 2057 1180 2112 vendenti
1213 2066 1395 2110 scruta
1431 2056 1657 2110 Metona:

504 2151 670 2205 Audit
698 2148 898 2204 Siciliae
927 2148 1077 2202 mira:
1096 2148 1317 2202 virtutis
1349 2147 1401 2200 in
1433 2146 1547 2200 oris

508 2240 851 2297 Christicolis
880 2249 1055 2294 vatem
1079 2239 1290 2309 populis
1314 2238 1542 2293 nituisse
1570 2237 1857 2303 novellum,

506 2332 616 2388 Tot
645 2334 816 2402 signis
845 2332 1077 2395 clarum,
1107 2330 1271 2385 tantis
1292 2330 1587 2385 virtutibus
1617 2329 1811 2395 altum,

510 2425 837 2482 Sanctorum
858 2432 916 2477 ut
937 2431 1179 2476 veterum
1193 2422 1411 2491 quidam
1434 2435 1555 2476 esse
1570 2419 1830 2490 proliltcla
1854 2421 2090 2488 putetur.

507 2513 742 2569 Adriaco
769 2528 891 2566 mox
922 2512 1009 2566 hic
1036 2510 1229 2580 pelago
1258 2510 1545 2565 Trinacria
1576 2509 1748 2563 fertur

499 2602 557 2658 ιη
588 2603 723 2668 sola,
756 2602 1209 2673 remigiojustum
1241 2602 1477 2656 ducente
1502 2601 1745 2656 secundo

513 2691 778 2755 Senatus,
806 2693 1005 2748 faniam
1032 2692 1178 2746 senis
1206 2708 1313 2744 tino
1340 2700 1401 2745 ut
1433 2691 1502 2743 ab
1522 2705 1619 2744 ore
1650 2687 1906 2758 capessit,

500 2784 752 2840 Consona
774 2793 1098 2838 cunctorum
1127 2782 1274 2837 rutili
1305 2780 1576 2852 pratconia
1608 2778 1776 2852 liclmj
1802 2796 1816 2831 :

504 2874 618 2942 Qua
646 2875 832 2936 niteat,
851 2876 978 2945 quid
1002 2882 1147 2945 agat,
1171 2888 1334 2942 quam
1357 2873 1509 2943 signa
1533 2872 1797 2942 stupemla
1821 2869 2099 2935 celebret,

511 2966 776 3021 Omnibus
807 2967 933 3021 hinc
961 2967 1098 3021 adeo
1121 2974 1357 3021 mentem
1387 2965 1716 3019 mirantibus
1741 2961 1891 3028 almi,

506 3057 659 3125 Quod
685 3073 783 3113 nec
809 3072 965 3128 opem
997 3073 1027 3111 a
1058 3073 1332 3126 quoquam
1359 3057 1539 3126 capiat
1566 3064 1685 3126 post
1716 3055 1841 3108 talia
1864 3051 2040 3125 panis.

508 3149 816 3219 Discipulos
846 3151 1062 3205 tandem
1098 3150 1354 3221 lacrymis
1380 3165 1477 3218 per
1505 3149 1697 3219 gaudia
1726 3147 1858 3203 fusis

507 3235 701 3309 Irrigat
724 3240 930 3293 inventi
955 3239 1057 3294 hoe
1086 3240 1297 3309 plantas
1318 3241 1515 3295 sudore
1541 3238 1821 3308 magistri;

514 3328 725 3399 Vixque
757 3338 973 3384 erectus
1000 3346 1085 3395 co,
1115 3341 1172 3387 et
1194 3332 1355 3387 biduo
1388 3334 1629 3389 triduove
1654 3334 1862 3389 refotus

509 3418 736 3475 Famiue
761 3420 1036 3487 mellilluo,
1061 3422 1197 3477 vclle
1228 3424 1371 3479 hunc
1395 3425 1627 3480 evadere
1651 3434 1831 3481 terras

511 3511 677 3567 Audit
697 3510 750 3564 in
777 3520 1054 3578 externas,
1089 3514 1306 3584 ignotus
1328 3517 1546 3570 nomine
1571 3524 1623 3571 et
1645 3531 1742 3571 ore

515 3600 633 3667 Qua
668 3602 904 3657 residere
926 3612 1110 3674 queat,
1136 3604 1475 3675 Dominoque
1497 3622 1697 3662 vacare
1731 3607 1965 3676 quietus.

590 3692 814 3747 Ducitur
841 3709 973 3761 ergo
1003 3694 1353 3765 Epidaurzeos
1381 3705 1669 3766 proreptus
1697 3697 1749 3750 iu
1773 3709 1955 3767 agros,

519 3781 636 3850 Qua
666 3800 839 3852 neque
862 3785 1066 3840 celatus
1094 3786 1252 3858 longo
1282 3788 1383 3842 sub
1412 3797 1654 3857 tempore
1679 3789 1824 3858 degit

517 3873 666 3929 Rure
691 3874 870 3930 latens
892 3878 1126 3932 modico.
1163 3876 1443 3948 Siquidem
1471 3880 1635 3933 draco
1654 3862 1895 3948 ‘magnos
1916 3878 2106 3933 Achivi

521 3966 692 4032 Quos,
723 3967 853 4022 trito
884 3983 1161 4033 sermone,
1194 3970 1328 4024 boas
1358 3971 1598 4026 vocitare
1626 3971 1790 4032 sueti,

518 4056 651 4113 Late
674 4069 829 4115 actus
854 4060 1122 4113 vacuabat
1144 4076 1324 4130 agros,
1352 4070 1594 4115 armenta
1626 4074 1929 4131 gregesque

518 4150 884 4221 Pastoresque
926 4166 1155 4217 vorans,
1198 4151 1384 4207 lelhali
1433 4151 1648 4207 ﬂamine
1691 4163 1935 4208 tractans
1980 4152 2109 4223 (pro

1723 4241 2034 4314 [trabeus.)

535 4329 633 4386 Cui
655 4340 866 4388 vastam
890 4332 1045 4401 jubet
1078 4333 1166 4390 ille
1190 4348 1378 4406 pyram
1405 4335 1669 4403 funusque
1700 4333 1903 4403 parari,

525 4423 882 4494 Excitumque
906 4427 1026 4481 data
1040 4428 1233 4480 seriem
1255 4424 1401 4496 (l65)
1424 4439 1586 4494 prece
1598 4421 2111 4493 scanderehnandat.

524 4514 860 4585 Obsequitur
884 4532 1080 4586 supera
1108 4531 1333 4586 serpens
1356 4517 1556 4569 virtute
1586 4523 1827 4569 coactus.

525 4607 821 4680 Supposito
848 4608 935 4663 ille
962 4624 1213 4665 cremaus
1243 4611 1534 4664 immanem
1565 4609 1751 4663 fomite
1780 4616 1984 4679 pestem

523 4698 865 4756 Admiranda
892 4702 1037 4756 dedit
1064 4701 1260 4771 pavido
1288 4700 1596 4770 spectacula
1624 4698 1801 4768 vulgo.

525 4786 877 4860 Tempestate
903 4791 1004 4845 sub
1035 4790 1155 4853 bac,
1191 4799 1347 4844 mota:
1369 4788 1657 4843 COIICIlsSlD
1686 4797 1846 4842 terra:

528 4870 768 4951 Equora
795 4880 1057 4935 limitibus
1079 4880 1346 4948 metisque
1374 4877 1563 4934 eﬂudit
1600 4877 1831 4944 abactis,

532 4969 803 5026 Diluvium
834 4980 892 5024 ut
913 4986 1127 5024 rursum
1158 4970 1384 5023 instaret
1414 4970 1770 5035 mortalibus;
1798 4985 1989 5027 omnes

529 5060 826 5129 Antiquum
860 5061 1088 5113 timuere
1118 5060 1284 5114 chaos
1311 5060 1374 5113 de
1406 5062 1677 5116 montibus
1704 5070 1853 5116 actas

536 5153 782 5212 Excelsis
807 5157 1038 5225 pendere
1064 5164 1229 5220 rates,
1254 5154 1553 5226 [luctusque
1581 5158 1880 5212 frementes

1182 386 1578 446 nonetiam
1614 388 1935 448 amoma
1977 364 2325 447 animus
2353 390 2712 451 oruscuu
2752 394 3078 452 METmCA.
3642 391 3729 450 sto

2099 506 2148 568 Α
2180 503 2519 575 luteaditquc
2547 519 2739 563 manus
2767 518 2980 575 contra,
3006 507 3254 564 mirabile
3284 507 3466 564 dictul

2176 594 2423 650 Creverit
2452 604 2510 649 ut
2548 611 2779 667 surgens
2808 599 3130 668 steteritque
3160 598 3212 652 in
3246 598 3480 653 molibus
3515 612 3707 669 :equor,

2174 683 2572 755 ludignansque
2594 684 2941 759 fremeusque
2970 688 3082 748 diu.
3118 690 3263 745 velut
3293 690 3451 747 obice
3480 706 3710 755 versum,

2175 776 2232 832 lu
2265 786 2436 831 semet
2464 778 2665 832 sensim
2691 778 2964 850 lapsisque
3000 780 3279 838 reduxerit
3312 784 3495 839 undis.

2178 868 2247 925 Ut
2282 884 2441 939 rupes
2469 871 2615 924 senis
2639 882 2766 925 ante
2792 873 2956 940 pedes
2988 874 3143 944 rigidi
3172 875 3223 929 in
3252 892 3404 932 mare
3426 883 3638 930 montes

2179 956 2342 1013 Parte
2365 962 2535 1013 lluunt
2569 961 2697 1027 alia,
2730 962 2856 1016 hinc
2878 977 2975 1017 ceu
3008 966 3321 1031 marmorei,
3349 966 3478 1020 inde
3507 966 3743 1036 liquores,

2183 1050 2471 1123 Spargitur
2504 1054 2556 1107 id
2590 1062 2698 1109 tota
2734 1055 2975 1124 regione,
3001 1071 3099 1125 per
3120 1074 3272 1123 arva,
3300 1075 3399 1128 per
3426 1060 3611 1115 urbes.

2180 1140 2444 1197 Mirantur
2472 1145 2649 1198 cuncti
2678 1145 2861 1199 eximii
2894 1148 3159 1217 magnalia
3191 1150 3356 1220 signi,

2182 1231 2273 1287 llle
2300 1234 2489 1287 dolens
2517 1236 2694 1303 proli.
2720 1236 2894 1291 lembo
2920 1237 3057 1292 clam
3084 1252 3242 1295 nocte
3273 1241 3538 1297 recedens

2181 1321 2399 1391 Effugit,
2419 1334 2471 1377 et
2492 1325 2664 1380 classe
2680 1340 2926 1390 ascensa,
2945 1327 3105 1384 Multa
3126 1328 3347 1403 [Malea]
3364 1328 3748 1403 alqueCythm

2185 1412 2511 1468 Occurrunt.
2544 1414 2788 1484 Dumque
2813 1416 2923 1469 alta
2957 1417 3089 1490 legit
3114 1418 3341 1488 piratica
3369 1434 3629 1488 grassatus

2184 1500 2384 1556 Fertur
2399 1503 2585 1563 adesse
2600 1520 2809 1565 uianus.
2821 1507 3086 1576 trepidam
3102 1509 3233 1562 socii
3246 1522 3511 1578 armaque
3526 1517 3747 1578 poscunt,

2185 1592 2446 1647 Excrccnt
2461 1610 2592 1648 cum
2607 1604 2688 1649 tas
2705 1597 2748 1662 (l
2762 1595 2872 1666 66),
2891 1596 3218 1653 creberrima
3234 1599 3663 1654 nuntiacurrunt

2185 1684 2242 1738 ld
2271 1685 2497 1739 recitare
2527 1686 2661 1740 seni.
2693 1686 2901 1741 Ridens
2934 1691 3117 1758 procul
3153 1690 3241 1743 ille
3271 1690 3492 1744 carinas

2185 1772 2257 1829 Ut
2287 1775 2430 1828 videt
2464 1776 2689 1833 hostiles
2715 1796 2726 1831 :
2759 1796 2777 1827 ι
2802 1778 2963 1845 Quid,
2991 1780 3088 1846 ait,
3126 1781 3438 1849 trepidatis,
3463 1779 3699 1836 alumni?

2115 1888 2161 1948 Β
2192 1866 2234 1921 Ο
2261 1867 2483 1921 modicae
2508 1867 2628 1921 lidei
2655 1869 2668 1921 Σ
2699 1868 3002 1923 Pharaonis
3029 1886 3097 1923 an
3127 1870 3343 1939 agmina
3371 1871 3527 1940 plum

2194 1959 2248 2012 C.
2272 1959 2427 2013 ruitis
2458 1960 2794 2030 agminibus,
2819 1961 2958 2016 divis
2985 1978 3104 2029 qua:
3134 1978 3313 2016 mersa
3347 1960 3705 2032 triumphis?»

2195 2050 2474 2104 Sicrarum
2501 2050 2707 2105 interea
2732 2052 3039 2120 Spumautia
3065 2049 3241 2106 rostra
3272 2051 3665 2121 propinquant;

2196 2140 2439 2197 Emissos
2467 2149 2726 2212 quantum
2754 2143 2913 2212 spatii
2940 2142 3075 2212 lapis
3104 2151 3331 2211 occupat
3361 2144 3580 2206 absunt,

2195 2233 2288 2288 llic
2318 2251 2477 2288 ntauu
2507 2244 2695 2289 contra
2730 2246 2936 2298 erecta,
2961 2235 3304 2289 venientibus
3325 2249 3422 2287 ora

2199 2326 2275 2382 De
2306 2327 2427 2380 navi
2455 2326 2693 2397 loquitur
2721 2341 2734 2379 :
2767 2347 2785 2378 ‹
2814 2326 2959 2382 Satis
2976 2335 3062 2381 est
3089 2326 3194 2380 huc
3216 2341 3389 2394 usque
3412 2338 3634 2381 measse.
3661 2337 3685 2377 δ

2201 2422 2334 2477 Mira
2368 2423 2529 2477 fides!
2560 2422 2770 2478 resilire
2801 2432 2968 2487 rates,
2999 2423 3328 2492 putipimque
3359 2421 3529 2490 petita

2198 2516 2427 2586 Agmine
2457 2516 2721 2571 nitentum
2751 2527 2940 2570 contra
2975 2525 3091 2585 post
3130 2526 3279 2586 terga
3305 2513 3488 2570 redire
3518 2506 3521 2507 ν

2201 2605 2430 2670 invites,
2462 2606 2709 2675 stupidos
2735 2605 2928 2660 citiore
2956 2606 3022 2659 ad
3054 2605 3231 2658 littora
3269 2618 3432 2657 cursu

2203 2696 2377 2764 Quam
2412 2706 2626 2752 ventum
2660 2696 2859 2760 fuerat,
2883 2712 3044 2753 casso
3086 2695 3363 2751 molimine
3390 2693 3541 2749 ferri.

2276 2787 2367 2842 Sic
2397 2797 2736 2858 grassantum
2764 2789 2965 2843 athleta
3000 2788 3089 2843 Dei
3115 2789 3233 2842 sine
3256 2786 3523 2853 sanguine
3548 2784 3730 2846 victor.

2201 2875 2351 2931 Lzeta
2380 2886 2580 2947 tropaea
2613 2875 2816 2940 ferens,
2848 2876 2976 2946 legit
3003 2891 3223 2945 :eqnora
3251 2874 3517 2946 Cycladas
3548 2873 3699 2938 inter.

2204 2967 2500 3023 Litloribus
2533 2968 2701 3022 variis
2734 2970 3057 3038 crebrisque
3091 2967 3324 3022 furentia
3357 2967 3549 3033 terris,

2203 3055 2377 3112 Tutus
2404 3058 2478 3111 uti
2512 3057 2686 3113 sulcet
2712 3058 2910 3129 placidi
2941 3058 3075 3112 vada
3110 3042 3262 3112 mitia
3291 3058 3493 3127 stagni.

2209 3149 2448 3206 Urbibus
2469 3168 2531 3206 ac
2559 3151 2694 3206 vicis
2717 3152 2914 3222 passim
2943 3166 3271 3207 concurrere
3298 3151 3495 3220 vulgus

2126 3240 2175 3305 Β
2206 3242 2461 3298 D;emoac
2485 3245 2794 3311 possessum
2821 3258 2888 3299 ac
2916 3257 3079 3297 voces
3105 3241 3360 3296 incedere
3384 3241 3439 3294 io
3464 3252 3648 3294 aures.

2207 3331 2407 3403 Sicque
2422 3331 2663 3402 Paphum
2680 3330 3251 3401 appulsus.requiescit
3264 3330 3334 3384 ab
3350 3329 3484 3384 urbe
3499 3335 3740 3383 remotus.

2205 3420 2324 3477 Non
2358 3431 2536 3475 tamen
2573 3419 2625 3474 id
2658 3420 2873 3491 longum
2901 3436 2915 3473 :
2952 3419 3138 3489 viginti
3168 3417 3309 3471 forte
3338 3417 3549 3471 dierum

2206 3513 2308 3568 νὴ
2345 3512 2567 3566 volvens
2594 3512 2851 3581 spatium,
2882 3510 3099 3565 cunctis
3128 3523 3366 3577 namque
3397 3508 3572 3562 insula
3598 3504 3771 3560 clamat

2211 3601 2449 3658 Urbibus
2471 3616 2567 3654 ore
2591 3599 2919 3670 agitatorum
2948 3598 3149 3652 famam
3178 3595 3498 3659 llilariouis,

2207 3691 2506 3749 Advenisse
2537 3692 2630 3746 Dei
2656 3706 2898 3755 servum,
2928 3691 3071 3746 ltllllc
3100 3688 3201 3744 sibi
3233 3691 3332 3743 rite
3361 3683 3695 3759 peteudum.’

2208 3783 2513 3839 Occurrunt
2544 3782 2807 3852 Lapithae,
2840 3781 3137 3843 Salamina,
3180 3779 3410 3849 aliaeque
3433 3776 3724 3833 resultant:

2211 3873 2594 3943 Approperaut
2625 3870 2836 3926 cunctis
2860 3869 3110 3925 certatim
3141 3883 3208 3923 ex
3241 3868 3470 3922 urbibus
3497 3865 3624 3931 acti,

2208 3957 2386 4033 Atque
2414 3978 2521 4015 uno
2546 3969 2745 4016 coeunt
2776 3960 2955 4014 vexati
2985 3967 3170 4014 mente
3194 3957 3443 4023 ducenti,

2210 4054 2353 4110 Sexti
2380 4053 2622 4109 discreti.
2657 4052 2809 4106 Dolet
2831 4050 3034 4105 auferri
3060 4050 3152 4105 ille
3173 4050 3437 4120 quietem,

2209 4144 2638 4212 Praesidinmqne
2667 4151 2855 4212 petens
2883 4152 3094 4207 notum,
3122 4141 3303 4212 precis
3333 4141 3459 4210 igne
3485 4138 3681 4209 fatigat

2211 4233 2622 4299 Colluctatores,
2648 4233 2784 4288 alios
2814 4249 2936 4287 mox
2966 4233 3195 4297 decutit,
3232 4241 3398 4302 atque

2212 4323 2343 4380 Post
2366 4325 2583 4378 biduum
2619 4324 2924 4379 tridnumve
2950 4324 3104 4390 alios,
3132 4322 3422 4392 nullusque
3444 4319 3674 4385 resistit,

2215 4415 2567 4473 "ebdomada
2597 4417 2874 4486 explicita,
2905 4416 2998 4486 qui
3027 4431 3134 4470 non
3161 4414 3377 4470 laetatus
3403 4413 3576 4468 abire.

2286 4508 2506 4562 Exactis
2531 4508 2770 4587 geminis.
2789 4516 3071 4578 postquam
3097 4509 3395 4564 devenerat
3420 4505 3599 4567 annis,

2137 4583 2190 4643 D
2215 4600 2431 4672 Cogitat
2456 4583 2670 4670 Egypti
2706 4599 2965 4669 profugus
2994 4598 3107 4654 loca
3136 4598 3368 4654 barbara
3406 4596 3562 4652 adire
3578 4613 3603 4661 ς,

2219 4691 2422 4747 Suadet
2450 4700 2505 4744 at
2534 4690 2832 4760 llesycbius
2868 4690 3027 4760 Cypri
3058 4697 3346 4760 penetrare
3372 4701 3641 4751 recessus,

2212 4783 2557 4851 Altdneitque
2584 4782 2740 4847 mari,
2764 4790 2975 4836 montes
3005 4780 3190 4851 procul
3218 4781 3360 4834 inter
3381 4793 3607 4849 opacos.

2222 4875 2503 4942 Reptaudo
2527 4873 2753 4942 genibus
2780 4872 3141 4940 manibusque
3166 4869 3397 4940 abrupta
3427 4868 3602 4924 subiri

2223 4965 2354 5033 Qua:
2378 4966 2466 5018 vix
2494 4964 2825 5034 prmvalcant
2849 4982 2861 5018 :
2892 4964 3135 5034 pomaria
3166 4964 3375 5019 consita
3404 4977 3679 5019 ammento

2218 5055 2558 5118 Reddebant,
2589 5055 2844 5123 ductique
2873 5055 3053 5109 locum
3083 5055 3149 5109 de
3169 5054 3379 5108 vertice
3408 5054 3534 5107 rivi.
3662 5058 3671 5063 “

2218 5144 2329 5201 Nec
2357 5146 2632 5200 detractus
2661 5145 2832 5200 honos
2854 5145 2923 5200 ab
2950 5159 3017 5199 eo
3048 5159 3143 5214 per
3172 5153 3417 5213 tempora
3449 5144 3685 5214 quinque
