3872 5326
112 255 206 314 Ml

576 253 668 312 DE
704 247 1083 311 TRlUlIPilIS
1116 251 1391 310 CHRISTI
1426 251 1515 310 ET
1552 251 1656 311 SS.
1694 250 2129 312 PALESTINE
2170 250 2349 309 LIBRI
2392 252 2591 309 TRES.
2628 247 2699 296 -ὲ-
2729 252 2854 308 LlB.
2886 252 2969 307 lIl.

3255 248 3365 301 BH

109 366 321 424 Gaudet
352 366 408 423 in
434 366 737 429 hissenior
773 369 978 424 habeat
1002 367 1145 438 quod
1193 369 1443 423 acumina
1473 382 1684 437 pagum,
1718 375 1761 433 Α
1793 368 2025 438 limoque
2057 368 2430 439 Evangelium,
2464 369 2657 424 tunica:
2702 384 2823 424 cum
2871 368 3124 437 tegmine.
3156 364 3321 429 sacci,

110 458 374 529 Quodque
394 458 464 514 ad
487 459 872 514 eum-auderet
903 458 1086 514 nullus
1111 458 1194 513 vel
1219 458 1481 514 scandere
1510 472 1685 513 rarus.

112 548 304 618 Sicque
335 546 523 603 fovens
542 549 788 611 charam,
809 550 1033 604 Domino
1064 549 1413 619 inspectante,
1428 547 1686 617 quietem,

112 638 354 703 Quadam
388 638 529 694 forte
551 639 637 693 die
670 638 963 709 paralytica
995 639 1235 693 membra
1258 637 1445 705 jacere

111 726 347 796 Respicit
369 737 498 782 ante
528 728 701 791 fores;
746 728 869 794 quis
897 728 965 782 sit
995 736 1170 796 rogat,
1192 737 1247 780 ut
1272 727 1400 797 quid
1429 726 1690 783 adactus?

113 820 539 885 Procuratorem,
569 817 839 888 llesychio
870 828 1156 881 narrante,
1197 816 1370 871 locelli

113 908 334 978 Accipit,
363 924 430 963 ac
458 909 598 961 villa:
627 909 716 962 cui
754 908 1004 962 subditur
1028 907 1277 963 hortulus
1312 907 1448 977 ipso.

114 1000 248 1054 Ilicet
277 1000 647 1071 illacrymans,
679 1001 999 1069 inopemque
1043 999 1236 1054 salutis
1273 997 1497 1053 adortus

116 1089 197 1145 Sic
224 1091 413 1143 dextra
435 1089 592 1159 jubet
621 1090 834 1143 intensa
871 1088 1182 1144 recubantis
1218 1087 1273 1142 in
1316 1101 1413 1141 ora
1441 1103 1456 1141 :

114 1177 275 1250 Surge
307 1179 405 1233 tibi
437 1180 579 1247 dico,
601 1179 913 1248 Christique
938 1181 990 1233 in
1021 1180 1237 1234 nomine
1268 1191 1450 1249 perge.

116 1268 235 1322 Mira
267 1267 476 1323 medela
494 1268 864 1349 {relabantur
890 1268 1119 1322 dicentis
1150 1268 1203 1322 in
1244 1282 1339 1321 ore

117 1357 300 1422 Verba,
328 1372 432 1411 nec
467 1357 713 1411 ediderat
759 1355 997 1426 perfecte
1047 1356 1161 1411 h.ec
1202 1355 1419 1419 omnia,
1460 1354 1685 1426 jamque

118 1445 339 1500 Membra
365 1447 515 1501 salus
541 1461 772 1515 propera
807 1448 874 1500 ad
905 1447 1155 1501 standum
1182 1447 1409 1500 solidata
1446 1446 1680 1501 levabat.

119 1537 228 1592 llaec
262 1539 352 1591 ubi
403 1548 752 1609 sparguntur,
779 1539 963 1595 multis
998 1540 1102 1594 iter
1129 1540 1330 1593 invium
1364 1539 1522 1605 inire,

122 1626 387 1682 Didicilem
420 1643 685 1697 superare
713 1629 943 1693 aditum,
964 1644 1087 1698 spes
1112 1637 1259 1683 certa
1291 1629 1501 1684 suadet.

119 1718 167 1771 Id
201 1735 290 1788 per
322 1718 613 1773 circuitum
646 1718 788 1774 villis
826 1720 1169 1774 servantibus
1195 1735 1394 1784 unum,

123 1812 320 1866 Secreto
348 1810 566 1881 fugiens
589 1827 658 1867 ne
691 1811 842 1881 lapsu
868 1812 1052 1881 ignota
1094 1820 1369 1881 capessat.

123 1901 220 1956 Non
243 1903 491 1972 equidem
516 1903 667 1958 velut
704 1902 973 1958 instabilis
1000 1901 1221 1957 levitate
1248 1900 1536 1956 modernos
1566 1909 1684 1972 (pro

1222 2052 1253 2058 ,Α
1278 2055 1303 2059 η
1417 1995 1608 2061 novos)

126 2082 390 2148 Quterebat
437 2083 677 2150 loculos;
726 2085 854 2155 quia
904 2083 1095 2157 defuga
1142 2097 1356 2152 semper
1398 2082 1657 2147 honoris,

122 2172 315 2246 Ignotus
343 2176 409 2249 υ.
438 2175 786 2252 ignotusque}
817 2176 1076 2233 humilem
1113 2176 1348 2248 gestibat
1368 2177 1567 2230 ducere
1596 2174 1681 2227 vi-

1447 2264 1609 2339 [Iailh

182 2356 434 2429 Tempore
460 2360 591 2416 dum
627 2358 761 2415 senii
798 2358 959 2413 sentit
999 2371 1058 2413 se
1087 2357 1152 2411 ad
1183 2358 1401 2426 prtemia
1445 2356 1606 2422 ferri,

129 2446 389 2520 llesyrhio,
423 2452 517 2520 qui
572 2466 788 2520 semper
813 2464 934 2504 cum
976 2449 1175 2518 pietate.
1206 2449 1434 2515 colebat,

129 2536 177 2592 In
216 2541 518 2596 testamenti
542 2542 659 2595 vice
695 2540 867 2594 fertur
896 2539 1123 2608 cpistola
1158 2554 1325 2608 parva

131 2629 241 2698 Ejus
270 2634 468 2701 scripta
509 2648 669 2687 mantt
700 2633 825 2686 ditis
852 2647 956 2700 qua
990 2641 1182 2686 cuncta
1225 2628 1462 2699 supellex

132 2722 416 2796 Divitiaequc
456 2726 637 2796 inopis
665 2725 890 2780 memori
925 2725 1210 2779 traduntur
1240 2724 1445 2778 honore

1786 458 2103 530 Palliolique
2132 459 2317 522 decus,
2348 458 2508 513 simul
2536 474 2599 512 ac
2621 458 2923 513 veneranda
2947 456 3179 511 cuculla.

1785 549 1904 605 Jam
1940 550 2154 604 modico
2180 550 2302 619 igne
2347 559 2533 617 tepens
2580 552 2633 603 in
2676 559 2892 619 pectore
2916 546 3128 602 flamma
3164 545 3371 602 caloris

1786 638 2098 701 Restiterat,
2113 638 2226 708 jam
2263 640 2336 692 nil
2359 640 2610 703 hominis,
2643 655 2834 694 sensus
2863 640 2987 701 nisi,
3019 639 3123 692 vivi

1786 728 1979 797 Magno
2006 731 2171 783 corde
2194 729 2359 799 viget,
2388 731 2615 799 visuque
2642 728 2887 799 profatur
2921 739 3107 798 aperto
3132 745 3146 782 :

1784 817 2056 887 Egredere
2093 820 2235 873 unde
2267 819 2462 874 times?
2499 820 2681 873 anima
2718 819 2978 889 egredere
3013 818 3154 873 unde
3192 815 3362 870 vacil-

3136 907 3290 981 [Iasi

1782 995 1901 1053 Iam
1936 998 2118 1054 decies
2148 1007 2355 1069 septem
2392 999 2610 1056 Christo
2640 998 2922 1055 famularis
2952 1001 3005 1054 in
3047 1014 3252 1063 annos,

1783 1087 1851 1141 Et
1876 1087 2242 1159 lethumzegra
2268 1091 2451 1143 times!
2484 1089 2640 1157 lltcc;
2681 1100 2750 1145 et-
2769 1093 2900 1160 petit
2921 1089 3117 1144 halitus
3135 1089 3358 1143 aethram

1785 1176 2002 1232 Robore
2031 1177 2371 1247 pervalidus,
2410 1180 2495 1249 pia
2529 1195 2624 1249 per
2659 1181 2919 1234 miracula
2948 1179 3148 1245 clarus,

1786 1264 1964 1336 thue
1989 1268 2163 1320 virum
2204 1268 2416 1322 meritis
2438 1268 2525 1321 vix
2555 1276 2683 1323 tunc
2708 1269 2992 1338 :equabilis
3024 1269 3139 1322 ulli.

1784 1354 1954 1411 Terra
1985 1357 2099 1411 solo
2131 1358 2382 1427 adjicitur
2409 1373 2552 1423 mox,
2581 1373 2679 1412 ceu
2722 1366 3051 1428 praeceperat
3084 1370 3253 1429 aeger,

1783 1449 1911 1504 Post
1939 1448 2144 1503 obitum
2169 1466 2389 1520 parvam
2415 1467 2482 1505 ne
2503 1450 2807 1505 detineatur
2834 1452 2884 1504 in
2919 1453 3104 1505 horam

1780 1538 1947 1593 Audit
1971 1549 2025 1592 ut
2056 1538 2374 1610 Hesychius,
2399 1540 2560 1611 (Zypri
2585 1543 2718 1609 petit
2746 1541 2887 1594 illico
2913 1539 3063 1596 littus
3091 1554 3111 1596 :

1784 1627 1883 1683 llic
1903 1644 1961 1683 se
1989 1631 2309 1684 versandum
2339 1632 2564 1701 pingens
2593 1632 2905 1687 discrimine
2946 1632 3135 1695 multo,

1709 1714 1756 1774 Β
1782 1719 1984 1789 Pignus
2012 1721 2243 1791 sublegit
2272 1722 2481 1775 decimo
2506 1733 2627 1791 post
2655 1720 2842 1777 funera
2877 1737 3061 1776 mense
3082 1761 3100 1786 ,

1786 1810 1958 1882 Majus
1985 1829 2219 1883 mutique
2248 1814 2544 1869 Paltestintc
2581 1816 2969 1870 comitantibus
2999 1813 3152 1868 all'ert

1784 1902 2065 1959 ιωιὶδοῖιίε
2109 1906 2287 1974 populi
2328 1906 2499 1960 turbis
2534 1907 2964 1976 monachumque
2998 1903 3250 1970 catervis,

1785 1995 1938 2063 Qum,
1976 1996 2335 2051 Constantino
2363 1999 2542 2052 civilia
2576 1997 2699 2066 jura
2734 2000 2973 2061 ferente,

1784 2085 1865 2141 0b
1896 2086 2090 2141 densas
2118 2088 2237 2141 tidei
2260 2097 2471 2157 segetes
2497 2088 2809 2143 Constantia
2836 2090 3001 2151 dicta,

1784 2176 1948 2245 Inque
1974 2179 2302 2232 monasterio
2333 2180 2494 2249 prisci
2529 2179 2917 2234 moderaminis
2953 2177 3125 2238 abdit.

1782 2268 1950 2323 lllzesa
1975 2270 2174 2331 tunica,
2204 2283 2325 2323 cum
2365 2270 2583 2339 palliolo
2612 2280 2776 2338 atque
2811 2268 3046 2323 cuculla.

1786 2359 2026 2433 Tui-pore
2047 2372 2166 2417 erat
2212 2372 2346 2427 toto,
2372 2365 2527 2435 quasi
2562 2366 2786 2431 viveret,
2820 2366 3056 2435 integer;
3095 2369 3249 2419 artas

1784 2451 1850 2506 Et
1884 2454 2049 2507 multo
2081 2464 2139 2507 ut
2170 2454 2309 2509 fotus
2336 2455 2611 2512 refovebat
2641 2464 2884 2509 aromate
2917 2455 3127 2525 vulgus,

1784 2542 2062 2612 Quemque
2089 2544 2175 2614 pia
2203 2544 2310 2599 late
2340 2546 2539 2599 mumlo
2564 2547 2759 2601 virtute
2792 2545 3012 2609 refudit,

1786 2633 2071 2690 Carnalem
2114 2635 2166 2691 in
2206 2650 2424 2692 sensum
2457 2651 2671 2708 quoque
2721 2637 3070 2709 respergebat
3111 2635 3335 2695 odorem

1526 2877 1757 2934 CAPUT
1806 2879 1897 2935 IV.

1199 2969 1280 3025 De
1324 2968 1502 3027 Maria
1530 2970 1847 3044 Aigyplinca
1870 2982 1919 3027 ct
1955 2972 2199 3027 Zosima.

133 3083 381 3140 Incolucre
402 3080 747 3138 Palmstinam
770 3080 1068 3135 virtutibus
1093 3079 1185 3134 alti

130 3174 415 3247 Egregiique
445 3174 569 3237 viri,
610 3173 699 3242 qui
732 3173 961 3228 tramitis
989 3184 1109 3225 arta
1136 3172 1308 3228 secuti

131 3268 317 3335 iliimii,
342 3269 546 3338 petiere
577 3265 683 3337 poli
715 3265 968 3320 sublimia
1000 3265 1151 3319 celsi.

131 3360 336 3426 Quonim
363 3360 453 3414 alii
487 3359 741 3430 placuere
768 3359 877 3415 Deo
915 3358 1123 3412 deserta
1156 3358 1363 3425 secuti;

130 3456 209 3506 Ast
232 3454 313 3508 alii
345 3453 552 3523 pariter
587 3452 824 3506 fraterna
863 3466 996 3521 pace
1038 3452 1265 3521 gregali,

130 3542 266 3614 lttqtte
305 3546 650 3600 monasteriis
680 3544 886 3599 rwlesti
919 3545 1040 3612 jure
1070 3544 1286 3597 morati.

131 3630 340 3698 Quorum
371 3634 502 3687 olim
542 3634 815 3703 quoddam
838 3632 1089 3687 Jordanis
1113 3634 1227 3702 ripa
1261 3633 1500 3696 tenebat,

132 3722 224 3791 Quo
246 3728 412 3798 legem
441 3726 679 3796 viguisse
703 3724 903 3786 ferunt,
937 3739 1035 3793 pro
1065 3733 1327 3793 tempore,
1356 3733 1587 3794 utraque

132 3816 239 3872 Nam
267 3819 483 3875 socialis
505 3833 643 3889 agon
672 3817 786 3871 fere
809 3817 1124 3870 certabatur
1151 3816 1203 3867 in
1235 3829 1399 3881 anno,

130 3910 242 3966 Ante
260 3913 423 3975 diem,
453 3913 627 3966 donec
658 3909 818 3964 solito
841 3909 1042 3979 jejunia
1072 3908 1295 3965 Paseluc

131 4001 365 4074 lnripinnt
387 4021 453 4059 ex
482 4018 632 4058 more
658 4003 771 4072 geri
796 4011 907 4056 tum
941 4002 1150 4072 singula
1183 4003 1326 4054 vitae.

133 4096 305 4165 Quique
326 4097 498 4152 eremi
529 4097 656 4151 dum
685 4103 833 4149 vasta
861 4103 1069 4163 petunt,
1099 4092 1400 4148 certamina
1426 4098 1677 4158 sumunt;

131 4184 185 4236 At
206 4202 311 4241 cum
336 4189 451 4257 jam
492 4189 723 4241 redeunt
750 4185 1024 4254 paschalia
1053 4186 1210 4245 festa,
1249 4190 1554 4247 recurrunt,

138 4270 190 4327 Ut
212 4280 346 4343 pacis
376 4276 915 4331 Dominum-valeant
942 4275 1260 4329 benedicere
1293 4274 1344 4327 in
1371 4288 1556 4327 unum.

187 4367 285 4424 lloc
310 4369 563 4425 Zozimas
602 4383 801 4438 supero
830 4367 1134 4438 ingreditur
1177 4367 1550 4423 moderamine
1578 4365 1681 4420 du-

1418 4452 1610 4527 [ctus,

135 4543 284 4603 Militia
316 4566 439 4607 sese
475 4550 717 4620 reliquos
746 4564 1034 4619 superasse
1075 4548 1219 4603 fideli

136 4633 243 4693 Dum
269 4653 510 4712 reputat,
546 4641 764 4696 Christo
795 4656 916 4694 cum
946 4643 1068 4710 quls
1092 4650 1331 4696 certarat
1357 4654 1608 4711 agonem.

137 4726 225 4786 lluc
250 4734 406 4802 igitur
438 4734 685 4798 veniens,
719 4734 933 4786 tandem
971 4735 1287 4788 certaminis
1329 4736 1505 4804 hujus,

139 4815 404 4893 Discipulos
433 4823 636 4888 factus,
660 4821 951 4878 meditatur
978 4838 1195 4878 sumere
1221 4838 1490 4877 normam.

138 4911 214 4971 Qui
237 4913 441 4969 deserta
473 4914 576 4969 loci
627 4924 884 4983 peragrat
912 4917 1039 4967 dum
1079 4923 1321 4982 tempore
1355 4912 1504 4970 dicto

137 4995 332 5060 Interius
360 5013 651 5075 penetrare
679 5006 901 5059 studens
937 5004 1139 5059 inculta
1168 5003 1429 5068 locorum,

140 5088 349 5151 Rimatur
380 5099 422 5153 si
448 5097 593 5154 fonte
621 5097 799 5150 vivmn
830 5098 1068 5166 reperire
1096 5095 1316 5150 daretur

143 5178 228 5238 llae
244 5202 445 5257 quoque
474 5188 580 5243 sub
616 5187 806 5240 validte
830 5188 1009 5241 studio
1038 5185 1257 5239 virtutis
1278 5196 1551 5259 agentem,

143 5266 275 5326 liuius
299 5279 503 5326 militim
523 5277 630 5326 sibi
661 5276 751 5326 oui
775 5275 1090 5326 denenderit
1122 5289 1298 5326 usum.

1710 4463 1761 4524 D

1710 3088 1754 3149 C
1785 3081 1995 3137 Canitie
2038 3091 2095 3134 ut
2124 3080 2303 3134 lanam
2329 3081 2508 3135 crines
2536 3077 2838 3135 collotenus
2874 3078 3078 3136 albam.

1782 3169 2029 3225 Territus
2070 3181 2312 3240 aspeettt,
2341 3170 2522 3224 crucis
2548 3186 2641 3223 ora
2672 3168 2940 3225 levamine
2973 3170 3167 3225 tnttuil.

1780 3260 1984 3319 Obvius
2013 3272 2069 3316 at
2105 3263 2218 3316 lieri
2245 3261 2478 3318 venienti
2513 3273 2572 3317 ut
2600 3262 2786 3332 cmpit,
2811 3262 3079 3325 eamdem,

1780 3352 2091 3409 Matnrante
2121 3354 2242 3424 fuga
2262 3393 2279 3418 ,
2316 3355 2466 3409 videt
2489 3355 2557 3409 ad
2589 3363 2798 3410 secreta
2827 3354 3184 3425 migrantem;

1778 3444 1950 3512 Quam
1979 3447 2226 3515 sequitur
2254 3447 2441 3516 rapido
2477 3448 2656 3501 nitens
2690 3447 3005 3517 contingere
3030 3461 3216 3501 cursu.

1779 3536 2024 3606 Dumque
2051 3537 2384 3607 propinquus
2411 3538 2459 3591 ei
2488 3536 2730 3605 ﬁerijam
2762 3538 2946 3606 empit,
2987 3538 3040 3589 in
3074 3538 3203 3590 iStas

1780 3630 2082 3696 Ernmpens
2105 3645 2285 3693 voces,
2320 3629 2574 3701 laerymis
2603 3631 2672 3683 ita
2713 3630 2912 3684 clamat
2941 3630 3148 3682 obortis
3182 3645 3196 3680 :

1781 3719 1955 3776 lleus!
1983 3721 2146 3791 quid,
2177 3736 2334 3776 serve
2364 3722 2479 3782 Dei,
2514 3720 2722 3790 fugiens
2757 3720 3061 3775 contemnis
3097 3721 3322 3773 inertem

1781 3813 2229 3880 Decrepitumquc
2258 3811 2477 3869 senem?
2500 3811 2788 3880 Exspecta,
2810 3812 3117 3881 quicunque
3140 3809 3358 3865 videris.

1778 3902 2045 3972 Ex<pecta
2071 3919 2165 3973 per
2195 3920 2317 3957 cun:
2347 3902 2502 3972 cujus
2528 3906 2628 3960 sub
2661 3906 2879 3959 nomine
2904 3905 3059 3959 solus

1779 3993 1974 4048 Incolis
1999 3996 2098 4050 has
2123 4006 2326 4060 terras;
2372 4006 2648 4065 exspecta,
2678 3997 2894 4051 attende
2923 3996 3103 4062 vieto,

1781 4087 1925 4141 Siste
1956 4092 2203 4158 gradum,
2230 4103 2326 4156 per
2352 4103 2500 4157 spem
2536 4088 2672 4143 tanti
2706 4090 2952 4143 mercede
2988 4088 3187 4141 laboris

1780 4173 2143 4245 Propositum,
2176 4178 2514 4248 benedicque
2562 4194 2767 4243 senem,
2800 4189 2908 4243 sta,
2956 4180 3186 4248 reSpice,
3215 4186 3365 4233 verto

1783 4265 1860 4323 Te
1895 4270 2051 4326 nobis
2080 4286 2177 4341 per
2205 4288 2329 4327 eum
2364 4274 2458 4342 qui
2493 4289 2767 4344 mmquam
2804 4273 2978 4340 rejieit
3008 4273 3197 4326 ullum.

1784 4360 1933 4417 Talia
1974 4363 2101 4419 dum
2131 4379 2356 4420 currens
2388 4365 2616 4435 replicat
2639 4406 2655 4431 ,
2694 4364 3107 4435 lacrymaosqne
3144 4380 3365 4436 rogans-

3124 4453 3294 4526 iano.

1786 4542 2063 4600 Devenere
2096 4543 2272 4599 locum
2300 4546 2587 4614 quemdam
2620 4560 2726 4614 quo
2771 4545 3005 4599 ﬂuminis
3033 4545 3186 4600 alvus

1789 4631 2107 4700 Restiterat,
2137 4634 2281 4689 sicco
2310 4645 2567 4698 torrente,
2599 4637 2831 4691 abeunte
2856 4645 3055 4689 meatu.

1789 4725 1945 4782 llunc
1980 4741 2195 4797 quoque
2234 4728 2676 4799 transgrediens,
2726 4742 2926 4798 corpus
2972 4726 3113 4795 quod
3160 4726 3383 4799 fugerat.
3410 4716 3425 4725 ’

3102 4816 3304 4891 [isthic

1792 4906 2069 4975 Substitit,
2100 4908 2324 4980 haecque
2349 4908 2520 4968 refert
2546 4910 2870 4981 lacrymanti
2892 4950 2906 4977 ,
2946 4916 3003 4963 et
3032 4910 3198 4964 nmlta
3231 4928 3374 4983 quaa-

3082 4997 3102 5070 l
3123 5004 3264 5058 renti
3285 5018 3302 5069 ;
3383 5006 3390 5016 “

1786 5101 1933 5156 Abba
1952 5138 1967 5162 ,
1996 5095 2217 5169 ignosce
2239 5135 2254 5161 ,
2285 5109 2417 5166 rogo
2436 5132 2452 5161 ,
2476 5093 2693 5148 Zozima
2712 5133 2726 5155 ,
2763 5093 2892 5165 quia
2921 5089 3158 5161 pandere
3184 5100 3390 5147 memet.

1787 5192 1900 5246 Non
1928 5203 2148 5261 possum
2175 5202 2441 5242 conversa
2477 5187 2594 5250 tibi,
2619 5199 2738 5240 sum
2789 5185 3008 5242 femina,
3037 5186 3092 5231 et
3121 5178 3244 5247 ipsa

1787 5283 2075 5326 Cnrnnl‘nn-
2103 5278 2249 5326 velut
2275 5294 2411 5326 anno
2442 5279 2615 5326 viales.
2639 5289 2737 5326 nro
2774 5273 3009 5326 letztnittc
3038 5270 3209 5324 nuda.
