3872 5326
528 294 561 349 5
573 295 635 351 η
1246 298 1636 354 FLODOAllDl
1672 297 1987 354 CANONlCl
2014 301 2019 351 .‘

2196 296 2360 353 LNSIS
2393 296 2754 354 OE’USCULA
2787 293 3113 350 METRlCA.
3662 283 3744 345 ειι

536 409 948 479 Advertensque
978 408 1051 462 illi
1085 424 1280 477 supero
1305 424 1364 461 se
1394 409 1643 480 dogmate
1671 419 1855 464 notum
1879 451 1893 476 ,

529 500 814 559 Pallinlutn
842 501 1058 558 tandem
1074 499 1230 569 jaeit,
1257 516 1426 570 osque
1453 501 1506 554 in
1536 511 1683 571 terga
1712 500 1962 566 reﬂectit,

526 592 622 648 Illa
651 594 794 663 quod
814 593 1110 663 accipiens,
1139 592 1322 647 carnis
1348 593 1658 662 pudibunda
1687 601 1926 657 coercet,

528 684 808 749 Vertitur,
838 685 1093 754 implorat
1123 693 1304 738 tantus
1333 685 1462 754 quid
1503 685 1709 739 venerit
1739 685 1876 738 abba

529 770 860 828 Sternuntur
903 784 1062 828 terrm
1085 774 1310 842 pariter,
1337 774 1639 829 benezlieier
1661 782 1821 828 orant
1849 792 1860 826 :

525 860 622 917 Illa
649 862 950 918 sacerdotis
978 861 1210 917 Zozimre
1241 865 1528 933 praetendit
1558 866 1815 920 honorem
1837 905 1851 930 ,

530 953 805 1008 Douorum
831 953 920 1008 ille
944 954 1037 1009 Dei
1067 956 1229 1009 matri
1269 955 1515 1010 sublimia
1543 958 1782 1026 praefert.

529 1041 660 1109 Qum
689 1043 941 1111 precibus
971 1043 1155 1098 multis
1190 1046 1406 1099 tandem
1435 1045 1516 1100 sic
1549 1047 1691 1100 victa
1712 1045 1957 1116 profatur
1984 1062 1997 1099 :

440 1202 444 1206 _
530 1131 621 1189 Sis
647 1132 931 1188 benedicte
965 1132 1103 1189 Deus
1128 1134 1375 1189 columen
1404 1152 1602 1191 curans
1637 1138 1964 1192 animarum.

532 1221 833 1278 Surrexere
866 1224 1050 1294 igitur,
1096 1227 1398 1297 rogitatqne
1434 1229 1663 1298 benigna
1695 1230 1934 1284 viantem

533 1312 605 1369 Ut
631 1326 804 1371 status
846 1315 1118 1379 Ecclesiae,
1151 1333 1307 1372 sacer
1333 1330 1394 1372 ut
1430 1320 1736 1389 disponitur
1767 1321 1917 1376 ordo.

528 1405 623 1462 llle
661 1405 826 1462 refert
866 1406 984 1475 ejus
1027 1410 1188 1463 tribui
1221 1409 1495 1466 fulcimine
1529 1426 1738 1480 pacem,

529 1496 597 1553 Et
628 1501 761 1568 petit
792 1499 989 1553 obnixe
1020 1516 1118 1568 pro
1158 1511 1355 1555 cuncto
1384 1502 1587 1572 flagitet
1618 1501 1785 1568 orbe;

528 1585 639 1642 Nec
679 1589 824 1656 prius
847 1588 1065 1644 absistit
1093 1601 1266 1644 mater
1294 1608 1455 1661 quam
1484 1601 1604 1646 vota
1634 1591 1926 1661 profundit,

527 1678 657 1747 Quae
684 1680 838 1734 labiis
870 1682 1050 1747 motis,
1093 1682 1255 1735 tacita
1293 1684 1384 1736 sed
1413 1698 1542 1736 voce
1579 1683 1812 1752 precari,

526 1770 847 1842 Erectisque
871 1772 1045 1827 oculis
1081 1775 1437 1842 manibusque
1482 1774 1550 1828 ad
1590 1774 1825 1828 culmina
1855 1776 2010 1840 cadi,

526 1861 665 1917 Dum
695 1864 879 1933 C(Bpil,
914 1872 1022 1918 tota
1051 1865 1265 1934 penitus
1295 1864 1483 1920 tellure
1520 1864 1754 1930 levatur,

528 1951 600 2008 Et
628 1955 798 2009 cubiti
824 1956 998 2024 spatio
1031 1964 1173 2008 terra
1210 1956 1421 2011 sublata
1466 1955 1698 2010 videtur.
1852 2026 1859 2035 ’

525 2040 753 2117 Jamque
785 2054 987 2099 tremor
1017 2047 1274 2100 membris
1296 2045 1555 2111 Zozimm,
1586 2047 1835 2100 titubatio
1866 2056 2039 2102 mentt

527 2132 801 2204 Gignitur,
826 2144 986 2205 atque
1018 2135 1172 2190 timet
1202 2151 1339 2189 vano
1366 2152 1433 2191 ne
1459 2135 1674 2191 ﬂamine
1707 2137 1887 2191 forsan

526 2222 790 2286 Ludatur,
821 2239 1132 2294 pronusque
1149 2224 1319 2293 jacet,
1351 2226 1479 2280 dum
1507 2228 1721 2282 conscia
1749 2228 1907 2282 vertit

526 2312 600 2369 Se
631 2313 839 2378 mulier,
868 2316 1298 2385 monachumque
1326 2317 1470 2371 levat
1498 2318 1754 2388 pellitque
1783 2318 2027 2373 timorem
2051 2335 2067 2383 ;

475 2468 487 2479 κ
524 2405 715 2476 Arguit
738 2422 1014 2467 errorem;
1047 2409 1336 2463 humanain
1369 2413 1562 2480 probat
1586 2426 1680 2470 ore
1708 2411 1981 2478 favillam;

525 2498 750 2571 Insuper
773 2504 1064 2559 ostendens
1094 2516 1280 2561 sancto
1309 2507 1636 2576 baptismate
1658 2508 1821 2563 lotam
1843 2548 1859 2575 ,

526 2588 729 2647 Fronte
755 2595 931 2650 crucis
956 2596 1110 2652 labiis
1136 2607 1187 2653 et
1219 2609 1433 2667 pectore
1456 2601 1706 2671 stigmata
1734 2602 1873 2671 ligit,

526 2680 606 2735 Ac
632 2681 915 2737 Dominum
935 2723 953 2753 ,
978 2684 1145 2741 hostis
1167 2687 1235 2741 ab
1255 2689 1465 2743 insidiis
1492 2706 1549 2743 se
1576 2689 1769 2744 liberet
1795 2700 1936 2746 orat.

525 2769 621 2827 Ille
652 2774 847 2829 iterum
876 2792 935 2830 se
959 2787 1305 2845 prosternens
1332 2779 1678 2848 amplectitur
1708 2780 1865 2850 hujus

528 2863 665 2919 Cum
697 2866 955 2937 plangore
988 2867 1152 2938 pedes
1152 2910 1181 2936 ,,
1208 2868 1565 2939 lacrymarum
1596 2872 1814 2925 lluiiiina
1849 2871 2101 2953 fundens,

522 2957 706 3025 Atque
734 2968 954 3028 petens,
987 2978 1287 3033 superoque
1315 2963 1406 3021 Dei
1431 2965 1536 3022 sub
1566 2967 1785 3022 numine
1808 2967 2024 3036 jurans,

526 3046 633 3102 Per
658 3047 930 3104 Christum
963 3052 1245 3108 Dominmn
1277 3055 1551 3124 dignatum
1580 3055 1800 3131 Virgine
1823 3060 2003 3125 nasci,

526 3134 607 3192 Ne
633 3138 771 3193 celet
798 3155 916 3209 quae
941 3142 1045 3208 sit,
1068 3144 1315 3213 quando,
1340 3163 1436 3200 cur
1457 3150 1697 3213 venerit,
1724 3152 1899 3218 unde,

526 3224 596 3282 Et
624 3236 731 3281 tam
754 3240 903 3284 vasta
931 3234 1097 3286 eremi
1130 3236 1453 3304 peragrandi
1480 3239 1696 3293 occasio
1716 3240 1926 3309 qualis?

527 3319 600 3373 At
625 3328 830 3374 testans
860 3332 913 3375 et
934 3322 1008 3377 ob
1027 3324 1332 3384 id.missum
1365 3343 1422 3382 se
1450 3331 1670 3385 credere
1700 3332 1767 3386 ad
1793 3333 1962 3402 ipsam
1985 3370 2010 3402 ,

527 3409 601 3466 Ut
621 3412 908 3468 manifesta
932 3415 1019 3469 Dei
1050 3416 1241 3472 ﬁerent
1269 3434 1389 3489 quae
1417 3432 1658 3491 gesserat
1684 3432 1837 3493 acta],

524 3502 688 3572 Cujus
705 3504 932 3573 judieiis
954 3507 1215 3565 obsistere
1243 3519 1412 3566 staret
1443 3513 1680 3583 iniquum
1707 3530 1722 3580 ;

522 3593 622 3650 Cui
646 3595 746 3650 nisi
770 3598 1147 3667 complacitum
1170 3599 1308 3655 foret
1331 3599 1447 3670 ejus
1472 3618 1719 3672 p:omerc
1744 3605 1908 3659 vitam
1926 3646 1949 3673 ,.

526 3685 643 3743 Non
669 3691 819 3746 illam
851 3694 1068 3748 sibimet
1095 3696 1371 3751 visendam
1403 3697 1542 3752 forte
1574 3698 1817 3766 tulisset,

522 3779 635 3835 Nec
667 3782 941 3839 tribuisset
966 3786 1015 3841 ei
1043 3782 1251 3842 tantum
1285 3788 1517 3845 tolerare
1544 3790 1784 3845 laborem

523 3868 593 3925 Et
613 3882 814 3927 tantam
844 3890 1165 3946 properasse
1187 3878 1356 3942 viam,
1382 3879 1473 3948 qui
1496 3879 1686 3934 debilis
1712 3889 1886 3951 atque

523 3957 788 4031 Longaevo
814 3962 1017 4020 fractus
1049 3968 1222 4032 senio,
1249 3983 1347 4022 ceu
1373 3975 1646 4036 cerneret,
1670 3978 1844 4037 astet,

523 4048 620 4104 llis
644 4052 868 4122 aliisque
892 4054 1080 4110 inﬂexa
1111 4057 1215 4126 piis
1243 4060 1612 4125 sermonibus,
1645 4061 1796 4117 illum

522 4138 568 4194 E
596 4140 780 4198 tellure
809 4143 953 4199 levat
978 4146 1186 4209 mulier,
1219 4149 1299 4203 sie
1328 4148 1494 4204 farier
1513 4166 1634 4206 orsa
1662 4168 1678 4208 :

520 4228 675 4285 Abba
695 4272 710 4296 ,
733 4234 981 4303 ignosce,
1004 4237 1168 4305 pudet
1192 4239 1445 4294 vitiorum
1479 4249 1661 4298 texere
1691 4253 1839 4314 gesta
1860 4286 1877 4311 ,

520 4321 698 4391 Atque
733 4339 956 4394 Operam
986 4329 1176 4384 sordes
1201 4330 1294 4385 tibi
1322 4332 1666 4389 dinumerare
1696 4352 1963 4393 meorum.

520 4411 631 4467 Sed
656 4415 783 4483 quia
814 4417 994 4473 vidisti
1028 4431 1224 4475 memet
1253 4423 1370 4477 sine
1397 4425 1630 4494 tegmine
1653 4428 1850 4482 nudam
1868 4466 1889 4495 ,

526 4499 724 4574 Turpia
750 4521 870 4576 qua:
896 4509 1035 4580 gessi
1062 4528 1275 4583 quoque
1300 4514 1583 4571 denudabo
1614 4513 1821 4587 piacla;

520 4590 771 4649 luxuria:
792 4595 982 4653 fuerim
1007 4603 1208 4669 poteris
1237 4618 1561 4672 pernoscere
1585 4618 1799 4675 quanta:
1816 4647 1837 4674 ,

516 4682 689 4749 Quam
721 4688 897 4758 magni
930 4689 1153 4746 sceleris
1183 4694 1436 4762 squalens
1464 4706 1520 4751 et
1551 4698 1763 4753 sordida
1793 4715 1962 4754 na:vo.

517 4770 633 4860 Non
662 4778 905 4844 equidem
923 4820 941 4843 ,
968 4780 1078 4847 ipse
1098 4782 1243 4837 velut
1267 4786 1402 4840 reris
1421 4825 1437 4850 ,
1472 4788 1602 4842 mihi
1639 4789 1809 4860 gloria
1838 4800 2015 4844 mente

516 4858 686 4927 Quam
714 4866 805 4920 tioi
834 4869 1089 4939 dedignor
1110 4872 1251 4926 fastu
1283 4891 1582 4933 memorare
1611 4858 1838 4935 nitescat
1868 4898 1882 4933 :

515 4952 711 5006 933νὲ
737 4958 867 5006 mihi
898 4968 1003 5006 lam
1035 4962 1242 5006 Imllnlzr
1285 4963 1503 5006 innbnlin
1532 4979 1694 5006 munt

2119 392 2182 481 Ἀ
2213 410 2329 465 Stat
2351 410 2596 463 madidus
2630 409 2883 480 lacrymis
2905 408 3085 463 senior
3109 406 3311 476 pietate
3343 404 3604 475 profusis,

2210 499 2303 554 llla
2329 514 2438 554 sum
2469 501 2664 555 seriem
2696 500 2816 553 vita:
2841 499 2917 553 sic
2948 498 3164 552 inchoat
3186 512 3316 551 ore:

2278 589 2570 660 Egyptum
2609 588 2782 643 fateor
2810 588 3037 659 patriam
3070 587 3406 656 Phariusque
3440 595 3693 655 parentes,

2207 678 2446 745 Quorum
2480 678 2782 748 despiciens
2813 675 3063 732 allectum
3096 676 3202 744 jam
3237 676 3569 741 duodennis,

2212 768 2374 825 Urbis
2398 770 2687 823 Alexandri
2721 785 3015 840 properans
3042 769 3093 823 in
3127 768 3325 823 muenia
3354 768 3509 831 veni;

2207 859 2274 910 At
2297 860 2460 928 pudet
2488 859 2770 928 espediam
2802 859 3021 924 sordes,
3054 867 3386 928 tractemque
3410 867 3616 914 reatum

2210 949 2326 1015 Quo
2351 966 2434 1003 tne
2461 950 2743 1021 virginitas
2769 961 2959 1016 stupro
2991 951 3261 1020 petulante
3293 952 3510 1022 reliquit

2212 1039 2284 1096 Ut
2305 1043 2530 1097 sordens
2551 1041 2697 1112 jacui
2731 1046 3001 1098 substrata
3031 1043 3269 1099 libidinis
3294 1046 3484 1100 armis.

2211 1134 2338 1201 Ejus
2364 1151 2594 1205 namque
2626 1137 2754 1190 mihi
2782 1138 3053 1206 quondam
3080 1137 3407 1192 insatiabilis
3431 1137 3609 1202 ardor,

2211 1221 2414 1291 llisque
2440 1224 2625 1277 decem
2655 1233 2709 1279 et
2734 1234 2938 1293 septem
2969 1225 3119 1290 duxi,
3144 1227 3226 1282 vel
3251 1242 3318 1281 eo
3338 1228 3587 1297 amplius,
3612 1243 3745 1288 annos

2211 1308 2561 1368 Debui-charis
2584 1312 2769 1376 furiis,
2796 1326 2848 1369 et
2877 1317 3087 1384 publica
3111 1316 3252 1371 facta
3275 1318 3506 1388 popello.

2211 1400 2322 1457 Nec
2348 1419 2468 1472 quae
2503 1405 3044 1469 nonnullis,tuleram
3074 1408 3202 1462 mihi
3233 1408 3369 1462 dona
3398 1411 3665 1479 pudorem,

2216 1494 2348 1548 Nam
2376 1498 2549 1567 pretio
2582 1513 2685 1551 non
2714 1499 3019 1565 quaerebam
3048 1500 3304 1554 damnare
3332 1502 3597 1569 petulcos,

2220 1586 2287 1641 Ut
2317 1587 2580 1657 laqueatis
2609 1590 2781 1660 gratis
2808 1605 3018 1659 possem
3051 1591 3181 1645 mihi
3212 1594 3440 1663 prodere
3470 1594 3652 1664 plures.

2214 1674 2269 1731 l.|
2299 1693 2471 1745 neque
2501 1680 2846 1748 praecipiebat
2869 1696 3030 1749 opum
3056 1697 3139 1735 me
3160 1683 3315 1752 copia
3341 1683 3512 1750 ferte;

2137 1770 2183 1831 Β
2212 1767 2524 1839 Mettdicaus
2547 1773 2773 1835 ctenim,
2800 1781 3027 1842 stuppas
3044 1773 3129 1826 \‘cl
3147 1773 3231 1828 fila
3258 1776 3517 1830 trahendo

2214 1858 2469 1912 Viveham
2493 1901 2508 1923 ,
2531 1876 2911 1930 summumque
2939 1863 3135 1918 bonum
3163 1865 3480 1921 illecebrosa
3506 1870 3735 1937 putabam.

2208 1947 2349 2017 Ergo
2379 1951 2536 2005 modo
2569 1952 2659 2005 tali
2695 1953 2859 2005 vitam
2888 1954 3191 2008 maculante
3221 1957 3499 2025 probrosis

2205 2039 2431 2095 Actibus
2450 2082 2473 2105 ,Α
2498 2043 2762 2110 aspiciens
2791 2045 3051 2113 quosdam
3076 2086 3092 2111 ,
3122 2048 3274 2116 quasi
3304 2057 3543 2117 tempore
3566 2052 3735 2119 messis,

2208 2131 2422 2204 {Egypti
2450 2135 2739 2207 Libyaeque
2764 2139 2907 2193 viros
2929 2141 3094 2195 maris
3116 2141 3221 2195 alta
3248 2153 3494 2212 petentes
3509 2186 3525 2211 ,

2205 2222 2382 2279 Audio
2408 2224 2693 2279 adoratum
2721 2228 2900 2282 crucis
2930 2231 3031 2283 bos
3059 2246 3353 2300 properare
3382 2242 3576 2303 tropma

2204 2311 2370 2380 Cujus
2394 2324 2549 2368 erant
2576 2315 2959 2387 llierosolynue
2991 2336 3109 2373 mox
3148 2320 3285 2373 festa
3314 2322 3535 2375 colenda
3570 2342 3585 2354 ο

2203 2403 2535 2476 Abjectoque
2567 2407 2683 2462 colo
2712 2409 2963 2464 manibus
2992 2409 3263 2480 fusoque,
3290 2414 3537 2481 cucurri;

2204 2496 2350 2564 Quos
2373 2500 2525 2554 video
2548 2501 2752 2556 validos
2779 2504 3102 2575 placitisque
3133 2506 3261 2559 mihi
3293 2507 3478 2562 usibus
3505 2514 3645 2576 aptos

2204 2590 2536 2660 Aggrediens
2555 2596 2810 2659 juvenes,
2844 2595 2893 2647 in
2921 2593 3098 2648 littore
3122 2595 3259 2650 forte
3282 2583 3567 2661 natantes,

2204 2679 2370 2748 Inque
2401 2685 2706 2737 verecundo
2737 2684 2969 2739 mediam
3004 2702 3087 2740 me
3112 2687 3388 2742 schemate
3410 2689 3633 2752 dedens,

2203 2769 2471 2840 Accipite,
2492 2772 2597 2836 aio,
2625 2773 2747 2841 viri,
2777 2776 3053 2829 vobiscum
3083 2787 3280 2831 memet
3302 2778 3530 2832 amicam
3550 2821 3563 2842 ,

2203 2860 2336 2915 Nam
2365 2861 2557 2918 faciam
2585 2866 2782 2934 possim
2812 2883 2919 2935 quo
2948 2883 3052 2921 non
3087 2869 3297 2938 ingrata
3324 2870 3514 2924 videri.

2202 2951 2299 3009 His
2326 2955 2554 3022 aliisque
2579 2958 2649 3011 illi
2680 2958 2861 3013 verbis
2897 2960 3076 3014 ridere
3101 2961 3309 3031 joeali':

2202 3041 2456 3099 Navicula
2488 3062 2580 3105 me
2597 3034 3047 3122 suscipiunt,‘qua
3075 3056 3352 3108 scamlitur
3379 3054 3544 3109 altum

2126 3132 2174 3195 C
2204 3137 2427 3209 Navigio
2453 3153 2649 3211 ccepto,
2680 3158 2799 3211 qua:
2830 3144 2938 3199 sint
2958 3146 3077 3215 jam’
3103 3147 3333 3216 turpiter
3358 3159 3479 3202 aeta

2204 3228 2483 3296 Quomodo
2508 3233 2590 3286 vel
2616 3234 2926 3290 meminisse
2953 3238 3190 3306 queam?
3218 3235 3353 3291 Nam
3390 3239 3566 3293 dicere
3594 3238 3737 3310 lingu:

2202 3320 2334 3388 Qua:
2366 3322 2564 3389 valeat,
2588 3335 2810 3393 captare
2840 3340 3030 3380 sonum
3066 3343 3186 3395 qua:
3214 3327 3459 3398 perferat
3489 3329 3626 3383 auris

2199 3410 2486 3468 Gestorum
2516 3424 2621 3469 tam
2647 3416 2943 3484 nigrorum,
2968 3418 3164 3487 quibus
3196 3419 3313 3489 ipsa
3342 3419 3594 3489 magistra

2198 3504 2525 3561 Exstitcram
2545 3547 2560 3571 ,
2588 3522 2707 3578 qua:
2732 3510 3052 3579 navigioque
3075 3510 3267 3580 viaque
3297 3513 3539 3581 patrari,

2199 3597 2456 3653 Nolentes
2485 3615 2683 3670 cogens
2711 3601 3064 3672 stimulosque
3089 3603 3394 3659 volentibus
3422 3605 3649 3657 addens!

2198 3687 2374 3753 Abba,
2407 3688 2621 3757 ignosce
2648 3697 2868 3759 stupens
2897 3693 3022 3760 quia
3056 3707 3141 3749 me
3168 3708 3275 3746 non
3301 3693 3509 3748 sorbuit
3533 3707 3705 3762 requor,

2198 3782 2425 3852 Ipsaque
2455 3784 2625 3839 miror
2647 3785 2805 3839 hians
2824 3786 2965 3854 quod
2996 3801 3080 3841 me
3113 3802 3217 3840 non
3249 3800 3395 3840 terra
3423 3788 3647 3847 vorarit,

2196 3871 2254 3926 l-n
2293 3872 2543 3943 laqueum
2573 3874 2764 3928 mortis
2799 3882 2974 3930 tantos
3002 3890 3121 3945 qua:
3146 3877 3380 3945 pessima
3403 3876 3530 3943 jeci.

2199 3965 2304 4020 Sed
2327 3975 2476 4035 puto,
2504 3965 2595 4034 qui
2628 3965 2832 4020 nullum
2856 3966 3113 4022 Dominus
3132 3968 3243 4021 vult
3269 3973 3519 4037 perdere,
3548 3977 3734 4022 cunctos

2198 4055 2329 4112 Esse
2352 4058 2535 4113 volens
2556 4057 2756 4124 salvos,
2780 4060 2922 4128 quod
2948 4074 3032 4114 me
3056 4075 3269 4129 quoque
3293 4071 3507 4116 vertere
3527 4074 3733 4130 quarens

2198 4147 2307 4203 Nec
2326 4148 2586 4203 damnare
2619 4164 2836 4219 parans,
2874 4151 3098 4219 patienti
3123 4163 3302 4207 mente
3327 4151 3555 4207 ferebat.

2201 4236 2523 4294 Pervcniens
2552 4240 2766 4294 tandem
2794 4240 3090 4311 Solymum,
3116 4242 3313 4311 quibus
3343 4253 3471 4297 ante
3490 4244 3661 4297 diebus

2198 4329 2414 4383 Festum
2443 4330 2515 4385 ibi
2538 4330 2791 4397 sustinui,
2831 4332 3160 4402 nequissima
3186 4348 3413 4403 qumque
3443 4336 3630 4406 peregi.

2198 4416 2307 4472 Nec
2332 4420 2467 4472 satis
2491 4433 2609 4473 esse
2633 4422 2716 4473 via
2735 4420 2963 4489 juvenes
2995 4421 3125 4475 mihi
3151 4422 3347 4491 deputo
3365 4425 3600 4494 juuetos,

2121 4479 2167 4538 D
2195 4509 2468 4579 A-djicicus
2499 4510 2748 4581 civesque
2774 4511 2875 4565 loci
2901 4522 3061 4581 atque
3089 4511 3305 4567 aliunde
3326 4525 3563 4572 coactos.

2197 4601 2351 4656 Venit
2382 4603 2469 4656 ubi
2496 4617 2625 4673 ergo
2655 4603 2771 4658 dies
2794 4604 2968 4658 sancti
2995 4604 3257 4660 exaltatio
3282 4606 3411 4677 ligni

2194 4690 2309 4757 Qua
2333 4691 2550 4755 colitur,
2582 4691 2770 4748 ludens
2789 4692 3048 4761 juvenun‘i
3078 4696 3324 4764 praecedo
3353 4696 3624 4759 tumultos,

2192 4780 2432 4839 Luxibus
2464 4784 2689 4840 illiciens
2715 4787 2953 4853 animas,
2977 4787 3241 4858 venioque
3267 4789 3408 4845 beati

2190 4878 2331 4931 Ante
2361 4875 2505 4930 fores
2540 4876 2744 4946 templi.
2776 4887 2988 4933 tentaus
3021 4881 3226 4936 intrare
3259 4892 3488 4937 sacratae

2190 4966 2353 5006 ’Τί-ραι
2382 4968 2577 5006 ιΙηηιιια
2630 4977 2746 5006 ςιιιιιι
2779 4969 3010 5006 ιιιΙΙιιινοιι
3044 4981 3244 5006 vnn-luta
3269 4974 3498 5006 νηηιιιιηι-
