3872 5326
71 320 162 377 m
519 319 611 376 DE
640 320 1016 378 mammas
1043 320 1320 377 cuatsrt
1352 319 1440 378 ετ
1471 318 1574 379 ss.
1610 318 2048 376 ιἈιΑίετικιε
2091 319 2269 376 unm
2308 322 2507 379 TltES.
2559 355 2617 366 -
2646 325 2775 381 LIB.
2806 327 2889 384 ιιι.

74 438 250 493 litesta
280 445 495 506 aegecto
519 432 688 499 fores,
719 434 1048 490 circumfero
1082 436 1287 490 lumina
1318 437 1512 493 tectis:

71 534 194 589 Arte
222 545 415 585 manus
447 528 604 584 video
628 528 831 584 Christi
866 529 1145 596 genitricis
1177 528 1383 599 imago,

73 626 177 686 (tua
203 621 539 692 signabatur,
568 621 834 689 picturam
864 619 1071 689 parjete
1097 620 1314 674 ductam
1340 637 1355 686 ;

74 715 249 769 Visere
275 728 433 781 quam
466 713 688 781 propius
718 712 952 781 speciem
975 711 1172 766 festina
1202 714 1530 785 propinquo,

75 804 564 873 ladeclinautcrqoe
598 813 752 857 tuens
777 804 891 859 haec
923 820 1198 857 murmure
1226 820 1401 874 pango
1429 823 1443 859 :

76 898 262 960 Cerno,
294 894 384 948 Dei
408 894 665 963 genitrix.
698 895 971 965 indignam
998 912 1082 950 me
1104 908 1363 951 venerato

78 989 196 1042 Esse
227 997 337 1051 tuo,
373 987 506 1040 tanti
537 986 790 1054 pollutam
816 987 1058 1041 criminis
1084 997 1239 1053 actu,

81 1079 197 1143 Quae
221 1076 524 1129 veneranda
552 1077 690 1130 nites
714 1076 1000 1145 animaque
1032 1086 1086 1131 et
1123 1092 1352 1148 corpore
1388 1080 1608 1145 munda,

81 1169 198 1235 Quae
224 1168 403 1221 mundi
436 1167 725 1222 Dominum
756 1170 988 1238 genuisti
1016 1185 1179 1225 carne
1209 1171 1400 1240 pudiea
1428 1189 1443 1226 :

83 1263 240 1318 Nosco
264 1262 480 1333 quidem
506 1263 668 1333 digne
693 1264 817 1332 quia
846 1264 1089 1332 squalida
1121 1265 1403 1319 abotuiner
1433 1280 1461 1318 a
1492 1272 1575 1331 te,

84 1352 241 1406 Audio
270 1352 365 1406 sed
388 1350 669 1406 Christum
697 1361 880 1405 nostra
905 1355 974 1408 ob
1000 1354 1277 1424 purganda
1311 1353 1485 1422 piacla

83 1445 442 1514 Assumpsisse
471 1454 560 1498 tuo
584 1454 829 1499 sanctum
850 1443 918 1499 de
940 1460 1169 1513 corpore
1190 1461 1434 1515 corpus;

86 1531 243 1596 Unde,
263 1547 480 1602 precor,
511 1534 591 1586 l’er
619 1548 774 1603 opem
804 1549 1066 1604 nusquam
1095 1535 1335 1591 solamen
1363 1535 1581 1593 habenti

87 1623 188 1677 lam
215 1624 267 1679 ni
294 1624 350 1679 in
377 1633 429 1679 te
461 1624 735 1694 Natoque:
767 1625 860 1679 tibi
889 1635 1035 1693 peto,
1057 1628 1290 1696 prmeipe
1314 1626 1475 1697 patuli

87 1717 276 1773 Limina
302 1734 459 1774 sacra
489 1720 642 1779 mihi,
671 1720 790 1774 sine
817 1721 961 1789 regia
990 1721 1163 1776 visere
1184 1732 1385 1776 sancta:

88 1810 230 1878 Signa
260 1812 462 1874 crucis,
491 1812 615 1865 εοεΙί
644 1811 882 1874 domina,
915 1828 1019 1882 qua
1050 1829 1277 1881 corpore
1308 1828 1500 1882 passus
1520 1828 1543 1869 :

88 1896 233 1970 Inque
254 1911 345 1956 tua
372 1919 458 1955 me
486 1917 639 1956 sume
668 1901 793 1963 title,
819 1899 932 1969 jam
962 1904 1123 1957 sorde
1149 1919 1340 1958 carere

88 1988 337 2055 Luxuria},
365 2004 650 2061 postquam
674 1990 874 2046 Christi
906 2008 1058 2047 sacra
1088 1994 1274 2047 videro
1295 2010 1322 2048 s
1354 2002 1507 2065 eptra

90 2080 306 2139 Lttxibtxs
328 2099 394 2137 en
418 2083 562 2137 saecli
587 2084 778 2155 positis
805 2085 1123 2154 pompisque
1145 2086 1371 2150 relictis,

88 2172 325 2245 Egrediar
349 2168 649 2245 properans
674 2192 782 2246 quo
810 2193 914 2241 me,
941 2178 1246 2240 benedicta,
1276 2179 1509 2235 vocaris.

93 2264 175 2318 llis
201 2267 356 2321 dictis
380 2267 588 2321 foribus
609 2269 797 2336 pernix
827 2283 924 2322 ceu
940 2270 1090 2336 jussa
1116 2270 1436 2339 propinquo,

91 2353 403 2410 Cordetenus
430 2357 610 2410 valido
636 2356 756 2411 ﬁdei
781 2374 1040 2412 succensa
1075 2358 1257 2413 calore
1276 2399 1291 2422 ,

91 2442 303 2513 Virginis
326 2463 390 2501 ac
422 2448 587 2501 veluti
611 2448 888 2516 jussorum
919 2452 1076 2504 ducta
1115 2463 1334 2512 tenore,

91 2530 341 2604 lngredior
361 2538 588 2591 veniens
615 2538 938 2593 intrantibus
964 2540 1144 2593 addita
1169 2538 1359 2599 turbis,

91 2620 155 2676 Ae
180 2623 319 2677 nul-'0
340 2626 685 2695 prohibente,
723 2628 868 2680 velut
900 2628 1029 2682 mihi
1058 2630 1274 2681 tramite
1308 2637 1490 2698 parto,

93 2706 346 2784 Sttscipior
373 2715 593 2785 templo,
622 2726 773 2771 tueor
793 2719 1026 2787 pretiosa
1055 2720 1223 2773 beata:

91 2796 235 2872 Ligna
260 2806 456 2869 crucis,
491 2810 840 2863 tremebunda
866 2811 1040 2864 sacris
1066 2809 1377 2865 cmlestibus
1410 2819 1554 2865 asto.

94 2890 225 2949 Sensi
257 2904 313 2948 ιιι
339 2896 449 2950 vult
474 2899 688 2967 aperire
714 2900 890 2954 sinum
919 2918 1076 2971 quem
1106 2903 1350 2971 paenitet,
1383 2901 1530 2955 omni

93 2987 302 3042 Crimina
335 3002 526 3045 nostra
558 2991 678 3060 pius
702 3008 896 3047 censor
917 2995 1191 3049 dimittere
1221 3005 1536 3064 promptus;

94 3074 256 3149 Neque
280 3081 605 3149 pavimentis
627 3093 900 3147 sternens,
925 3084 1007 3138 bis
1036 3086 1218 3139 oscula
1250 3088 1373 3155 ligo,

94 3162 467 3239 Egredieusqne
492 3172 561 3226 ab
583 3188 669 3237 co,
698 3189 801 3242 qua
835 3174 1067 3244 Virginis
1082 3176 1224 3230 edita
1258 3176 1429 3230 forma
1449 3218 1466 3240 ,
1520 3182 1527 3187 '

95 3255 269 3329 Stoque
296 3278 436 3332 genu
469 3262 629 3326 ﬂexo,
654 3280 810 3319 veros
841 3281 925 3321 tne
952 3282 1179 3322 cernere
1229 3269 1408 3322 vultus

93 3344 372 3417 Conﬁdens,
399 3355 733 3426 supplexque
764 3357 875 3412 lucc
918 3361 1078 3412 verba
1104 3362 1429 3430 precamiois
1451 3361 1591 3418 addo
1626 3380 1641 3416 :

94 3436 392 3507 llonstrasti,
420 3446 664 3509 domina,
691 3462 818 3502 cere
851 3450 978 3503 tuihi
1005 3451 1283 3506 miseratio
1303 3463 1504 3523 quanta

93 3524 159 3582 Sit
180 3539 287 3598 tua,
308 3536 612 3605 suscipiens
636 3537 869 3607 indigna:
902 3539 1100 3593 lamina
1125 3557 1314 3596 servae.

92 3615 245 3676 Gloria
271 3625 380 3677 visa
412 3627 544 3680 mihi
582 3642 702 3696 qua:
730 3628 886 3682 nobis
911 3629 1069 3698 digna
1094 3632 1260 3685 videri

91 3707 188 3766 Non
216 3712 381 3770 fuerat
406 3719 629 3786 gravido
657 3720 907 3773 vitiorum
942 3723 1176 3790 pondere
1204 3725 1405 3794 pressis
1427 3765 1444 3788 ,

92 3797 246 3857 Gloria
278 3820 488 3859 summa
521 3807 651 3871 Deo,
676 3824 773 3876 per
806 3819 855 3863 te
880 3812 970 3879 qui
997 3813 1224 3880 suscipit
1256 3829 1447 3869 omnes

90 3891 156 3946 Ad
177 3896 291 3950 vitm
318 3911 456 3965 quos
486 3914 610 3952 vera
643 3900 783 3953 viam
812 3905 1097 3956 conversio
1124 3905 1293 3960 ducit.

93 3978 179 4038 Sed
227 3988 354 4057 quid
413 3990 571 4058 plura
625 3988 849 4060 loquar?
914 3993 1040 4047 dum
1087 3994 1201 4066 jam
1263 3997 1525 4067 promissa
1553 4014 1648 4068 pa-

1372 4089 1573 4162 lll'atttli

90 4160 297 4237 Tempus
325 4170 481 4224 adest
506 4172 627 4236 tibi,
668 4187 775 4242 quo
806 4173 1016 4244 placeat
1046 4193 1132 4232 me
1164 4178 1336 4251 dirige
1363 4160 1574 4235 doctrix

91 4250 496 4331 Detnonstraque
522 4264 684 4327 viam,
717 4269 961 4334 pra-cede
988 4269 1243 4339 tnagistra
1272 4250 1482 4326 Salutis.

89 4344 265 4408 llaurio
292 4371 416 4409 cum
450 4356 596 4412 dicto
623 4374 804 4413 vocem
844 4361 957 4416 inec
985 4364 1234 4419 consulta
1268 4364 1528 4421 ferentem
1558 4384 1572 4421 :

90 4432 403 4499 Transmisso
434 4448 678 4502 invenies
709 4452 945 4521 requiem
976 4452 1211 4509 Iordane
1239 4457 1471 4512 beatam.

3210 326 3327 388 με

1669 446 1717 502 Α
1746 431 1953 487 Panum
1990 446 2379 491 commemorat
2407 438 2610 494 vietum
2644 442 2747 497 sibi
2776 458 2940 512 parva
2972 445 3250 513 diurnum,

1745 523 1893 588 Quos
1917 538 2134 594 engSSa
2165 526 2283 580 tulit
2315 542 2523 592 secum,
2556 528 2852 602 fragmenta
2877 535 3110 591 dedisse.

1744 614 1952 669 Caetera
1982 617 2112 685 quid
2133 617 2374 687 qua-ris?
2407 618 2605 676 Vereor
2631 638 2755 677 nam
2791 637 3006 692 ca-tera,
3032 628 3185 693 dixit,

1744 707 1823 763 Ne
1849 710 2024 778 patiar
2045 726 2165 780 qum
2194 726 2349 779 passa
2376 713 2489 777 ditt,
2520 714 2566 768 si
2590 731 2837 785 promere
2859 735 3043 774 coner.

1747 798 2016 870 Tempore
2044 803 2205 857 crede
2237 813 2417 858 tamen
2448 816 2600 861 tanto
2625 810 2873 880 graviora
2913 813 3101 870 tulisse

1744 889 1958 957 Quanto
1983 892 2208 947 luxorite
2223 894 2371 964 jacui
2409 897 2695 953 submersa
2734 900 2954 966 cloacm,

1746 979 1991 1054 Namque
2014 985 2202 1041 decem
2231 997 2288 1041 et
2329 997 2536 1059 septem
2567 1007 2786 1063 gravtus
2833 1003 3107 1051 certamen
3140 992 3197 1052 in
3226 1006 3333 1051 an-

3136 1083 3258 1160 [nos

1749 1168 1884 1225 Cum
1908 1169 2195 1226 desideriis
2228 1173 2437 1239 mundi,
2469 1189 2589 1245 qua:
2622 1191 2762 1231 vana
2783 1176 3051 1248 voluptas,

1750 1257 1863 1313 Non
1903 1259 2083 1330 ignota
2114 1262 2246 1315 tuihi
2274 1262 2497 1328 dudum,
2528 1264 2780 1320 conferre
2805 1265 3051 1330 solebat;

1748 1346 1994 1419 Namque
2048 1350 2292 1405 animum
2346 1352 2527 1422 pisces
2587 1353 2774 1410 Pharii
2840 1369 3145 1427 carnesque
3201 1352 3337 1412 sch-

3040 1446 3251 1520 [ibant;

1748 1527 1945 1584 Vinum
1977 1531 2327 1602 concupiens,
2364 1547 2464 1588 nec
2490 1548 2688 1601 aquam
2725 1535 2964 1605 reperire
2996 1536 3263 1591 valebam.

1748 1618 2008 1673 Carmina
2034 1636 2421 1690 nonnunquam
2451 1623 2581 1676 mihi
2609 1622 2886 1679 luxuriosa
2917 1624 3169 1682 redibant

1750 1710 1808 1765 lu
1842 1722 2102 1779 mentem,
2133 1712 2309 1783 lepide
2337 1728 2455 1783 qua:
2475 1715 2763 1770 decantare
2791 1730 3029 1772 sueram.

1679 1801 1726 1862 B
1752 1801 1877 1857 Mox
1918 1801 2232 1875 lacrymans
2260 1814 2556 1875 pectusque
2603 1822 2767 1860 manu
2823 1806 3151 1862 validissime
3212 1812 3337 1865 tun-

3084 1897 3265 1973 [dens,
3304 1908 3309 1911 ⁷

1751 1984 1930 2041 Verba
1971 1986 2294 2042 reducebant
2323 1987 2472 2042 cordi
2495 2002 2616 2057 qua:
2649 1988 2887 2058 Virginis
2906 1989 3034 2044 olim

1753 2078 1836 2133 Ad
1869 2079 2051 2133 vultus
2073 2080 2351 2144 dederam,
2384 2088 2633 2134 statuens
2663 2094 2750 2134 me
2777 2090 2954 2135 mente
2976 2083 3078 2136 sub
3101 2081 3263 2152 ipsis,

1746 2169 1965 2239 Cerqoe
1987 2171 2118 2223 mihi
2145 2170 2403 2223 mundum
2434 2171 2548 2225 licri
2577 2171 2881 2240 importuna
2906 2173 3187 2242 rogabam,

1749 2261 1889 2316 Doto
1914 2265 2136 2317 veniens
2160 2263 2373 2332 superis
2403 2263 2585 2316 lumen
2618 2263 2998 2327 circumdaret,
3032 2273 3198 2334 atque

1750 2352 1834 2408 Me
1862 2354 2133 2414 Stabilem,
2164 2354 2348 2407 mitem
2382 2363 2435 2409 et
2473 2353 2709 2408 validam
2740 2364 3025 2408 renovaret
3054 2353 3238 2426 agoni.

1747 2444 1817 2500 At
1848 2443 1992 2512 quali
2017 2444 2193 2514 elogio
2216 2445 2451 2499 narrabo
2481 2445 2721 2499 libidinis
2745 2446 2953 2499 :estus?

1747 2534 1890 2604 Ignis
1916 2534 2059 2588 enim
2089 2536 2297 2588 validus
2328 2550 2551 2590 carnem
2577 2534 2902 2589 incendebat
2926 2537 2994 2591 ab
3020 2536 3168 2593 intus

1748 2625 1817 2679 Et
1848 2636 2013 2679 totam
2048 2626 2292 2695 rapiebat
2323 2643 2478 2681 amor
2501 2628 2833 2697 nimiumque
2860 2630 3129 2696 trahebat,

1746 2719 1829 2776 Ad
1863 2722 2044 2789 spurci
2074 2729 2257 2788 turpes
2294 2720 2573 2789 impellens
2599 2720 2845 2776 criminis
2868 2738 3015 2776 usus.

1755 2810 1909 2877 Quod
1964 2811 2200 2879 patiens,
2253 2819 2564 2879 terramque
2612 2819 2821 2880 petens,
2876 2809 3235 2881 lacrymisque
3262 2811 3336 2866 ri-

3069 2901 3267 2975 [gando

1746 2990 2062 3050 lttl'untlens.
2093 2999 2276 3045 astare
2311 2991 2442 3045 mihi
2462 2989 2574 3059 jam
2607 2991 2846 3061 Virginis
2870 3006 2965 3045 ora

1750 3082 1924 3136 Mente
1959 3084 2146 3136 videns
2181 3081 2326 3145 lidei,
2360 3081 2663 3136 meditabar
2688 3090 2858 3136 strata
2894 3091 3133 3136 tenorem

1669 3159 1715 3222 (ἶ
1751 3175 1898 3228 llauc
1924 3173 2335 3244 compellantem
2374 3182 2593 3236 memet,
2621 3172 2881 3241 vul.uque
2905 3172 3101 3228 minaci

1748 3265 2091 3329 Terrentezu,
2125 3264 2422 3334 aspiciens,
2453 3277 2751 3333 poenasque
2780 3262 2980 3318 luroris
3010 3269 3261 3334 agentem

1747 3357 2034 3419 Vindicta},
2066 3365 2120 3410 et
2145 3356 2325 3426 gladio
2356 3365 2752 3409 monstrantem
2780 3354 2979 3423 iudicis
3003 3354 3083 3410 ira

1746 3448 1885 3502 Ante
1918 3462 2017 3502 nec
2055 3464 2083 3500 a
2117 3458 2259 3502 terra
2285 3448 2575 3519 surgebam
2605 3448 2657 3503 ni
2685 3450 2837 3519 prius
2867 3449 2956 3503 illa

1745 3537 1862 3593 Lux
1895 3538 2070 3593 inlusa
2104 3539 2235 3592 mihi
2267 3540 2447 3609 superi
2478 3540 2758 3595 solamiuis
2786 3556 2977 3597 omnes

1747 3631 1985 3686 Turbato
2011 3633 2202 3685 victrix
2229 3631 2397 3686 furias
2423 3649 2453 3687 e
2480 3635 2644 3688 corde
2684 3634 2921 3705 fugaret.

1747 3722 1974 3792 Semper
2002 3714 2145 3776 enim
2172 3724 2405 3778 domina:
2431 3726 2721 3793 poscebam
2752 3726 2981 3796 virginis
3010 3733 3230 3791 actum,

1744 3815 1860 3884 Ipsa
1892 3814 2101 3869 ferebat
2128 3831 2309 3884 opem,
2340 3832 2550 3871 mecum
2575 3817 2817 3871 certabat
2843 3830 2897 3870 et
2923 3817 3066 3886 ipsa;

1747 3909 1980 3980 ipsaque
2009 3924 2095 3964 me
2122 3910 2333 3964 cunctis
2370 3919 2425 3965 et
2449 3924 2591 3963 nunc
2616 3910 2926 3963 moderatur
2951 3910 3003 3963 in
3033 3911 3186 3963 actis.

1744 3999 1904 4054 Istius
1938 3999 2060 4052 inde
2086 3999 2268 4053 cibum
2296 3999 2516 4053 Zozima
2551 4009 2865 4068 vestemque
2897 4006 3139 4071 rogante,

1746 4091 1967 4160 Majoris
1998 4092 2157 4146 lucta:
2194 4101 2524 4146 memoratos
2560 4092 2693 4146 dixit
2721 4091 2771 4145 in
2802 4105 2976 4147 annos

1746 4183 1818 4241 Se
1848 4185 2081 4255 geminis
2111 4201 2173 4239 ac
2197 4184 2422 4238 dituidio
2444 4201 2580 4254 quos
2604 4185 2795 4240 detulit
2826 4185 2994 4258 ipsam

1746 4276 1988 4330 Panibus
2023 4285 2085 4329 et
2129 4283 2250 4347 post
2282 4275 2407 4330 hinc
2430 4276 2612 4330 herbis
2642 4276 2841 4331 vixisse
2885 4275 3142 4347 repertis;

1747 4365 2005 4422 Vestibus
2036 4368 2353 4437 assumptis,
2388 4368 2566 4438 rapuit
2596 4384 2733 4438 quas
2774 4367 3031 4438 temporis
3058 4378 3192 4423 actas

1748 4458 1811 4515 Vi
1843 4461 1974 4514 solis
2003 4460 2252 4525 nimium,
2284 4461 2511 4515 nimium
2539 4460 2585 4513 vi
2622 4459 2840 4530 frigoris
2864 4473 3082 4527 actam;

90 4528 234 4621 Quam
260 4553 450 4593 vocem
478 4556 674 4612 supero
706 4554 964 4612 reputans
995 4547 1124 4603 mihi
1160 4551 1381 4605 nomine
1406 4552 1566 4607 latam
1588 4594 1603 4619 ,
1672 4516 1717 4575 Β
1750 4550 1855 4605 Sed
1881 4553 2082 4607 virtute
2114 4552 2204 4606 Dei
2237 4568 2296 4607 se
2329 4562 2508 4606 mente
2532 4562 2587 4606 et
2607 4567 2834 4621 corpore
2858 4562 3053 4607 tectam

89 4618 237 4694 Mque
260 4640 452 4697 petens
479 4631 752 4686 dominam
780 4650 846 4689 ne
878 4637 1109 4696 deserat.
1136 4640 1271 4693 atria
1308 4641 1512 4712 linquo.

89 4712 299 4777 Flentem
331 4740 420 4779 me
446 4740 678 4780 cernens
709 4727 926 4797 quidam
959 4730 1057 4783 tria
1081 4733 1311 4788 coutttlit
1335 4752 1476 4800 mra;

91 4800 212 4863 Ilicet
236 4812 317 4867 his
344 4830 515 4882 panes
547 4816 769 4870 totidem
802 4830 1037 4873 mercata
1072 4822 1286 4877 recedo.

91 4889 224 4982 l’acta
253 4904 410 4957 simul
434 4904 696 4960 Jordauis
724 4907 847 4970 iter,
882 4919 990 4963 tum
1026 4913 1221 4982 templa
1251 4912 1476 4971 Joannis

92 4978 313 5074 baptista:
340 4996 531 5059 subeo,
563 5000 912 5054 communico
937 5017 1162 5070 verpere
1191 5008 1393 5074 sacris;

92 5069 226 5176 l’asta
250 5085 366 5138 cibo
392 5088 573 5155 panis,
596 5085 853 5144 Iordanis
884 5069 1061 5145 laml.o
1087 5089 1283 5149 ﬂuenta

1749 4641 1957 4696 Nutriri
1997 4658 2161 4712 atque
2190 4642 2293 4710 tegi
2322 4640 2530 4694 Domini
2560 4641 2855 4694 munimine
2884 4638 3054 4707 verbi,

1745 4730 1880 4785 Cum
1910 4746 2014 4784 tton
2050 4732 2193 4782 vivat
2217 4730 2377 4783 homo
2407 4727 2579 4781 solum
2611 4726 2874 4781 solamine
2897 4727 3049 4797 panis

1747 4825 1886 4892 Quin
1911 4828 2057 4880 omni
2086 4826 2252 4880 verbo
2278 4823 2489 4879 Domini
2518 4825 2659 4893 quod
2689 4825 2867 4897 prodit
2896 4826 2963 4879 ab
3002 4839 3122 4890 ore,

1747 4919 1940 4975 Nudati
1969 4929 2023 4972 et
2057 4918 2205 4971 vitiis
2229 4920 2497 4972 donentur
2522 4918 2759 4988 tegmine
2795 4929 2983 4989 petrae.

1821 5009 2040 5064 Auditis
2070 5023 2240 5063 sacra:
2279 5007 2473 5073 titulis,
2504 5010 2799 5080 interrogat
2825 5009 2990 5064 heros

1754 5100 2053 5170 Scriptura:
2078 5099 2272 5155 mulier
2294 5101 2514 5171 sapiens
2542 5116 2607 5155 an
2636 5113 2941 5173 gratnmata
2964 5116 3189 5173 nosset.
