3872 5326
539 282 647 341 Si?
1240 269 1639 338 FLODOARDI
1675 262 1993 330 CANONlCl
2019 266 2068 321 ιι

2245 258 2364 319 lSlS
2397 259 2767 319 OPUSCULA
2803 252 3128 317 METRICA.
3694 248 3774 307 ιιι

538 396 797 453 Jordanis
825 403 1077 466 repetens
1099 406 1342 449 eremnm
1371 404 1439 446 ne
1477 393 1718 443 transeat
1747 395 1977 447 annum,
2147 377 2199 437 Δ
2226 370 2389 443 Septa
2415 371 2731 428 monasterii
2755 372 2949 442 repetit
2981 369 3290 426 latissimus
3313 366 3477 424 abba.
3519 385 3531 395 ’

544 486 851 543 l'rzedieeus
876 486 1017 557 quod
1049 500 1149 540 nec
1179 496 1452 554 quoquam
1476 479 1521 534 si
1549 483 1718 532 tentet
1740 472 1911 534 abire,
2222 465 2426 520 Exacto
2453 464 2668 519 rediens
2701 476 2842 518 anno
2871 463 2988 517 loca
3009 461 3162 532 jussa
3190 461 3410 524 revisit,

544 578 626 633 Sit
663 579 822 651 potis,
852 588 907 631 at
933 583 1149 630 maneat
1177 549 1390 629 cmuam
1423 566 1728 624 benedictio
1749 559 1955 618 Christi
2222 556 2636 626 Adveniensque
2665 555 2935 624 videtjam
2969 552 3209 608 membra
3249 550 3434 606 relicta
3474 549 3689 614 calore,

541 668 720 737 Quam
758 667 891 722 facit
936 673 1258 735 exspectans
1314 657 1704 719 venerandam,
1753 662 1979 721 vespere
2003 660 2125 700 sur-
2224 645 2555 717 Compositis
2581 647 2847 708 manibus.
2873 659 3200 715 versumque
3219 643 3405 712 jacere
3426 642 3665 697 cadaver

1918 738 2032 813 [gat
2227 741 2370 797 Solis
2390 743 2456 796 ad
2488 756 2796 814 egressum;
2826 740 3079 811 lacrymis
3107 737 3448 807 perfunditur
3477 736 3666 801 heros,

548 850 808 921 Corporis
838 858 1003 919 atque
1035 846 1134 901 sibi
1160 842 1373 899 Domini
1404 838 1658 913 mysteria
1682 841 1897 908 portet;
2228 832 2473 902 Dumqttc
2508 847 2699 902 preces
2727 832 2911 886 dicens
2931 838 2984 883 et
3022 828 3261 898 psalmos
3291 827 3480 881 usibus
3512 833 3665 891 aptos

549 939 632 995 Ad
662 939 832 1009 ripam
860 935 1110 992 Jordauis
1137 950 1258 988 eam
1286 948 1407 988 cum
1440 942 1662 984 munere
1681 923 1884 981 Christi
2230 922 2531 991 Exsequias
2558 922 2792 977 celebrat
2820 937 2834 983 ς
2867 921 2959 974 sed
2996 919 3231 973 nominis
3269 915 3473 971 inscius
3504 915 3706 978 haeret;

550 1030 850 1092 Sustineat,
879 1044 986 1100 quo
1022 1044 1144 1082 mox
1173 1026 1395 1081 veniens
1421 1018 1785 1077 communicet
1807 1013 1986 1069 almis.
2230 1013 2456 1072 Terram
2485 1016 2809 1087 despiciens,
2840 1014 3023 1085 apices
3049 1013 3101 1066 in
3133 1009 3353 1081 pulvere
3383 1009 3581 1061 (laetos

552 1118 682 1175 [uile
712 1119 1023 1174 monasterii
1053 1117 1268 1172 Patrem
1291 1114 1391 1168 sub
1417 1111 1635 1165 uoutinc
1666 1108 1885 1178 signans
2231 1109 2439 1171 Cernit,
2476 1107 2839 1175 accessusque
2868 1106 3009 1158 diem
3042 1116 3345 1169 nomenque
3374 1098 3656 1151 ferentem.

554 1208 805 1279 Pri-cipit
832 1209 1062 1274 hortari,
1090 1206 1292 1279 vigilet,
1322 1202 1425 1259 sibi
1462 1199 1665 1257 credita
1693 1202 1895 1258 servet,

2232 1201 2458 1271 Couiieit
2485 1215 2614 1271 ergo
2637 1199 2806 1268 ipsam
2838 1195 3096 1264 migrasse
3124 1194 3176 1247 in
3201 1200 3360 1246 nocte
3386 1188 3633 1249 Mariam,

553 1304 922 1373 Attendatque
952 1301 1125 1374 gregi,
1148 1306 1358 1355 resecet
1386 1311 1505 1366 qua:
1540 1307 1706 1365 prava
1731 1287 1954 1343 videbit.

2114 1324 2119 1329 —
2233 1291 2518 1348 Praeterito
2548 1289 2750 1343 sanctis
2773 1301 2880 1356 qua
2910 1284 3327 1354 participavcrat
3359 1292 3528 1342 anno,

554 1392 653 1451 Ille
680 1394 1068 1449 monasterium
1100 1400 1218 1462 post
1247 1391 1363 1444 lucc
1386 1387 1545 1458 petit,
1576 1384 1665 1438 illa
1703 1392 1972 1435 recessus.
2234 1382 2423 1451 Adquc
2453 1380 2628 1433 locum
2662 1377 2815 1430 trime
2842 1374 3015 1446 spatio
3047 1373 3271 1427 rediisse.
3300 1369 3401 1424 sub
3424 1368 3607 1433 horae,

555 1501 571 1543 ξ
626 1487 778 1543 Abba
810 1485 974 1555 igitur
996 1458 1113 1539 toto
1138 1481 1305 1538 tacuit
1334 1494 1454 1549 qua:
1475 1478 1685 1531 viderat
1717 1484 1890 1536 anno;
2236 1470 2316 1527 Ad
2342 1485 2500 1540 quem
2531 1468 2614 1522 bis
2642 1467 2796 1521 denis
2821 1468 2909 1519 vix
2941 1472 3165 1518 venerat
3191 1460 3279 1514 ille
3306 1458 3522 1512 diebus.

555 1577 627 1634 At
653 1593 774 1634 cum
801 1576 911 1645 jam
936 1580 1228 1647 properant
1247 1570 1454 1641 jejuuia
1481 1582 1636 1623 sacra
1666 1563 1887 1626 residit,
2238 1561 2471 1633 Augitur
2494 1574 2625 1631 ergo
2645 1574 2809 1614 senex
2837 1557 3031 1612 desunt
3063 1556 3188 1624 quia
3218 1562 3391 1606 rastra
3431 1546 3604 1604 labori

558 1668 826 1727 Febribus
849 1645 1089 1729 invasus,
1119 1662 1343 1735 reliquis
1371 1658 1695 1716 abeuntibus
1720 1662 1901 1719 extra,
2168 1722 2214 1735 _
2242 1652 2417 1721 Atque
2442 1650 2732 1721 sepultura:
2764 1664 2863 1719 per
2890 1664 3009 1717 qua:
3053 1645 3326 1701 deserviat
3353 1657 3541 1708 arma;

559 1763 781 1818 Dixerat
808 1768 867 1814 ut
896 1759 998 1813 sibi
1027 1756 1329 1812 vaticinans
1353 1767 1490 1807 auus
1518 1764 1613 1805 ore
1640 1750 1816 1803 beato.
2168 1722 2217 1785 Β
2248 1742 2620 1813 Exiguumque
2650 1741 2836 1793 videns
2866 1738 3067 1808 lignum
3095 1736 3197 1789 sibi
3237 1733 3377 1788 forte
3401 1732 3585 1801 jacere

555 1855 625 1909 At
658 1854 883 1907 redeunt
909 1857 1111 1905 sanctae
1141 1845 1332 1900 fratres
1361 1842 1448 1896 ubi
1475 1854 1700 1909 vespere
1722 1849 1927 1900 emitte,
2242 1833 2501 1903 Corripit,
2532 1833 2853 1900 euiteusquc
2880 1829 3016 1884 folit
3043 1828 3331 1883 durissima
3357 1836 3538 1890 terrm,

559 1944 820 1999 Dulcibus
847 1940 935 1995 ille
962 1953 1161 2009 parans
1189 1935 1408 1991 monitis
1434 1932 1746 2001 impendere
1767 1938 1980 1990 curam.
2245 1926 2422 1998 Terga
2456 1936 2658 1989 terens,
2690 1940 2787 1979 uce
2809 1923 3117 1994 proﬁciens,
3151 1921 3433 1990 itttpat'qttc
3458 1918 3671 1973 laboris.

561 2034 915 2091 Sacramenta
946 2030 1096 2085 vehit
1125 2027 1291 2082 divini
1320 2023 1566 2094 corporis
1593 2030 1756 2089 atque
2244 2019 2315 2073 At
2342 2018 2539 2073 sudore
2559 2016 2741 2087 eperis
2772 2013 3124 2073 madefactus,
3153 2013 3357 2075 lassus,
3390 2010 3614 2065 anhelus

565 2123 858 2196 Sanguinis
885 2122 939 2175 in
971 2119 1195 2174 calicem
1226 2129 1410 2170 secum
1440 2109 1693 2165 Jol‘tlmlis
1721 2105 1788 2160 ad
1823 2118 2001 2168 0mm.
2247 2110 2563 2180 ReSpicieus
2591 2108 2736 2162 videt
2767 2107 3036 2177 ingentem
3065 2121 3229 2175 prope
3258 2096 3407 2157 stare
3438 2103 3638 2156 leonem

562 2194 870 2270 Adveittum
901 2218 1104 2266 sanctae
1127 2205 1415 2278 opperiens
1446 2202 1498 2256 in
1527 2198 1769 2267 margine
1795 2196 1925 2262 rip:e
1950 2209 1964 2246 ι

2247 2200 2492 2272 Pigueris
2516 2211 2677 2269 atque
2699 2199 2861 2270 pedes
2900 2198 3017 2251 initi
3048 2195 3388 2267 prolatultere
3413 2194 3609 2265 lingua.

563 2305 886 2375 Exspectata
908 2301 1021 2365 ditt,
1043 2314 1163 2370 qua:
1191 2298 1304 2368 jam
1335 2295 1435 2350 sub
1468 2300 1711 2361 tempore
1732 2287 1908 2342 noctis

2250 2290 2496 2347 Territus
2529 2291 2617 2345 ille
2639 2306 2858 2359 pavore,
2885 2289 3064 2343 crucis
3091 2303 3150 2342 se
3178 2285 3372 2339 tuuniit
3408 2285 3591 2346 armis.

563 2395 870 2453 Adveniens
899 2406 1061 2447 cruce
1104 2386 1504 2458 lrnllsgl‘edilllr
1532 2382 1632 2438 Silii
1662 2390 1824 2451 νοηιο
1853 2384 2044 2448 Ρδτειιο
2252 2385 2485 2440 Motibus
2507 2394 2562 2438 et
2585 2384 2840 2437 blandum
2877 2395 3107 2435 cernens
3139 2380 3378 2444 tandem,
3406 2378 3504 2431 ista
3530 2373 3716 2429 volutat

566 2485 633 2540 Et
653 2483 880 2538 solidum
908 2480 1141 2551 liquidas
1163 2491 1360 2546 corpus
1388 2472 1796 2547 ssp-erambulat
1822 2468 2012 2525 undas.

2249 2478 2414 2537 Ferte
2440 2478 2540 2534 sibi
2575 2477 2778 2532 socium
2810 2473 3074 2545 patranda
3104 2472 3172 2525 ad
3201 2470 3382 2524 munia
3415 2470 3647 2522 missum.

564 2575 851 2645 Aspicicns
877 2566 1069 2643 stupef
1094 2572 1196 2627 ista
1226 2583 1418 2633 senex,
1450 2567 1552 2621 sub
1581 2564 1784 2618 lumine
1813 2561 1978 2625 quat,

2251 2575 2482 2645 lzuperat
2513 2573 2599 2628 hic
2630 2573 2798 2625 lidcus
2829 2578 3004 2623 vertat
3031 2584 3136 2637 quo
3170 2564 3344 2621 bellust
3373 2563 3553 2631 glebas

565 2665 907 2736 Perfeetique
940 2665 1087 2718 videt
1110 2677 1272 2733 quam
1303 2661 1372 2716 sit
1400 2657 1714 2715 certaminis
1743 2656 1937 2725 impar.

2252 2665 2623 2735 Expediatquc
2653 2645 2754 2732 piis
2783 2661 3038 2715 membris
3067 2660 3257 2713 festina
3286 2656 3609 2726 sepulcrum.

564 2756 693 2812 Ῑηάθ
730 2758 866 2826 Pem
897 2762 1071 2809 male"
1099 2753 1222 2806 mei
1254 2752 1469 2805 diem“?
1496 2757 1555 2802 ιιι
1581 2748 1741 2815 om":
2097 2787 2122 2799 -
2254 2760 2414 2814 Paret
2439 2767 2494 2812 at
2523 2757 2636 2825 ipsa
2660 2756 2825 2817 senis,
2854 2762 3064 2823 sumpto
3092 2738 3365 2812 leuintiue,
3394 2748 3553 2818 jussis
3578 2761 3596 2812 ;
3668 2775 3674 2781 -

567 2816 941 2918 Juugaturque
970 2844 1095 2900 dein
1134 2841 1373 2912 locuples
1399 2839 1574 2894 oratio
1597 2835 1822 2890 Cll"isll.

2254 2848 2322 2904 Et
2347 2848 2530 2902 didicit
2554 2846 2767 2900 tandem
2795 2843 2983 2897 feritas
3006 2841 3171 2895 oblita
3202 2816 3432 2903 furoris,
3622 2884 3627 2888 .
3762 2816 3768 2826 Α

568 2940 863 3011 Postquam
894 2947 1169 3009 perpetua:
1190 2934 1420 3005 sumpsit
1447 2929 1704 3004 mysteria
1731 2928 1879 2995 vitm,

1862 2964 1879 2995 ι
2256 2939 2450 2995 Nescia
2477 2938 2703 2999 servitii,
2731 2945 2921 2989 sancto
2946 2934 3154 2987 servire
3175 2930 3343 2984 labori
3374 2947 3387 2982 :

571 3035 693 3091 Mox
721 3034 772 3087 in
799 3047 933 3104 pace
964 3030 1057 3086 Dei
1090 3044 1209 3085 sese
1238 3025 1505 3081 dimittier
1530 3031 1674 3079 orat.

2183 3074 2228 3104 ι,
2261 3033 2461 3088 Libera
2487 3031 2647 3086 corda
2674 3043 2890 3099 gerens,
2922 3025 3148 3080 set-viis
3193 3023 3429 3093 explicat
3470 3029 3645 3077 actus

570 3127 672 3182 Ast
691 3121 964 3192 compulsa
995 3120 1097 3174 viri
1126 3117 1396 3188 precibus,
1425 3115 1526 3168 tria
1555 3112 1785 3168 contulit
1822 3110 1905 3167 οτι

1865 3110 1905 3167 ΓῘ
2182 3110 2231 3140 ν
2265 3123 2495 3179 Funeris
2522 3120 2697 3174 officio
2727 3118 2941 3172 diverso
2973 3130 3122 3169 more
3151 3125 3394 3185 peracto,

572 3215 619 3271 Α
643 3229 772 3269 sene
804 3210 1074 3267 lenticulae
1101 3210 1291 3265 delala-
1313 3221 1480 3278 grana
1508 3205 1765 3258 canistro.

2266 3215 2475 3271 Diversi
2505 3218 2746 3267 remeant
2767 3208 3013 3270 comites,
3047 3207 3255 3260 diversa
3293 3214 3551 3274 petentes.

574 3304 715 3361 lliuc
733 3304 866 3374 petit
897 3311 953 3356 ut
976 3302 1158 3357 senior
1179 3309 1405 3354 venturo
1436 3311 1624 3351 rursus
1654 3296 1705 3348 in
1731 3309 1874 3349 anno

2265 3308 2363 3363 llic
2388 3307 2601 3360 deserta
2628 3315 2861 3372 sequens
2888 3299 3022 3368 petit
3048 3297 3228 3351 abdita
3256 3297 3425 3350 lustra
3456 3297 3704 3356 ferarum;

576 3398 895 3454 Τθννθίηθω
928 3402 1137 3464 repel“
1164 3406 1272 3461 q"°
1297 3397 1424 3444 sum
1447 3387 1604 3444 ⁵ί¹¹¹¹¹¹
1632 3396 1758 3441 “me
1791 3385 1975 3452 ¹⁰⁰¹¹¹Ῐν
2264 3404 2370 3459 lste
2409 3396 2793 3455 monasterium
2822 3393 3037 3449 rediens
3064 3391 3178 3445 adit
3206 3390 3419 3459 agmina
3453 3387 3683 3449 fratrum,

577 3493 651 3548 Se
679 3491 819 3546 Deus
848 3500 904 3544 ut
930 3488 1119 3558 jubeat
1142 3499 1447 3540 memorans
1473 3482 1562 3537 hic
1586 3496 1705 3536 esse
1730 3481 2037 3536 videndam.

2264 3493 2502 3550 Cernere
2531 3503 2650 3559 quae
2674 3485 2869 3541 meruit
2898 3492 3084 3537 narrat
3112 3479 3379 3552 magnalia
3416 3477 3630 3533 Christi.

578 3583 671 3642 Sic
700 3584 800 3641 sibi
830 3591 1113 3654 poscentes
1142 3579 1339 3634 abeunt
1366 3575 1625 3632 solamina
1658 3574 1788 3629 ferri

2264 3586 2554 3643 Instituunt
2579 3582 2774 3636 fratres
2809 3578 3002 3633 festum
3028 3575 3305 3630 celebrare
3333 3575 3504 3628 beatte
3523 3611 3538 3638 ,

581 3676 786 3742 Mutua,
819 3677 1144 3744 devotasque
1170 3685 1361 3743 preces
1384 3668 1638 3737 utrinque
1665 3664 1939 3737 profundi.
2263 3678 2703 3746 Graudmusque
2729 3685 2892 3727 senex
2918 3668 3167 3723 Ζυιίιηειε
3193 3667 3245 3722 in
3275 3681 3408 3738 pace
3428 3660 3667 3736 quiesci;

582 3765 718 3823 Tum
743 3782 903 3840 super
925 3765 1101 3821 amnis
1127 3779 1233 3819 anu
1263 3762 1460 3817 ﬂuctus
1482 3760 1772 3831 repedaute
1797 3758 1972 3822 beata,

1204 3876 1215 3909 ³
2034 3872 2263 3935 CAPUT
2303 3878 2348 3934 V

1825 3963 1898 4020 De
1922 3978 2103 4021 sancto
2133 3965 2306 4023 Fabio
2346 3973 2594 4036 martyre.

584 4088 749 4144 Multa
769 4085 1116 4142 Palaestinam
1146 4091 1360 4139 constat
1381 4082 1669 4137 decorasse
1697 4088 1922 4151 tropma,
2267 4082 2527 4139 Cmsarem
2554 4074 2810 4148 quoniam
2836 4071 3019 4144 plures
3042 4085 3070 4125 a
3096 4041 3323 4126 Cresare‘
3346 4041 3528 4133 dictae;

586 4180 666 4237 Ex
688 4195 795 4249 quo
820 4176 1092 4247 progressi
1123 4174 1380 4227 mumhun
1409 4188 1674 4227 oruavere
1699 4172 1991 4241 triumphis
2267 4173 2335 4228 Et
2359 4185 2519 4241 quam
2546 4165 2777 4222 sacrarit
2798 4163 2985 4233 jugulo
3007 4177 3116 4216 non
3138 4159 3367 4230 legimus
3391 4157 3604 4211 harum.

590 4269 849 4341 Signiferi
877 4268 1114 4338 insignes
1138 4264 1362 4328 Christi,
1392 4264 1590 4333 pietate
1612 4260 1827 4328 viriles;

2268 4265 2523 4321 Traditur
2550 4270 2604 4315 at
2625 4257 2827 4315 Christi
2853 4255 3148 4312 certamine
3173 4252 3387 4306 fortiter
3417 4265 3560 4305 usus.

590 4362 692 4431 Qui
722 4359 979 4414 mundum
1001 4366 1056 4412 et
1079 4350 1261 4410 mundi
1281 4367 1533 4425 proceres
1555 4352 1653 4407 sub
1673 4360 1887 4421 sceptra
1912 4365 2165 4421 prcmcu-
2269 4354 2525 4412 Prarsidis
2549 4353 2662 4421 ipse
2686 4349 2903 4417 quidem
2927 4348 3052 4414 quia
3085 4357 3301 4398 sumere
3319 4341 3472 4410 signa
3500 4342 3713 4398 recusat,

1969 4442 2098 4518 [tes,
2270 4445 2528 4503 Truditur
2552 4443 2605 4497 in
2634 4449 2772 4495 tetro
2807 4437 2963 4491 fortis
2986 4434 3079 4490 sed
3111 4446 3330 4489 carcere
3355 4430 3549 4493 miles;

592 4546 742 4601 hanc
773 4542 964 4615 palmis
988 4555 1213 4596 vacuam
1242 4554 1349 4593 ηοη
1382 4533 1634 4608 abiecere
1658 4537 1886 4606 negatis.
1976 4517 1987 4518 ί
2271 4540 2400 4596 Post
2423 4538 2735 4606 aliquotque
2765 4519 2882 4585 dies
2909 4530 3035 4586 hinc
3058 4527 3269 4583 sistitur
3296 4532 3422 4577 ante
3449 4517 3691 4581 trilmnal,

590 4638 647 4692 In
673 4652 776 4707 qua
806 4635 1042 4689 victores
1071 4630 1350 4699 veterique.
1371 4642 1616 4696 novaque
1642 4635 1934 4682 coruscant
2273 4629 2517 4686 Scitalur
2545 4622 2714 4681 semel
2748 4632 2911 4699 atque
2942 4619 3163 4683 iterum,
3189 4616 3459 4683 duratque
3491 4609 3670 4666 ﬁdelis.

593 4725 736 4798 Lege
758 4723 969 4787 Patres,
1007 4736 1238 4792 quorum
1263 4734 1466 4790 paucos
1489 4717 1723 4772 coluisse
1746 4715 1913 4771 relatu

2275 4723 2395 4779 Mox
2421 4719 2606 4792 jugulo
2630 4716 2786 4788 plecti
2810 4711 3103 4769 furibundo
3139 4726 3169 4763 a
3190 4705 3573 4777 judieejussus

596 4817 678 4872 Mc
699 4817 871 4870 fateor
898 4815 1110 4876 stricto.
1137 4812 1309 4881 lepida
1337 4825 1436 4865 nec
1460 4810 1579 4864 lucc
1605 4809 1791 4879 ρυιῑιο.
2278 4815 2584 4873 Percutitur
2610 4810 2818 4882 gladio,
2851 4804 3066 4876 capitali
3096 4803 3210 4872 lege
3234 4799 3518 4855 subactus.

596 4904 732 4962 Nam
758 4904 882 4959 licet
910 4902 1151 4970 antiquis
1172 4896 1470 4969 pictoribus
1496 4905 1657 4967 atque
1687 4895 1863 4967 poetis

2280 4905 2411 4964 Tum
2450 4922 2516 4961 ue
2554 4904 2709 4960 detur
2735 4902 2901 4955 humo
2925 4905 3146 4952 servant
3179 4893 3405 4949 custode
3436 4889 3672 4951 cadaver,

598 4995 860 5066 Quaelibet
889 4991 1119 5046 mutendi
1147 4990 1319 5043 fuerat
1340 4989 1610 5058 quondam
1636 5003 1787 5058 mqua
1831 4993 2096 5058 potestas,

2275 4996 2630 5065 Reticuloque
2656 4992 2821 5047 situm
2851 4989 3008 5044 salsis
3047 4985 3213 5039 maris
3234 4982 3440 5036 inditur
3464 4978 3629 5033 undis.

597 5089 776 5144 Pauca
807 5085 978 5155 magis
1001 5082 1216 5151 cupiam
1249 5080 1504 5146 strictim,
1529 5081 1624 5134 sed
1648 5095 1772 5135 vera
1798 5077 2067 5150 profatus,

2276 5086 2407 5142 Post
2435 5085 2670 5139 triduum
2703 5093 2938 5135 mersum
2967 5087 3271 5144 corpusque
3304 5080 3571 5140 caputque
3596 5066 3783 5122 deorsum

601 5180 839 5235 Sirmate
866 5191 1029 5246 quam
1060 5173 1217 5244 longo
1248 5173 1474 5242 reperiri
1499 5170 1632 5225 falsa
1658 5178 1896 5225 secutus.

2277 5174 2548 5237 RetiCulo,
2577 5172 2668 5226 sed
2699 5169 2798 5225 sub
2822 5165 3033 5221 Detnini
3065 5164 3266 5217 virtute
3298 5160 3512 5215 revulso

607 5269 760 5326 Unde
785 5282 883 5321 nec
906 5265 1099 5321 admisi
1132 5274 1189 5320 ut
1214 5280 1464 5321 canerem
1492 5260 1787 5319 certamina
1820 5274 2049 5326 quorum
2208 5320 2244 5326 __
2283 5268 2512 5323 Sacrata
2541 5260 2704 5326 capiti
2742 5258 3091 5314 redhibeatur
3116 5254 3360 5308 membra
3389 5250 3531 5305 beati
