3888 5330
526 240 619 297 εει
1241 222 1630 282 ριιοθουιυι
1667 216 1986 277 CANONlCl
2010 213 2356 272 REMEN’SIS
2385 210 2748 271 OPUSCULA
2791 208 3118 268 METRICA.
3495 291 3508 297 Δ
3686 198 3795 262 ΚΞΞ

529 347 773 405 interimi
800 359 901 401 nec
928 340 1111 397 seduci
1144 338 1355 393 vineive
1388 334 1667 398 valebant;
2139 334 2185 392 Α
2214 326 2489 381 Victorem
2512 339 2698 393 regum
2719 332 2939 393 superat
2967 320 3227 393 patientia
3258 317 3510 373 fratrum.

532 404 821 494 Terrorem
855 432 998 503 regis
1023 443 1312 501 puerorum
1342 435 1561 495 pectora
1591 423 1867 492 frangunt,
2216 417 2366 472 llaud
2392 415 2614 467 dubium
2645 429 2743 484 pro
2772 413 2886 481 lege
2917 412 3006 503 Dei
3040 411 3181 481 quod
3212 409 3359 503 cade
3382 404 3654 503 perempti

528 523 711 583 Munia
739 541 837 580 nec
867 497 1298 593 tegis-tormenti
1326 515 1574 569 machina
1602 513 1786 582 fregit.
2213 507 2254 560 Δ
2286 504 2517 583 .Domiuo
2548 502 2679 571 legis
2705 503 2916 593 capient
2945 500 3028 569 pia
3057 498 3278 593 prmmia
3306 497 3496 562 morti,

529 619 702 686 Quem
726 589 948 672 vincunt
977 611 1128 684 pueri
1162 610 1417 664 barbatos
1450 608 1657 661 vicerat
1684 605 1891 668 hostes;
2217 595 2505 649 Sumeutcs
2535 605 2741 655 roseas,
2770 589 2988 645 Christo
3020 589 3308 653 tribuente.
3340 601 3590 646 υοΐοηιιεο

1992 748 2220 808 CAPUT
2246 748 2307 804 ll.

1876 845 1953 901 De
1977 844 2156 916 Αθαεο
2194 840 2465 912 propheta.

532 973 633 1030 llic
653 972 822 1044 Agahi
848 969 1052 1041 pollent
1087 967 1257 1024 sancti
1291 971 1634 1022 monmnenta
1666 960 1966 1032 prophetae,
2218 950 2418 1044 :ludazis
2443 946 2644 1044 ablata,
2674 946 2775 1044 pia:
2793 945 2889 1000 sed
2919 944 3116 1000 tradita
3140 944 3329 1044 genti:

533 1037 1215 1129 lnque'rudi'testamento,
1247 1054 1333 1109 cui
1363 1053 1536 1123 gratia
1568 1059 1752 1104 vatqu
1774 1108 1788 1119 η
2220 1041 2424 1099 Lumen
2455 1039 2524 1093 ab
2551 1037 2811 1129 llebrmisi
2825 1046 3103 1129 extrusum
3136 1038 3390 1129 gentibus
3415 1048 3617 1094 ortum.

535 1127 741 1205 Enituit
766 1157 1032 1211 veterum,
1060 1147 1207 1201 ciaro
1228 1157 1452 1199 ventura
1481 1142 1720 1197 canenti.
2221 1130 2323 1188 Hic
2345 1140 2532 1186 8390'0
2559 1130 2763 1184 θεείηῖι
2788 1127 2957 1184 Paulo
2975 1142 3073 1183 ευει
3102 1128 3278 1184 νίιιοιίί
3309 1145 3562 1197 manere;

536 1242 629 1296 Ile
656 1241 850 1296 famem
885 1239 1067 1293 multis
1093 1238 1419 1309 praedixerat
1447 1246 1573 1292 ante
1594 1237 1787 1291 diebus

2221 1221 2388 1291 Cujus
2405 1222 2709 1291 corripiens
2730 1235 2944 1283 zonam,
2968 1219 3279 1290 palmasque
3302 1222 3594 1291 pedesque,

539 1331 670 1398 Quae
697 1333 894 1400 pressit
922 1338 1113 1391 totum,
1142 1338 1329 1399 regnat
1361 1332 1486 1381 dum
1525 1327 1801 1392 Claudius,
1833 1330 2043 1383 urbem.

1988 1345 2043 1382 η,
2225 1311 2482 1368 Βενὶιηίίι
2510 1312 2639 1378 sibi,
2667 1310 2967 1366 vaticinans
2994 1310 3074 1365 sic
3099 1325 3222 1366 esse
3248 1310 3523 1382 ligandum

540 1417 791 1489 Namque
820 1419 1121 1491 prophetali
1157 1418 1343 1488 pulsus
1372 1432 1494 1473 cum
1529 1432 1776 1483 munere,
1798 1416 1940 1472 dona
2223 1404 2282 1460 Ιιι
2310 1404 2509 1459 δοίίιιιει
2534 1402 2779 1470 fratrem,
2809 1403 2964 1473 cuius
2991 1403 3259 1459 νίίιοίωοπ
3294 1405 3347 1459 Μ
3370 1412 3538 1459 οδδοιο

542 1509 660 1565 Huc
686 1525 719 1564 a
741 1508 924 1565 Judaaa
956 1502 1308 1564 manifestans
1332 1508 1523 1564 cmlica
1554 1506 1726 1572 venit,

1984 1664 2214 1723 CAPUT
2244 1665 2330 1722 111.

1674 1757 1752 1813 De
1781 1757 2068 1825 Manalmt,
2106 1759 2342 1817 Procoro
2369 1772 2417 1816 et
2439 1762 2676 1817 Joanne.

545 1872 648 1931 Hic
672 1873 839 1929 etiam
878 1872 1166 1937 Manahen,
1196 1870 1286 1941 qui
1319 1870 1686 1926 collactaneus
1720 1868 1822 1937 ipsi
2154 1856 2202 1915 Β
2231 1874 2402 1941 Quam
2433 1874 2676 1929 meminit
2698 1873 2873 1929 Lucas
2906 1873 3118 1930 Domini
3142 1876 3369 1948 vestigia
3400 1875 3600 1933 Christi
3657 1866 3662 1872 ’

550 1963 818 2021 Scribitur
844 1964 1063 2029 llerodt,
1089 1965 1277 2017 doctor
1306 1962 1467 2017 simul
1497 1970 1660 2031 atque
1687 1961 1974 2031 propheta,
2229 1966 2528 2029 Sectatam,
2551 1966 2822 2035 sociisque
2846 1965 3056 2035 ipsique
3081 1966 3247 2022 fuisse
3273 1968 3594 2024 ministram.

548 2057 607 2112 la
638 2057 855 2112 Christo
882 2056 1027 2111 clara
1068 2056 1363 2110 tumulatus
1391 2066 1538 2109 sorte
1566 2054 1821 2123 quiescit.
2229 2056 2384 2111 lianc
2409 2071 2624 2126 quoque
2658 2054 2924 2109 l'rocorus
2953 2055 3195 2112 habitare
3220 2059 3485 2116 diaconus
3506 2059 3692 2115 urbem

549 2147 807 2218 Conjugis
833 2150 922 2203 hic
956 2147 1173 2212 Chuzae,
1202 2148 1293 2217 qui
1322 2147 1452 2201 olim
1485 2155 1709 2199 curator
1736 2145 1918 2201 alebat
2232 2144 2461 2216 Delegit,
2487 2146 2609 2200 lidei
2643 2147 2858 2208 merito,
2880 2147 3169 2202 virtutibus
3195 2157 3359 2219 atque

548 2233 840 2303 llcrodem,
861 2237 1067 2308 pariter
1090 2235 1403 2292 recoluntur
1430 2234 1570 2289 festa
1592 2232 1837 2290 Joanntc.
2230 2234 2484 2292 Pluribus
2511 2236 2762 2306 insignis,
2788 2224 2880 2290 hic
2907 2244 2965 2291 et
2994 2236 3283 2310 complevit
3310 2252 3561 2312 agonem.

2033 2389 2261 2447 CAPUT
2291 2391 2380 2447 IV.

1875 2478 1954 2535 De
1985 2480 2189 2537 Eradio
2214 2486 2478 2554 episcopo.

540 2598 546 2607 '
622 2590 759 2647 Huic
785 2591 995 2662 primus
1021 2590 1237 2662 praesul,
1270 2601 1390 2662 post
1413 2590 1657 2654 Petrum,
1683 2589 1918 2645 Evodius
1944 2589 2063 2643 urbi
2236 2593 2356 2663 Ipse
2391 2593 2522 2648 feris
2545 2593 2735 2648 abiens
2762 2592 3053 2649 tradendus
3082 2608 3312 2665 corpore
3335 2592 3588 2653 Romam.

550 2684 682 2741 Jura
700 2686 1020 2748 sacerdotis,
1046 2685 1208 2739 Petro
1235 2685 1496 2747 tradente,
1521 2684 1741 2739 subivit.
2238 2682 2495 2752 Discipuli
2528 2684 2681 2746 estis,
2709 2685 2807 2748 ait,
2839 2684 2986 2739 Petri
3015 2683 3273 2754 Paulique
3301 2685 3476 2740 vocati

551 2775 757 2847 Dignus
777 2791 935 2844 quem
966 2775 1160 2831 Petrus
1181 2776 1274 2829 tali
1298 2778 1524 2831 donaret
1548 2778 1777 2841 honore,
2237 2776 2549 2846 Depositum
2574 2777 2728 2831 vobis
2756 2778 2824 2831 ab
2850 2777 2931 2831 eis
2958 2786 3171 2832 servate
3196 2777 3466 2840 relictum,

551 2872 728 2935 Atque
754 2866 901 2921 vices
934 2868 1066 2921 tanti
1096 2878 1317 2936 caperet
1343 2866 1578 2937 pastoris
1607 2869 1675 2921 ab
1703 2868 1836 2937 ipso,
2236 2866 2305 2921 Et
2333 2882 2602 2922 memores
2631 2876 2803 2921 estote
2828 2868 2898 2937 pii
2929 2868 3181 2937 pastoris,
3207 2868 3276 2922 ab
3303 2867 3432 2937 ipsis

552 2957 660 3014 Pro
684 2975 845 3031 grege
869 2960 1160 3015 commisso
1187 2960 1312 3014 forti
1335 2962 1425 3029 qui
1456 2960 1652 3014 robore
1682 2959 1855 3016 fretus
2241 2956 2342 3023 Qui
2372 2959 2531 3012 datus
2554 2968 2638 3013 est
2665 2960 2836 3023 vobis,
2862 2974 2961 3012 nec
2982 2958 3379 3013 confundantur
3404 2958 3603 3013 alumni

555 3046 799 3120 Martyrii
830 3051 1029 3104 meruit
1063 3060 1282 3104 certans
1321 3051 1421 3103 hac
1448 3051 1582 3104 urbe
1605 3065 1884 3106 coronam.
2244 3049 2399 3102 Sicut
2424 3049 2693 3102 adulterio
2716 3049 2960 3120 corrupti
2988 3049 3214 3103 seminis
3237 3049 3367 3103 orti.

556 3138 731 3205 Quam
758 3141 952 3210 dignus
980 3141 1192 3195 meritis
1217 3156 1500 3195 successor
1527 3142 1771 3194 laudibus
1797 3141 1972 3208 cll‘crt,
2244 3136 2378 3192 Tam
2408 3139 2618 3193 dulcem
2644 3149 3000 3208 sanctumque
3032 3137 3245 3194 Patrem
3267 3140 3362 3195 sed
3394 3139 3626 3196 moribus
3655 3137 3782 3194 almis

557 3227 814 3287 Ecclesiae
840 3232 1083 3288 scribens
1108 3231 1347 3302 lgnatius
1371 3230 1739 3296 Antiocheam,
2244 3228 2555 3287 Elliciamur
2580 3245 2645 3285 eo
2678 3240 2783 3285 tam
2814 3229 3061 3286 castiﬁco
3089 3230 3249 3287 Patre
3271 3231 3442 3303 digni.

2023 3388 2251 3446 CAPUT
2291 3390 2356 3446 γ.

1927 3484 2000 3539 De
2021 3495 2201 3540 sancto
2241 3484 2472 3556 Ignatio.
3120 3515 3149 3521 -

563 3587 680 3645 llac
697 3586 900 3644 etenim
929 3587 1172 3643 residens
1200 3586 1440 3659 lgnatius
1466 3590 1600 3647 urbe
1627 3592 1855 3659 nitebat,
2166 3587 2213 3649 C
2245 3594 2520 3666 Martyrii;
2547 3594 2658 3664 jam
2685 3595 2866 3652 carnis
2885 3598 2964 3653 eis
2993 3597 3205 3654 adectio
3231 3600 3369 3657 desit

563 3680 703 3736 lluic
729 3689 850 3751 post
875 3681 1020 3735 hunc
1049 3681 1242 3750 prmsul
1270 3681 1391 3737 lidei
1421 3683 1507 3753 pia
1534 3685 1785 3755 dogmata
1813 3687 2034 3754 dedens,
2242 3686 2382 3758 Erga
2406 3702 2485 3753 se,
2516 3703 2705 3757 pmnas
2731 3688 2890 3743 hilari
2919 3691 3009 3760 qui
3037 3692 3203 3747 corde
3234 3701 3480 3764 receptet

564 3772 737 3828 Morte
769 3773 1110 3842 triumphata,
1134 3788 1294 3842 quem
1320 3788 1378 3829 se
1403 3776 1602 3851 vidisse
1630 3776 1855 3843 fatetur,
2249 3794 2269 3829 ι
2303 3778 2443 3833 Ecce
2473 3778 2758 3844 salutares,
2789 3780 2981 3851 inquit,
3013 3783 3142 3836 mihi
3179 3799 3344 3837 nosco
3377 3783 3614 3839 ferarum

567 3864 812 3934 Smnpsit
842 3865 1139 3933 apostolico
1172 3867 1351 3921 socius
1372 3883 1491 3938 qua:
1524 3848 1781 3925 strenuus
1814 3885 1926 3927 ore.
2244 3868 2446 3924 Exacui
2473 3870 2682 3934 dentes,
2705 3872 2947 3937 veniant,
2974 3873 3058 3926 his
3089 3874 3345 3929 carnibus
3374 3877 3472 3938 uti,

564 3958 762 4015 Audito
787 3956 943 4023 cujus
969 3955 1165 4011 celebri
1195 3973 1411 4013 rumore
1438 3969 1683 4025 senatus,
2245 3958 2463 4026 Quaeso,
2489 3962 2625 4015 meis
2648 3961 2810 4016 liceat
2838 3963 3011 4028 diras,
3036 3981 3171 4034 quas
3200 3975 3326 4033 Opto
3354 3967 3560 4034 parari,

567 4049 817 4118 Principe
849 4047 1082 4116 Trajano
1111 4050 1376 4104 fervorem
1410 4052 1610 4120 stragis
1641 4061 1837 4120 agente
2247 4052 2324 4105 Ac
2358 4062 2483 4121 pcto
2514 4067 2581 4106 ne
2613 4061 2855 4105 nostrum
2889 4062 3134 4107 metuant
3163 4056 3480 4123 contingere
3508 4071 3707 4128 corpus,

568 4139 628 4195 ln
660 4148 894 4202 nostros,
923 4140 1115 4193 statuit
1144 4154 1247 4207 qua
1279 4151 1532 4208 pasceret
1559 4156 1655 4196 ora
1685 4142 1924 4199 ferarum
2246 4140 2611 4211 Quorumdam
2634 4140 2795 4193 veluti
2820 4142 3010 4194 crebro
3039 4142 3284 4197 timuisse
3311 4146 3579 4213 patescit:

570 4230 884 4298 lnsauacque
906 4230 1057 4283 daret
1090 4227 1273 4283 Roma:
1310 4231 1614 4301 spectacula
1644 4232 1806 4302 plebi.
2247 4233 2386 4299 Quin
2410 4240 2464 4286 et
2492 4232 2535 4286 si
2563 4231 2834 4296 dubitent,
2857 4248 2957 4301 ego
2985 4248 3093 4297 In,
3120 4235 3331 4287 veniam
3360 4236 3503 4300 date,
3527 4236 3744 4290 subdam.

573 4321 875 4401 Abripitur,
900 4321 1221 4388 vinctusque
1252 4322 1411 4376 datur
1443 4323 1761 4377 custodibus
1789 4321 1950 4387 ultro,
2248 4322 2427 4378 Nosco
2468 4323 2594 4393 quid
2623 4324 2874 4394 expediat
2901 4326 3029 4379 mihi
3063 4326 3355 4398 discipulus
3386 4327 3502 4386 fore
3532 4329 3643 4402 [pro
3675 4318 3783 4393 esse]

573 4413 935 4481 Militibusque
958 4412 1145 4467 decem
1176 4413 1454 4470 ducendus
1484 4415 1717 4470 traditur
1748 4414 1900 4470 Urbi.
3537 4418 3733 4492 [Christi

575 4509 674 4576 Qui
708 4510 821 4564 loca
854 4512 1170 4579 prmtcriens
1195 4512 1358 4577 Asiae,
1387 4513 1512 4565 dum
1538 4510 1735 4567 cmrula
1769 4511 1915 4565 vadit
2247 4507 2402 4563 Nunc
2434 4507 2595 4578 ccepi,
2627 4523 2731 4562 non
2762 4508 3001 4563 invideat
3027 4525 3186 4579 quem
3215 4512 3502 4581 quisquam
3536 4509 3750 4580 adipisci.

574 4599 815 4671 Navigio,
846 4603 1153 4657 veneranda
1188 4604 1290 4673 piis
1320 4603 1413 4658 dat
1444 4603 1655 4660 semina
1684 4603 1865 4668 terris,
2247 4597 2519 4653 Fornaccs
2557 4598 2837 4668 ignesque,
2864 4613 3181 4669 crucesque,
3214 4600 3452 4670 fera-que
3487 4609 3740 4669 parentur.

575 4690 938 4760 Ecclesithue
958 4693 1119 4746 docet
1145 4692 1371 4762 populos
1396 4692 1690 4762 persistere
1723 4701 1839 4746 toto
2249 4689 2487 4745 Membra
2521 4686 2870 4752 revellantur,
2897 4699 3225 4761 pateantqoe
3248 4691 3564 4746 medullitus
3587 4701 3723 4749 ossa;

576 4781 633 4841 In
665 4791 853 4837 sancta
887 4797 1009 4835 cum
1046 4783 1209 4836 corde
1238 4784 1365 4848 lidc,
1391 4786 1564 4839 vitare
1594 4782 1853 4854 profanas
2249 4778 2306 4833 lu
2337 4794 2422 4834 me
2458 4780 2702 4849 supplicii
2734 4777 3034 4833 conﬂentur
3057 4782 3249 4835 robora
3273 4783 3480 4845 cuncti,

580 4873 711 4939 Qua:
743 4882 870 4928 tunc
893 4873 1202 4927 extulerant
1227 4876 1449 4933 hereses
1474 4887 1635 4947 caput
1657 4892 1754 4932 ore
1782 4875 2046 4940 chelvdri,
2252 4869 2325 4927 Ut
2351 4871 2509 4926 modo
2531 4871 2837 4940 pervaleam
2867 4870 3142 4928 Christum
3163 4875 3557 4942 comprendere
3577 4869 3780 4928 Iesum!

579 4963 889 5023 Exhortans
917 4972 978 5016 ut
1006 4964 1315 5032 apostolicis
1340 4969 1627 5024 nexamine
1651 4966 1780 5023 forti
2179 4953 2232 5014 Ῑ)
2327 4963 2454 5018 lude
2475 4963 2615 5017 dalis
2643 4964 2881 5033 scriptis,
2915 4963 3210 5035 Polycarpo
3232 4966 3405 5020 tradit
3428 4966 3664 5020 alendam

584 5052 864 5112 llaerercnt
887 5054 1123 5119 monitis,
1158 5056 1349 5111 horum
1380 5068 1644 5128 praaeepta
1670 5059 1864 5115 secuti.
2256 5055 2577 5119 Eeclcsiam,
2601 5067 2839 5126 coeptum
2865 5066 3115 5125 repetens
3149 5056 3271 5118 iter,
3309 5057 3719 5122 Antiochenam;

584 5141 887 5196 Adveniens
921 5144 1232 5215 Smyrnam,
1258 5146 1533 5219 Polycarpi
1565 5148 1730 5205 fultus
1757 5167 1961 5214 amore,
2258 5146 2325 5201 Ει
2352 5146 2570 5201 veniens
2592 5144 2817 5201 Romam
2839 5144 3056 5217 Trajan:
3081 5144 3297 5204 sedibus
3317 5157 3486 5203 astat.

587 5230 777 5301 Dirigit
806 5232 929 5287 hinc
953 5234 1220 5303 Ephesum
1244 5239 1456 5306 scriptis
1486 5239 1747 5294 solamina
1776 5240 1944 5295 verbi.
2260 5234 2360 5289 llic
2394 5234 2606 5288 oblatus
2632 5236 2681 5289 ei
2712 5234 2917 5304 pariter
2942 5235 3213 5291 residente
3238 5247 3438 5291 senatu
