3888 5330
105 182 193 241 555
584 181 673 237 DE
700 178 1079 239 TlllUMPHlS
1109 180 1383 239 CHRISTI
1412 182 1817 241 ANTIOCIIIL
1846 182 2093 241 GESTIS
2121 184 2300 241 LIBRI
2342 183 2502 241 DUO.
2539 214 2610 224 -——
2647 182 2772 238 LIB.
2804 181 2844 237 Ι.
3233 186 3338 243 55L

103 294 273 352 Deinde
304 291 437 347 vola:
470 306 730 347 manuum
769 295 890 347 vivo
917 294 1154 351 carbone
1182 294 1479 367 replentur.
1638 325 1646 333 -
1678 303 1727 361 Α
1757 294 1827 353 Ut
1851 296 2019 366 carpit
2054 295 2320 362 fremitus,
2353 296 2669 369 flagrantiae
2691 297 2818 353 talia
2849 297 3017 365 fatur,

102 388 356 455 lnfusoqne
381 384 487 440 olei
521 385 633 439 fotu
660 383 925 456 ﬂagrante
955 401 1162 457 papyro
1759 387 2002 459 Martyrii
2024 396 2082 443 et
2109 403 2305 460 magno
2333 404 2626 445 succensus
2658 404 2845 445 amore
2876 391 3132 460 triumphi
3159 410 3170 445 :

100 480 354 533 Costarum
384 476 555 530 cratis
579 476 919 545 laterumque
947 478 1135 532 arvina
1162 487 1495 534 cremantur.
1763 497 1782 529 ι
1812 477 2044 543 Sumite,
2073 478 2328 544 Romani,
2355 488 2593 534 nostram
2623 480 2935 550 quicunque
2964 482 3268 551 palzestrazn

102 568 203 622 inde
227 567 536 637 pavimento
570 582 870 637 prunarum
905 570 1213 638 aspergitur
1237 570 1402 638 ignis,
1760 570 2052 641 Spectatis,
2086 572 2375 641 cunctique
2399 573 2523 636 viri,
2556 587 2674 627 mea
2700 574 2897 627 sumite
2920 575 3122 630 verba:

102 661 156 715 Et
177 676 325 729 super
360 659 507 714 hunc
536 671 740 714 saneta:
755 660 1001 715 tolerant
1024 663 1322 716 consistere
1352 662 1566 732 plantte.
1760 660 1876 716 Non
1908 662 2005 715 abs
2048 677 2104 715 re
2133 663 2328 732 patior.
2359 677 2460 717 nec
2495 671 2716 731 propter
2745 679 2879 717 vana
2920 664 3124 719 laboro.

103 754 210 808 Tum
235 752 615 823 requiesjusto
651 753 823 807 lectus
848 756 1166 809 conceditur
1196 758 1414 820 ardens,
1762 749 1842 804 Me
1871 751 2068 820 pietas,
2102 767 2207 804 non
2238 752 2490 821 impietas
2526 752 2770 820 perducit
2798 753 2865 807 ad
2896 754 3023 819 ista,

106 840 304 897 Vellitus
334 843 476 896 unde
500 844 694 897 iterum
732 846 967 899 trahitur
994 845 1301 900 discindere
1331 847 1549 901 donum

1760 840 1869 897 Nec
1898 854 2118 913 propter
2148 843 2381 906 facinus,
2405 844 2497 898 sed
2529 860 2624 913 pro
2652 845 2854 914 pietate
2887 846 3144 901 trucidor.

103 935 283 1005 Ungula
315 937 623 993 dilacerans
651 955 846 994 carnes
879 946 933 995 et
968 942 1034 994 ad
1065 957 1186 995 ossa
1223 952 1543 1011 penetrans;
1761 935 2113 990 Frumentum
2143 935 2365 998 Christi,
2397 936 2590 1002 fateor,
2630 955 2715 992 me
2742 939 2993 994 dentibus
3022 940 3234 1006 barum,

104 1027 340 1093 Quaeritur
362 1030 487 1083 inde
517 1030 691 1093 dolor,
718 1033 931 1100 patiens
954 1033 1077 1086 dum
1104 1034 1232 1087 talia
1265 1032 1474 1100 suffert,

1762 1025 1992 1081 Mundus
2023 1038 2082 1081 ut
2113 1028 2355 1083 inveniar
2383 1029 2561 1097 panis,
2589 1029 2761 1082 molar
2787 1030 2897 1099 ipse
2930 1029 3186 1085 ferarum.
3212 1052 3229 1083 ι

103 1122 162 1172 Ac
186 1119 289 1173 sale
310 1136 432 1174 cum
465 1121 645 1175 valido
674 1120 838 1191 plagae
867 1122 1228 1177 inlunduntur
1253 1131 1434 1187 aceto,
1760 1115 2015 1172 Permissi
2043 1118 2287 1182 veniunt,
2317 1118 2407 1172 illo
2441 1120 2557 1173 htec
2583 1119 2821 1183 dicente,
2848 1120 3053 1185 leones,

105 1207 205 1262 llaec
238 1224 449 1278 passus,
479 1208 742 1280 fortisque
774 1226 1021 1274 manens,
1057 1212 1288 1266 horrore
1320 1211 1516 1284 fatigat
1761 1211 2173 1281 Prmfocautque
2199 1212 2368 1281 pium,
2402 1210 2540 1280 jussi
2570 1227 2899 1281 componere
2925 1212 3147 1277 laetam,

105 1297 328 1354 Tortores
347 1302 625 1365 crucians,
658 1302 855 1372 subigit
881 1301 1188 1374 frangitque
1211 1302 1442 1375 ﬂagella.
1758 1303 1966 1358 Caetera
1996 1318 2102 1357 non
2134 1304 2351 1363 audent,
2387 1318 2484 1357 nec
2509 1302 2653 1356 enim
2678 1304 2994 1373 contingere
3022 1320 3218 1361 carnes

104 1388 220 1445 Victi
250 1392 528 1462 suppliciis
557 1392 683 1446 lanii
714 1394 918 1447 vincire
946 1395 1100 1447 beata
1762 1393 2128 1459 Pratsumuut,
2158 1403 2435 1449 tantumve
2461 1393 2587 1448 cibo
2616 1394 2817 1449 violare
2838 1396 3093 1450 cadaver.
3226 1396 3235 1401 ’

107 1483 247 1538 Ferro
274 1485 511 1539 membra
544 1494 755 1555 parant,
788 1486 896 1540 imo
922 1501 1139 1556 quoque
1163 1500 1385 1541 carcere
1412 1487 1657 1552 trudunt,
1762 1484 1974 1540 Mortua
2004 1486 2246 1540 membra
2290 1485 2457 1551 feras,
2504 1488 2668 1540 homo
2709 1500 2829 1556 qua:
2868 1486 3220 1553 laceraverat,
3253 1504 3343 1543 ar-

105 1576 571 1648 Constringuntque
600 1579 765 1646 pedes
796 1578 975 1646 magni
1007 1581 1108 1631 sub
1138 1577 1379 1647 pondere
1410 1577 1556 1648 ligni.
3104 1580 3272 1654 [eeut.

106 1673 312 1743 Cumque
342 1673 537 1739 tribus,
568 1672 713 1726 nullo
736 1673 911 1727 victus
940 1672 1203 1727 solamine
1233 1681 1448 1742 pastus,
1696 1654 1738 1715 Β
1767 1669 1899 1738 Qum
1929 1670 2144 1726 ratione
2169 1672 2356 1742 vigens
2382 1671 2595 1728 ratione
2620 1674 2859 1744 rigentia
2887 1672 3060 1741 torsit,

108 1766 190 1819 Sed
219 1779 383 1835 neque
418 1774 654 1834 putatus,
686 1766 974 1820 mansisset
1007 1765 1212 1819 athleta
1245 1764 1457 1828 diebus,
1766 1762 1893 1818 llaec
1922 1766 2132 1818 ratione
2168 1779 2365 1819 carens
2395 1767 2605 1820 ratione
2639 1769 2882 1822 carentia
2915 1779 3116 1836 servat,

111 1857 184 1911 liis
216 1856 506 1912 indefessus
536 1856 756 1926 Traiani
786 1858 913 1912 sede
942 1856 1161 1926 superbi
1763 1854 2212 1927 Christicolisque
2243 1873 2356 1912 sua:
2386 1856 2705 1926 linquuntur
2731 1870 2783 1914 et
2812 1862 3020 1932 integra
3048 1864 3179 1918 sedi.

108 1950 521 2019 Amphitheatrali
554 1949 840 2004 deducitur
866 1958 991 2004 ante
1017 1948 1278 2014 tribunal,
1768 1945 1890 2000 [huc
1919 1948 1985 2002 ad
2010 1964 2173 2017 quam
2207 1950 2471 2003 revehunt
2499 1950 2729 2005 comites
2751 1952 2950 2007 invicta
2980 1954 3218 2009 ferente;

108 2037 222 2104 Quo,
245 2040 602 2094 Romanorum
628 2052 823 2094 cuncta
853 2050 1177 2110 properante
1202 2049 1448 2105 caterva,
1763 2038 1899 2093 Ossa
1940 2040 2278 2108 triumphati,
2306 2056 2562 2109 proceres
2587 2042 2864 2097 vincentia
2895 2044 3101 2109 mutuli,

109 2131 336 2199 Objicitnr
361 2132 595 2203 geminis
616 2131 718 2186 sub
749 2132 927 2188 vincla
957 2132 1202 2187 leonibus
1228 2141 1403 2187 actus.
1762 2128 2247 2198 Daphniticamque
2271 2130 2450 2183 locant
2478 2138 2630 2184 extra
2660 2134 2743 2201 pia
2772 2130 2996 2201 pignera
3026 2144 3235 2203 portam

109 2218 298 2291 iamque
332 2222 512 2290 datus,
536 2238 719 2277 cavete
744 2222 964 2279 rabidos
1004 2222 1191 2279 audire
1215 2221 1455 2278 ferarum
1764 2220 2007 2278 Mortuus
2039 2208 2098 2276 ut
2124 2230 2327 2293 tegeret
2356 2222 2545 2277 vivens
2574 2237 2734 2291 quam
2769 2232 2987 2278 rexerat
3012 2225 3223 2279 urbem.

1504 2396 1736 2453 CAPUT
1794 2396 1882 2453 \‘l.

1234 2486 1312 2543 De
1342 2486 1552 2544 Ilerouc
1585 2501 1633 2545 et
1656 2487 2043 2545 successoribus
2070 2484 2207 2555 ejus.

112 2600 344 2673 Angelicis
366 2599 641 2673 quondam
669 2587 1029 2671 conspexerat
1061 2599 1163 2654 iste
1189 2584 1406 2654 choreis
1765 2596 1993 2655 Instruit
2022 2598 2161 2650 hanc
2190 2603 2309 2665 post
2334 2609 2493 2665 quem
2527 2594 2723 2665 praesul
2751 2594 3036 2651 Cornelius
3066 2611 3268 2652 urocm.

115 2695 327 2749 Sidere-os
349 2695 548 2748 trinqu
584 2694 733 2748 cives
762 2692 958 2746 ell‘erre
986 2693 1269 2758 decorem;
1769 2691 1907 2747 Tum
1932 2704 2146 2760 quoque
2172 2698 2289 2759 post
2315 2687 2534 2742 Petrum
2558 2689 2778 2759 quintus
2803 2688 2890 2743 hic
2911 2688 3122 2760 praefuit
3149 2690 3352 2759 lirrns,

114 2788 309 2841 Celicus
340 2787 655 2856 antiphonis
690 2785 972 2840 modulans
1014 2785 1291 2839 rceinehat
1328 2794 1385 2839 ut
1434 2785 1661 2857 hymnos
1771 2782 2102 2852 Theophilus
2127 2791 2330 2843 sextus,
2362 2781 2576 2850 Sapiens
2612 2791 2939 2851 sanctusque
2968 2783 3245 2849 sacerdos,

116 2876 247 2940 Ordo,
276 2886 574 2947 nutansque
601 2876 791 2931 modos
827 2874 1098 2946 proprios,
1131 2875 1290 2930 docet
1322 2891 1523 2947 organa
1555 2886 1662 2932 tur.
1768 2874 1935 2945 Cujus
1962 2874 2242 2929 catholica:
2273 2874 2528 2927 doctrina:
2559 2873 2760 2944 scripta
2795 2872 3060 2940 feruntur,

1424 2965 1587 3039 [mas.
1689 2982 1734 3043 ρ
1765 2966 1968 3022 Contra
1999 2966 2245 3020 diversas
2273 2967 2430 3019 docte
2458 2964 2711 3019 bellantia
2742 2974 2939 3029 sectas,

117 3058 360 3132 Spargitur
394 3061 523 3117 hinc
549 3059 784 3116 celebris
811 3058 995 3114 mundi
1025 3074 1121 3130 per
1147 3059 1363 3113 climata
1395 3060 1551 3114 ritus.
1775 3058 2166 3128 Hermogenem
2192 3066 2248 3113 et
2280 3057 2517 3127 reliquos
2545 3058 2636 3127 qui
2665 3055 2965 3111 confutavit
3001 3056 3233 3127 ineptos.

120 3150 231 3207 lluic
256 3151 653 3208 manifestatum
682 3153 930 3222 pergenti
958 3151 1024 3205 ad
1052 3150 1237 3220 prmlia
1270 3149 1443 3205 fertur
1770 3151 2216 3222 Congressusqne
2250 3152 2426 3220 palam
2456 3151 2732 3220 superavit
2757 3148 2890 3205 falsa
2920 3158 3230 3221 sequentes.

121 3242 224 3313 Ejus
250 3245 547 3314 pontificem
576 3254 698 3315 post
728 3260 787 3298 se
812 3241 926 3298 fore
958 3244 1102 3298 sedis
1133 3240 1424 3308 lleronem,
1771 3240 1873 3308 Qui
1904 3241 2090 3311 procul
2123 3241 2417 3295 eXlltrllattS
2446 3242 2588 3296 docti
2621 3241 3010 3297 celeberrimus
3034 3240 3146 3297 oris

120 3332 250 3389 iltilis
275 3336 434 3405 ipsius
455 3336 550 3406 qui
580 3346 708 3390 tunc
734 3335 893 3389 levita
926 3334 1155 3397 nitebat,
1777 3332 1845 3387 Ut
1873 3334 2102 3401 vigilans
2131 3342 2315 3401 pastor
2348 3333 2516 3388 rictus
2541 3334 2782 3389 clamore
2805 3333 3044 3389 ferarum

122 3424 298 3495 Quique
324 3428 549 3496 gradum
578 3426 739 3499 digne
765 3426 986 3481 subiens
1018 3425 1241 3495 hujusce
1267 3423 1503 3489 decoris,
1775 3424 1953 3493 Atque
1983 3424 2093 3492 lupi
2120 3423 2321 3479 Christi
2355 3426 2533 3496 gregis
2566 3425 2874 3479 insidiantis
2902 3423 3054 3490 ovili,

122 3516 260 3587 llujns
281 3531 333 3575 et
353 3520 665 3591 exemplum
696 3530 917 3575 sectans
940 3518 1182 3573 imitator
1211 3518 1464 3583 habetur,
1773 3515 2077 3569 i’rmsentes
2101 3523 2335 3585 vegetat,
2367 3516 2611 3569 venturis
2645 3530 2796 3569 arma
2822 3514 3115 3581 ministrat,

123 3609 298 3683 l'roque
322 3615 500 3685 gregis
527 3613 735 3670 Christi
764 3628 892 3669 cura
922 3609 1230 3684 procumbit
1260 3609 1461 3664 alendi.
1775 3606 2177 3678 Ecclesiamque
2203 3608 2298 3663 Dei
2331 3607 2443 3662 vita
2473 3608 2748 3678 verboque
2772 3616 3045 3664 venustat.

1541 3764 1769 3819 CAPUT
1815 3764 1916 3818 ΠΙ.

1312 3854 1388 3910 De
1429 3855 1720 3911 Maximino
1750 3868 1797 3910 et
1841 3855 2147 3925 Serapione.

176 3966 291 4025 Hinc
311 3969 636 4024 Maximinus
669 3967 773 4023 rite
802 3976 923 4037 post
949 3966 1224 4037 apostolos
1851 3968 2086 4039 ilnjusce
2116 3969 2486 4039 subscripsere
2525 3969 2696 4024 sancti
2721 3968 2967 4039 epistolis

175 4061 260 4126 Qui
288 4061 421 4116 rexit
453 4061 643 4114 urbem
676 4058 850 4113 fertur
877 4059 1037 4113 istam
1065 4059 1347 4126 septimus.
1850 4060 1960 4116 Viri
1990 4060 2221 4131 probati,
2246 4059 2507 4129 przesulcs
2533 4074 2597 4115 ac
2627 4062 2927 4132 martyres‘,

178 4154 412 4224 Serapion
439 4162 562 4222 post
590 4153 754 4217 hunc,
787 4150 893 4206 fide
946 4146 1281 4205 clarissimus
1848 4150 1950 4220 Qui
1979 4152 2221 4222 pluribus
2247 4152 2455 4206 fervore
2489 4161 2680 4206 sancto
2709 4152 3023 4221 scriptitans
3048 4194 3063 4218 ,

180 4247 246 4302 Ac
268 4250 502 4303 eruditus
533 4246 734 4318 regulis
760 4245 1107 4309 anthenticis,
1847 4243 2018 4298 Docet
2048 4242 2250 4305 fideles,
2285 4243 2528 4298 infideles
2554 4243 2735 4314 arguit
2751 4280 2766 4309 ,

180 4336 362 4403 Quibus
392 4338 594 4394 refutat
627 4337 999 4407 improborum
1031 4337 1276 4401 umnias;
1708 4362 1754 4421 υ
1848 4335 2047 4391 Rectos
2077 4343 2288 4401 tuetur,
2327 4336 2605 4391 deviantes
2626 4338 2882 4410 corrigit,

178 4428 263 4495 Qui
289 4446 343 4486 se
369 4432 664 4503 prophetas
685 4429 1008 4499 jaetitabant
1032 4428 1267 4497 publice,
1853 4427 2007 4482 Nunc
2036 4440 2159 4497 apta
2196 4428 2440 4493 firmans,
2470 4443 2613 4483 nunc
2637 4428 2819 4498 inepta
2848 4444 3146 4500 respuens;

181 4527 370 4583 Sanctis
405 4536 631 4598 agentes
654 4526 871 4581 vatibus
895 4524 1173 4578 contraria
1852 4521 1954 4589 Qui
1984 4519 2235 4574 Martiani
2263 4520 2665 4587 reprehendens
2687 4520 2941 4589 dogmata

184 4616 237 4669 Et
260 4634 441 4688 spurca
474 4618 694 4673 mundis
721 4616 1031 4672 inserebant
1057 4612 1264 4669 semina
1853 4612 2119 4667 Monstrat
2146 4609 2247 4664 sibi
2280 4608 2412 4679 ipsis
2436 4609 2580 4677 quod
2608 4609 2750 4663 sient
2778 4610 3075 4674 contraria,

185 4706 299 4761 ltum
328 4710 508 4763 tritico
535 4714 968 4777 conspergerent
991 4703 1200 4759 zizania
1232 4719 1246 4762 ;
1851 4703 2056 4759 Notans
2088 4715 2349 4770 sequaces
2378 4714 2516 4771 quos
2545 4701 2791 4757 dotcetas
2827 4702 3108 4758 nominant
3129 4743 3142 4766 ,

188 4796 266 4852 llic
295 4798 595 4854 Maximillae
621 4797 883 4866 detegens
914 4793 1198 4850 mendacia
1218 4831 1233 4855 ,
1858 4794 2162 4861 Servatqne
2185 4789 2387 4858 agellos
2416 4805 2444 4843 a
2471 4791 2708 4861 maligno
2734 4792 2976 4859 semine,

189 4888 375 4946 llonore
396 4893 538 4948 vatis
566 4905 731 4963 quam
761 4890 1011 4946 colebant
1031 4886 1187 4943 inscii
1211 4924 1226 4949 ,
1859 4888 1914 4941 In
1949 4886 2071 4956 quis
2118 4883 2353 4954 benigna
2381 4884 2656 4940 nutriebat
2679 4885 2942 4955 gramina.

188 4980 408 5041 Ostendit
441 4983 558 5055 ejus
589 4982 931 5043 exsecranda
968 4978 1202 5037 semina.

1528 5086 1757 5143 CAPUT
1804 5086 1933 5142 rm.
2260 5148 2268 5158 ,

1048 5178 1124 5232 De
1148 5178 1473 5246 Asclepiade,
1511 5176 1736 5247 Phileto,
1773 5178 2019 5234 Zabenno
2059 5182 2104 5225 et
2139 5167 2379 5224 Gemino.

182 5300 263 5330 ιη..
287 5305 347 5330 ...ι
370 5315 667 5330 ..η-..-ηιιηι
702 5297 827 5330 ιιι-ω
857 5292 1080 5330 monoeci!
1122 5291 1357 5330 nnlri-nn

1859 5283 2279 5330 nnneratnlatnr
2306 5280 2433 5330 huic
2461 5281 2788 5330 Alexander.
2829 5283 3010 5330 datum
