3888 5330
567 174 680 230 555

647 288 716 344 Et
746 295 895 341 arcta
933 281 1178 338 dilatavit
1202 280 1361 350 hujus
1383 282 1653 346 carceris,

643 375 1018 448 Asclepiadem
1041 415 1054 440 ,
1085 375 1378 429 sanctitate
1403 373 1684 442 pratditum
1703 411 1718 434 ,

645 469 815 540 Hujus
846 468 1054 523 honore
1083 464 1336 520 culminis
1363 464 1739 535 dignissimum
1761 504 1775 523 ,

642 557 952 628 Sumpsisse
979 564 1158 611 vestra
1188 554 1426 624 comperi
1457 553 1600 623 quod
1632 552 1896 623 regmina.
1925 569 1944 602 ι

1348 163 1734 220 FLODOARDI
1768 160 2082 218 CANONICI
2122 157 2467 225 REHENSIS
2495 154 2859 215 OPUSCULA
2895 150 3225 209 METRICA.

2177 261 2226 319 Α
2329 273 2458 328 Post
2485 286 2645 342 quem
2673 269 2950 336 Philctus,
2982 268 3110 322 hinc
3141 264 3428 319 Zabennus
3451 263 3703 333 )ungitur,

2329 366 2589 421 Geminus
2615 371 2808 419 senatu
2839 362 3085 431 splendet
3110 357 3269 426 hujus
3295 357 3577 427 presbyter

2331 456 2536 524 Lepore
2559 455 2760 514 clarus,
2787 453 3026 507 emicans
3054 448 3302 513 scientia,

2330 546 2661 601 Monimcnta
2691 543 2844 598 libris
2878 540 3174 610 pradicant
3204 549 3264 592 ιιι
3292 538 3480 592 indita.

2039 680 2271 736 CAPUT
2307 678 2394 734 IX.

1738 767 1812 823 De
1837 780 2019 825 sancto
2049 769 2248 841 Babyla
2282 781 2329 826 et
2358 768 2652 823 Theodoro.

643 892 857 948 Abhinc
888 886 1125 943 Babillas
1160 883 1312 940 urbis
1341 881 1503 951 hujus
1531 879 1772 952 pontifex

639 978 1012 1038 Confessiouis
1036 976 1300 1047 dignitate
1326 972 1606 1044 prmminet
1633 990 1648 1026 :

642 1069 744 1137 Qui
775 1069 902 1123 dum
933 1068 1247 1136 frequenter
1273 1061 1618 1133 passionibus
1652 1063 1766 1118 suis

638 1160 840 1216 Christi
880 1159 1224 1228 triumphans
1246 1154 1530 1212 extulisset
1563 1154 1826 1226 gloriam,

641 1253 706 1307 Et
735 1250 1008 1306 innovatis
1035 1249 1267 1304 invicem
1291 1246 1657 1316 earptoribus,

636 1342 874 1415 Flagella
909 1341 1066 1396 fortis
1087 1337 1400 1410 pertulisset
1430 1336 1686 1402 maxima,

629 1435 778 1489 Intra
804 1447 1052 1488 caverna:
1077 1427 1372 1484 carceralis
1403 1426 1620 1483 vincula

637 1523 776 1579 Viue
804 1522 1038 1593 capessit
1063 1519 1312 1591 gloriosae
1344 1517 1655 1571 terminum.

631 1616 767 1670 Cum
802 1628 910 1684 quo
939 1611 1189 1667 feruntur
1211 1617 1324 1662 tres
1354 1605 1530 1661 necati
1553 1605 1764 1674 parvuli

630 1711 972 1772 Philidanus,
995 1705 1291 1774 Epolanus,
1319 1701 1573 1758 Urbanus
1597 1700 1757 1755 simul

633 1803 804 1874 llujus
831 1799 1002 1856 secuti
1028 1797 1208 1853 Patris
1237 1795 1402 1850 altum
1437 1794 1732 1848 tramitem.

633 1895 802 1965 Cujus
838 1893 983 1949 beati
1019 1889 1275 1961 martyris
1306 1886 1640 1942 mausoleum

633 1986 872 2057 Daphnis
902 1983 1136 2046 renidet,
1169 1981 1318 2036 urbis
1346 1980 1399 2035 in
1433 1979 1715 2034 suburbio.

635 2079 738 2146 Qui
767 2076 1034 2138 Julianus,
1055 2071 1312 2142 pestilens
1341 2075 1616 2140 apostata,

637 2170 796 2234 Dum,
827 2166 950 2221 fana
977 2161 1226 2220 Castalia:
1251 2160 1440 2217 colens
1466 2160 1818 2232 scaturigiuis

631 2258 829 2314 Misero
852 2256 1035 2311 litaret
1064 2251 1348 2323 impudens
1375 2250 1632 2320 Apollini,

631 2349 914 2419 Responsa
943 2359 1044 2400 nec
1075 2341 1369 2412 stipulatus
1401 2339 1505 2394 ulla
1537 2349 1801 2406 sumeret,

633 2435 919 2507 llujusque
943 2447 1142 2489 causas
1170 2438 1440 2501 quaereret
1471 2428 1699 2496 silentii,

636 2529 797 2584 Juxta
827 2525 1044 2581 Babillze
1067 2524 1223 2579 busta
1254 2519 1442 2576 haberi
1473 2520 1753 2591 martyris,

636 2619 877 2675 Tandem
909 2616 1120 2672 remissi
1152 2612 1394 2669 detulere
1423 2611 1699 2666 daemones

639 2712 923 2780 Responsa
949 2722 1009 2764 se
1040 2721 1146 2761 non
1175 2717 1334 2775 posse
1361 2716 1532 2773 quare
1561 2700 1810 2756 reddere.

639 2803 709 2856 At
731 2799 819 2855 ille
845 2812 970 2854 mox
1002 2795 1187 2852 venire
1223 2791 1458 2851 Galileos
1477 2789 1630 2863 jubet

641 2891 798 2960 (Nam
836 2888 1175 2947 Christianos
1208 2886 1287 2942 sic
1313 2897 1508 2940 vocare
1555 2882 1828 2953 sueverat)

639 2987 706 3041 Et
738 2986 864 3040 hinc
893 2981 1202 3053 sepulcrum
1238 2977 1490 3048 martyris
1516 2973 1850 3046 propellere.

642 3076 797 3130 Tunc
828 3071 1122 3128 Christiani
1147 3085 1272 3140 rege
1297 3067 1515 3123 Christo
1546 3065 1759 3136 praediti
1780 3105 1796 3129 ,

640 3169 841 3223 Arcam
871 3166 1113 3220 levantes
1141 3160 1506 3233 bymnizando
1537 3158 1798 3230 martyris

643 3257 858 3314 Laudes
880 3255 931 3310 in
967 3252 1327 3309 exsultatione
1362 3259 1724 3317 concrepant,

633 3355 810 3406 Aures
831 3346 1039 3418 profani
1068 3343 1328 3415 principis
1365 3357 1464 3412 per
1502 3341 1669 3395 millia

640 3442 748 3498 Sex
776 3440 1098 3510 impeteutes
1129 3436 1245 3490 hinc
1269 3432 1512 3489 canendo
1540 3429 1782 3486 carmina
1816 3447 1829 3480 :

640 3532 686 3588 Ο
711 3531 928 3587 Christe
955 3568 972 3595 ,
1013 3515 1420 3581 confundantur
1442 3535 1630 3576 omnes
1661 3519 1862 3575 etlmici
1887 3561 1901 3583 ,

641 3623 745 3691 Qui
767 3635 905 3675 vana
931 3618 1162 3674 adorant
1200 3614 1566 3686 supplicantes
1589 3610 1855 3682 sculptilia
1877 3653 1892 3675 ,

639 3715 708 3770 Et
735 3712 1033 3784 gloriantur
1060 3707 1152 3779 qui
1185 3706 1297 3762 suis
1322 3706 1373 3759 in
1405 3703 1583 3758 idolis.

639 3803 849 3860 Caelum
882 3799 1110 3855 resultat
1138 3797 1324 3850 arduis
1353 3793 1683 3850 clamoribus
1705 3831 1719 3857 ,

641 3895 931 3968 Tyrannus
951 3891 1088 3946 atris
1109 3887 1354 3944 infremit
1379 3883 1676 3940 doloribus.

639 3989 776 4042 Tum
809 3984 1151 4041 Christianos
1180 3979 1269 4034 ille
1301 3977 1521 4032 mandat
1547 3973 1722 4042 abripi

647 4078 716 4132 Et
753 4073 992 4132 carceris
1021 4082 1200 4127 trusos
1230 4069 1283 4123 in
1310 4067 1433 4123 imis
1473 4064 1632 4120 allici.

2178 865 2232 924 Α
2328 879 2623 936 Praefectus
2649 874 2764 944 eius
2790 873 2974 942 implet
2998 873 3103 926 hoc
3132 869 3400 925 Salustius
3421 908 3434 934 ,

2321 971 2665 1036 Arctansque
2694 964 2940 1035 quemvis
2971 961 3340 1018 Christianum
3365 957 3610 1029 primitus

2328 1059 2441 1116 Sibi
2469 1059 2778 1115 obviantem
2810 1055 3030 1126 (nomen
3067 1053 3193 1108 huic
3217 1049 3590 1120 Theodorus),

2323 1153 2369 1207 A
2395 1151 2514 1206 luce
2540 1150 2713 1220 prima
2745 1154 2957 1217 torquet
2990 1159 3162 1214 usque
3185 1157 3467 1213 vesperam

2322 1240 2653 1297 Crudelitate
2683 1247 2789 1292 tam
2824 1235 2961 1291 truci
2988 1275 3004 1301 ,
3039 1234 3338 1290 tortoribus

2321 1332 2405 1387 Ad
2437 1330 2601 1401 flagra
2630 1328 2856 1384 mutatis
2886 1367 2902 1392 ,
2944 1335 3001 1380 ut
3032 1340 3268 1394 unquam
3301 1323 3503 1378 diceret

2327 1421 2398 1476 Se
2427 1435 2588 1475 nemo
2619 1417 2961 1473 tam‘vidissc
2989 1418 3190 1471 factum
3228 1412 3503 1467 atrociter.

2328 1512 2580 1567 Pendens
2604 1510 2833 1580 equuleo
2859 1509 2952 1564 sed
2979 1508 3110 1563 nihil
3148 1517 3346 1579 praeter
3373 1505 3551 1576 pium,

2319 1606 2488 1660 Actus
2513 1602 2698 1673 ﬂagris
2725 1602 2852 1656 hinc
2879 1599 3004 1654 inde
3031 1598 3410 1660 saevientibus,

2317 1696 2541 1751 Dicebat
2570 1697 2826 1768 hymnum
2852 1709 3011 1763 quem
3039 1692 3267 1747 canebat
3290 1689 3490 1762 pridie.

2324 1787 2688 1843 Considerans
2717 1786 2893 1857 egisse
2924 1785 2998 1838 nil
3024 1782 3293 1838 Salustius

2323 1878 2672 1934 lmmanitate
2703 1885 2812 1930 tam
2849 1867 2978 1930 fera:
3020 1874 3306 1930 sententia:
3327 1913 3342 1936 ,

2321 1970 2581 2025 Juvenem
2610 1968 2814 2039 recepit
2843 1967 3144 2036 obstupeus
3172 1963 3445 2036 ergastulo
3471 2005 3484 2028 ,

2328 2062 2409 2116 Ac
2437 2060 2748 2130 imperatori
2773 2059 2902 2130 quid
2936 2068 3116 2112 actum
3145 2057 3214 2112 sit
3240 2055 3440 2119 refert,

2326 2150 2498 2219 Quem
2534 2160 2845 2206 commonet
2868 2165 2935 2204 ne
2961 2148 3065 2204 tale
3095 2148 3221 2218 quid
3248 2147 3316 2202 de
3345 2157 3542 2201 caetero

2326 2241 2652 2309 Priesumat,
2682 2241 2797 2310 ipse
2822 2240 2923 2295 sibi
2955 2254 3154 2310 parans
3182 2238 3482 2303 infamiam,

2327 2336 2398 2391 Et
2427 2333 2752 2392 Christianis
2780 2332 2870 2402 qui
2899 2332 3154 2387 resistunt
3179 2331 3430 2402 gloriam.

2332 2427 2566 2482 Minatur
2594 2440 2722 2497 ergo
2745 2425 2991 2481 Julianus
3030 2423 3302 2479 Persicam

2324 2517 2380 2572 ln
2417 2516 2757 2572 Christianos
2786 2529 2936 2568 arma
2967 2523 3089 2585 post
3115 2513 3394 2568 victoriam
3419 2554 3436 2581 ,

2327 2609 2600 2678 Totasque
2630 2607 2771 2662 vires
2807 2623 2866 2662 se
2895 2605 3144 2660 daturum
3179 2606 3369 2677 praelii.

2329 2699 2522 2754 Divina
2553 2699 2647 2754 sed
2679 2698 2883 2754 resistit
2911 2698 2994 2753 his
3017 2697 3319 2752 sublimitas
3338 2737 3352 2760 ,

2323 2789 2578 2845 Miserum
2606 2787 2854 2859 relegans
2885 2803 3046 2857 quem
3076 2787 3342 2842 minacem
3370 2786 3609 2840 sustinet.

2325 2883 2528 2954 Nempe
2558 2883 2712 2938 hoste
2751 2897 2923 2937 czesus
2952 2881 3130 2935 abdito
3161 2880 3493 2936 subvertitur

2334 2975 2631 3046 Finemque
2668 2975 2792 3029 vita:
2820 2975 2987 3028 sumit
3025 2982 3186 3044 atque
3213 2973 3440 3029 fascium
3461 3015 3476 3038 ,

2333 3063 2554 3119 Christo
2584 3063 2821 3133 potentis
2849 3063 3131 3118 architecti
3161 3063 3271 3116 filio

2332 3156 2463 3211 Diro
2495 3155 2740 3210 locellum
2767 3155 3063 3211 fabricante
3087 3155 3282 3211 funeri.

2333 3249 2431 3303 Ast
2466 3248 2742 3304 intimasse
2783 3249 3014 3302 traditur
3043 3247 3359 3303 Theodorus

2332 3339 2504 3395 Stevis
2534 3340 2782 3394 adactum
2808 3354 2865 3394 se
2891 3354 3079 3408 parum
3110 3339 3408 3404 doloribus,

2329 3431 2436 3486 Sed
2469 3431 2758 3486 allevatum
2791 3430 3019 3500 spiritali
3047 3429 3271 3496 lumine,

2331 3522 2589 3578 Juvenem
2623 3523 2723 3577 sibi
2751 3523 3021 3586 astitisse,
3054 3521 3439 3576 candidissimo

2333 3614 2633 3669 Sudoribus
2670 3629 2729 3668 se
2756 3612 2972 3668 terserit
2999 3613 3088 3685 qui
3120 3613 3380 3678 carbaso,

2332 3705 2540 3772 Aquam
2566 3704 2878 3774 frequenter
2906 3703 3153 3774 frigidam
3177 3704 3266 3772 qui
3291 3701 3544 3757 infuderit

2335 3796 2578 3867 Eumque
2606 3797 2706 3851 sub
2736 3795 2920 3850 labore
2950 3796 3288 3850 roboraverit
3316 3809 3332 3849 :

2334 3885 2492 3941 Dolet
2515 3886 2656 3941 unde
2684 3885 2843 3941 fessis
2882 3886 3128 3940 hostibus
3168 3886 3315 3956 parci
3343 3886 3482 3955 sibi,

2335 3977 2406 4033 Se
2434 3978 2694 4048 gloriatus
2723 3978 2841 4034 luce
2869 3977 3069 4033 Christi
3100 3978 3325 4048 perfrui.

2042 4129 2276 4190 CAPUT
2312 4134 2379 4189 Χ.

1555 4222 1628 4276 De
1654 4219 1848 4274 ultione
1874 4219 1928 4273 in
1948 4222 2180 4291 perﬁdos
2203 4236 2252 4280 et
2290 4225 2628 4282 retributione
2650 4224 2908 4295 ﬁdelium.

649 4329 936 4400 Ipsumque
979 4337 1159 4378 Ianum
1192 4318 1416 4374 fulmine
1444 4315 1599 4370 ardet
1634 4310 1825 4367 coelico
1852 4351 1867 4378 ,

652 4422 795 4477 Deus
821 4415 996 4472 favilla
1025 4411 1293 4469 delitescit
1323 4407 1583 4480 Pythius:

653 4512 862 4584 Flagris
887 4507 1095 4566 subacti
1125 4505 1177 4560 id
1206 4501 1488 4558 clamitant
1519 4495 1781 4554 Neuchori
1802 4536 1817 4560 ,

648 4607 703 4662 ιιι
729 4604 1052 4660 rusticorum
1089 4605 1200 4652 tota
1231 4594 1336 4650 fert
1364 4591 1582 4647 vicinia.

647 4694 942 4752 Praefectus
977 4691 1112 4745 alter
1142 4695 1328 4742 sancta
1363 4686 1531 4740 mictu
1561 4680 1923 4742 attaminans,

565 4821 568 4824 ~
653 4784 963 4853 Christique
995 4779 1250 4848 templum
1293 4778 1451 4831 inane
1477 4789 1706 4830 censens
1735 4772 1953 4826 numine
1977 4811 1993 4837 ,

652 4869 1092 4938 Pnesumptiouis
1121 4867 1281 4937 digna
1309 4865 1494 4934 pendit
1524 4863 1774 4933 prtcmia,

657 4964 816 5025 Dum,
846 4955 1164 5028 putrefactis
1193 4954 1497 5007 abditorum
1530 4952 1802 5014 ductibus,

656 5048 1116 5122 Blasphemiarum
1147 5054 1362 5098 stercus
1389 5040 1541 5096 effert
1569 5058 1773 5112 organo

662 5148 924 5214 Satvaque
948 5139 1129 5194 multa;
1159 5145 1311 5206 peste
1337 5149 1536 5205 gnarus
1566 5135 1771 5190 interit.

661 5237 920 5293 Praelatus
947 5232 1063 5302 ipse
1089 5230 1286 5301 probra
1315 5239 1460 5296 gazae
1491 5224 1650 5292 regite

2189 4321 2241 4380 Ι)
2340 4317 2554 4373 Vacuus
2581 4325 2802 4388 repente
2825 4319 2914 4388 qui
2940 4317 3160 4374 facessit
3183 4318 3469 4390 sanguine.

2337 4409 2539 4479 Laquei
2571 4419 2830 4480 parantur
2857 4411 3175 4465 innocentes
3204 4410 3393 4465 fallere

2338 4501 2645 4572 Fontesque
2677 4503 2870 4573 dapnis
2899 4503 3140 4557 sordidat
3169 4503 3501 4566 cantamine,

2337 4592 2452 4647 Cibi
2489 4593 2733 4648 forenses
2763 4593 2849 4648 hic
2891 4593 3107 4648 madent
3132 4595 3441 4664 aspergine.

2338 4681 2566 4749 Quidam
2591 4692 2866 4754 gementes
2891 4684 3090 4738 munda
3123 4685 3336 4738 mundis
3359 4685 3624 4754 iudicant,

2341 4773 2569 4840 Quidam
2598 4781 2948 4828 exsecrantes
2985 4782 3242 4842 respuunt
3279 4774 3629 4844 spurcamina,

2339 4865 2605 4918 Damnant
2632 4864 2875 4933 profana,
2903 4867 3058 4920 laude
3083 4866 3217 4920 lucis
3246 4875 3524 4938 oppetunt,

2342 4956 2555 5011 Palmas
2581 4957 2761 5025 adepti
2787 4956 3046 5025 dignitate
3074 4956 3303 5012 funeris.

2345 5048 2542 5103 lterum
2570 5047 2813 5116 rapinam
2837 5049 3052 5114 quidam
3076 5059 3304 5103 ovantes
3333 5047 3582 5104 efferunt:

2277 5174 2280 5178 η
2345 5138 2416 5193 Ut
2453 5137 2560 5190 dux
2600 5137 3026 5202 Valentinianus,
3053 5138 3337 5208 indignans
3368 5154 3516 5192 sacra

2346 5226 2500 5281 Stilla
2535 5224 2829 5295 inquinari,
2862 5240 2968 5280 non
3001 5236 3214 5280 renutat
3245 5242 3515 5282 carcerem

2356 5315 2489 5330 llﬂ-‘
2531 5315 2548 5330 Ι

3703 149 3784 205 558
