  <div class='ocr_page' id='page_1' title='image "/cluster/home/n/w/nwhite01/storage/ocr_20150623/135/hvd.32044015471758/286.png"; bbox 0 0 3888 5330; ppageno 0'>
   <div class='ocr_carea' id='block_1_1' title="bbox 98 110 3364 177">
    <p class='ocr_par' dir='ltr' id='par_1_1' title="bbox 98 110 3364 177">
     <span class='ocr_line' id='line_1_1' title="bbox 98 110 3364 177; baseline -0.003 0"><span class='ocrx_word' id='word_1_1' title='bbox 98 118 188 177; x_wconf 71' lang='lat'><strong>557</strong></span> <span class='ocrx_word' id='word_1_2' title='bbox 576 112 667 173; x_wconf 76' lang='lat' dir='ltr'><strong>DE</strong></span> <span class='ocrx_word' id='word_1_3' title='bbox 707 112 1084 173; x_wconf 77' lang='lat' dir='ltr'><strong>TRIUMPHIS</strong></span> <span class='ocrx_word' id='word_1_4' title='bbox 1108 111 1383 171; x_wconf 79' lang='lat' dir='ltr'><strong>CHRISTI</strong></span> <span class='ocrx_word' id='word_1_5' title='bbox 1423 111 1821 168; x_wconf 65' lang='lat' dir='ltr'><strong>ANTIOCHIE</strong></span> <span class='ocrx_word' id='word_1_6' title='bbox 1858 111 2104 168; x_wconf 79' lang='lat' dir='ltr'><strong>GESTIS</strong></span> <span class='ocrx_word' id='word_1_7' title='bbox 2134 111 2312 167; x_wconf 74' lang='lat' dir='ltr'>LIBRI</span> <span class='ocrx_word' id='word_1_8' title='bbox 2352 113 2509 169; x_wconf 88' lang='lat' dir='ltr'><strong>DUO.</strong></span> <span class='ocrx_word' id='word_1_9' title='bbox 2538 144 2608 154; x_wconf 91' lang='lat'>-</span> <span class='ocrx_word' id='word_1_10' title='bbox 2635 112 2759 166; x_wconf 88' lang='lat' dir='ltr'><strong>LIB.</strong></span> <span class='ocrx_word' id='word_1_11' title='bbox 2805 113 2842 167; x_wconf 92' lang='lat' dir='ltr'><strong>I.</strong></span> <span class='ocrx_word' id='word_1_12' title='bbox 3258 110 3364 166; x_wconf 68' lang='lat'><strong>5’58</strong></span> 
     </span>
    </p>
   </div>
   <div class='ocr_carea' id='block_1_2' title="bbox 161 213 3019 298">
    <p class='ocr_par' dir='ltr' id='par_1_2' title="bbox 161 213 3019 298">
     <span class='ocr_line' id='line_1_2' title="bbox 161 213 3019 298; baseline -0.003 -11"><span class='ocrx_word' id='word_1_13' title='bbox 161 235 316 288; x_wconf 79' lang='lat' dir='ltr'><strong>Cives</strong></span> <span class='ocrx_word' id='word_1_14' title='bbox 337 230 547 286; x_wconf 90' lang='lat' dir='ltr'><strong>abactis</strong></span> <span class='ocrx_word' id='word_1_15' title='bbox 575 231 727 285; x_wconf 87' lang='lat' dir='ltr'><strong>urbis</strong></span> <span class='ocrx_word' id='word_1_16' title='bbox 763 228 922 297; x_wconf 91' lang='lat' dir='ltr'><strong>hujus</strong></span> <span class='ocrx_word' id='word_1_17' title='bbox 953 227 1222 283; x_wconf 84' lang='lat' dir='ltr'><strong>mercibus</strong></span> <span class='ocrx_word' id='word_1_18' title='bbox 1697 213 1746 270; x_wconf 83' lang='grc' dir='ltr'><strong>Α</strong></span> <span class='ocrx_word' id='word_1_19' title='bbox 1847 228 2100 296; x_wconf 86' lang='lat' dir='ltr'><strong>Querulis</strong></span> <span class='ocrx_word' id='word_1_20' title='bbox 2120 239 2410 298; x_wconf 88' lang='lat' dir='ltr'><strong>crepantes</strong></span> <span class='ocrx_word' id='word_1_21' title='bbox 2440 229 2691 285; x_wconf 85' lang='lat' dir='ltr'><strong>insonant</strong></span> <span class='ocrx_word' id='word_1_22' title='bbox 2716 227 2978 282; x_wconf 81' lang='lat' dir='ltr'><strong>conviciis</strong></span> <span class='ocrx_word' id='word_1_23' title='bbox 3003 267 3019 292; x_wconf 92' lang='lat'><strong>,</strong></span> 
     </span>
    </p>
   </div>
   <div class='ocr_carea' id='block_1_3' title="bbox 165 319 3039 391">
    <p class='ocr_par' dir='ltr' id='par_1_3' title="bbox 165 319 3039 391">
     <span class='ocr_line' id='line_1_3' title="bbox 165 319 3039 391; baseline -0.003 -12"><span class='ocrx_word' id='word_1_24' title='bbox 165 322 506 379; x_wconf 84' lang='lat' dir='ltr'><strong>Vesanientis</strong></span> <span class='ocrx_word' id='word_1_25' title='bbox 530 323 862 391; x_wconf 88' lang='lat' dir='ltr'><strong>opprobrant</strong></span> <span class='ocrx_word' id='word_1_26' title='bbox 884 321 1145 374; x_wconf 70' lang='lat' dir='ltr'><strong>socordiae</strong></span> <span class='ocrx_word' id='word_1_27' title='bbox 1847 320 2034 377; x_wconf 69' lang='lat' dir='ltr'><strong>Barba:</strong></span> <span class='ocrx_word' id='word_1_28' title='bbox 2064 321 2170 376; x_wconf 93' lang='lat' dir='ltr'><strong>imo</strong></span> <span class='ocrx_word' id='word_1_29' title='bbox 2192 330 2401 377; x_wconf 86' lang='lat' dir='ltr'><strong>stamen</strong></span> <span class='ocrx_word' id='word_1_30' title='bbox 2437 329 2757 391; x_wconf 84' lang='lat' dir='ltr'><strong>torqueatur</strong></span> <span class='ocrx_word' id='word_1_31' title='bbox 2801 319 3039 373; x_wconf 84' lang='lat' dir='ltr'><strong>funibus.</strong></span> 
     </span>
    </p>
   </div>
   <div class='ocr_carea' id='block_1_4' title="bbox 163 411 1316 483">
    <p class='ocr_par' dir='ltr' id='par_1_4' title="bbox 163 411 1316 483">
     <span class='ocr_line' id='line_1_4' title="bbox 163 411 1316 483; baseline -0.007 -12"><span class='ocrx_word' id='word_1_32' title='bbox 163 415 398 472; x_wconf 75' lang='lat' dir='ltr'><strong>Taurina</strong></span> <span class='ocrx_word' id='word_1_33' title='bbox 431 414 687 469; x_wconf 90' lang='lat' dir='ltr'><strong>mundum</strong></span> <span class='ocrx_word' id='word_1_34' title='bbox 712 414 854 483; x_wconf 87' lang='lat' dir='ltr'><strong>quod</strong></span> <span class='ocrx_word' id='word_1_35' title='bbox 885 421 1004 468; x_wconf 87' lang='lat' dir='ltr'><strong>erat</strong></span> <span class='ocrx_word' id='word_1_36' title='bbox 1037 411 1316 482; x_wconf 75' lang='lat' dir='ltr'><strong>quassatio</strong></span> 
     </span>
    </p>
   </div>
   <div class='ocr_carea' id='block_1_5' title="bbox 1557 590 1918 647">
    <p class='ocr_par' dir='ltr' id='par_1_5' title="bbox 1557 590 1918 647">
     <span class='ocr_line' id='line_1_5' title="bbox 1557 590 1918 647; baseline -0.006 -2"><span class='ocrx_word' id='word_1_37' title='bbox 1557 590 1784 647; x_wconf 68' lang='lat' dir='ltr'><strong>CAPUT</strong></span> <span class='ocrx_word' id='word_1_38' title='bbox 1829 591 1918 644; x_wconf 80' lang='lat' dir='ltr'><strong>.\&#39;I.</strong></span> 
     </span>
    </p>
   </div>
   <div class='ocr_carea' id='block_1_6' title="bbox 1365 682 2024 739">
    <p class='ocr_par' dir='ltr' id='par_1_6' title="bbox 1365 682 2024 739">
     <span class='ocr_line' id='line_1_6' title="bbox 1365 682 2024 739; baseline -0.002 -3"><span class='ocrx_word' id='word_1_39' title='bbox 1365 682 1445 737; x_wconf 83' lang='lat' dir='ltr'><strong>De</strong></span> <span class='ocrx_word' id='word_1_40' title='bbox 1465 687 1763 739; x_wconf 78' lang='lat' dir='ltr'><strong>constantia</strong></span> <span class='ocrx_word' id='word_1_41' title='bbox 1799 682 2024 738; x_wconf 73' lang='lat' dir='ltr'><strong>Publiw.</strong></span> 
     </span>
    </p>
   </div>
   <div class='ocr_carea' id='block_1_7' title="bbox 166 795 2934 859">
    <p class='ocr_par' dir='ltr' id='par_1_7' title="bbox 166 795 2934 859">
     <span class='ocr_line' id='line_1_7' title="bbox 166 795 2934 859; baseline -0.003 -3"><span class='ocrx_word' id='word_1_42' title='bbox 166 798 399 854; x_wconf 70' lang='lat' dir='ltr'><strong>Hatram)</strong></span> <span class='ocrx_word' id='word_1_43' title='bbox 433 799 601 853; x_wconf 76' lang='lat' dir='ltr'><strong>castis</strong></span> <span class='ocrx_word' id='word_1_44' title='bbox 627 797 768 852; x_wconf 76' lang='lat' dir='ltr'><strong>culta</strong></span> <span class='ocrx_word' id='word_1_45' title='bbox 804 811 904 851; x_wconf 81' lang='lat' dir='ltr'><strong>nec</strong></span> <span class='ocrx_word' id='word_1_46' title='bbox 935 811 1040 850; x_wconf 83' lang='lat' dir='ltr'><strong>non</strong></span> <span class='ocrx_word' id='word_1_47' title='bbox 1076 795 1318 851; x_wconf 78' lang='lat' dir='ltr'><strong>moribus</strong></span> <span class='ocrx_word' id='word_1_48' title='bbox 1848 803 2030 856; x_wconf 74' lang='lat' dir='ltr'><strong>(ihoro</strong></span> <span class='ocrx_word' id='word_1_49' title='bbox 2055 810 2300 854; x_wconf 86' lang='lat' dir='ltr'><strong>notatum</strong></span> <span class='ocrx_word' id='word_1_50' title='bbox 2330 798 2468 853; x_wconf 85' lang='lat' dir='ltr'><strong>ridet</strong></span> <span class='ocrx_word' id='word_1_51' title='bbox 2491 798 2700 852; x_wconf 86' lang='lat' dir='ltr'><strong>hostem</strong></span> <span class='ocrx_word' id='word_1_52' title='bbox 2728 795 2934 859; x_wconf 86' lang='lat' dir='ltr'><strong>Publia,</strong></span> 
     </span>
    </p>
   </div>
   <div class='ocr_carea' id='block_1_8' title="bbox 165 886 2868 962">
    <p class='ocr_par' dir='ltr' id='par_1_8' title="bbox 165 886 2868 962">
     <span class='ocr_line' id='line_1_8' title="bbox 165 886 2868 962; baseline -0.001 -18"><span class='ocrx_word' id='word_1_53' title='bbox 165 891 395 957; x_wconf 85' lang='lat' dir='ltr'><strong>(Tellure</strong></span> <span class='ocrx_word' id='word_1_54' title='bbox 425 889 649 959; x_wconf 80' lang='lat' dir='ltr'><strong>pulcher</strong></span> <span class='ocrx_word' id='word_1_55' title='bbox 677 896 992 959; x_wconf 90' lang='lat' dir='ltr'><strong>procreatus</strong></span> <span class='ocrx_word' id='word_1_56' title='bbox 1022 886 1246 958; x_wconf 79' lang='lat' dir='ltr'><strong>pullulat</strong></span> <span class='ocrx_word' id='word_1_57' title='bbox 1851 895 2056 949; x_wconf 56' lang='lat' dir='ltr'><strong>Tacere</strong></span> <span class='ocrx_word' id='word_1_58' title='bbox 2076 892 2226 960; x_wconf 80' lang='lat' dir='ltr'><strong>jussa</strong></span> <span class='ocrx_word' id='word_1_59' title='bbox 2257 891 2486 962; x_wconf 69' lang='lat' dir='ltr'><strong>deSpicit</strong></span> <span class='ocrx_word' id='word_1_60' title='bbox 2513 890 2868 960; x_wconf 83' lang='lat' dir='ltr'><strong>lyphaticutn,</strong></span> 
     </span>
    </p>
   </div>
   <div class='ocr_carea' id='block_1_9' title="bbox 167 979 2998 1054">
    <p class='ocr_par' dir='ltr' id='par_1_9' title="bbox 167 979 2998 1054">
     <span class='ocr_line' id='line_1_9' title="bbox 167 979 2998 1054; baseline -0.005 -6"><span class='ocrx_word' id='word_1_61' title='bbox 167 981 272 1048; x_wconf 71' lang='grc'><strong>01⁸³</strong></span> <span class='ocrx_word' id='word_1_62' title='bbox 297 979 394 1037; x_wconf 69' lang='grc'><strong>⁸08</strong></span> <span class='ocrx_word' id='word_1_63' title='bbox 430 981 667 1036; x_wconf 62' lang='lat' dir='ltr'><strong>Joannes</strong></span> <span class='ocrx_word' id='word_1_64' title='bbox 694 980 850 1035; x_wconf 67' lang='grc' dir='ltr'><strong>ἴαιιάθ</strong></span> <span class='ocrx_word' id='word_1_65' title='bbox 883 979 1039 1050; x_wconf 77' lang='lat' dir='ltr'><strong>digna</strong></span> <span class='ocrx_word' id='word_1_66' title='bbox 1070 979 1353 1050; x_wconf 75' lang='lat' dir='ltr'><strong>presbyter</strong></span> <span class='ocrx_word' id='word_1_67' title='bbox 1855 987 1964 1042; x_wconf 78' lang='lat' dir='ltr'><strong>Nec</strong></span> <span class='ocrx_word' id='word_1_68' title='bbox 1998 1000 2136 1042; x_wconf 78' lang='lat' dir='ltr'><strong>czesa</strong></span> <span class='ocrx_word' id='word_1_69' title='bbox 2164 985 2336 1054; x_wconf 77' lang='lat' dir='ltr'><strong>parcit</strong></span> <span class='ocrx_word' id='word_1_70' title='bbox 2358 985 2660 1039; x_wconf 86' lang='lat' dir='ltr'><strong>carminare</strong></span> <span class='ocrx_word' id='word_1_71' title='bbox 2689 997 2998 1036; x_wconf 75' lang='lat' dir='ltr'><strong>ert-oneum.</strong></span> 
     </span>
    </p>
   </div>
   <div class='ocr_carea' id='block_1_10' title="bbox 169 1070 1458 1142">
    <p class='ocr_par' dir='ltr' id='par_1_10' title="bbox 169 1070 1458 1142">
     <span class='ocr_line' id='line_1_10' title="bbox 169 1070 1458 1142; baseline 0 -18"><span class='ocrx_word' id='word_1_72' title='bbox 169 1070 414 1142; x_wconf 71' lang='lat' dir='ltr'><strong>Fugiens,</strong></span> <span class='ocrx_word' id='word_1_73' title='bbox 440 1072 642 1142; x_wconf 86' lang='lat' dir='ltr'><strong>petitus</strong></span> <span class='ocrx_word' id='word_1_74' title='bbox 666 1085 826 1142; x_wconf 79' lang='lat' dir='ltr'><strong>saepe,</strong></span> <span class='ocrx_word' id='word_1_75' title='bbox 841 1085 1051 1125; x_wconf 85' lang='lat' dir='ltr'><strong>summa</strong></span> <span class='ocrx_word' id='word_1_76' title='bbox 1077 1070 1142 1125; x_wconf 90' lang='lat' dir='ltr'><strong>ad</strong></span> <span class='ocrx_word' id='word_1_77' title='bbox 1169 1070 1458 1141; x_wconf 80' lang='lat' dir='ltr'><strong>regmina),</strong></span> 
     </span>
    </p>
   </div>
   <div class='ocr_carea' id='block_1_11' title="bbox 1579 1226 1962 1283">
    <p class='ocr_par' dir='ltr' id='par_1_11' title="bbox 1579 1226 1962 1283">
     <span class='ocr_line' id='line_1_11' title="bbox 1579 1226 1962 1283; baseline -0.003 -2"><span class='ocrx_word' id='word_1_78' title='bbox 1579 1226 1808 1283; x_wconf 78' lang='lat' dir='ltr'><strong>CAPUT</strong></span> <span class='ocrx_word' id='word_1_79' title='bbox 1849 1227 1962 1281; x_wconf 77' lang='lat' dir='ltr'>XII.</span> 
     </span>
    </p>
   </div>
   <div class='ocr_carea' id='block_1_12' title="bbox 1077 1316 2327 1395">
    <p class='ocr_par' dir='ltr' id='par_1_12' title="bbox 1077 1316 2327 1395">
     <span class='ocr_line' id='line_1_12' title="bbox 1077 1316 2327 1395; baseline -0.008 -16"><span class='ocrx_word' id='word_1_80' title='bbox 1077 1323 1154 1379; x_wconf 87' lang='lat' dir='ltr'><strong>De</strong></span> <span class='ocrx_word' id='word_1_81' title='bbox 1178 1323 1420 1379; x_wconf 82' lang='lat' dir='ltr'><strong>Fabiano</strong></span> <span class='ocrx_word' id='word_1_82' title='bbox 1444 1325 1685 1395; x_wconf 80' lang='lat' dir='ltr'><strong>episwpo</strong></span> <span class='ocrx_word' id='word_1_83' title='bbox 1712 1335 1760 1378; x_wconf 77' lang='lat' dir='ltr'><strong>et</strong></span> <span class='ocrx_word' id='word_1_84' title='bbox 1781 1320 2166 1378; x_wconf 70' lang='lat' dir='ltr'><strong>successoribus</strong></span> <span class='ocrx_word' id='word_1_85' title='bbox 2193 1316 2327 1386; x_wconf 69' lang='lat' dir='ltr'><strong>ejus.</strong></span> 
     </span>
    </p>
   </div>
   <div class='ocr_carea' id='block_1_13' title="bbox 112 1419 3266 1506">
    <p class='ocr_par' dir='ltr' id='par_1_13' title="bbox 112 1419 3266 1506">
     <span class='ocr_line' id='line_1_13' title="bbox 112 1419 3266 1506; baseline -0.003 -17"><span class='ocrx_word' id='word_1_86' title='bbox 112 1434 222 1490; x_wconf 83' lang='lat' dir='ltr'><strong>Post</strong></span> <span class='ocrx_word' id='word_1_87' title='bbox 247 1435 368 1490; x_wconf 63' lang='lat' dir='ltr'><strong>vita</strong></span> <span class='ocrx_word' id='word_1_88' title='bbox 395 1451 676 1491; x_wconf 76' lang='lat' dir='ltr'><strong>excessum</strong></span> <span class='ocrx_word' id='word_1_89' title='bbox 701 1436 871 1490; x_wconf 84' lang='lat' dir='ltr'><strong>sancti</strong></span> <span class='ocrx_word' id='word_1_90' title='bbox 902 1435 1190 1506; x_wconf 80' lang='lat' dir='ltr'><strong>magnique</strong></span> <span class='ocrx_word' id='word_1_91' title='bbox 1219 1434 1440 1489; x_wconf 81' lang='lat' dir='ltr'><strong>Babilla:</strong></span> <span class='ocrx_word' id='word_1_92' title='bbox 1710 1419 1756 1478; x_wconf 71' lang='grc' dir='ltr'><strong>Β</strong></span> <span class='ocrx_word' id='word_1_93' title='bbox 1783 1436 2072 1505; x_wconf 76' lang='lat' dir='ltr'><strong>Presbyter</strong></span> <span class='ocrx_word' id='word_1_94' title='bbox 2100 1432 2346 1487; x_wconf 76' lang='lat' dir='ltr'><strong>ecclesia:</strong></span> <span class='ocrx_word' id='word_1_95' title='bbox 2374 1428 2628 1500; x_wconf 83' lang='lat' dir='ltr'><strong>prudens.</strong></span> <span class='ocrx_word' id='word_1_96' title='bbox 2653 1427 2736 1481; x_wconf 88' lang='lat' dir='ltr'><strong>cui</strong></span> <span class='ocrx_word' id='word_1_97' title='bbox 2765 1426 2993 1482; x_wconf 81' lang='lat' dir='ltr'><strong>Malehio</strong></span> <span class='ocrx_word' id='word_1_98' title='bbox 3030 1442 3220 1480; x_wconf 82' lang='lat' dir='ltr'><strong>nomen</strong></span> <span class='ocrx_word' id='word_1_99' title='bbox 3255 1445 3266 1479; x_wconf 92' lang='lat'><strong>:</strong></span> 
     </span>
    </p>
   </div>
   <div class='ocr_carea' id='block_1_14' title="bbox 113 1519 3143 1596">
    <p class='ocr_par' dir='ltr' id='par_1_14' title="bbox 113 1519 3143 1596">
     <span class='ocr_line' id='line_1_14' title="bbox 113 1519 3143 1596; baseline -0.002 -16"><span class='ocrx_word' id='word_1_100' title='bbox 113 1525 343 1580; x_wconf 68' lang='lat' dir='ltr'><strong>Ecclesiae</strong></span> <span class='ocrx_word' id='word_1_101' title='bbox 375 1526 619 1596; x_wconf 81' lang='lat' dir='ltr'><strong>regimen</strong></span> <span class='ocrx_word' id='word_1_102' title='bbox 647 1526 790 1595; x_wconf 88' lang='lat' dir='ltr'><strong>capit</strong></span> <span class='ocrx_word' id='word_1_103' title='bbox 815 1526 919 1581; x_wconf 89' lang='lat' dir='ltr'><strong>hac</strong></span> <span class='ocrx_word' id='word_1_104' title='bbox 948 1524 1221 1580; x_wconf 85' lang='lat' dir='ltr'><strong>Fabianus</strong></span> <span class='ocrx_word' id='word_1_105' title='bbox 1251 1527 1304 1580; x_wconf 89' lang='lat' dir='ltr'><strong>in</strong></span> <span class='ocrx_word' id='word_1_106' title='bbox 1330 1526 1493 1589; x_wconf 85' lang='lat' dir='ltr'><strong>urbe,</strong></span> <span class='ocrx_word' id='word_1_107' title='bbox 1785 1527 1877 1581; x_wconf 89' lang='lat' dir='ltr'><strong>Vir</strong></span> <span class='ocrx_word' id='word_1_108' title='bbox 1909 1538 2101 1588; x_wconf 87' lang='lat' dir='ltr'><strong>bonus,</strong></span> <span class='ocrx_word' id='word_1_109' title='bbox 2131 1533 2358 1579; x_wconf 89' lang='lat' dir='ltr'><strong>ornatus</strong></span> <span class='ocrx_word' id='word_1_110' title='bbox 2392 1522 2601 1576; x_wconf 88' lang='lat' dir='ltr'><strong>meritis</strong></span> <span class='ocrx_word' id='word_1_111' title='bbox 2630 1519 2885 1588; x_wconf 90' lang='lat' dir='ltr'><strong>fandique</strong></span> <span class='ocrx_word' id='word_1_112' title='bbox 2915 1520 3143 1588; x_wconf 86' lang='lat' dir='ltr'><strong>peritus.</strong></span> 
     </span>
    </p>
   </div>
   <div class='ocr_carea' id='block_1_15' title="bbox 112 1613 3071 1686">
    <p class='ocr_par' dir='ltr' id='par_1_15' title="bbox 112 1613 3071 1686">
     <span class='ocr_line' id='line_1_15' title="bbox 112 1613 3071 1686; baseline -0 -19"><span class='ocrx_word' id='word_1_113' title='bbox 112 1614 308 1670; x_wconf 86' lang='lat' dir='ltr'><strong>Concilii</strong></span> <span class='ocrx_word' id='word_1_114' title='bbox 336 1615 556 1670; x_wconf 85' lang='lat' dir='ltr'><strong>decreta</strong></span> <span class='ocrx_word' id='word_1_115' title='bbox 585 1615 667 1670; x_wconf 90' lang='lat' dir='ltr'><strong>sui</strong></span> <span class='ocrx_word' id='word_1_116' title='bbox 692 1615 978 1671; x_wconf 84' lang='lat' dir='ltr'><strong>Cornelius</strong></span> <span class='ocrx_word' id='word_1_117' title='bbox 998 1615 1148 1672; x_wconf 89' lang='lat' dir='ltr'><strong>urbis</strong></span> <span class='ocrx_word' id='word_1_118' title='bbox 1780 1618 2031 1674; x_wconf 82' lang='lat' dir='ltr'><strong>Doctrina</strong></span> <span class='ocrx_word' id='word_1_119' title='bbox 2067 1617 2319 1685; x_wconf 87' lang='lat' dir='ltr'><strong>factoque</strong></span> <span class='ocrx_word' id='word_1_120' title='bbox 2343 1624 2556 1686; x_wconf 90' lang='lat' dir='ltr'><strong>potens,</strong></span> <span class='ocrx_word' id='word_1_121' title='bbox 2590 1613 2880 1668; x_wconf 80' lang='lat' dir='ltr'><strong>virtutibus</strong></span> <span class='ocrx_word' id='word_1_122' title='bbox 2909 1613 3071 1677; x_wconf 88' lang='lat' dir='ltr'><strong>altus,</strong></span> 
     </span>
    </p>
   </div>
   <div class='ocr_carea' id='block_1_16' title="bbox 115 1703 2973 1779">
    <p class='ocr_par' dir='ltr' id='par_1_16' title="bbox 115 1703 2973 1779">
     <span class='ocr_line' id='line_1_16' title="bbox 115 1703 2973 1779; baseline -0.001 -18"><span class='ocrx_word' id='word_1_123' title='bbox 115 1708 345 1765; x_wconf 70' lang='lat' dir='ltr'><strong>Romana:</strong></span> <span class='ocrx_word' id='word_1_124' title='bbox 385 1709 580 1779; x_wconf 64' lang='lat' dir='ltr'><strong>praesul</strong></span> <span class='ocrx_word' id='word_1_125' title='bbox 606 1709 691 1765; x_wconf 92' lang='lat' dir='ltr'><strong>cui</strong></span> <span class='ocrx_word' id='word_1_126' title='bbox 716 1708 1088 1764; x_wconf 83' lang='lat' dir='ltr'><strong>confirmanda</strong></span> <span class='ocrx_word' id='word_1_127' title='bbox 1110 1707 1332 1774; x_wconf 89' lang='lat' dir='ltr'><strong>dicavit,</strong></span> <span class='ocrx_word' id='word_1_128' title='bbox 1778 1711 1912 1766; x_wconf 87' lang='lat' dir='ltr'><strong>Cum</strong></span> <span class='ocrx_word' id='word_1_129' title='bbox 1952 1710 2312 1765; x_wconf 89' lang='lat' dir='ltr'><strong>Samosaleno</strong></span> <span class='ocrx_word' id='word_1_130' title='bbox 2338 1707 2424 1761; x_wconf 89' lang='lat' dir='ltr'><strong>cui</strong></span> <span class='ocrx_word' id='word_1_131' title='bbox 2453 1705 2776 1776; x_wconf 83' lang='lat' dir='ltr'><strong>disceptatio</strong></span> <span class='ocrx_word' id='word_1_132' title='bbox 2806 1703 2973 1759; x_wconf 88' lang='lat' dir='ltr'><strong>Paulo</strong></span> 
     </span>
    </p>
   </div>
   <div class='ocr_carea' id='block_1_17' title="bbox 115 1795 3000 1870">
    <p class='ocr_par' dir='ltr' id='par_1_17' title="bbox 115 1795 3000 1870">
     <span class='ocr_line' id='line_1_17' title="bbox 115 1795 3000 1870; baseline -0.001 -18"><span class='ocrx_word' id='word_1_133' title='bbox 115 1796 224 1865; x_wconf 71' lang='lat' dir='ltr'><strong>Qute</strong></span> <span class='ocrx_word' id='word_1_134' title='bbox 251 1798 455 1854; x_wconf 89' lang='lat' dir='ltr'><strong>feriunt</strong></span> <span class='ocrx_word' id='word_1_135' title='bbox 483 1799 718 1854; x_wconf 85' lang='lat' dir='ltr'><strong>heresim</strong></span> <span class='ocrx_word' id='word_1_136' title='bbox 742 1799 924 1853; x_wconf 88' lang='lat' dir='ltr'><strong>natam</strong></span> <span class='ocrx_word' id='word_1_137' title='bbox 962 1806 1182 1870; x_wconf 78' lang='lat' dir='ltr'><strong>turgore</strong></span> <span class='ocrx_word' id='word_1_138' title='bbox 1207 1797 1400 1853; x_wconf 82' lang='lat' dir='ltr'><strong>Novati</strong></span> <span class='ocrx_word' id='word_1_139' title='bbox 1420 1815 1432 1827; x_wconf 71' lang='grc' dir='ltr'><strong>ο</strong></span> <span class='ocrx_word' id='word_1_140' title='bbox 1777 1801 2017 1857; x_wconf 82' lang='lat' dir='ltr'><strong>Concilio</strong></span> <span class='ocrx_word' id='word_1_141' title='bbox 2044 1800 2143 1855; x_wconf 91' lang='lat' dir='ltr'><strong>soli</strong></span> <span class='ocrx_word' id='word_1_142' title='bbox 2175 1799 2494 1853; x_wconf 77' lang='lat' dir='ltr'><strong>cencessum</strong></span> <span class='ocrx_word' id='word_1_143' title='bbox 2527 1797 2700 1851; x_wconf 79' lang='lat' dir='ltr'><strong>fertur</strong></span> <span class='ocrx_word' id='word_1_144' title='bbox 2733 1798 2802 1852; x_wconf 89' lang='lat' dir='ltr'><strong>ab</strong></span> <span class='ocrx_word' id='word_1_145' title='bbox 2829 1795 3000 1858; x_wconf 88' lang='lat' dir='ltr'><strong>omni,</strong></span> 
     </span>
    </p>
   </div>
   <div class='ocr_carea' id='block_1_18' title="bbox 114 1889 3271 1962">
    <p class='ocr_par' dir='ltr' id='par_1_18' title="bbox 114 1889 3271 1962">
     <span class='ocr_line' id='line_1_18' title="bbox 114 1889 3271 1962; baseline -0.002 -17"><span class='ocrx_word' id='word_1_146' title='bbox 114 1889 291 1945; x_wconf 87' lang='lat' dir='ltr'><strong>Scribit</strong></span> <span class='ocrx_word' id='word_1_147' title='bbox 315 1890 723 1947; x_wconf 79' lang='lat' dir='ltr'><strong>Alexandrinus</strong></span> <span class='ocrx_word' id='word_1_148' title='bbox 741 1892 792 1947; x_wconf 92' lang='lat' dir='ltr'><strong>ei</strong></span> <span class='ocrx_word' id='word_1_149' title='bbox 824 1891 1111 1962; x_wconf 76' lang='lat' dir='ltr'><strong>Dionysius</strong></span> <span class='ocrx_word' id='word_1_150' title='bbox 1138 1891 1280 1946; x_wconf 90' lang='lat' dir='ltr'><strong>unde</strong></span> <span class='ocrx_word' id='word_1_151' title='bbox 1781 1891 2121 1962; x_wconf 83' lang='lat' dir='ltr'><strong>Scriptorum</strong></span> <span class='ocrx_word' id='word_1_152' title='bbox 2146 1891 2453 1960; x_wconf 81' lang='lat' dir='ltr'><strong>excipiente</strong></span> <span class='ocrx_word' id='word_1_153' title='bbox 2482 1904 2668 1955; x_wconf 89' lang='lat' dir='ltr'><strong>manu,</strong></span> <span class='ocrx_word' id='word_1_154' title='bbox 2700 1905 2864 1958; x_wconf 90' lang='lat' dir='ltr'><strong>quam</strong></span> <span class='ocrx_word' id='word_1_155' title='bbox 2897 1890 3108 1944; x_wconf 88' lang='lat' dir='ltr'><strong>naviter</strong></span> <span class='ocrx_word' id='word_1_156' title='bbox 3129 1898 3271 1951; x_wconf 75' lang='lat' dir='ltr'><strong>acta,</strong></span> 
     </span>
    </p>
   </div>
   <div class='ocr_carea' id='block_1_19' title="bbox 116 1978 2927 2054">
    <p class='ocr_par' dir='ltr' id='par_1_19' title="bbox 116 1978 2927 2054">
     <span class='ocr_line' id='line_1_19' title="bbox 116 1978 2927 2054; baseline 0.001 -22"><span class='ocrx_word' id='word_1_157' title='bbox 116 1978 278 2046; x_wconf 80' lang='lat' dir='ltr'><strong>Ilulta,</strong></span> <span class='ocrx_word' id='word_1_158' title='bbox 307 1991 508 2037; x_wconf 89' lang='lat' dir='ltr'><strong>notans</strong></span> <span class='ocrx_word' id='word_1_159' title='bbox 537 1982 680 2038; x_wconf 85' lang='lat' dir='ltr'><strong>istud</strong></span> <span class='ocrx_word' id='word_1_160' title='bbox 715 1998 879 2052; x_wconf 88' lang='lat' dir='ltr'><strong>quam</strong></span> <span class='ocrx_word' id='word_1_161' title='bbox 915 1983 988 2037; x_wconf 92' lang='lat' dir='ltr'><strong>sit</strong></span> <span class='ocrx_word' id='word_1_162' title='bbox 1016 1981 1323 2038; x_wconf 87' lang='lat' dir='ltr'><strong>damnabile</strong></span> <span class='ocrx_word' id='word_1_163' title='bbox 1349 1983 1566 2054; x_wconf 82' lang='lat' dir='ltr'><strong>dogma.</strong></span> <span class='ocrx_word' id='word_1_164' title='bbox 1780 1981 2041 2038; x_wconf 83' lang='lat' dir='ltr'><strong>Servatur</strong></span> <span class='ocrx_word' id='word_1_165' title='bbox 2072 1991 2268 2036; x_wconf 89' lang='lat' dir='ltr'><strong>cuncto</strong></span> <span class='ocrx_word' id='word_1_166' title='bbox 2299 1980 2462 2036; x_wconf 87' lang='lat' dir='ltr'><strong>veluti</strong></span> <span class='ocrx_word' id='word_1_167' title='bbox 2489 1980 2752 2036; x_wconf 89' lang='lat' dir='ltr'><strong>mirabilis</strong></span> <span class='ocrx_word' id='word_1_168' title='bbox 2790 1995 2927 2036; x_wconf 65' lang='lat' dir='ltr'><strong>aevo.</strong></span> 
     </span>
    </p>
   </div>
   <div class='ocr_carea' id='block_1_20' title="bbox 117 2069 3101 2142">
    <p class='ocr_par' dir='ltr' id='par_1_20' title="bbox 117 2069 3101 2142">
     <span class='ocr_line' id='line_1_20' title="bbox 117 2069 3101 2142; baseline 0.002 -19"><span class='ocrx_word' id='word_1_169' title='bbox 117 2069 365 2127; x_wconf 83' lang='lat' dir='ltr'><strong>Successit</strong></span> <span class='ocrx_word' id='word_1_170' title='bbox 392 2073 666 2129; x_wconf 65' lang='lat' dir='ltr'><strong>cathedra:</strong></span> <span class='ocrx_word' id='word_1_171' title='bbox 694 2073 915 2128; x_wconf 82' lang='lat' dir='ltr'><strong>Fabiani</strong></span> <span class='ocrx_word' id='word_1_172' title='bbox 947 2075 1344 2139; x_wconf 83' lang='lat' dir='ltr'><strong>Demetrianus,</strong></span> <span class='ocrx_word' id='word_1_173' title='bbox 1781 2072 1943 2126; x_wconf 89' lang='lat' dir='ltr'><strong>Solus</strong></span> <span class='ocrx_word' id='word_1_174' title='bbox 1968 2072 2112 2126; x_wconf 90' lang='lat' dir='ltr'><strong>enim</strong></span> <span class='ocrx_word' id='word_1_175' title='bbox 2145 2071 2383 2141; x_wconf 88' lang='lat' dir='ltr'><strong>propriis</strong></span> <span class='ocrx_word' id='word_1_176' title='bbox 2421 2072 2597 2140; x_wconf 87' lang='lat' dir='ltr'><strong>potuit</strong></span> <span class='ocrx_word' id='word_1_177' title='bbox 2638 2072 2843 2126; x_wconf 89' lang='lat' dir='ltr'><strong>vincire</strong></span> <span class='ocrx_word' id='word_1_178' title='bbox 2873 2073 3101 2142; x_wconf 90' lang='lat' dir='ltr'><strong>profatis</strong></span> 
     </span>
    </p>
   </div>
   <div class='ocr_carea' id='block_1_21' title="bbox 117 2161 3253 2237">
    <p class='ocr_par' dir='ltr' id='par_1_21' title="bbox 117 2161 3253 2237">
     <span class='ocr_line' id='line_1_21' title="bbox 117 2161 3253 2237; baseline 0.002 -21"><span class='ocrx_word' id='word_1_179' title='bbox 117 2161 198 2217; x_wconf 87' lang='lat' dir='ltr'><strong>Cui</strong></span> <span class='ocrx_word' id='word_1_180' title='bbox 223 2162 417 2220; x_wconf 84' lang='lat' dir='ltr'><strong>Paulus</strong></span> <span class='ocrx_word' id='word_1_181' title='bbox 447 2165 853 2228; x_wconf 89' lang='lat' dir='ltr'><strong>Samosatenus,</strong></span> <span class='ocrx_word' id='word_1_182' title='bbox 886 2166 1001 2235; x_wconf 87' lang='lat' dir='ltr'><strong>qui,</strong></span> <span class='ocrx_word' id='word_1_183' title='bbox 1033 2166 1271 2236; x_wconf 75' lang='lat' dir='ltr'><strong>regmine</strong></span> <span class='ocrx_word' id='word_1_184' title='bbox 1297 2174 1531 2237; x_wconf 89' lang='lat' dir='ltr'><strong>sumpto,</strong></span> <span class='ocrx_word' id='word_1_185' title='bbox 1779 2163 1859 2218; x_wconf 84' lang='lat' dir='ltr'><strong>Ac</strong></span> <span class='ocrx_word' id='word_1_186' title='bbox 1885 2175 2192 2217; x_wconf 89' lang='lat' dir='ltr'><strong>monstrare</strong></span> <span class='ocrx_word' id='word_1_187' title='bbox 2223 2163 2400 2234; x_wconf 84' lang='lat' dir='ltr'><strong>palam</strong></span> <span class='ocrx_word' id='word_1_188' title='bbox 2439 2163 2666 2218; x_wconf 88' lang='lat' dir='ltr'><strong>Paulum</strong></span> <span class='ocrx_word' id='word_1_189' title='bbox 2699 2181 2757 2219; x_wconf 91' lang='lat' dir='ltr'><strong>se</strong></span> <span class='ocrx_word' id='word_1_190' title='bbox 2787 2165 3253 2231; x_wconf 81' lang='lat' dir='ltr'><strong>dissimulantem;</strong></span> 
     </span>
    </p>
   </div>
   <div class='ocr_carea' id='block_1_22' title="bbox 119 2252 3183 2326">
    <p class='ocr_par' dir='ltr' id='par_1_22' title="bbox 119 2252 3183 2326">
     <span class='ocr_line' id='line_1_22' title="bbox 119 2252 3183 2326; baseline 0.002 -19"><span class='ocrx_word' id='word_1_191' title='bbox 119 2252 304 2311; x_wconf 81' lang='lat' dir='ltr'><strong>Erroris</strong></span> <span class='ocrx_word' id='word_1_192' title='bbox 327 2257 475 2326; x_wconf 85' lang='lat' dir='ltr'><strong>lepra</strong></span> <span class='ocrx_word' id='word_1_193' title='bbox 503 2257 709 2314; x_wconf 85' lang='lat' dir='ltr'><strong>Christi</strong></span> <span class='ocrx_word' id='word_1_194' title='bbox 739 2258 1031 2314; x_wconf 87' lang='lat' dir='ltr'><strong>maculavit</strong></span> <span class='ocrx_word' id='word_1_195' title='bbox 1054 2259 1216 2324; x_wconf 90' lang='lat' dir='ltr'><strong>ovile,</strong></span> <span class='ocrx_word' id='word_1_196' title='bbox 1781 2255 1942 2310; x_wconf 88' lang='lat' dir='ltr'><strong>Solus</strong></span> <span class='ocrx_word' id='word_1_197' title='bbox 1973 2257 2040 2310; x_wconf 91' lang='lat' dir='ltr'><strong>ab</strong></span> <span class='ocrx_word' id='word_1_198' title='bbox 2069 2256 2297 2309; x_wconf 89' lang='lat' dir='ltr'><strong>internis</strong></span> <span class='ocrx_word' id='word_1_199' title='bbox 2327 2271 2557 2325; x_wconf 81' lang='lat' dir='ltr'><strong>anguem</strong></span> <span class='ocrx_word' id='word_1_200' title='bbox 2585 2264 2707 2310; x_wconf 80' lang='lat' dir='ltr'><strong>extu</strong></span> <span class='ocrx_word' id='word_1_201' title='bbox 2719 2258 2876 2310; x_wconf 84' lang='lat' dir='ltr'><strong>rbarc</strong></span> <span class='ocrx_word' id='word_1_202' title='bbox 2910 2258 3183 2315; x_wconf 78' lang='lat' dir='ltr'><strong>cavernis.</strong></span> 
     </span>
    </p>
   </div>
   <div class='ocr_carea' id='block_1_23' title="bbox 121 2333 3071 2422">
    <p class='ocr_par' dir='ltr' id='par_1_23' title="bbox 121 2333 3071 2422">
     <span class='ocr_line' id='line_1_23' title="bbox 121 2333 3071 2422; baseline 0.001 -21"><span class='ocrx_word' id='word_1_203' title='bbox 121 2343 183 2400; x_wconf 84' lang='lat' dir='ltr'><strong>De</strong></span> <span class='ocrx_word' id='word_1_204' title='bbox 201 2347 422 2404; x_wconf 90' lang='lat' dir='ltr'><strong>Domino</strong></span> <span class='ocrx_word' id='word_1_205' title='bbox 451 2350 723 2404; x_wconf 87' lang='lat' dir='ltr'><strong>malesana</strong></span> <span class='ocrx_word' id='word_1_206' title='bbox 755 2348 960 2416; x_wconf 87' lang='lat' dir='ltr'><strong>ferens,</strong></span> <span class='ocrx_word' id='word_1_207' title='bbox 984 2350 1110 2404; x_wconf 92' lang='lat' dir='ltr'><strong>dum</strong></span> <span class='ocrx_word' id='word_1_208' title='bbox 1133 2350 1395 2422; x_wconf 88' lang='lat' dir='ltr'><strong>simplicis</strong></span> <span class='ocrx_word' id='word_1_209' title='bbox 1419 2351 1567 2406; x_wconf 92' lang='lat' dir='ltr'><strong>illum</strong></span> <span class='ocrx_word' id='word_1_210' title='bbox 1781 2333 2089 2420; x_wconf 80' lang='lat' dir='ltr'><strong>Deprensus</strong></span> <span class='ocrx_word' id='word_1_211' title='bbox 2111 2349 2259 2403; x_wconf 90' lang='lat' dir='ltr'><strong>clara</strong></span> <span class='ocrx_word' id='word_1_212' title='bbox 2290 2350 2578 2403; x_wconf 51' lang='lat' dir='ltr'><strong>dan‘matur</strong></span> <span class='ocrx_word' id='word_1_213' title='bbox 2600 2364 2730 2404; x_wconf 88' lang='lat' dir='ltr'><strong>voce</strong></span> <span class='ocrx_word' id='word_1_214' title='bbox 2758 2351 3071 2420; x_wconf 76' lang='lat' dir='ltr'><strong>chelydros,</strong></span> 
     </span>
    </p>
   </div>
   <div class='ocr_carea' id='block_1_24' title="bbox 121 2435 3120 2510">
    <p class='ocr_par' dir='ltr' id='par_1_24' title="bbox 121 2435 3120 2510">
     <span class='ocr_line' id='line_1_24' title="bbox 121 2435 3120 2510; baseline 0.003 -21"><span class='ocrx_word' id='word_1_215' title='bbox 121 2435 308 2493; x_wconf 74' lang='lat' dir='ltr'><strong>Natura:</strong></span> <span class='ocrx_word' id='word_1_216' title='bbox 335 2448 545 2494; x_wconf 90' lang='lat' dir='ltr'><strong>tantum</strong></span> <span class='ocrx_word' id='word_1_217' title='bbox 569 2439 729 2496; x_wconf 88' lang='lat' dir='ltr'><strong>docet</strong></span> <span class='ocrx_word' id='word_1_218' title='bbox 756 2441 1114 2510; x_wconf 64' lang='lat' dir='ltr'><strong>humanaeque</strong></span> <span class='ocrx_word' id='word_1_219' title='bbox 1144 2441 1332 2509; x_wconf 90' lang='lat' dir='ltr'><strong>fuisse,</strong></span> <span class='ocrx_word' id='word_1_220' title='bbox 1782 2441 2224 2510; x_wconf 78' lang='lat' dir='ltr'><strong>MonSIraturque</strong></span> <span class='ocrx_word' id='word_1_221' title='bbox 2266 2439 2444 2508; x_wconf 88' lang='lat' dir='ltr'><strong>palam</strong></span> <span class='ocrx_word' id='word_1_222' title='bbox 2477 2449 2586 2494; x_wconf 90' lang='lat' dir='ltr'><strong>toto</strong></span> <span class='ocrx_word' id='word_1_223' title='bbox 2615 2441 2940 2495; x_wconf 85' lang='lat' dir='ltr'><strong>damnabilis</strong></span> <span class='ocrx_word' id='word_1_224' title='bbox 2967 2443 3120 2497; x_wconf 87' lang='lat' dir='ltr'><strong>orbe.</strong></span> 
     </span>
    </p>
   </div>
   <div class='ocr_carea' id='block_1_25' title="bbox 124 2528 3143 2602">
    <p class='ocr_par' dir='ltr' id='par_1_25' title="bbox 124 2528 3143 2602">
     <span class='ocr_line' id='line_1_25' title="bbox 124 2528 3143 2602; baseline 0.002 -21"><span class='ocrx_word' id='word_1_225' title='bbox 124 2528 345 2585; x_wconf 87' lang='lat' dir='ltr'><strong>Divinum</strong></span> <span class='ocrx_word' id='word_1_226' title='bbox 371 2531 550 2586; x_wconf 91' lang='lat' dir='ltr'><strong>nitens</strong></span> <span class='ocrx_word' id='word_1_227' title='bbox 574 2533 628 2586; x_wconf 93' lang='lat' dir='ltr'><strong>in</strong></span> <span class='ocrx_word' id='word_1_228' title='bbox 654 2547 720 2588; x_wconf 90' lang='lat' dir='ltr'><strong>eo</strong></span> <span class='ocrx_word' id='word_1_229' title='bbox 747 2547 982 2586; x_wconf 77' lang='lat' dir='ltr'><strong>vacuare</strong></span> <span class='ocrx_word' id='word_1_230' title='bbox 1006 2533 1279 2588; x_wconf 86' lang='lat' dir='ltr'><strong>decorem.</strong></span> <span class='ocrx_word' id='word_1_231' title='bbox 1783 2532 2037 2602; x_wconf 81' lang='lat' dir='ltr'><strong>Deposito</strong></span> <span class='ocrx_word' id='word_1_232' title='bbox 2063 2533 2166 2588; x_wconf 93' lang='lat' dir='ltr'><strong>hoc</strong></span> <span class='ocrx_word' id='word_1_233' title='bbox 2193 2533 2433 2587; x_wconf 90' lang='lat' dir='ltr'><strong>Domnus</strong></span> <span class='ocrx_word' id='word_1_234' title='bbox 2459 2532 2654 2602; x_wconf 79' lang='lat' dir='ltr'><strong>praesul</strong></span> <span class='ocrx_word' id='word_1_235' title='bbox 2676 2532 2886 2588; x_wconf 84' lang='lat' dir='ltr'><strong>latrone</strong></span> <span class='ocrx_word' id='word_1_236' title='bbox 2911 2533 3143 2588; x_wconf 81' lang='lat' dir='ltr'><strong>levatur.</strong></span> 
     </span>
    </p>
   </div>
   <div class='ocr_carea' id='block_1_26' title="bbox 123 2621 3092 2696">
    <p class='ocr_par' dir='ltr' id='par_1_26' title="bbox 123 2621 3092 2696">
     <span class='ocr_line' id='line_1_26' title="bbox 123 2621 3092 2696; baseline 0.001 -20"><span class='ocrx_word' id='word_1_237' title='bbox 123 2621 630 2696; x_wconf 78' lang='lat' dir='ltr'><strong>Conveniunt-igitur</strong></span> <span class='ocrx_word' id='word_1_238' title='bbox 657 2641 910 2696; x_wconf 86' lang='lat' dir='ltr'><strong>proceres</strong></span> <span class='ocrx_word' id='word_1_239' title='bbox 927 2626 1130 2696; x_wconf 85' lang='lat' dir='ltr'><strong>pietate</strong></span> <span class='ocrx_word' id='word_1_240' title='bbox 1158 2627 1344 2683; x_wconf 88' lang='lat' dir='ltr'><strong>viriles</strong></span> <span class='ocrx_word' id='word_1_241' title='bbox 1783 2622 1910 2677; x_wconf 85' lang='lat' dir='ltr'><strong>I&#39;ost</strong></span> <span class='ocrx_word' id='word_1_242' title='bbox 1930 2638 2089 2692; x_wconf 89' lang='lat' dir='ltr'><strong>quem</strong></span> <span class='ocrx_word' id='word_1_243' title='bbox 2117 2623 2388 2692; x_wconf 83' lang='lat' dir='ltr'><strong>pontificis</strong></span> <span class='ocrx_word' id='word_1_244' title='bbox 2420 2623 2657 2693; x_wconf 87' lang='lat' dir='ltr'><strong>suscepit</strong></span> <span class='ocrx_word' id='word_1_245' title='bbox 2675 2624 2798 2694; x_wconf 89' lang='lat' dir='ltr'><strong>jura</strong></span> <span class='ocrx_word' id='word_1_246' title='bbox 2836 2623 3092 2680; x_wconf 74' lang='lat' dir='ltr'><strong>Timreus.</strong></span> 
     </span>
    </p>
   </div>
   <div class='ocr_carea' id='block_1_27' title="bbox 125 2710 3242 2787">
    <p class='ocr_par' dir='ltr' id='par_1_27' title="bbox 125 2710 3242 2787">
     <span class='ocr_line' id='line_1_27' title="bbox 125 2710 3242 2787; baseline 0.002 -21"><span class='ocrx_word' id='word_1_247' title='bbox 125 2710 456 2785; x_wconf 85' lang='lat' dir='ltr'><strong>Pastoresque</strong></span> <span class='ocrx_word' id='word_1_248' title='bbox 483 2717 632 2780; x_wconf 89' lang='lat' dir='ltr'><strong>boni,</strong></span> <span class='ocrx_word' id='word_1_249' title='bbox 658 2717 830 2772; x_wconf 82' lang='lat' dir='ltr'><strong>caulis</strong></span> <span class='ocrx_word' id='word_1_250' title='bbox 856 2717 1064 2773; x_wconf 91' lang='lat' dir='ltr'><strong>belvam</strong></span> <span class='ocrx_word' id='word_1_251' title='bbox 1093 2718 1440 2774; x_wconf 82' lang='lat' dir='ltr'><strong>insidiantem</strong></span> <span class='ocrx_word' id='word_1_252' title='bbox 1715 2777 1751 2787; x_wconf 43' lang='grc' dir='ltr'><strong>Α</strong></span> <span class='ocrx_word' id='word_1_253' title='bbox 1789 2714 1900 2767; x_wconf 86' lang='lat' dir='ltr'><strong>Hoc</strong></span> <span class='ocrx_word' id='word_1_254' title='bbox 1931 2729 2148 2784; x_wconf 86' lang='lat' dir='ltr'><strong>quoque</strong></span> <span class='ocrx_word' id='word_1_255' title='bbox 2177 2715 2434 2770; x_wconf 89' lang='lat' dir='ltr'><strong>defuncto</strong></span> <span class='ocrx_word' id='word_1_256' title='bbox 2461 2717 2726 2770; x_wconf 72' lang='lat' dir='ltr'><strong>successit</strong></span> <span class='ocrx_word' id='word_1_257' title='bbox 2759 2717 2962 2770; x_wconf 81' lang='lat' dir='ltr'><strong>honore</strong></span> <span class='ocrx_word' id='word_1_258' title='bbox 2988 2717 3059 2787; x_wconf 75' lang='lat' dir='ltr'><strong>Cy</strong></span> <span class='ocrx_word' id='word_1_259' title='bbox 3072 2717 3242 2782; x_wconf 88' lang='lat' dir='ltr'><strong>rillus,</strong></span> 
     </span>
    </p>
   </div>
   <div class='ocr_carea' id='block_1_28' title="bbox 125 2777 3279 2879">
    <p class='ocr_par' dir='ltr' id='par_1_28' title="bbox 125 2777 3279 2879">
     <span class='ocr_line' id='line_1_28' title="bbox 125 2777 3279 2879; baseline 0.003 -24"><span class='ocrx_word' id='word_1_260' title='bbox 125 2801 421 2873; x_wconf 87' lang='lat' dir='ltr'><strong>Discutiunt,</strong></span> <span class='ocrx_word' id='word_1_261' title='bbox 445 2808 723 2878; x_wconf 87' lang='lat' dir='ltr'><strong>multoque</strong></span> <span class='ocrx_word' id='word_1_262' title='bbox 753 2818 1006 2879; x_wconf 90' lang='lat' dir='ltr'><strong>premunt</strong></span> <span class='ocrx_word' id='word_1_263' title='bbox 1029 2809 1269 2864; x_wconf 88' lang='lat' dir='ltr'><strong>clamore</strong></span> <span class='ocrx_word' id='word_1_264' title='bbox 1291 2810 1568 2864; x_wconf 80' lang='lat' dir='ltr'><strong>latentem.</strong></span> <span class='ocrx_word' id='word_1_265' title='bbox 1707 2777 1751 2838; x_wconf 67' lang='grc' dir='ltr'>ο</span> <span class='ocrx_word' id='word_1_266' title='bbox 1783 2804 1952 2872; x_wconf 84' lang='lat' dir='ltr'><strong>Quem</strong></span> <span class='ocrx_word' id='word_1_267' title='bbox 1987 2807 2233 2876; x_wconf 88' lang='lat' dir='ltr'><strong>sequitur</strong></span> <span class='ocrx_word' id='word_1_268' title='bbox 2262 2805 2589 2872; x_wconf 85' lang='lat' dir='ltr'><strong>Dorotheus,</strong></span> <span class='ocrx_word' id='word_1_269' title='bbox 2611 2807 2792 2862; x_wconf 89' lang='lat' dir='ltr'><strong>divino</strong></span> <span class='ocrx_word' id='word_1_270' title='bbox 2822 2809 3072 2879; x_wconf 82' lang='lat' dir='ltr'><strong>dogmate</strong></span> <span class='ocrx_word' id='word_1_271' title='bbox 3097 2810 3279 2864; x_wconf 85' lang='lat' dir='ltr'><strong>clarus</strong></span> 
     </span>
    </p>
   </div>
   <div class='ocr_carea' id='block_1_29' title="bbox 125 2895 3097 2971">
    <p class='ocr_par' dir='ltr' id='par_1_29' title="bbox 125 2895 3097 2971">
     <span class='ocr_line' id='line_1_29' title="bbox 125 2895 3097 2971; baseline 0.003 -22"><span class='ocrx_word' id='word_1_272' title='bbox 125 2895 170 2950; x_wconf 89' lang='lat' dir='ltr'><strong>In</strong></span> <span class='ocrx_word' id='word_1_273' title='bbox 187 2900 372 2968; x_wconf 87' lang='lat' dir='ltr'><strong>quibus</strong></span> <span class='ocrx_word' id='word_1_274' title='bbox 405 2900 647 2970; x_wconf 76' lang='lat' dir='ltr'><strong>insignes</strong></span> <span class='ocrx_word' id='word_1_275' title='bbox 670 2901 895 2957; x_wconf 85' lang='lat' dir='ltr'><strong>aderant</strong></span> <span class='ocrx_word' id='word_1_276' title='bbox 923 2903 1177 2971; x_wconf 83' lang='lat' dir='ltr'><strong>Iatnaque</strong></span> <span class='ocrx_word' id='word_1_277' title='bbox 1201 2901 1444 2956; x_wconf 87' lang='lat' dir='ltr'><strong>celebres</strong></span> <span class='ocrx_word' id='word_1_278' title='bbox 1783 2898 1851 2952; x_wconf 86' lang='lat' dir='ltr'><strong>Et</strong></span> <span class='ocrx_word' id='word_1_279' title='bbox 1887 2899 2017 2953; x_wconf 91' lang='lat' dir='ltr'><strong>satis</strong></span> <span class='ocrx_word' id='word_1_280' title='bbox 2047 2899 2306 2963; x_wconf 88' lang='lat' dir='ltr'><strong>intentus,</strong></span> <span class='ocrx_word' id='word_1_281' title='bbox 2347 2915 2517 2968; x_wconf 88' lang='lat' dir='ltr'><strong>quare</strong></span> <span class='ocrx_word' id='word_1_282' title='bbox 2546 2901 2800 2956; x_wconf 89' lang='lat' dir='ltr'><strong>didicisse</strong></span> <span class='ocrx_word' id='word_1_283' title='bbox 2833 2902 3097 2971; x_wconf 83' lang='lat' dir='ltr'><strong>loquelam</strong></span> 
     </span>
    </p>
   </div>
   <div class='ocr_carea' id='block_1_30' title="bbox 125 2985 3190 3062">
    <p class='ocr_par' dir='ltr' id='par_1_30' title="bbox 125 2985 3190 3062">
     <span class='ocr_line' id='line_1_30' title="bbox 125 2985 3190 3062; baseline 0.003 -22"><span class='ocrx_word' id='word_1_284' title='bbox 125 2985 473 3059; x_wconf 85' lang='lat' dir='ltr'><strong>Cappadocum</strong></span> <span class='ocrx_word' id='word_1_285' title='bbox 504 2991 680 3062; x_wconf 78' lang='lat' dir='ltr'><strong>gentis</strong></span> <span class='ocrx_word' id='word_1_286' title='bbox 708 2993 901 3061; x_wconf 60' lang='lat' dir='ltr'><strong>praesul</strong></span> <span class='ocrx_word' id='word_1_287' title='bbox 939 3001 1066 3048; x_wconf 90' lang='lat' dir='ltr'><strong>tunc</strong></span> <span class='ocrx_word' id='word_1_288' title='bbox 1094 2991 1463 3056; x_wconf 83' lang='lat' dir='ltr'><strong>Firmilianus,</strong></span> <span class='ocrx_word' id='word_1_289' title='bbox 1785 2986 2040 3042; x_wconf 89' lang='lat' dir='ltr'><strong>Traditur</strong></span> <span class='ocrx_word' id='word_1_290' title='bbox 2071 2987 2417 3054; x_wconf 85' lang='lat' dir='ltr'><strong>IIebraicam,</strong></span> <span class='ocrx_word' id='word_1_291' title='bbox 2441 2989 2632 3046; x_wconf 76' lang='lat' dir='ltr'><strong>Grteco</strong></span> <span class='ocrx_word' id='word_1_292' title='bbox 2659 3006 2913 3047; x_wconf 89' lang='lat' dir='ltr'><strong>sermone</strong></span> <span class='ocrx_word' id='word_1_293' title='bbox 2936 2994 3190 3048; x_wconf 88' lang='lat' dir='ltr'><strong>disertus.</strong></span> 
     </span>
    </p>
   </div>
   <div class='ocr_carea' id='block_1_31' title="bbox 125 3076 3156 3154">
    <p class='ocr_par' dir='ltr' id='par_1_31' title="bbox 125 3076 3156 3154">
     <span class='ocr_line' id='line_1_31' title="bbox 125 3076 3156 3154; baseline 0.003 -23"><span class='ocrx_word' id='word_1_294' title='bbox 125 3076 391 3151; x_wconf 78' lang='lat' dir='ltr'><strong>Gregorius</strong></span> <span class='ocrx_word' id='word_1_295' title='bbox 422 3081 600 3144; x_wconf 90' lang='lat' dir='ltr'><strong>Ponti,</strong></span> <span class='ocrx_word' id='word_1_296' title='bbox 634 3081 912 3154; x_wconf 78' lang='lat' dir='ltr'><strong>fraterque</strong></span> <span class='ocrx_word' id='word_1_297' title='bbox 936 3083 1336 3147; x_wconf 86' lang='lat' dir='ltr'><strong>Athenodorus,</strong></span> <span class='ocrx_word' id='word_1_298' title='bbox 1376 3093 1538 3153; x_wconf 87' lang='lat' dir='ltr'><strong>atque</strong></span> <span class='ocrx_word' id='word_1_299' title='bbox 1786 3079 1979 3136; x_wconf 82' lang='lat' dir='ltr'><strong>Fertur</strong></span> <span class='ocrx_word' id='word_1_300' title='bbox 2003 3080 2092 3135; x_wconf 84' lang='lat' dir='ltr'><strong>hic</strong></span> <span class='ocrx_word' id='word_1_301' title='bbox 2119 3081 2404 3135; x_wconf 90' lang='lat' dir='ltr'><strong>eunuchus</strong></span> <span class='ocrx_word' id='word_1_302' title='bbox 2434 3082 2623 3137; x_wconf 89' lang='lat' dir='ltr'><strong>matris</strong></span> <span class='ocrx_word' id='word_1_303' title='bbox 2645 3083 2711 3138; x_wconf 92' lang='lat' dir='ltr'><strong>de</strong></span> <span class='ocrx_word' id='word_1_304' title='bbox 2743 3095 2933 3138; x_wconf 87' lang='lat' dir='ltr'><strong>ventre</strong></span> <span class='ocrx_word' id='word_1_305' title='bbox 2966 3085 3156 3152; x_wconf 74' lang='lat' dir='ltr'><strong>fuisse,</strong></span> 
     </span>
    </p>
   </div>
   <div class='ocr_carea' id='block_1_32' title="bbox 127 3168 3252 3244">
    <p class='ocr_par' dir='ltr' id='par_1_32' title="bbox 127 3168 3252 3244">
     <span class='ocr_line' id='line_1_32' title="bbox 127 3168 3252 3244; baseline 0.002 -21"><span class='ocrx_word' id='word_1_306' title='bbox 127 3168 265 3226; x_wconf 87' lang='lat' dir='ltr'><strong>lconii</strong></span> <span class='ocrx_word' id='word_1_307' title='bbox 291 3171 603 3239; x_wconf 85' lang='lat' dir='ltr'><strong>Nichomas,</strong></span> <span class='ocrx_word' id='word_1_308' title='bbox 631 3171 864 3228; x_wconf 88' lang='lat' dir='ltr'><strong>Ilelenus</strong></span> <span class='ocrx_word' id='word_1_309' title='bbox 897 3174 1208 3240; x_wconf 86' lang='lat' dir='ltr'><strong>Sardensis,</strong></span> <span class='ocrx_word' id='word_1_310' title='bbox 1242 3181 1297 3229; x_wconf 90' lang='lat' dir='ltr'><strong>et</strong></span> <span class='ocrx_word' id='word_1_311' title='bbox 1333 3174 1522 3228; x_wconf 75' lang='lat' dir='ltr'><strong>horum</strong></span> <span class='ocrx_word' id='word_1_312' title='bbox 1788 3169 1941 3226; x_wconf 89' lang='lat' dir='ltr'><strong>Unde</strong></span> <span class='ocrx_word' id='word_1_313' title='bbox 1969 3180 2024 3226; x_wconf 91' lang='lat' dir='ltr'><strong>et</strong></span> <span class='ocrx_word' id='word_1_314' title='bbox 2051 3173 2190 3241; x_wconf 88' lang='lat' dir='ltr'><strong>apud</strong></span> <span class='ocrx_word' id='word_1_315' title='bbox 2221 3187 2376 3243; x_wconf 79' lang='lat' dir='ltr'><strong>reges</strong></span> <span class='ocrx_word' id='word_1_316' title='bbox 2405 3182 2678 3228; x_wconf 89' lang='lat' dir='ltr'><strong>terrenum</strong></span> <span class='ocrx_word' id='word_1_317' title='bbox 2711 3176 2942 3244; x_wconf 86' lang='lat' dir='ltr'><strong>sumpsit</strong></span> <span class='ocrx_word' id='word_1_318' title='bbox 2969 3179 3252 3239; x_wconf 86' lang='lat' dir='ltr'><strong>honorem,</strong></span> 
     </span>
    </p>
   </div>
   <div class='ocr_carea' id='block_1_33' title="bbox 127 3255 3258 3338">
    <p class='ocr_par' dir='ltr' id='par_1_33' title="bbox 127 3255 3258 3338">
     <span class='ocr_line' id='line_1_33' title="bbox 127 3255 3258 3338; baseline 0.005 -28"><span class='ocrx_word' id='word_1_319' title='bbox 127 3255 409 3332; x_wconf 68' lang='lat' dir='ltr'><strong>Prazcipuus</strong></span> <span class='ocrx_word' id='word_1_320' title='bbox 435 3263 652 3319; x_wconf 71' lang='lat' dir='ltr'><strong>Solimte</strong></span> <span class='ocrx_word' id='word_1_321' title='bbox 681 3265 877 3334; x_wconf 78' lang='lat' dir='ltr'><strong>prtesul</strong></span> <span class='ocrx_word' id='word_1_322' title='bbox 917 3265 1244 3336; x_wconf 83' lang='lat' dir='ltr'><strong>Hymeneus,</strong></span> <span class='ocrx_word' id='word_1_323' title='bbox 1269 3273 1324 3320; x_wconf 91' lang='lat' dir='ltr'><strong>et</strong></span> <span class='ocrx_word' id='word_1_324' title='bbox 1347 3265 1462 3334; x_wconf 86' lang='lat' dir='ltr'><strong>ejus</strong></span> <span class='ocrx_word' id='word_1_325' title='bbox 1790 3267 1828 3319; x_wconf 81' lang='grc' dir='ltr'>Α</span> <span class='ocrx_word' id='word_1_326' title='bbox 1863 3267 2095 3322; x_wconf 90' lang='lat' dir='ltr'><strong>Domino</strong></span> <span class='ocrx_word' id='word_1_327' title='bbox 2120 3275 2330 3337; x_wconf 91' lang='lat' dir='ltr'><strong>partem</strong></span> <span class='ocrx_word' id='word_1_328' title='bbox 2359 3281 2576 3338; x_wconf 87' lang='lat' dir='ltr'><strong>quoque</strong></span> <span class='ocrx_word' id='word_1_329' title='bbox 2599 3267 2921 3338; x_wconf 81' lang='lat' dir='ltr'><strong>pignoribus</strong></span> <span class='ocrx_word' id='word_1_330' title='bbox 2960 3270 3258 3327; x_wconf 71' lang='lat' dir='ltr'><strong>meliorem.</strong></span> 
     </span>
    </p>
   </div>
   <div class='ocr_carea' id='block_1_34' title="bbox 128 3348 3041 3434">
    <p class='ocr_par' dir='ltr' id='par_1_34' title="bbox 128 3348 3041 3434">
     <span class='ocr_line' id='line_1_34' title="bbox 128 3348 3041 3434; baseline 0.004 -28"><span class='ocrx_word' id='word_1_331' title='bbox 128 3348 237 3406; x_wconf 87' lang='lat' dir='ltr'><strong>Urbi</strong></span> <span class='ocrx_word' id='word_1_332' title='bbox 275 3355 482 3410; x_wconf 87' lang='lat' dir='ltr'><strong>vicinus</strong></span> <span class='ocrx_word' id='word_1_333' title='bbox 504 3355 840 3428; x_wconf 76' lang='lat' dir='ltr'><strong>Theotignus</strong></span> <span class='ocrx_word' id='word_1_334' title='bbox 867 3356 1255 3424; x_wconf 64' lang='lat' dir='ltr'><strong>Caesariensis;</strong></span> <span class='ocrx_word' id='word_1_335' title='bbox 1790 3361 2032 3430; x_wconf 85' lang='lat' dir='ltr'><strong>Erigitur</strong></span> <span class='ocrx_word' id='word_1_336' title='bbox 2056 3361 2253 3430; x_wconf 83' lang='lat' dir='ltr'><strong>praesul</strong></span> <span class='ocrx_word' id='word_1_337' title='bbox 2277 3377 2385 3430; x_wconf 86' lang='lat' dir='ltr'><strong>quo</strong></span> <span class='ocrx_word' id='word_1_338' title='bbox 2413 3361 2708 3416; x_wconf 88' lang='lat' dir='ltr'><strong>decedente</strong></span> <span class='ocrx_word' id='word_1_339' title='bbox 2731 3361 3041 3434; x_wconf 79' lang='lat' dir='ltr'><strong>Tyrannus,</strong></span> 
     </span>
    </p>
   </div>
   <div class='ocr_carea' id='block_1_35' title="bbox 127 3438 3059 3526">
    <p class='ocr_par' dir='ltr' id='par_1_35' title="bbox 127 3438 3059 3526">
     <span class='ocr_line' id='line_1_35' title="bbox 127 3438 3059 3526; baseline 0.004 -32"><span class='ocrx_word' id='word_1_340' title='bbox 127 3438 369 3498; x_wconf 71' lang='lat' dir='ltr'><strong>Maximus</strong></span> <span class='ocrx_word' id='word_1_341' title='bbox 394 3454 447 3499; x_wconf 90' lang='lat' dir='ltr'><strong>et</strong></span> <span class='ocrx_word' id='word_1_342' title='bbox 481 3446 689 3515; x_wconf 85' lang='lat' dir='ltr'><strong>synodo</strong></span> <span class='ocrx_word' id='word_1_343' title='bbox 713 3447 1024 3502; x_wconf 87' lang='lat' dir='ltr'><strong>Bostrensis</strong></span> <span class='ocrx_word' id='word_1_344' title='bbox 1055 3447 1282 3503; x_wconf 89' lang='lat' dir='ltr'><strong>idoneus</strong></span> <span class='ocrx_word' id='word_1_345' title='bbox 1313 3448 1504 3504; x_wconf 88' lang='lat' dir='ltr'><strong>horum</strong></span> <span class='ocrx_word' id='word_1_346' title='bbox 1528 3467 1540 3512; x_wconf 88' lang='lat'>;</span> <span class='ocrx_word' id='word_1_347' title='bbox 1791 3450 2049 3526; x_wconf 76' lang='lat' dir='ltr'><strong>Ecclesia:</strong></span> <span class='ocrx_word' id='word_1_348' title='bbox 2077 3449 2292 3504; x_wconf 85' lang='lat' dir='ltr'><strong>fervens</strong></span> <span class='ocrx_word' id='word_1_349' title='bbox 2316 3450 2417 3504; x_wconf 91' lang='lat' dir='ltr'><strong>sub</strong></span> <span class='ocrx_word' id='word_1_350' title='bbox 2443 3465 2551 3520; x_wconf 90' lang='lat' dir='ltr'><strong>quo</strong></span> <span class='ocrx_word' id='word_1_351' title='bbox 2583 3451 2862 3505; x_wconf 89' lang='lat' dir='ltr'><strong>tribulatio</strong></span> <span class='ocrx_word' id='word_1_352' title='bbox 2883 3455 3059 3507; x_wconf 86' lang='lat' dir='ltr'><strong>crevit</strong></span> 
     </span>
    </p>
   </div>
   <div class='ocr_carea' id='block_1_36' title="bbox 127 3530 3054 3609">
    <p class='ocr_par' dir='ltr' id='par_1_36' title="bbox 127 3530 3054 3609">
     <span class='ocr_line' id='line_1_36' title="bbox 127 3530 3054 3609; baseline 0.004 -23"><span class='ocrx_word' id='word_1_353' title='bbox 127 3530 239 3587; x_wconf 88' lang='lat' dir='ltr'><strong>Cum</strong></span> <span class='ocrx_word' id='word_1_354' title='bbox 268 3535 462 3604; x_wconf 89' lang='lat' dir='ltr'><strong>quibus</strong></span> <span class='ocrx_word' id='word_1_355' title='bbox 483 3547 538 3590; x_wconf 88' lang='lat' dir='ltr'><strong>et</strong></span> <span class='ocrx_word' id='word_1_356' title='bbox 568 3537 720 3592; x_wconf 89' lang='lat' dir='ltr'><strong>multi</strong></span> <span class='ocrx_word' id='word_1_357' title='bbox 752 3539 919 3594; x_wconf 89' lang='lat' dir='ltr'><strong>variis</strong></span> <span class='ocrx_word' id='word_1_358' title='bbox 947 3555 978 3595; x_wconf 90' lang='lat' dir='ltr'><strong>e</strong></span> <span class='ocrx_word' id='word_1_359' title='bbox 1008 3539 1253 3609; x_wconf 84' lang='lat' dir='ltr'><strong>partibus</strong></span> <span class='ocrx_word' id='word_1_360' title='bbox 1276 3540 1428 3595; x_wconf 87' lang='lat' dir='ltr'><strong>orbis</strong></span> <span class='ocrx_word' id='word_1_361' title='bbox 1791 3540 1963 3608; x_wconf 87' lang='lat' dir='ltr'><strong>Quam</strong></span> <span class='ocrx_word' id='word_1_362' title='bbox 1997 3541 2218 3595; x_wconf 89' lang='lat' dir='ltr'><strong>rabidus</strong></span> <span class='ocrx_word' id='word_1_363' title='bbox 2246 3539 2397 3594; x_wconf 90' lang='lat' dir='ltr'><strong>furor</strong></span> <span class='ocrx_word' id='word_1_364' title='bbox 2433 3541 2684 3595; x_wconf 90' lang='lat' dir='ltr'><strong>accendit</strong></span> <span class='ocrx_word' id='word_1_365' title='bbox 2713 3542 3054 3609; x_wconf 82' lang='lat' dir='ltr'><strong>Diocletiani,</strong></span> 
     </span>
    </p>
   </div>
   <div class='ocr_carea' id='block_1_37' title="bbox 128 3620 3108 3702">
    <p class='ocr_par' dir='ltr' id='par_1_37' title="bbox 128 3620 3108 3702">
     <span class='ocr_line' id='line_1_37' title="bbox 128 3620 3108 3702; baseline 0.004 -26"><span class='ocrx_word' id='word_1_366' title='bbox 128 3620 393 3681; x_wconf 83' lang='lat' dir='ltr'><strong>Pontiﬁces</strong></span> <span class='ocrx_word' id='word_1_367' title='bbox 417 3628 582 3692; x_wconf 88' lang='lat' dir='ltr'><strong>sacri,</strong></span> <span class='ocrx_word' id='word_1_368' title='bbox 617 3628 791 3684; x_wconf 74' lang='lat' dir='ltr'><strong>levita:</strong></span> <span class='ocrx_word' id='word_1_369' title='bbox 815 3631 1252 3702; x_wconf 89' lang='lat' dir='ltr'><strong>presbyterique,</strong></span> <span class='ocrx_word' id='word_1_370' title='bbox 1615 3622 1623 3628; x_wconf 68' lang='grc'><em>’</em></span> <span class='ocrx_word' id='word_1_371' title='bbox 1791 3629 2108 3700; x_wconf 80' lang='lat' dir='ltr'><strong>Omnigenis</strong></span> <span class='ocrx_word' id='word_1_372' title='bbox 2137 3638 2357 3684; x_wconf 89' lang='lat' dir='ltr'><strong>sanctos</strong></span> <span class='ocrx_word' id='word_1_373' title='bbox 2387 3630 2563 3698; x_wconf 63' lang='lat' dir='ltr'><strong>pinnis</strong></span> <span class='ocrx_word' id='word_1_374' title='bbox 2589 3645 2694 3698; x_wconf 88' lang='lat' dir='ltr'><strong>qua</strong></span> <span class='ocrx_word' id='word_1_375' title='bbox 2723 3631 2919 3685; x_wconf 89' lang='lat' dir='ltr'><strong>vellere</strong></span> <span class='ocrx_word' id='word_1_376' title='bbox 2946 3632 3108 3702; x_wconf 82' lang='lat' dir='ltr'><strong>legit;</strong></span> 
     </span>
    </p>
   </div>
   <div class='ocr_carea' id='block_1_38' title="bbox 131 3708 3193 3793">
    <p class='ocr_par' dir='ltr' id='par_1_38' title="bbox 131 3708 3193 3793">
     <span class='ocr_line' id='line_1_38' title="bbox 131 3708 3193 3793; baseline 0.005 -28"><span class='ocrx_word' id='word_1_377' title='bbox 131 3708 223 3767; x_wconf 86' lang='lat' dir='ltr'><strong>Hac</strong></span> <span class='ocrx_word' id='word_1_378' title='bbox 246 3716 430 3770; x_wconf 92' lang='lat' dir='ltr'><strong>urbem</strong></span> <span class='ocrx_word' id='word_1_379' title='bbox 459 3731 623 3771; x_wconf 88' lang='lat' dir='ltr'><strong>causa</strong></span> <span class='ocrx_word' id='word_1_380' title='bbox 653 3720 851 3774; x_wconf 89' lang='lat' dir='ltr'><strong>conciti</strong></span> <span class='ocrx_word' id='word_1_381' title='bbox 885 3721 1024 3790; x_wconf 90' lang='lat' dir='ltr'><strong>apud</strong></span> <span class='ocrx_word' id='word_1_382' title='bbox 1046 3721 1438 3777; x_wconf 79' lang='lat' dir='ltr'><strong>Antiochenam</strong></span> <span class='ocrx_word' id='word_1_383' title='bbox 1794 3721 2142 3789; x_wconf 84' lang='lat' dir='ltr'><strong>Diversisque</strong></span> <span class='ocrx_word' id='word_1_384' title='bbox 2172 3720 2347 3774; x_wconf 90' lang='lat' dir='ltr'><strong>modis</strong></span> <span class='ocrx_word' id='word_1_385' title='bbox 2379 3720 2622 3776; x_wconf 90' lang='lat' dir='ltr'><strong>diversas</strong></span> <span class='ocrx_word' id='word_1_386' title='bbox 2646 3721 2772 3775; x_wconf 88' lang='lat' dir='ltr'><strong>dmn</strong></span> <span class='ocrx_word' id='word_1_387' title='bbox 2802 3725 2979 3793; x_wconf 78' lang='lat' dir='ltr'><strong>quatit</strong></span> <span class='ocrx_word' id='word_1_388' title='bbox 3007 3725 3193 3792; x_wconf 85' lang='lat' dir='ltr'><strong>urbes,</strong></span> 
     </span>
    </p>
   </div>
   <div class='ocr_carea' id='block_1_39' title="bbox 130 3801 3004 3886">
    <p class='ocr_par' dir='ltr' id='par_1_39' title="bbox 130 3801 3004 3886">
     <span class='ocr_line' id='line_1_39' title="bbox 130 3801 3004 3886; baseline 0.004 -29"><span class='ocrx_word' id='word_1_389' title='bbox 130 3801 355 3876; x_wconf 90' lang='lat' dir='ltr'><strong>Obloquii</strong></span> <span class='ocrx_word' id='word_1_390' title='bbox 383 3820 574 3864; x_wconf 88' lang='lat' dir='ltr'><strong>contra</strong></span> <span class='ocrx_word' id='word_1_391' title='bbox 600 3808 925 3886; x_wconf 79' lang='lat' dir='ltr'><strong>fugitantem</strong></span> <span class='ocrx_word' id='word_1_392' title='bbox 965 3813 1170 3884; x_wconf 88' lang='lat' dir='ltr'><strong>spicula</strong></span> <span class='ocrx_word' id='word_1_393' title='bbox 1211 3814 1434 3868; x_wconf 90' lang='lat' dir='ltr'><strong>mittunt</strong></span> <span class='ocrx_word' id='word_1_394' title='bbox 1791 3811 2082 3866; x_wconf 87' lang='lat' dir='ltr'><strong>Craticulis</strong></span> <span class='ocrx_word' id='word_1_395' title='bbox 2113 3812 2213 3865; x_wconf 89' lang='lat' dir='ltr'><strong>hac</strong></span> <span class='ocrx_word' id='word_1_396' title='bbox 2240 3812 2374 3866; x_wconf 88' lang='lat' dir='ltr'><strong>urbe</strong></span> <span class='ocrx_word' id='word_1_397' title='bbox 2400 3813 2474 3882; x_wconf 90' lang='lat' dir='ltr'><strong>pii</strong></span> <span class='ocrx_word' id='word_1_398' title='bbox 2501 3820 2779 3867; x_wconf 88' lang='lat' dir='ltr'><strong>torrentur</strong></span> <span class='ocrx_word' id='word_1_399' title='bbox 2803 3815 3004 3880; x_wconf 88' lang='lat' dir='ltr'><strong>adusti,</strong></span> 
     </span>
    </p>
   </div>
   <div class='ocr_carea' id='block_1_40' title="bbox 131 3892 3236 3978">
    <p class='ocr_par' dir='ltr' id='par_1_40' title="bbox 131 3892 3236 3978">
     <span class='ocr_line' id='line_1_40' title="bbox 131 3892 3236 3978; baseline 0.004 -28"><span class='ocrx_word' id='word_1_400' title='bbox 131 3892 426 3969; x_wconf 85' lang='lat' dir='ltr'><strong>Serpentem</strong></span> <span class='ocrx_word' id='word_1_401' title='bbox 454 3903 640 3957; x_wconf 87' lang='lat' dir='ltr'><strong>multis</strong></span> <span class='ocrx_word' id='word_1_402' title='bbox 663 3904 789 3958; x_wconf 92' lang='lat' dir='ltr'><strong>dum</strong></span> <span class='ocrx_word' id='word_1_403' title='bbox 813 3904 1022 3962; x_wconf 90' lang='lat' dir='ltr'><strong>lusibus</strong></span> <span class='ocrx_word' id='word_1_404' title='bbox 1047 3907 1236 3978; x_wconf 74' lang='lat' dir='ltr'><strong>effugit</strong></span> <span class='ocrx_word' id='word_1_405' title='bbox 1265 3915 1438 3970; x_wconf 86' lang='lat' dir='ltr'><strong>actus,</strong></span> <span class='ocrx_word' id='word_1_406' title='bbox 1792 3902 2110 3971; x_wconf 85' lang='lat' dir='ltr'><strong>Comprensi</strong></span> <span class='ocrx_word' id='word_1_407' title='bbox 2149 3902 2346 3972; x_wconf 89' lang='lat' dir='ltr'><strong>bicque</strong></span> <span class='ocrx_word' id='word_1_408' title='bbox 2377 3904 2484 3958; x_wconf 92' lang='lat' dir='ltr'><strong>duo</strong></span> <span class='ocrx_word' id='word_1_409' title='bbox 2504 3902 2755 3971; x_wconf 89' lang='lat' dir='ltr'><strong>juvenes,</strong></span> <span class='ocrx_word' id='word_1_410' title='bbox 2789 3907 2988 3961; x_wconf 88' lang='lat' dir='ltr'><strong>virtute</strong></span> <span class='ocrx_word' id='word_1_411' title='bbox 3025 3906 3236 3978; x_wconf 82' lang='lat' dir='ltr'><strong>gemelli</strong></span> 
     </span>
    </p>
   </div>
   <div class='ocr_carea' id='block_1_41' title="bbox 129 3987 2968 4070">
    <p class='ocr_par' dir='ltr' id='par_1_41' title="bbox 129 3987 2968 4070">
     <span class='ocr_line' id='line_1_41' title="bbox 129 3987 2968 4070; baseline 0.003 -26"><span class='ocrx_word' id='word_1_412' title='bbox 129 3987 444 4049; x_wconf 84' lang='lat' dir='ltr'><strong>Conveniunt</strong></span> <span class='ocrx_word' id='word_1_413' title='bbox 479 3996 805 4068; x_wconf 86' lang='lat' dir='ltr'><strong>iterumque,</strong></span> <span class='ocrx_word' id='word_1_414' title='bbox 845 3998 1150 4070; x_wconf 88' lang='lat' dir='ltr'><strong>iterumque</strong></span> <span class='ocrx_word' id='word_1_415' title='bbox 1189 3999 1449 4053; x_wconf 89' lang='lat' dir='ltr'><strong>relabitur</strong></span> <span class='ocrx_word' id='word_1_416' title='bbox 1477 3998 1690 4069; x_wconf 79' lang='lat' dir='ltr'><strong>anguis.</strong></span> <span class='ocrx_word' id='word_1_417' title='bbox 1793 3992 1912 4046; x_wconf 82' lang='lat' dir='ltr'><strong>Non</strong></span> <span class='ocrx_word' id='word_1_418' title='bbox 1940 4000 2090 4059; x_wconf 76' lang='lat' dir='ltr'><strong>nam,</strong></span> <span class='ocrx_word' id='word_1_419' title='bbox 2123 3992 2294 4049; x_wconf 80' lang='lat' dir='ltr'><strong>libare</strong></span> <span class='ocrx_word' id='word_1_420' title='bbox 2317 3995 2421 4050; x_wconf 87' lang='lat' dir='ltr'><strong>diis</strong></span> <span class='ocrx_word' id='word_1_421' title='bbox 2447 3996 2718 4050; x_wconf 83' lang='lat' dir='ltr'><strong>ducuntur</strong></span> <span class='ocrx_word' id='word_1_422' title='bbox 2749 3997 2812 4052; x_wconf 88' lang='lat' dir='ltr'><strong>ad</strong></span> <span class='ocrx_word' id='word_1_423' title='bbox 2843 4014 2968 4051; x_wconf 82' lang='lat' dir='ltr'><strong>aras</strong></span> 
     </span>
    </p>
   </div>
   <div class='ocr_carea' id='block_1_42' title="bbox 131 4077 3104 4161">
    <p class='ocr_par' dir='ltr' id='par_1_42' title="bbox 131 4077 3104 4161">
     <span class='ocr_line' id='line_1_42' title="bbox 131 4077 3104 4161; baseline 0.004 -26"><span class='ocrx_word' id='word_1_424' title='bbox 131 4077 451 4140; x_wconf 90' lang='lat' dir='ltr'><strong>Concurrunt</strong></span> <span class='ocrx_word' id='word_1_425' title='bbox 473 4102 690 4158; x_wconf 87' lang='lat' dir='ltr'><strong>quoque</strong></span> <span class='ocrx_word' id='word_1_426' title='bbox 719 4088 1013 4154; x_wconf 89' lang='lat' dir='ltr'><strong>multoties,</strong></span> <span class='ocrx_word' id='word_1_427' title='bbox 1045 4090 1171 4145; x_wconf 90' lang='lat' dir='ltr'><strong>dum</strong></span> <span class='ocrx_word' id='word_1_428' title='bbox 1202 4091 1421 4144; x_wconf 91' lang='lat' dir='ltr'><strong>numine</strong></span> <span class='ocrx_word' id='word_1_429' title='bbox 1445 4088 1562 4142; x_wconf 83' lang='lat' dir='ltr'><strong>fulti</strong></span> <span class='ocrx_word' id='word_1_430' title='bbox 1797 4083 2118 4156; x_wconf 88' lang='lat' dir='ltr'><strong>lnjectisque</strong></span> <span class='ocrx_word' id='word_1_431' title='bbox 2153 4085 2273 4140; x_wconf 88' lang='lat' dir='ltr'><strong>foco</strong></span> <span class='ocrx_word' id='word_1_432' title='bbox 2299 4087 2571 4152; x_wconf 87' lang='lat' dir='ltr'><strong>manibus,</strong></span> <span class='ocrx_word' id='word_1_433' title='bbox 2611 4109 2627 4141; x_wconf 78' lang='grc' dir='ltr'>ι</span> <span class='ocrx_word' id='word_1_434' title='bbox 2662 4088 2885 4145; x_wconf 90' lang='lat' dir='ltr'><strong>Libassc</strong></span> <span class='ocrx_word' id='word_1_435' title='bbox 2922 4101 3104 4161; x_wconf 88' lang='lat' dir='ltr'><strong>putate</strong></span> 
     </span>
    </p>
   </div>
   <div class='ocr_carea' id='block_1_43' title="bbox 133 4168 3162 4256">
    <p class='ocr_par' dir='ltr' id='par_1_43' title="bbox 133 4168 3162 4256">
     <span class='ocr_line' id='line_1_43' title="bbox 133 4168 3162 4256; baseline 0.004 -31"><span class='ocrx_word' id='word_1_436' title='bbox 133 4168 325 4240; x_wconf 90' lang='lat' dir='ltr'><strong>Divino,</strong></span> <span class='ocrx_word' id='word_1_437' title='bbox 355 4177 618 4233; x_wconf 89' lang='lat' dir='ltr'><strong>tumidum</strong></span> <span class='ocrx_word' id='word_1_438' title='bbox 653 4178 869 4233; x_wconf 91' lang='lat' dir='ltr'><strong>tandem</strong></span> <span class='ocrx_word' id='word_1_439' title='bbox 900 4193 1223 4249; x_wconf 87' lang='lat' dir='ltr'><strong>oppressere</strong></span> <span class='ocrx_word' id='word_1_440' title='bbox 1245 4179 1561 4234; x_wconf 86' lang='lat' dir='ltr'><strong>draconem.</strong></span> <span class='ocrx_word' id='word_1_441' title='bbox 1795 4175 1924 4242; x_wconf 84' lang='lat' dir='ltr'><strong>Nos,</strong></span> <span class='ocrx_word' id='word_1_442' title='bbox 1948 4177 2118 4240; x_wconf 84' lang='lat' dir='ltr'><strong>aiunt,</strong></span> <span class='ocrx_word' id='word_1_443' title='bbox 2144 4179 2186 4233; x_wconf 91' lang='lat' dir='ltr'><strong>si</strong></span> <span class='ocrx_word' id='word_1_444' title='bbox 2217 4176 2354 4234; x_wconf 88' lang='lat' dir='ltr'><strong>forte</strong></span> <span class='ocrx_word' id='word_1_445' title='bbox 2375 4195 2567 4236; x_wconf 89' lang='lat' dir='ltr'><strong>manus</strong></span> <span class='ocrx_word' id='word_1_446' title='bbox 2593 4181 2946 4238; x_wconf 86' lang='lat' dir='ltr'><strong>subducimus</strong></span> <span class='ocrx_word' id='word_1_447' title='bbox 2977 4185 3108 4256; x_wconf 78' lang='lat' dir='ltr'><strong>igni.</strong></span> <span class='ocrx_word' id='word_1_448' title='bbox 3141 4204 3162 4238; x_wconf 77' lang='grc' dir='ltr'><strong><em>ι</em></strong></span> 
     </span>
    </p>
   </div>
   <div class='ocr_carea' id='block_1_44' title="bbox 133 4258 3278 4344">
    <p class='ocr_par' dir='ltr' id='par_1_44' title="bbox 133 4258 3278 4344">
     <span class='ocr_line' id='line_1_44' title="bbox 133 4258 3278 4344; baseline 0.007 -32"><span class='ocrx_word' id='word_1_449' title='bbox 133 4258 202 4314; x_wconf 81' lang='lat' dir='ltr'><strong>Ad</strong></span> <span class='ocrx_word' id='word_1_450' title='bbox 227 4261 432 4334; x_wconf 77' lang='lat' dir='ltr'><strong>ligetida</strong></span> <span class='ocrx_word' id='word_1_451' title='bbox 465 4275 644 4322; x_wconf 90' lang='lat' dir='ltr'><strong>tamen</strong></span> <span class='ocrx_word' id='word_1_452' title='bbox 672 4267 893 4322; x_wconf 86' lang='lat' dir='ltr'><strong>sinuosa</strong></span> <span class='ocrx_word' id='word_1_453' title='bbox 917 4268 1190 4322; x_wconf 89' lang='lat' dir='ltr'><strong>volumina</strong></span> <span class='ocrx_word' id='word_1_454' title='bbox 1221 4268 1453 4322; x_wconf 87' lang='lat' dir='ltr'><strong>monstri</strong></span> <span class='ocrx_word' id='word_1_455' title='bbox 1719 4342 1742 4344; x_wconf 93' lang='lat'>_</span> <span class='ocrx_word' id='word_1_456' title='bbox 1798 4266 1951 4323; x_wconf 86' lang='lat' dir='ltr'><strong>Dicta</strong></span> <span class='ocrx_word' id='word_1_457' title='bbox 1976 4269 2227 4339; x_wconf 83' lang='lat' dir='ltr'><strong>probavit</strong></span> <span class='ocrx_word' id='word_1_458' title='bbox 2255 4287 2415 4340; x_wconf 88' lang='lat' dir='ltr'><strong>opus,</strong></span> <span class='ocrx_word' id='word_1_459' title='bbox 2448 4272 2642 4342; x_wconf 70' lang='lat' dir='ltr'><strong>palma:</strong></span> <span class='ocrx_word' id='word_1_460' title='bbox 2671 4289 2773 4328; x_wconf 89' lang='lat' dir='ltr'><strong>nec</strong></span> <span class='ocrx_word' id='word_1_461' title='bbox 2799 4277 2867 4329; x_wconf 88' lang='lat' dir='ltr'><strong>ab</strong></span> <span class='ocrx_word' id='word_1_462' title='bbox 2901 4277 3022 4344; x_wconf 81' lang='lat' dir='ltr'><strong>igne</strong></span> <span class='ocrx_word' id='word_1_463' title='bbox 3058 4294 3190 4332; x_wconf 68' lang='grc' dir='ltr'><strong>νοω(</strong></span> <span class='ocrx_word' id='word_1_464' title='bbox 3213 4288 3278 4333; x_wconf 59' lang='lat' dir='ltr'><strong>tae</strong></span> 
     </span>
    </p>
   </div>
   <div class='ocr_carea' id='block_1_45' title="bbox 135 4342 3264 4440">
    <p class='ocr_par' dir='ltr' id='par_1_45' title="bbox 135 4342 3264 4440">
     <span class='ocr_line' id='line_1_45' title="bbox 135 4342 3264 4440; baseline 0.007 -37"><span class='ocrx_word' id='word_1_465' title='bbox 135 4348 304 4424; x_wconf 82' lang='lat' dir='ltr'><strong>Hujus,</strong></span> <span class='ocrx_word' id='word_1_466' title='bbox 331 4356 604 4428; x_wconf 63' lang='lat' dir='ltr'><strong>praecipue</strong></span> <span class='ocrx_word' id='word_1_467' title='bbox 630 4357 800 4413; x_wconf 88' lang='lat' dir='ltr'><strong>valuit</strong></span> <span class='ocrx_word' id='word_1_468' title='bbox 825 4359 1046 4428; x_wconf 87' lang='lat' dir='ltr'><strong>quidam</strong></span> <span class='ocrx_word' id='word_1_469' title='bbox 1069 4357 1422 4414; x_wconf 68' lang='lat' dir='ltr'><strong>Antiochente</strong></span> <span class='ocrx_word' id='word_1_470' title='bbox 1717 4342 1768 4401; x_wconf 88' lang='grc' dir='ltr'><strong>Ῑ)</strong></span> <span class='ocrx_word' id='word_1_471' title='bbox 1799 4360 1978 4416; x_wconf 87' lang='lat' dir='ltr'><strong>Donec</strong></span> <span class='ocrx_word' id='word_1_472' title='bbox 2003 4371 2114 4416; x_wconf 90' lang='lat' dir='ltr'><strong>tota</strong></span> <span class='ocrx_word' id='word_1_473' title='bbox 2155 4363 2355 4417; x_wconf 85' lang='lat' dir='ltr'><strong>ca‘dens</strong></span> <span class='ocrx_word' id='word_1_474' title='bbox 2382 4380 2636 4420; x_wconf 87' lang='lat' dir='ltr'><strong>manuum</strong></span> <span class='ocrx_word' id='word_1_475' title='bbox 2669 4383 2800 4438; x_wconf 87' lang='lat' dir='ltr'><strong>caro</strong></span> <span class='ocrx_word' id='word_1_476' title='bbox 2830 4342 3059 4439; x_wconf 48' lang='lat' dir='ltr'><strong>l‘luvirio</strong></span> <span class='ocrx_word' id='word_1_477' title='bbox 3095 4370 3264 4440; x_wconf 67' lang='lat' dir='ltr'><strong>ignes.</strong></span> 
     </span>
    </p>
   </div>
   <div class='ocr_carea' id='block_1_46' title="bbox 1517 4513 1917 4571">
    <p class='ocr_par' dir='ltr' id='par_1_46' title="bbox 1517 4513 1917 4571">
     <span class='ocr_line' id='line_1_46' title="bbox 1517 4513 1917 4571; baseline 0.005 -3"><span class='ocrx_word' id='word_1_478' title='bbox 1517 4513 1745 4570; x_wconf 77' lang='lat' dir='ltr'><strong>CAPUT</strong></span> <span class='ocrx_word' id='word_1_479' title='bbox 1784 4515 1917 4571; x_wconf 76' lang='lat' dir='ltr'>XIII.</span> 
     </span>
    </p>
   </div>
   <div class='ocr_carea' id='block_1_47' title="bbox 1298 4601 2239 4665">
    <p class='ocr_par' dir='ltr' id='par_1_47' title="bbox 1298 4601 2239 4665">
     <span class='ocr_line' id='line_1_47' title="bbox 1298 4601 2239 4665; baseline 0.005 -9"><span class='ocrx_word' id='word_1_480' title='bbox 1298 4601 1375 4659; x_wconf 81' lang='lat' dir='ltr'><strong>De</strong></span> <span class='ocrx_word' id='word_1_481' title='bbox 1397 4607 1591 4662; x_wconf 75' lang='lat' dir='ltr'><strong>sanctis</strong></span> <span class='ocrx_word' id='word_1_482' title='bbox 1613 4606 1644 4660; x_wconf 85' lang='lat' dir='ltr'><strong><em>J</em></strong></span> <span class='ocrx_word' id='word_1_483' title='bbox 1655 4607 1834 4662; x_wconf 76' lang='lat' dir='ltr'><strong>uliaao</strong></span> <span class='ocrx_word' id='word_1_484' title='bbox 1872 4620 1920 4664; x_wconf 81' lang='lat' dir='ltr'><strong>et</strong></span> <span class='ocrx_word' id='word_1_485' title='bbox 1961 4610 2239 4665; x_wconf 75' lang='lat' dir='ltr'><strong>Busmssa.</strong></span> 
     </span>
    </p>
   </div>
   <div class='ocr_carea' id='block_1_48' title="bbox 139 4717 2892 4792">
    <p class='ocr_par' dir='ltr' id='par_1_48' title="bbox 139 4717 2892 4792">
     <span class='ocr_line' id='line_1_48' title="bbox 139 4717 2892 4792; baseline 0.002 -20"><span class='ocrx_word' id='word_1_486' title='bbox 139 4719 232 4775; x_wconf 88' lang='lat' dir='ltr'><strong>llac</strong></span> <span class='ocrx_word' id='word_1_487' title='bbox 255 4723 380 4779; x_wconf 87' lang='lat' dir='ltr'><strong>urbe</strong></span> <span class='ocrx_word' id='word_1_488' title='bbox 412 4731 622 4777; x_wconf 73' lang='lat' dir='ltr'><strong>saneta:</strong></span> <span class='ocrx_word' id='word_1_489' title='bbox 657 4718 901 4775; x_wconf 83' lang='lat' dir='ltr'><strong>Julianus</strong></span> <span class='ocrx_word' id='word_1_490' title='bbox 935 4717 1131 4774; x_wconf 90' lang='lat' dir='ltr'><strong>indolis</strong></span> <span class='ocrx_word' id='word_1_491' title='bbox 1806 4721 2026 4792; x_wconf 85' lang='lat' dir='ltr'><strong>Septem</strong></span> <span class='ocrx_word' id='word_1_492' title='bbox 2065 4722 2272 4775; x_wconf 89' lang='lat' dir='ltr'><strong>dierum</strong></span> <span class='ocrx_word' id='word_1_493' title='bbox 2303 4736 2392 4789; x_wconf 80' lang='lat' dir='ltr'><strong>qui</strong></span> <span class='ocrx_word' id='word_1_494' title='bbox 2421 4731 2606 4789; x_wconf 77' lang='lat' dir='ltr'><strong>petens</strong></span> <span class='ocrx_word' id='word_1_495' title='bbox 2633 4721 2892 4788; x_wconf 65' lang='lat' dir='ltr'><strong>inducias,</strong></span> 
     </span>
    </p>
   </div>
   <div class='ocr_carea' id='block_1_49' title="bbox 137 4808 2592 4880">
    <p class='ocr_par' dir='ltr' id='par_1_49' title="bbox 137 4808 2592 4880">
     <span class='ocr_line' id='line_1_49' title="bbox 137 4808 2592 4880; baseline 0 -16"><span class='ocrx_word' id='word_1_496' title='bbox 137 4808 326 4868; x_wconf 78' lang='lat' dir='ltr'><strong>Nitebat</strong></span> <span class='ocrx_word' id='word_1_497' title='bbox 360 4813 557 4877; x_wconf 88' lang='lat' dir='ltr'><strong>almus,</strong></span> <span class='ocrx_word' id='word_1_498' title='bbox 583 4812 828 4866; x_wconf 86' lang='lat' dir='ltr'><strong>eminens</strong></span> <span class='ocrx_word' id='word_1_499' title='bbox 859 4809 1170 4872; x_wconf 88' lang='lat' dir='ltr'><strong>virtutibus,</strong></span> <span class='ocrx_word' id='word_1_500' title='bbox 1805 4810 2064 4866; x_wconf 88' lang='lat' dir='ltr'><strong>Oratione</strong></span> <span class='ocrx_word' id='word_1_501' title='bbox 2097 4808 2263 4862; x_wconf 90' lang='lat' dir='ltr'><strong>fultus</strong></span> <span class='ocrx_word' id='word_1_502' title='bbox 2290 4820 2338 4864; x_wconf 90' lang='lat' dir='ltr'><strong>el</strong></span> <span class='ocrx_word' id='word_1_503' title='bbox 2365 4809 2592 4880; x_wconf 88' lang='lat' dir='ltr'><strong>jejunio,</strong></span> 
     </span>
    </p>
   </div>
   <div class='ocr_carea' id='block_1_50' title="bbox 136 4900 2883 4976">
    <p class='ocr_par' dir='ltr' id='par_1_50' title="bbox 136 4900 2883 4976">
     <span class='ocr_line' id='line_1_50' title="bbox 136 4900 2883 4976; baseline -0.002 -8"><span class='ocrx_word' id='word_1_504' title='bbox 136 4900 315 4968; x_wconf 65' lang='lat' dir='ltr'><strong>Qnibus</strong></span> <span class='ocrx_word' id='word_1_505' title='bbox 335 4907 420 4976; x_wconf 70' lang='lat' dir='ltr'><strong>Dia</strong></span> <span class='ocrx_word' id='word_1_506' title='bbox 456 4902 686 4959; x_wconf 67' lang='grc' dir='ltr'><strong>ηοτοδίη</strong></span> <span class='ocrx_word' id='word_1_507' title='bbox 713 4917 775 4956; x_wconf 63' lang='grc' dir='ltr'><strong>εκ</strong></span> <span class='ocrx_word' id='word_1_508' title='bbox 801 4901 1049 4963; x_wconf 54' lang='lat' dir='ltr'><strong>infantia:</strong></span> <span class='ocrx_word' id='word_1_509' title='bbox 1806 4904 2016 4958; x_wconf 87' lang='lat' dir='ltr'><strong>Summi</strong></span> <span class='ocrx_word' id='word_1_510' title='bbox 2047 4903 2374 4958; x_wconf 85' lang='lat' dir='ltr'><strong>voluntatem</strong></span> <span class='ocrx_word' id='word_1_511' title='bbox 2408 4905 2633 4974; x_wconf 79' lang='lat' dir='ltr'><strong>requirit</strong></span> <span class='ocrx_word' id='word_1_512' title='bbox 2657 4906 2883 4973; x_wconf 84' lang='lat' dir='ltr'><strong>Arbitri,</strong></span> 
     </span>
    </p>
   </div>
   <div class='ocr_carea' id='block_1_51' title="bbox 133 4990 2965 5069">
    <p class='ocr_par' dir='ltr' id='par_1_51' title="bbox 133 4990 2965 5069">
     <span class='ocr_line' id='line_1_51' title="bbox 133 4990 2965 5069; baseline 0.002 -22"><span class='ocrx_word' id='word_1_513' title='bbox 133 4990 416 5069; x_wconf 81' lang='lat' dir='ltr'><strong>Quibusque</strong></span> <span class='ocrx_word' id='word_1_514' title='bbox 441 5009 701 5051; x_wconf 89' lang='lat' dir='ltr'><strong>crescens</strong></span> <span class='ocrx_word' id='word_1_515' title='bbox 730 4995 813 5048; x_wconf 92' lang='lat' dir='ltr'><strong>bis</strong></span> <span class='ocrx_word' id='word_1_516' title='bbox 840 5005 1030 5047; x_wconf 89' lang='lat' dir='ltr'><strong>novem</strong></span> <span class='ocrx_word' id='word_1_517' title='bbox 1059 5003 1342 5061; x_wconf 78' lang='lat' dir='ltr'><strong>peregerat</strong></span> <span class='ocrx_word' id='word_1_518' title='bbox 1807 4994 2158 5065; x_wconf 82' lang='lat' dir='ltr'><strong>Tandemque</strong></span> <span class='ocrx_word' id='word_1_519' title='bbox 2185 4998 2350 5052; x_wconf 91' lang='lat' dir='ltr'><strong>sumit</strong></span> <span class='ocrx_word' id='word_1_520' title='bbox 2378 4997 2494 5067; x_wconf 90' lang='lat' dir='ltr'><strong>ejus</strong></span> <span class='ocrx_word' id='word_1_521' title='bbox 2531 4999 2634 5052; x_wconf 92' lang='lat' dir='ltr'><strong>hoc</strong></span> <span class='ocrx_word' id='word_1_522' title='bbox 2659 5001 2965 5066; x_wconf 83' lang='lat' dir='ltr'><strong>oraculum,</strong></span> 
     </span>
    </p>
   </div>
   <div class='ocr_carea' id='block_1_52' title="bbox 135 5082 2825 5158">
    <p class='ocr_par' dir='ltr' id='par_1_52' title="bbox 135 5082 2825 5158">
     <span class='ocr_line' id='line_1_52' title="bbox 135 5082 2825 5158; baseline 0.002 -18"><span class='ocrx_word' id='word_1_523' title='bbox 135 5082 336 5143; x_wconf 81' lang='lat' dir='ltr'><strong>Adultus</strong></span> <span class='ocrx_word' id='word_1_524' title='bbox 371 5101 571 5150; x_wconf 87' lang='lat' dir='ltr'><strong>annos,</strong></span> <span class='ocrx_word' id='word_1_525' title='bbox 603 5085 734 5155; x_wconf 84' lang='lat' dir='ltr'><strong>legis</strong></span> <span class='ocrx_word' id='word_1_526' title='bbox 759 5085 811 5138; x_wconf 90' lang='lat' dir='ltr'><strong>in</strong></span> <span class='ocrx_word' id='word_1_527' title='bbox 841 5082 1068 5139; x_wconf 83' lang='lat' dir='ltr'><strong>scientia</strong></span> <span class='ocrx_word' id='word_1_528' title='bbox 1809 5086 1895 5142; x_wconf 90' lang='lat' dir='ltr'><strong>Uti</strong></span> <span class='ocrx_word' id='word_1_529' title='bbox 1929 5097 2214 5155; x_wconf 89' lang='lat' dir='ltr'><strong>parentum</strong></span> <span class='ocrx_word' id='word_1_530' title='bbox 2248 5100 2372 5144; x_wconf 89' lang='lat' dir='ltr'><strong>vota</strong></span> <span class='ocrx_word' id='word_1_531' title='bbox 2402 5090 2556 5144; x_wconf 62' lang='lat' dir='ltr'><strong>taedis</strong></span> <span class='ocrx_word' id='word_1_532' title='bbox 2586 5089 2825 5158; x_wconf 87' lang='lat' dir='ltr'><strong>impleat.</strong></span> 
     </span>
    </p>
   </div>
   <div class='ocr_carea' id='block_1_53' title="bbox 137 5171 2946 5252">
    <p class='ocr_par' dir='ltr' id='par_1_53' title="bbox 137 5171 2946 5252">
     <span class='ocr_line' id='line_1_53' title="bbox 137 5171 2946 5252; baseline -0.002 -22"><span class='ocrx_word' id='word_1_533' title='bbox 137 5171 209 5231; x_wconf 88' lang='lat' dir='ltr'><strong>Dei</strong></span> <span class='ocrx_word' id='word_1_534' title='bbox 233 5180 486 5234; x_wconf 88' lang='lat' dir='ltr'><strong>laborans</strong></span> <span class='ocrx_word' id='word_1_535' title='bbox 519 5175 743 5232; x_wconf 88' lang='lat' dir='ltr'><strong>sedulus</strong></span> <span class='ocrx_word' id='word_1_536' title='bbox 770 5183 928 5230; x_wconf 89' lang='lat' dir='ltr'><strong>nocte</strong></span> <span class='ocrx_word' id='word_1_537' title='bbox 963 5187 1029 5226; x_wconf 91' lang='lat' dir='ltr'><strong>ac</strong></span> <span class='ocrx_word' id='word_1_538' title='bbox 1054 5171 1157 5226; x_wconf 91' lang='lat' dir='ltr'><strong>die.</strong></span> <span class='ocrx_word' id='word_1_539' title='bbox 1811 5177 1918 5231; x_wconf 80' lang='lat' dir='ltr'><strong>Nec</strong></span> <span class='ocrx_word' id='word_1_540' title='bbox 1947 5178 2284 5250; x_wconf 62' lang='lat' dir='ltr'><strong>coniugalem</strong></span> <span class='ocrx_word' id='word_1_541' title='bbox 2317 5181 2565 5252; x_wconf 69' lang='lat' dir='ltr'><strong>copulam</strong></span> <span class='ocrx_word' id='word_1_542' title='bbox 2602 5184 2946 5250; x_wconf 64' lang='grc' dir='ltr'><strong>ρει-ιιοιτεηι,</strong></span> 
     </span>
    </p>
   </div>
   <div class='ocr_carea' id='block_1_54' title="bbox 136 5267 3042 5330">
    <p class='ocr_par' dir='ltr' id='par_1_54' title="bbox 136 5267 3042 5330">
     <span class='ocr_line' id='line_1_54' title="bbox 136 5267 3042 5330; baseline -0.001 0"><span class='ocrx_word' id='word_1_543' title='bbox 136 5271 190 5324; x_wconf 75' lang='lat' dir='ltr'><strong>Al</strong></span> <span class='ocrx_word' id='word_1_544' title='bbox 218 5277 340 5330; x_wconf 85' lang='lat' dir='ltr'><strong>dum</strong></span> <span class='ocrx_word' id='word_1_545' title='bbox 370 5275 588 5330; x_wconf 88' lang='lat' dir='ltr'><strong>renidet</strong></span> <span class='ocrx_word' id='word_1_546' title='bbox 621 5273 811 5327; x_wconf 91' lang='lat' dir='ltr'><strong>unicus</strong></span> <span class='ocrx_word' id='word_1_547' title='bbox 840 5267 1179 5330; x_wconf 84' lang='lat' dir='ltr'><strong>parentibus,</strong></span> <span class='ocrx_word' id='word_1_548' title='bbox 1809 5268 1925 5330; x_wconf 84' lang='lat' dir='ltr'><strong>Qua</strong></span> <span class='ocrx_word' id='word_1_549' title='bbox 1960 5285 2068 5325; x_wconf 91' lang='lat' dir='ltr'><strong>non</strong></span> <span class='ocrx_word' id='word_1_550' title='bbox 2095 5272 2358 5330; x_wconf 78' lang='lat' dir='ltr'><strong>pudorem</strong></span> <span class='ocrx_word' id='word_1_551' title='bbox 2390 5272 2709 5330; x_wconf 68' lang='lat' dir='ltr'><strong>coniugatus</strong></span> <span class='ocrx_word' id='word_1_552' title='bbox 2741 5275 2993 5330; x_wconf 78' lang='lat' dir='ltr'><strong>perderet</strong></span> <span class='ocrx_word' id='word_1_553' title='bbox 3024 5289 3042 5326; x_wconf 75' lang='grc' dir='ltr'><strong><em>τ</em></strong></span> 
     </span>
    </p>
   </div>
  </div>
