3888 5330
542 291 647 349 559
1292 281 1562 342 FLODOA
1573 281 1686 339 RD]
1703 278 2029 339 CANONICI
2064 278 2413 338 REMENSIS
2435 276 2801 337 OPUSCULA
2838 277 3170 336 HETRICA.

545 403 798 461 Gaudent
824 406 1094 472 parentes,
1129 415 1194 456 ac
1223 400 1511 471 requirunt
1538 397 1798 463 nobilem,

545 496 670 551 Mox
698 494 863 549 nobili
890 506 1012 563 quae
1037 500 1367 557 necteretur,
1399 490 1688 561 virginem.

542 588 780 643 Faventc
802 584 1019 641 Christo
1054 584 1359 655 repperitur
1386 582 1671 638 commoda

543 681 678 747 Quae
699 687 852 734 casta
880 685 1032 733 casto
1058 676 1378 747 iungeretur
1407 691 1674 744 congrue,

543 769 821 827 Basilissa.
854 766 1017 821 claris
1045 766 1303 837 prodiens
1333 765 1627 821 natalibus.

544 861 642 915 Die
662 866 864 916 statuta
890 857 1201 927 nuptiarum
1237 856 1462 926 largiter

518 946 720 1022 'Dapes
742 958 1026 1020 parantur,
1055 946 1369 1002 convocatis
1400 945 1681 1015 plurimis;

544 1026 842 1098 Thalamus
864 1038 1097 1105 locatur,
1123 1038 1274 1108 virgo
1301 1035 1450 1092 ducit
1478 1034 1743 1106 virginem
1783 1052 1797 1087 :

540 1133 755 1189 lntrant
784 1129 982 1197 cubile,
1007 1128 1251 1185 sentiunt
1277 1127 1633 1198 fragrantiam

543 1225 704 1281 Velut
734 1239 979 1279 rosarum
1006 1238 1070 1277 ac
1098 1221 1333 1277 liliorum
1365 1220 1540 1289 copia.

544 1315 788 1386 Sponsus
813 1314 1021 1369 revelat
1046 1314 1189 1368 hunc
1218 1313 1441 1368 odorem
1472 1310 1689 1366 cwlitus

542 1408 766 1465 Missum
793 1422 1062 1472 rosarum,
1098 1421 1222 1460 cum
1252 1421 1353 1461 nec
1383 1413 1567 1461 essent
1599 1413 1866 1475 tempora,

545 1501 655 1557 Nec
682 1500 736 1557 id
766 1500 942 1556 cubile
970 1507 1319 1570 spargeretur
1344 1496 1569 1554 ﬂoribus
1598 1516 1612 1553 :

561 1588 672 1646 lace
701 1588 973 1646 castitatis
994 1602 1114 1644 esse
1137 1588 1292 1659 signa
1323 1588 1543 1657 praevia,

555 1674 779 1737 Jervare
801 1680 1055 1736 Christus
1083 1694 1247 1751 quam
1271 1679 1507 1750 iuberet,
1542 1678 1769 1750 gloriam

544 1773 618 1831 {lt
640 1772 952 1844 angelorum
978 1772 1447 1843 comprehendant
1471 1772 1689 1828 caelibes
1714 1790 1727 1823 ε

539 1863 748 1920 lmbuta
777 1879 935 1919 sacro
962 1878 1162 1934 sponsa
1189 1863 1314 1919 cmli
1340 1872 1585 1927 nectare,

541 1954 753 2011 Gaudet
781 1954 1005 2027 pudoris
1036 1954 1276 2010 dedicari
1304 1963 1614 2019 stemmate,

541 2046 610 2100 Et
636 2046 942 2101 caelibatum
972 2045 1092 2102 laeta
1114 2047 1338 2118 praefert
1366 2046 1593 2118 cepulae.

540 2138 857 2195 Firmantur
883 2154 1018 2211 ergo
1046 2149 1168 2196 vota
1196 2140 1557 2196 contubernio

544 2226 615 2283 Ut
641 2227 911 2299 coniugali
941 2228 1261 2285 intaminata
1287 2231 1527 2299 castitas.

541 2318 878 2384 Enutriatur,
908 2334 1047 2375 vana
1071 2320 1251 2375 vitans
1279 2321 1511 2391 gaudia;

541 2409 609 2465 Et
645 2425 766 2480 qua:
791 2420 1052 2481 putantur
1074 2412 1255 2467 carnis
1292 2428 1413 2467 esse
1443 2411 1651 2468 foedera

540 2498 705 2554 Fiant
730 2499 902 2556 beata:
933 2510 1086 2557 casta
1118 2502 1245 2557 vita:
1269 2500 1456 2558 fenora

538 2590 670 2648 Post
695 2593 830 2659 haec,
855 2593 1005 2650 brevi
1033 2604 1249 2651 meante
1271 2611 1435 2652 cursu
1466 2598 1757 2667 temporis,

544 2683 851 2757 Utrumque
887 2685 1160 2743 defunctis
1188 2688 1292 2744 sibi
1326 2689 1665 2759 parentibus,

543 2775 641 2832 Pio
667 2786 964 2849 eapescunt
979 2777 1102 2848 iure
1129 2781 1480 2850 patrimonia,

543 2867 611 2921 Et
639 2876 829 2924 sancta
861 2868 1041 2941 dignis
1066 2878 1192 2925 vota
1215 2879 1469 2939 promunt
1498 2870 1744 2935 actibus;

542 2958 926 3016 Possessiones
950 2974 1193 3032 namque
1224 2970 1385 3016 terra:
1415 2959 1706 3017 conferunt

542 3052 906 3109 llaareditates
935 3053 1079 3109 unde
1103 3052 1228 3108 cmli
1258 3061 1599 3123 comparant.

544 3142 720 3198 Cellas
748 3142 981 3213 benigne
1013 3134 1342 3200 construunt
1380 3142 1744 3208 monasticas,

542 3234 876 3306 Animasque
901 3234 1179 3291 Christum
1219 3234 1507 3305 diligentes
1540 3234 1823 3305 colligunt.

544 3324 646 3379 Hic
674 3324 758 3379 vir
780 3324 1016 3379 virorum
1048 3338 1387 3395 congregans
1411 3326 1689 3380 exercitus

542 3410 750 3467 Contra
780 3410 1077 3483 phalanges
1109 3413 1421 3483 przeliantcs
1446 3413 1754 3468 daemonum

545 3502 673 3557 llaec
703 3501 856 3573 virgo
889 3503 1159 3574 virginum
1199 3502 1384 3574 legens
1412 3502 1687 3558 consortia

544 3594 746 3649 Contra
776 3596 1028 3650 draconis
1062 3594 1343 3651 machinas
1369 3594 1652 3650 luctantia.

545 3685 841 3740 Crescebat
880 3700 946 3741 ex
974 3686 1059 3742 his
1084 3685 1375 3742 multitudo
1404 3688 1663 3753 maxima,

544 3774 713 3844 liuius
738 3774 1048 3846 relinquens
1076 3776 1260 3832 saeculi
1295 3777 1566 3848 contagia.

625 3866 822 3923 Videns
852 3866 1117 3936 malignus
1144 3866 1290 3922 lucra
1319 3866 1442 3923 ςαξιί
1471 3880 1741 3933 crescere,

546 3954 744 4010 Livore
775 3965 916 4011 tetro
945 3956 1250 4013 concitatus
1278 3958 1518 4029 angitur,

547 4048 772 4120 lnstigat
799 4057 853 4103 et
889 4048 1288 4104 Diocletianum
1316 4051 1643 4120 principem,

548 4139 621 4195 Ut
646 4141 713 4195 ad
743 4141 954 4210 piorum
993 4142 1261 4210 punienda
1293 4144 1544 4198 cxaruina

549 4232 907 4288 Transmittat
935 4233 1113 4288 isthuc
1142 4233 1467 4289 Martialium
1506 4236 1809 4304 praesidem.

548 4324 651 4391 Qui
678 4322 1018 4379 Christianos
1044 4325 1169 4378 dum
1197 4336 1451 4395 perurgct
1479 4326 1656 4392 idolis,

547 4415 735 4470 Fidem
765 4414 907 4470 beati
936 4413 1135 4469 Juliani
1161 4418 1446 4487 comperit,

547 4505 683 4561 Mori
711 4514 931 4577 paratos
963 4507 1102 4576 quod
1125 4505 1333 4563 foveret
1359 4509 1654 4578 plurimos;

548 4599 876 4669 Hittensque
904 4598 1127 4653 mandat
1153 4598 1367 4655 Juliano
1397 4601 1700 4672 principum

548 4691 771 4746 Decreta
804 4690 960 4757 faxit,
999 4707 1063 4746 ac
1090 4692 1203 4746 suis
1235 4692 1365 4747 libet
1391 4693 1513 4757 diis,

548 4784 805 4838 llortetur
829 4793 884 4841 et
912 4783 1070 4838 litare
1095 4796 1278 4838 secum
1309 4794 1557 4840 caeteros.

547 4878 859 4934 Coutemnit
894 4876 1010 4931 luce
1040 4876 1292 4931 mandata
1327 4887 1546 4935 sanctus
1576 4879 1843 4949 praesidis,

550 4968 838 5038 Honetque
864 4966 1065 5023 Christi
1097 4968 1401 5025 roborando
1433 4969 1632 5026 milites

549 5060 796 5128 Pugnare
822 5068 1012 5114 contra
1043 5058 1346 5115 daemonum
1381 5061 1667 5117 satellites.

553 5150 864 5205 Firmantur
896 5164 1027 5218 ergo
1056 5148 1201 5204 clara
1232 5150 1393 5223 Regis
1427 5153 1670 5223 agmina,

551 5241 751 5296 Parere
787 5256 886 5299 nec
921 5256 981 5295 se
1010 5239 1275 5298 Martiano
1309 5244 1617 5312 perhibent.

2153 381 2205 442 Α
2233 393 2476 452 Tradunt
2504 396 2786 451 ministros
2813 404 2870 451 et
2898 398 3211 452 sacerdotes
3234 406 3389 466 rogo,

2232 486 2569 556 Omnemque
2598 486 2824 550 clerum,
2863 487 2956 557 qui
2985 495 3175 557 petens
3212 484 3405 540 solatia

2233 578 2386 634 Tunc
2414 580 2480 634 ad
2507 580 2726 634 beatum
2753 578 3027 633 lulianum
3057 586 3301 634 venerat.

2232 671 2628 725 Exammantur
2664 672 2786 742 igne
2811 669 3013 726 Christi
3044 671 3271 736 milites;

2233 760 2510 817 Conflatur
2538 776 2728 815 aurum
2761 760 2863 816 hoc
2892 761 3108 815 camino
3144 759 3510 830 splendidum,

2235 852 2301 907 Et
2331 862 2455 907 ante
2486 852 2668 908 sedem
2700 852 2843 923 regis
2871 851 2965 907 alti
2994 861 3259 923 martyres

2233 942 2610 1014 Fulgentiores
2636 943 2757 1000 luce
2784 954 3018 1015 pergunt
3044 960 3244 1009 aurea;

2233 1037 2313 1091 Ad
2342 1040 2500 1091 busta
2532 1052 2762 1107 quorum
2793 1036 3055 1093 sanitates
3083 1036 3330 1107 plurima:

2234 1128 2545 1193 Patrautur,
2577 1129 2762 1199 hymni
2793 1138 3125 1199 concrepant
3148 1128 3480 1187 cmlestium.

2234 1217 2431 1274 Beatus
2461 1235 2590 1290 ergo
2617 1219 2865 1274 Julianus
2898 1220 3108 1275 carceri

2236 1309 2371 1365 Tum
2403 1313 2761 1381 mancipatur,
2801 1311 3138 1367 exhibendas
3167 1310 3401 1382 przcsidi.

2234 1404 2370 1460 Nam
2403 1416 2585 1461 sancta
2602 1407 2715 1477 iam
2742 1398 2997 1461 Basilissa
3023 1406 3501 1478 commigraverab

2234 1497 2314 1551 Ad
2347 1496 2659 1568 angelorum
2687 1497 2833 1553 clara
2862 1498 3248 1565 contubernia,

2235 1587 2444 1642 Vallata
2486 1588 2679 1643 turmis
2704 1588 3008 1644 candidatis
3035 1589 3307 1659 virginum

2237 1678 2522 1748 Niveisque
2547 1688 2759 1749 compta
2791 1678 3028 1734 liliorum
3056 1679 3300 1736 floribus.

2162 1748 2208 1805 δ
2237 1768 2452 1823 Athlcta
2485 1768 2640 1823 fortis
2669 1748 2917 1825 Julianus
2951 1771 3182 1841 prasidi

2234 1859 2479 1924 Ohlatus,
2515 1860 2708 1931 anguis
2736 1861 3016 1932 “agitatur
3044 1863 3205 1918 sibilo

2234 1949 2598 2004 Tcrrestrimn
2632 1959 2850 2021 patrare
2870 1953 3020 2023 iussa
3056 1951 3391 2023 principum,

2234 2040 2302 2095 Et
2332 2042 2718 2111 imperatorum
2747 2043 2991 2100 favorem
3022 2045 3312 2117 consequi.

2234 2131 2455 2187 llefutat
2485 2132 2573 2187 ille
2601 2133 2850 2191 Martiani
2884 2137 3109 2201 utendas,

2232 2222 2572 2294 Dominoque
2599 2242 2727 2282 vero
2756 2228 3100 2283 serviendum
3130 2228 3418 2299 praedicat,

2232 2312 2333 2380 Qui
2366 2330 2531 2386 regna
2560 2317 2706 2372 solus
2735 2321 2987 2374 universa
3024 2320 3270 2376 continet
3300 2337 3316 2351 ’

2232 2405 2334 2473 Qui
2375 2421 2503 2462 vero
2532 2409 2762 2465 adorant
2789 2410 3133 2481 impudenter
3161 2411 3438 2483 sculptile,

2231 2497 2432 2554 Errore
2463 2513 2638 2555 caucos
2667 2500 2797 2556 dicit
2822 2510 2986 2572 atque
3014 2502 3313 2558 morbidos.

2233 2587 2361 2643 llam
2391 2597 2448 2643 ut
2476 2588 2689 2646 locutus
2714 2591 2950 2663 inclytus
2973 2593 3076 2658 vir,
3106 2593 3344 2649 traditur

2231 2678 2394 2735 Duris
2418 2681 2612 2735 acerbe
2640 2680 2933 2739 laniandus
2964 2681 3222 2742 fustibus.

2232 2772 2370 2827 Dum
2402 2775 2646 2831 membra
2676 2791 2822 2833 saevo
2849 2786 3207 2848 proteruntur
3232 2779 3489 2847 verbere,

2233 2861 2505 2921 Grassans
2531 2866 2764 2923 ocellum
2799 2870 2991 2925 verber
3021 2869 3201 2926 aufert
3226 2871 3439 2927 militis.

2233 2955 2376 3012 Deos
2402 2968 2659 3028 precatur
2689 2959 2996 3018 Martianus
3031 2962 3222 3020 fusiles

2235 3046 2537 3125 Poscitque‘
2566 3048 2749 3107 lumen
2778 3053 2931 3109 reddi
2959 3053 3214 3111 abactum
3249 3057 3433 3114 militi.

2156 3109 2206 3173 Β
2239 3109 2679 3211 Ruuntrepente
2705 3142 2834 3198 dum
2862 3109 3259 3203 litatur

2236 3228 2305 3283 Et
2333 3231 2667 3288 comminuta
2695 3234 3029 3306 dissipantur
3057 3239 3219 3295 idola.

2238 3321 2437 3377 Beatus
2466 3333 2650 3379 autem
2682 3323 2930 3382 Julianus
2951 3329 3239 3400 palpebras

2238 3412 2373 3465 Dum
2413 3414 2584 3484 tangit
2609 3430 2774 3471 orans
2803 3417 3069 3475 vulnerati
3098 3422 3305 3490 militis,

2237 3500 2513 3558 Christum
2542 3514 2762 3577 recepto
2788 3506 2975 3563 laudat
3011 3509 3099 3566 ille
3132 3511 3360 3571 lumine.

2238 3592 2394 3650 Hunc
2421 3611 2620 3667 praeses
2647 3598 2715 3653 ad
2741 3600 3140 3657 confessionem
3172 3608 3411 3666 nominis

2238 3684 2407 3759 liuius
2440 3689 2692 3753 trucidat,
2734 3705 2896 3761 quem
2932 3695 3148 3750 cruoris
3176 3695 3402 3756 ﬂumine

2238 3774 2432 3832 Lotum
2467 3778 2800 3851 Redemptor
2828 3788 3173 3841 consecravit
3201 3799 3524 3862 martyrem.

2238 3866 2473 3925 Posthac
2507 3870 2697 3928 beatus
2725 3871 2977 3931 Julianus
3006 3877 3225 3933 ducitur

2238 3958 2375 4014 Dum
2403 3973 2500 4029 per
2534 3960 2740 4031 plateas
2780 3966 2930 4023 urbis
2953 3968 3023 4023 ob
3048 3970 3442 4039 spectaculum,

2237 4051 2397 4107 Videt
2423 4067 2677 4111 coronam
2706 4054 2953 4114 Martiani
2982 4060 3129 4117 filius

2234 4144 2396 4205 Ferri
2424 4160 2660 4217 superne
2683 4147 2900 4206 Juliano
2930 4153 2999 4209 ab
3025 4155 3262 4225 angelis;

2236 4234 2562 4308 Fultumque
2582 4254 2812 4298 cernens
2834 4242 2980 4299 hunc
3013 4245 3219 4303 honore
3240 4248 3513 4320 coalitum,

2235 4328 2449 4399 Abiecit
2471 4345 2662 4387 omnes
2684 4347 2822 4403 quas
2851 4335 3063 4405 legebat
3090 4341 3335 4412 paginas.

2164 4465 2216 4526 Β
2242 4418 2570 4526 Xestemque
2598 4427 2793 4495 patris;
2821 4428 3025 4485 Juliani
3052 4435 3290 4503 tegmina

2240 4512 2440 4571 Petens
2470 4520 2717 4588 requirit,
2749 4523 3030 4581 osculatur
3057 4526 3302 4597 vulnera,

2240 4607 2570 4680 Patremque
2599 4612 2772 4668 solum
2805 4616 2949 4672 hunc
2975 4619 3285 4688 confitetur,
3316 4631 3372 4677 et
3400 4623 3590 4681 Deum.

2238 4699 2364 4757 llaec
2395 4718 2597 4772 praeses
2625 4708 2795 4775 audit,
2826 4711 2978 4766 audit
2997 4714 3176 4771 omnis
3205 4716 3421 4786 civitas,

2236 4791 2398 4848 anet
2425 4803 2689 4865 tyrannus
2725 4802 2967 4871 separari
2997 4802 3169 4860 fi‘lium

2236 4887 2283 4941 Δ
2312 4888 2486 4944 Patris
2515 4889 2641 4946 almi
2667 4891 2862 4951 Juliani
2893 4894 3249 4968 amplexibus.

2235 4981 2471 5037 Tentant
2494 4986 2749 5053 ministri,
2782 4994 3181 5048 contrahuntur
3201 4995 3453 5067 brachia,

2232 5072 2463 5143 ltnplcre
2481 5073 2633 5143 iussa
2658 5092 2755 5133 nec
2779 5080 3035 5136 sinuntur
3052 5085 3322 5154 prmsidis.

2234 5164 2516 5219 Ducuntur
2544 5181 2646 5221 una
2679 5168 2805 5222 dum
2833 5171 3082 5244 dirempti
3111 5174 3234 5248 (sic)
3261 5196 3367 5235 non
3400 5180 3590 5239 valent.

2236 5258 2466 5330 Stupent
2490 5274 2762 5330 parentes,
2790 5274 2844 5321 et
2871 5282 3152 5330 magorum
3179 5276 3468 5330 perhibent
