3888 5330
79 377 162 438 861
552 381 643 440 DE
669 382 1042 443 TRIUMPHlS
1073 386 1348 446 CHRISTI
1385 389 1782 453 ANTIOCHIE
1804 399 2049 458 CESTIS
2077 402 2258 458 LIBRI
2298 404 2457 461 DUO.
2478 434 2549 447 —-
2569 404 2698 460 LIB.
2739 404 2780 459 ι.

78 495 268 551 Habere
290 497 559 567 gaudens,
593 499 802 568 spernit
825 514 986 555 omne
1007 502 1283 557 sarculum.

80 588 272 643 Privata
302 596 573 654 temnunt,
602 600 781 646 servet
810 600 868 645 ut
895 593 1159 660 custodia,

79 680 267 750 Easque
291 689 485 750 pascat
518 688 662 735 torva
689 681 1008 737 liberalitas.

80 770 361 826 Traduntur
378 785 516 842 ergo
546 773 785 827 carceris
818 774 1079 829 teterrimi

80 867 192 927 luto,
211 862 447 918 tenebris
478 863 841 934 sordibusque
861 866 1106 936 pessimi.

80 950 243 1006 Aufert
265 950 514 1005 nidorem
542 952 790 1008 Christus
817 954 940 1010 inde
968 954 1193 1010 fetidum

80 1037 321 1095 Prrestans
341 1040 570 1095 odorem
598 1041 813 1097 etelitus
847 1045 1254 1110 suavissimam,

84 1135 364 1205 Lumenque
394 1134 605 1192 sanctis
631 1134 897 1192 exhibens
921 1136 1303 1193 clarissimum.

85 1222 255 1279 Vident
273 1214 538 1289 miniStri,
565 1226 655 1294 qui
680 1225 798 1296 pios
828 1226 1185 1294 deduxerant,

86 1312 280 1368 Tantam
307 1313 454 1369 beati
495 1314 802 1370 claritatem
835 1314 1076 1382 luminis,

87 1404 270 1461 Christo
302 1404 488 1461 refecti
518 1407 841 1462 suavitatem
870 1409 1107 1464 nectaris

87 1496 299 1551 Prazbent
328 1498 595 1553 honorem
620 1498 710 1567 qui
753 1513 879 1553 suos
906 1498 984 1553 sic
1016 1499 1246 1568 allevat;

90 1585 326 1656 Spernunt
351 1588 535 1643 redire
561 1588 629 1641 ad
668 1599 881 1644 noctem
906 1589 974 1643 ab
1002 1589 1109 1645 isto
1136 1589 1359 1656 lumine,

89 1676 153 1732 Ad
174 1678 345 1733 mortis
372 1687 658 1734 auctorem
683 1680 773 1749 pia
808 1680 918 1737 vita
949 1682 1150 1752 agnita.

90 1768 222 1822 Audit
248 1778 528 1840 tyrannus,
557 1780 614 1825 et
638 1769 798 1826 simul
817 1771 993 1827 claudi
1012 1772 1170 1844 jubet

94 1857 197 1925 llos,
217 1860 333 1915 dum
361 1862 601 1917 trucidet
628 1861 830 1917 ultione
868 1862 1100 1920 fervida.

94 1946 229 2004 Orant
252 1948 469 2004 salutem
500 1949 650 2007 ferre
673 1949 1082 2010 confessorihus

96 2042 322 2097 Christum
347 2043 490 2098 beati
516 2042 829 2100 conﬁtendo
855 2057 1141 2118 martyres.

94 2131 273 2190 Fratres
292 2134 341 2188 in
363 2136 495 2190 urbe
521 2144 729 2204 septem
752 2144 930 2202 erant,
959 2146 1013 2191 et
1038 2136 1132 2191 lilii

98 2222 307 2281 Primatis
333 2227 505 2292 urbis,
533 2225 877 2284 Christianus
903 2229 995 2299 qui
1028 2222 1153 2300 pius

95 2313 289 2371 Dilectus
309 2325 466 2386 atque
492 2318 719 2389 regibus
745 2317 1092 2387 decesserat;

98 2402 288 2474 Ejusque
305 2416 489 2477 gnatos
515 2407 622 2462 hac
644 2406 878 2477 procella
906 2408 1180 2481 principes

99 2494 273 2553 iussere
298 2509 434 2555 tutos
464 2499 588 2574 lege
617 2510 795 2571 empta
822 2501 1025 2556 vivere.

99 2587 317 2643 Antonius
341 2604 460 2644 cum
488 2590 618 2659 quis
645 2589 902 2644 manebat
940 2590 1244 2663 presbyter.

100 2675 151 2732 Hi
176 2679 341 2736 calice
357 2681 622 2752 jubentur
648 2683 753 2738 acti
783 2681 1027 2745 numine,

103 2766 238 2824 Simul
259 2773 520 2840 sacerdos,
550 2772 778 2827 visitare
801 2788 1110 2839 carcerem;

104 2860 235 2926 Quem
256 2878 367 2918 mox
395 2872 644 2933 petentes
667 2879 794 2918 ecce
815 2872 1046 2918 cernunt
1075 2864 1333 2935 praevium

104 2951 190 3007 Sibi
212 2968 437 3026 supernae
461 2956 747 3026 dignitatis
770 2955 1042 3027 angelum,

105 3039 197 3105 Qui,
220 3044 472 3115 dissipatis
494 3045 683 3114 januis
711 3047 993 3118 ergastuli,

103 3131 265 3189 (Italum
292 3145 520 3193 meantes
552 3138 849 3193 introducit
886 3138 1150 3208 puberes;

104 3219 294 3296 Visoque
319 3228 506 3285 fratres
530 3240 643 3284 tam
672 3230 830 3285 beato
858 3231 1079 3297 lumine,

105 3313 277 3375 limere
298 3321 525 3392 gaudent
551 3332 747 3393 sponte
773 3322 1197 3378 confessoribus.

103 3408 343 3481 Implentur
364 3431 491 3488 ergo
521 3433 682 3473 sacra
712 3426 836 3472 vota
864 3427 1184 3489 martyrum,

106 3499 358 3573 ﬁnguntur
380 3516 543 3577 atque
572 3506 774 3561 milites
803 3506 1163 3576 baptismate;

104 3587 287 3649 Domino
310 3593 397 3650 dat
425 3596 603 3652 almus
632 3595 879 3652 Julianus
914 3597 1116 3668 gratias

106 3676 316 3751 Savoque
338 3687 655 3742 nuntiantur
692 3687 794 3742 ista
821 3688 1059 3758 praesidi.

106 3768 278 3839 Septem
310 3776 393 3832 ille
423 3778 620 3834 fratres
644 3779 887 3835 exhiberi
914 3780 1158 3851 praecipit

106 3859 351 3936 Verbisque
376 3880 529 3926 curat
556 3871 849 3927 admonere
874 3871 1106 3928 lenibus.

106 3950 325 4014 Temnunt
345 3962 558 4020 athleta:
587 3964 865 4036 viperinos
888 3965 1095 4031 sibilos,

106 4043 383 4122 Fraudisque
410 4070 571 4110 voces
594 4068 725 4110 aure
754 4055 916 4110 surda
951 4058 1255 4129 transigunt

105 4133 437 4210 Etseparatos
466 4146 532 4200 ad
560 4146 868 4216 palaestram
898 4148 1214 4217 pradicant.

106 4224 360 4299 Torquetur
382 4238 589 4308 anguis,
617 4246 672 4293 et
696 4253 905 4293 venena
943 4238 1203 4311 colligens

106 4311 307 4377 Retnittit
339 4324 477 4394 ipsos
504 4328 721 4383 curioso
746 4330 979 4394 carceri,

106 4402 264 4465 [lorum
284 4415 446 4472 salute
464 4435 573 4489 quo
598 4427 846 4474 tenentur
882 4419 1047 4475 anxii.

107 4492 224 4554 Tunc
246 4506 391 4560 caedis
416 4508 572 4579 hujus
599 4510 651 4564 id
685 4510 853 4565 refert
879 4511 1193 4566 auctoribus

104 4583 411 4651 Etluliauum
443 4610 660 4655 accusat
689 4601 826 4656 artis
865 4602 1081 4667 robore,

107 4671 251 4734 Nitore
279 4684 406 4739 culta
436 4686 656 4759 fregerit
691 4688 833 4759 quod
862 4690 1027 4756 idola,

108 4763 284 4841 Trunca
300 4789 603 4844 prosecutus
632 4783 750 4853 ejus
784 4791 1005 4848 caetera,

109 4855 287 4952 Secreta
307 4888 525 4943 poscens
555 4879 679 4935 inde
703 4880 833 4952 quid
865 4880 1186 4935 deliberent.

112 4946 317 5039 hianda“
342 4979 591 5033 Parentur
624 4946 853 5039 singulis
881 4978 940 5022 ut
971 4968 1111 5022 dolia

110 5037 274 5130 Adipis,
302 5050 500 5124 liquore
528 5074 648 5114 cum
682 5037 818 5130 picis
846 5058 1111 5113 ferventia
1136 5100 1150 5124 ,

113 5127 174 5184 Ab
203 5132 307 5184 ίρηρ
324 5145 437 5184 (nni,
458 5145 591 5184 fnrln
626 5151 668 5184 ei
699 5149 1019 5184 rnnncanvinl

1662 496 1709 555 Α
1745 510 1987 587 [landum
2018 516 2189 587 suetis
2211 515 2484 587 bajulatur
2517 517 2765 587 ignibus;

1736 580 1890 647 Quod
1914 582 2213 640 Martianus
2240 580 2297 639 ut
2329 586 2489 650 videt,
2520 580 2645 657 poni
2667 580 2841 656 jubet,

1736 671 1804 727 Et
1826 671 2040 729 Juliano
2067 674 2289 730 mandat
2314 674 2366 731 id
2395 678 2703 743 resuscitct,

1737 765 1953 823 Fecisse
1972 767 2220 824 Christus
2247 779 2309 825 ut
2336 769 2594 837 magister
2618 768 2884 840 proditur.

1741 874 1762 907 ι
1797 856 2011 912 εωοιιιη
2040 858 2189 929 quid,
2222 858 2400 930 inquit
2424 857 2692 927 Julianus,
2725 857 2949 930 adjuvat

1735 948 1854 1017 Sol,
1883 951 2099 1019 quando
2125 951 2313 1008 lustret
2337 962 2660 1008 caeterorum
2688 950 2925 1008 lumina?

1737 1039 1844 1096 Sed
1875 1051 2056 1096 vestra
2092 1043 2341 1112 quamvis
2370 1059 2477 1100 non
2515 1050 2755 1099 meretur
2781 1037 3024 1108 caecitas,

1734 1128 1852 1185 Jam
1878 1140 2088 1203 tempus
2124 1136 2208 1189 est
2236 1133 2439 1189 Christi
2472 1142 2529 1189 ut
2563 1141 2807 1206 patescat
2836 1130 3101 1189 claritas:

1735 1221 1935 1277 Fidelis
1955 1221 2073 1291 ejus
2100 1238 2223 1277 nam
2252 1233 2433 1279 manet
2456 1223 2767 1294 promissio,

1736 1310 1813 1367 Ne
1842 1322 2028 1367 nostra
2062 1328 2197 1367 vane
2223 1312 2433 1367 decidat
2458 1313 2667 1384 petitio.
2700 1331 2718 1365 ι

1735 1401 1861 1458 llaec
1890 1403 2049 1468 dixit,
2078 1412 2245 1472 utque
2280 1403 2421 1459 fudit
2446 1404 2512 1457 ad
2544 1403 2830 1459 Dominum
2860 1413 3103 1474 precem,

1734 1492 2061 1549 Refuuditur
2087 1509 2212 1550 mox
2242 1494 2351 1549 vita
2383 1494 2646 1549 membris
2677 1493 2912 1559 reddita,

1734 1586 1997 1657 Astatque
2017 1586 2193 1652 vivus,
2218 1595 2405 1657 raptus
2431 1585 2541 1641 imo
2569 1585 2825 1651 Tartaro,

1733 1676 2117 1748 Christumque
2139 1677 2320 1731 laudat
2339 1693 2498 1748 quem
2530 1677 2682 1749 prius
2706 1673 3036 1740 nesciverttt,

1736 1767 2049 1825 Teterrimis
2075 1777 2129 1826 et
2160 1769 2338 1840 impiis
2361 1770 2698 1842 gigantibus,

1664 1850 1709 1911 Β
1737 1859 2026 1930 Poenisque
2055 1875 2114 1916 se
2144 1859 2342 1915 fatetur
2377 1860 2509 1915 atris
2531 1869 2768 1924 erutum,

1740 1952 1980 2022 Vitazque
2013 1960 2235 2023 propter
2254 1950 2525 2007 Julianum
2554 1952 2849 2007 redditum.

1736 2043 1936 2098 Tactus
1957 2043 2145 2099 dolore
2174 2043 2419 2099 carnifex
2448 2042 2725 2114 ergastulo
2803 2099 2812 2106 _

1735 2133 1897 2190 lubet
1926 2134 2133 2189 retrudi
2167 2134 2332 2202 hunc,
2371 2149 2673 2207 aggregans
2693 2134 3063 2191 certantibus:
3114 2210 3118 2215 _

1735 2226 1906 2295 Quem
1935 2226 2183 2284 Julianus
2205 2227 2350 2283 ablui
2374 2228 2701 2299 baptismate

1734 2317 1910 2385 Facit,
1937 2320 2149 2390 piorum
2185 2320 2446 2392 c0pulans
2475 2318 2776 2375 consortio.

1806 2408 2053 2465 Mandata
2084 2422 2244 2481 pinna
2283 2419 2624 2482 praeparatur
2653 2409 2874 2467 interim
2900 2425 2917 2464 :

1735 2500 1981 2571 Triginta
2005 2510 2061 2557 et
2084 2510 2251 2558 unum
2280 2502 2625 2558 destinantur
2650 2501 2814 2570 dolia,

1732 2595 1878 2667 Ignis
1911 2595 2119 2666 repleta
2153 2604 2454 2666 praenotato
2484 2596 2713 2666 pabulo;

1733 2685 2016 2742 Ducuntur
2038 2685 2104 2740 ad
2135 2697 2324 2755 parata
2353 2687 2528 2742 sancti
2560 2685 2847 2754 incendia;

1733 2776 2009 2832 Vocantur
2039 2793 2229 2834 omnes
2260 2777 2388 2832 illud
2412 2777 2479 2833 ad
2513 2775 2905 2849 spectaculum.

1733 2867 1911 2939 Rogat
1949 2868 2149 2925 remitti
2182 2867 2480 2923 Martianus
2511 2868 2703 2934 tilium,

1733 2956 2072 3029 Sanctosque
2096 2959 2246 3015 reddi
2279 2959 2566 3030 pollicetur
2592 2958 2814 3015 liberos.

1732 3049 1929 3107 Oblata
1955 3059 2219 3121 spernunt
2240 3052 2355 3106 hmc
2384 3050 2530 3106 beati
2562 3060 2853 3123 martyres,

1736 3141 1983 3211 Puerque
2012 3142 2183 3212 patris
2209 3142 2415 3213 respuit
2444 3141 2815 3207 clementiam,

1655 3209 1702 3273 (ἶ
1732 3209 2057 3302 Patremque
2082 3233 2257 3302 poscit
2288 3209 2391 3287 ista
2419 3242 2706 3303 postquam
2737 3230 2930 3286 vicerit

1733 3323 2047 3389 Tormenta,
2081 3333 2310 3380 matrem
2334 3324 2661 3379 commorari
2686 3322 2780 3379 det
2807 3321 2912 3379 sibi

1730 3415 1930 3471 Tribus
1959 3415 2176 3482 diebus;
2208 3417 2345 3471 dans
2372 3424 2532 3486 pater
2554 3414 2697 3470 redit
2724 3414 2966 3479 domum,

1729 3507 1811 3561 Ad
1835 3506 1952 3561 haec
1972 3505 2177 3577 agenda
2205 3506 2497 3576 providens
2520 3504 2808 3568 vicarium,

1728 3593 1891 3649 Gnati
1913 3594 2095 3649 videre
2119 3609 2223 3649 non
2256 3593 2436 3649 ferens
2464 3594 2792 3649 incendium.

1729 3684 2012 3742 Ponuntur
2042 3685 2169 3740 almi
2198 3685 2250 3740 in
2281 3694 2584 3756 praeparata
2615 3686 2778 3751 dolia,

1730 3778 1797 3832 Et
1826 3786 2012 3832 vastus
2041 3778 2180 3848 ignis
2210 3773 2317 3832 alte
2345 3777 2834 3843 circumfunditur;

1730 3866 1987 3923 Flammae
2015 3866 2264 3921 feruntur
2301 3867 2484 3922 ardum
2515 3883 2613 3938 per
2635 3882 2795 3933 aera;

1730 3957 1972 4013 Psallunt
1997 3958 2137 4012 beati
2169 3971 2301 4013 voce
2322 3957 2469 4013 clara
2502 3958 2768 4022 carmina,

1731 4036 1971 4118 Fideque
1994 4048 2135 4103 celsa
2159 4049 2501 4119 supprimunt
2526 4050 2801 4113 incendia,

1729 4142 1985 4211 Auroque
2010 4140 2081 4194 ab
2108 4141 2229 4211 igne
2256 4140 2519 4196 clariores
2538 4149 2759 4207 exeunt,

1686 4238 1689 4241 ’
1729 4233 1949 4303 Deoque
1975 4232 2159 4287 laudes
2185 4232 2351 4288 corde
2384 4235 2504 4287 laeto
2529 4232 2844 4296 concinunt,

1731 4324 1984 4397 Magnum
2013 4324 2250 4382 ferentes
2273 4327 2482 4381 civibus
2519 4325 2839 4382 miraculum
2865 4342 2882 4380 :

1731 4416 1839 4472 Sed
1862 4416 2154 4473 circulator
2180 4417 2280 4473 huc
2308 4433 2587 4489 magorum
2624 4417 2849 4489 deputat

1732 4504 1942 4564 Virtute
1977 4518 2208 4580 gestum,
2239 4510 2372 4565 dans
2397 4511 2648 4565 tenebras
2677 4509 2729 4563 in
2759 4510 2899 4564 diem

1730 4599 1947 4656 Dextris
1971 4602 2213 4665 sinistra,
2241 4616 2425 4656 amara
2455 4604 2688 4657 miscens
2716 4602 2983 4657 dulcibus.

1730 4690 1801 4747 Ut
1821 4693 2096 4763 expetivit,
2130 4700 2300 4745 matre
2323 4705 2534 4762 sumpta
2566 4692 2708 4747 filius

1729 4781 1911 4838 Laetus
1942 4784 2118 4838 beatis
2140 4782 2389 4853 jungitur
2416 4783 2780 4851 consortibus,

1728 4875 1947 4930 Privata
1976 4875 2209 4929 claustra
2237 4888 2373 4944 quos
2410 4884 2693 4944 receptant
2724 4873 2963 4931 carceris

1730 4965 1909 5024 Odore
1936 4980 2057 5034 qua:
2081 4964 2361 5034 replentur
2389 4963 2514 5020 almi
2545 4968 2809 5023 nectaris.

1731 5056 1971 5128 Captans
1999 5056 2229 5112 choreas
2259 5057 2629 5121 concinentes,
2661 5057 2887 5123 femina,

1731 5148 1952 5184 Fvn'nlq
1989 5147 2256 5184 cunuilnln
2279 5155 2387 5184 llam
2416 5147 2722 5184 oraliccimn

3212 405 3317 462 I62
