3888 5330
532 344 632 401 663
645 335 649 338 ’

602 464 770 519 Audit
791 462 1031 535 jugalem
1058 466 1359 524 Martianus
1379 470 1697 538 complicem

597 557 817 613 Faciam
849 560 1062 628 piorum
1090 559 1292 631 ﬁliique
1322 577 1488 632 suppa
1500 576 1647 627 rem;

605 650 833 705 Domum
862 652 1071 717 reduci,
1104 667 1266 723 quam
1292 651 1449 722 jubet
1481 654 1766 719 secretius,

599 738 740 805 Quid
771 741 897 797 huic
926 743 995 797 sit
1028 751 1210 797 actum
1239 744 1525 801 sciscitans
1551 760 1581 799 a
1614 743 1751 800 tilio.

597 831 704 887 Pro
730 833 1050 889 liberatione
1078 835 1268 891 matris
1289 837 1489 892 arduas

597 923 820 981 Chris‘o
839 924 1027 983 beatas
1053 927 1233 984 celsus
1256 927 1412 983 *ἔπει-ι
1433 929 1661 1001 gratias.

601 1020 754 1074 Domi
789 1030 1053 1093 tyrannus
1077 1025 1310 1081 detineri
1336 1027 1627 1099 conjugem

599 1111 791 1179 lubet;
823 1115 1055 1171 ministri
1086 1118 1369 1176 molientes
1395 1121 1621 1191 obsequi

600 1205 914 1275 Czcantur;
950 1210 1145 1280 accipit
1168 1212 1286 1281 pios
1309 1213 1662 1285 ergastulum.

606 1298 706 1352 Die
741 1301 990 1369 sequenti
1026 1301 1327 1359 Martianus
1354 1305 1556 1362 milites

603 1389 908 1446 Obtruncat
941 1393 1117 1450 almos
1146 1395 1231 1451 bis
1260 1397 1469 1463 decem,
1506 1398 1627 1469 qui,
1653 1398 1859 1454 lumine

607 1478 766 1536 Ducti
793 1497 1051 1554 superno,
1076 1487 1373 1543 vanitatem
1407 1490 1705 1559 liquerant,

607 1567 940 1642 Septcmque
972 1573 1173 1631 fratres
1198 1578 1318 1649 igne
1339 1594 1577 1650 pugnam
1604 1580 1827 1646 finiunt,

607 1661 815 1717 Aurum
843 1664 1115 1737 refulgens
1137 1684 1234 1724 ceu
1267 1672 1483 1725 camino
1510 1672 1775 1739 redditur,

600 1750 751 1808 Facti
776 1770 874 1825 per
897 1756 1074 1827 ignem
1102 1757 1224 1814 luce
1246 1759 1389 1815 clara
1420 1761 1709 1833 splendidi.

674 1844 909 1904 Posthac
937 1859 1167 1922 tyranno
1192 1863 1558 1925 suggeruntur
1579 1857 1759 1913 (κειρτί
1792 1875 1806 1912 :

604 1935 804 1991 Tentat
827 1940 1089 2009 profanus
1117 1959 1349 2001 avocare
1378 1957 1652 2020 martyres

613 2032 654 2081 A
684 2030 809 2098 jure
839 2030 1039 2088 Christi
1067 2044 1121 2091 et
1158 2037 1453 2109 subjugare
1485 2041 1747 2111 sculptili.

606 2120 817 2176 Ornare
842 2122 1102 2193 templum
1126 2142 1236 2195 quo
1263 2130 1463 2184 resedit
1489 2132 1768 2200 pulchrius

612 2212 996 2283 Secretiusque
1025 2217 1245 2272 mandat
1272 2233 1408 2275 auro
1434 2220 1719 2291 fulgidum,

603 2302 848 2376 Ducique
869 2318 1090 2365 sanctos
1126 2324 1191 2365 ac
1220 2310 1382 2366 litare
1406 2313 1663 2383 perditis,
1709 2378 1712 2381 λ

608 2394 836 2452 Placare
859 2397 995 2453 vana
1028 2397 1281 2456 laeserant
1310 2419 1432 2473 quae
1462 2405 1705 2459 numina.

604 2487 795 2545 Canus
827 2491 1022 2561 popelli
1052 2494 1229 2565 pergit
1256 2494 1400 2550 istud
1433 2496 1636 2562 visere;

602 2579 816 2637 Adsunt
844 2583 1013 2650 beati,
1041 2595 1097 2640 et
1126 2586 1277 2658 signa
1309 2586 1510 2644 Christi
1546 2588 1823 2644 frontibus

603 2673 824 2746 Figunt,
850 2688 1065 2734 sacrata
1105 2680 1399 2736 muniendo
1421 2696 1650 2753 corpora
1680 2701 1693 2735 :

603 2767 820 2825 lntrant
846 2770 1103 2827 sacellum
1131 2773 1372 2829 roborati
1402 2789 1632 2829 munere

608 2857 835 2926 Christi,
861 2870 1154 2932 precantur
1182 2860 1298 2931 ejus
1333 2872 1495 2936 atque
1518 2864 1746 2937 gloriam

608 2951 801 3019 Pandi,
831 2962 991 3009 ruant
1017 2962 1075 3010 ut
1103 2955 1191 3012 illa
1220 2946 1404 3029 templi
1433 2959 1657 3025 mtenia,

614 3044 683 3100 Et
706 3055 900 3102 cuncta
928 3045 1038 3103 fani
1068 3058 1420 3107 conterantur
1448 3051 1612 3108 idola.

607 3136 775 3192 Audit
799 3151 1071 3208 supernus
1099 3150 1223 3198 vota
1254 3157 1535 3199 servorum
1559 3142 1735 3199 Deus:

614 3228 744 3284 Ruit
768 3230 1049 3299 sacellum,
1078 3234 1407 3291 defatiscunt
1435 3236 1659 3294 coctiles
1685 3256 1699 3303 ;

611 3320 788 3378 Ruina
815 3323 1001 3395 templi
1026 3325 1371 3395 apparitores
1392 3328 1675 3398 opprimit,

608 3413 863 3485 ignisque
891 3426 1087 3471 cuncta
1118 3417 1380 3494 absumit,
1410 3418 1528 3476 haec
1560 3419 1879 3477 demoliens.

611 3506 837 3562 lnsultat
863 3508 1038 3564 almus
1065 3506 1315 3583 Julianus
1344 3512 1559 3582 praesidi
1586 3529 1622 3583 ;χ

613 3594 839 3652 Furoris
870 3597 960 3653 ille
994 3600 1305 3668 perforatur
1333 3601 1581 3671 Spiculis,

606 3684 953 3757 Sanctosque
983 3689 1036 3744 in
1068 3690 1172 3744 atri
1199 3691 1402 3747 claudit
1433 3693 1537 3747 ima
1567 3692 1823 3747 carceris.

610 3777 713 3835 Hic
739 3789 898 3837 nocte
926 3781 1113 3839 laudes
1137 3784 1265 3840 dum
1292 3785 1403 3841 Deo
1429 3786 1824 3855 persolverent,

614 3869 829 3925 Adsunt
848 3871 991 3927 beati
1018 3874 1111 3943 qui
1142 3875 1473 3944 triumphum
1508 3875 1889 3947 impleverant,

615 3960 819 4016 llorum
848 3963 935 4032 pia
963 3964 1307 4022 confessione
1332 3981 1639 4036 compares,

610 4050 822 4110 Omnes
843 4055 1027 4109 amicti
1054 4057 1295 4112 vestibus
1316 4057 1698 4127 praecandidis,

614 4145 682 4199 Et
710 4145 925 4200 alleluia
962 4148 1313 4204 concinentes
1341 4148 1594 4205 dulciter.

615 4237 854 4292 Chorum
885 4239 1044 4294 beata
1075 4239 1223 4294 ducit
1252 4240 1365 4295 illic
1395 4242 1665 4310 virginum

618 4328 901 4394 Basilissa,
934 4339 1124 4385 sancto
1146 4346 1265 4400 qua:
1280 4331 1449 4402 jugali
1481 4332 1780 4403 gratulans,

613 4420 817 4490 Aperta
841 4420 964 4475 cali
998 4436 1166 4497 regna
1200 4422 1405 4478 sanctis
1429 4422 1673 4488 nuntiat,

613 4509 727 4568 Hos
757 4519 813 4566 et
840 4510 929 4567 die
955 4513 1227 4582 promittit
1259 4513 1369 4583 ipsa
1399 4513 1607 4585 suscipi
1678 4584 1683 4589 ἡ

615 4605 731 4673 Qua
765 4605 1016 4661 Christus
1045 4606 1163 4661 orbi
1194 4606 1344 4661 clara
1372 4607 1463 4662 lux
1488 4609 1760 4679 apparuit,

616 4696 687 4753 Ut
709 4697 811 4753 hac
839 4698 1084 4768 polorum
1112 4709 1414 4771 appareant
1441 4717 1563 4758 cum
1591 4701 1810 4757 civibus

614 4788 682 4842 Et
708 4789 761 4843 in
784 4791 1035 4858 supernis
1056 4800 1410 4861 perseverent
1431 4792 1677 4848 sedibus.

617 4878 746 4933 Post
778 4878 895 4934 haec
924 4879 1165 4934 tribunal
1192 4880 1244 4933 in
1271 4879 1391 4935 foro
1418 4880 1798 4950 prmsesjubct

617 4966 732 5021 Sibi
758 4968 940 5037 parari
969 4978 1027 5023 et
1051 4969 1297 5025 exhiberi
1329 4950 1621 5041 martyres.

616 5059 968 5115 Crudelitatis
998 5061 1089 5116 hic
1121 5061 1358 5119 furorem
1386 5064 1695 5118 exercitatis

621 5153 812 5225 Digitis
837 5156 1050 5224 piorum
1083 5171 1179 5220 per
1202 5171 1398 5213 manus
1424 5157 1606 5228 lychni
1635 5165 1690 5211 et
1710 5156 1872 5226 pedes

618 5240 750 5297 Oleo
775 5247 1057 5302 madentes
1083 5246 1372 5318 alligentur
1398 5246 1685 5317 prmcipit;

1226 353 1618 411 FLODOARDI
1655 354 1975 412 CANONICI
2006 353 2352 411 REMENSIS
2388 350 2755 412 OPUSCL‘LA
2795 344 3120 406 SiETRlCA.
3180 357 3191 373 ‘
3687 336 3780 391 664

2132 471 2184 528 Α
2278 472 2365 537 Ει,
2396 484 2554 541 quem
2584 467 2774 523 beatus
2801 462 3045 519 Julianus
3070 467 3341 516 mortuum
3444 436 3447 437 7

2280 562 2458 619 Orans
2487 559 2854 623 resuscitavit,
2880 545 3189 610 Anastasio.

2280 653 2441 709 Pueri
2464 666 2595 725 ergo
2629 657 2855 705 matrem
2882 642 3262 700 Martianillam
3284 640 3428 694 Deus

2284 743 2399 799 Non
2431 757 2589 814 posse
2617 755 2849 797 cernens
2872 738 3016 793 ferre
3045 737 3179 791 dura
3210 733 3465 792 tormina,

2284 832 2536 889 Cazcabat
2562 846 2751 888 omnes
2782 830 2909 884 huic
2932 841 3124 882 manus
3150 824 3240 895 qui
3273 823 3611 893 injecerant;

2284 924 2508 983 Curavit
2530 932 2708 979 autem
2734 922 3005 978 sauciatos
3035 926 3328 989 martyres,

2284 1015 2611 1073 Illuminavit
2636 1014 2981 1084 integrosque
3004 1009 3261 1072 reddidit,

2287 1108 2577 1166 Cruciatur
2606 1106 2777 1162 hostis
2806 1103 2991 1168 corde,
3019 1101 3178 1156 saevis
3204 1098 3433 1169 tigribus

2288 1203 2543 1271 Dirisque
2569 1198 2745 1254 factus
2770 1194 2993 1253 crudior
3021 1191 3383 1263 serpentibus.

2290 1294 2524 1350 Sanctus
2558 1292 2610 1346 in
2636 1288 3096 1358 amphitheatrum
3126 1284 3263 1356 agit,
3289 1296 3429 1353 quos
3456 1278 3641 1334 bestiis

2288 1385 2547 1457 Exponit,
2584 1382 2699 1453 ipse
2728 1381 2840 1437 suis
2863 1379 3099 1435 ferocior
3126 1377 3280 1432 feris.

2292 1477 2490 1534 Venire
2518 1476 2701 1532 belvas
2728 1482 2778 1529 et
2805 1473 3015 1543 piorum
3042 1471 3248 1542 lingere

2291 1572 2463 1628 Pedes
2484 1571 2716 1636 videres,
2746 1566 2994 1622 mitiores
3022 1563 3234 1620 catulis.

2289 1663 2472 1720 Furiis
2494 1662 2730 1734 repletus
2764 1668 2818 1717 et
2846 1660 3108 1729 gehennae
3132 1655 3398 1712 incendiis

2291 1755 2453 1811 lubet
2482 1752 2685 1824 requiri
2713 1750 3014 1807 Martianus
3039 1748 3250 1804 noxios.

2296 1845 2415 1900 Acti
2447 1844 2739 1899 trahuntur
2763 1840 3042 1898 criminosi
3074 1838 3365 1911 ergastulis

2294 1938 2513 2007 Piisque
2534 1934 2933 2006 permiscentur
2963 1930 3185 1986 athletis
3221 1929 3319 1995 rei,

2296 2030 2568 2099 Missoque
2593 2028 2647 2084 in
2675 2024 3130 2096 amphitheatrum
3156 2023 3223 2076 ad
3247 2022 3349 2076 hoc
3375 2016 3627 2082 satellite,

2297 2122 2572 2177 Necantur
2598 2118 2814 2174 admisti
2846 2118 3168 2172 innocentes
3194 2112 3372 2168 noxiis
3398 2126 3415 2177 ;

2298 2212 2556 2284 Exempla
2584 2211 2782 2268 Christi
2812 2218 3228 2279 consequentes,
3260 2205 3347 2260 hic
3373 2214 3591 2274 quoque

2299 2306 2401 2374 Qui
2429 2306 2482 2360 in
2513 2303 2766 2375 passione
2783 2300 3005 2371 junctus
3032 2309 3116 2356 est
3145 2296 3469 2353 latronibus.

2300 2395 2515 2454 Tellure
2541 2404 2685 2450 mota
2709 2401 2970 2450 corruunt
2993 2407 3120 2447 mox
3147 2389 3308 2455 idola,

2301 2491 2410 2545 Aer
2437 2487 2635 2544 minaci
2669 2496 2925 2558 personat
2955 2484 3213 2547 tonitruo,

2303 2581 2639 2650 Iliserosque
2670 2592 2862 2649 magna
2889 2585 3130 2632 terruere
3160 2572 3397 2644 fulgura.

2301 2674 2441 2729 Hinc
2476 2672 2769 2729 semivivus
2797 2669 3093 2725 Martianus
3117 2666 3347 2735 effugit;

2301 2765 2515 2822 Elllavit
2538 2774 2716 2820 autem
2744 2763 3033 2818 devoratus
3053 2758 3330 2816 vermibus

2302 2857 2500 2912 Paucis
2520 2839 2710 2911 diebus
2735 2852 2969 2909 evolutis
2997 2848 3369 2920 postmodum.

2303 2952 2376 3005 At
2401 2945 2698 3006 Christiani
2726 2953 2886 3002 nocte
2913 2942 3005 3015 qui
3034 2953 3385 2997 remanseran
3415 2977 3432 3003 ,

2349 3052 2603 3115 estquam
2630 3039 2774 3097 beati
2805 3051 2970 3108 regna
2992 3033 3262 3090 scandunt
3290 3036 3583 3101 martyres,

2308 3137 2451 3193 Eunt
2480 3134 2690 3205 piorum
2715 3137 2907 3204 sancta
2929 3126 3134 3182 lectum
3152 3136 3382 3192 corpora
3406 3138 3423 3173 :

2310 3228 2441 3296 Quae
2467 3239 2589 3280 cum
2613 3222 2863 3277 laborant
2892 3231 3182 3291 segregare
3208 3213 3474 3278 sontium,

2307 3316 2567 3373 Oratione
2599 3310 2827 3384 supplici
2856 3308 3130 3366 Christum
3154 3312 3347 3375 petunt

2308 3409 2399 3465 Eis
2427 3408 2639 3478 piorum
2666 3419 2775 3474 quo
2803 3400 3005 3457 revelet
3026 3398 3270 3469 pignera,

2309 3500 2377 3554 Et
2403 3511 2530 3554 ecce
2559 3496 2688 3551 visae
2719 3508 2817 3549 ceu
2847 3492 3058 3548 decorae
3088 3489 3327 3560 virgines

2308 3588 2520 3645 Thecas
2547 3586 2738 3641 sedere
2761 3580 2984 3652 singula:
3009 3595 3171 3651 super
3197 3594 3344 3635 suas.

2311 3678 2426 3735 lloc
2452 3679 2590 3734 lecta
2615 3676 2732 3732 viso
2760 3674 3002 3730 membra
3029 3673 3186 3744 signo
3216 3669 3417 3742 fulgida

2311 3770 2595 3839 Cruorque
2613 3767 2769 3839 juxta
2795 3764 3114 3837 congelatus
3144 3762 3436 3837 splenduit,

2312 3862 2517 3918 Altaris
2541 3870 2596 3916 ct
2616 3858 2823 3931 sepulta
2853 3859 2953 3915 sub
2981 3855 3316 3920 fundamine,

2312 3955 2567 4012 Procedit
2595 3956 2735 4010 unde
2765 3952 2889 4008 fons
2922 3950 3138 4007 abunde
3164 3947 3441 4021 profluens
3798 4008 3803 4016 Δ

2314 4047 2517 4103 Locum
2543 4045 2764 4117 superni
2790 4044 2882 4114 qui
2910 4042 3084 4113 replet
3108 4039 3474 4112 baptismatis.
3764 4027 3803 4117 ’,τ’

2312 4138 2411 4194 Hic
2438 4114 2883 4193 multa—Christus
2909 4133 3175 4190 exhibens
3207 4130 3472 4188 beneﬁcia
3764 4114 3771 4123 ’

2315 4229 2510 4285 Pendit
2532 4228 2693 4284 vietis
2721 4227 2918 4297 saepius
2946 4224 3230 4281 solamina.

2315 4322 2414 4377 Die
2440 4320 2586 4376 beati
2614 4318 2815 4374 Juliani
2849 4303 3133 4388 martyris

2320 4411 2467 4467 Vecti
2494 4408 2695 4482 leprosi
2717 4424 2824 4480 quo
2851 4409 3035 4464 decem
3070 4407 3192 4461 tabo
3224 4403 3458 4470 horridi,

2317 4505 2643 4561 Exulcerata
2668 4517 2835 4558 carne
2867 4515 3004 4572 pene
3033 4499 3258 4570 putrid't,

2322 4597 2500 4652 Tincti
2529 4605 2587 4651 ut
2611 4594 2810 4650 lavacri
2845 4601 2971 4649 sunt
2992 4591 3172 4662 aquis,
3200 4588 3623 4660 pulcherrimum

2324 4690 2561 4746 Sumunt
2586 4686 2860 4747 decorem,
2897 4681 3185 4737 sanitatem
3218 4688 3274 4734 et
3304 4678 3593 4749 integram.

2317 4781 2623 4848 Ferturque
2649 4792 2754 4836 vox
2780 4774 2997 4845 delapsa
3027 4772 3166 4829 caelo
3195 4768 3505 4839 hujnsmodi
3532 4784 3547 4799 -

2321 4870 2446 4925 “ch
2471 4867 2673 4923 .luliani
2701 4881 2870 4930 nunc,
2900 4864 3004 4919 mei
3033 4859 3368 4925 charissimi,

2324 4962 2520 5018 Meruit
2550 4959 2707 5026 ﬁdes,
2731 4958 2937 5031 majora
2960 4971 3081 5029 quae
3111 4953 3431 5011 merebitur.

2322 5055 2389 5110 Et
2416 5055 2504 5109 hic
2526 5062 2583 5108 et
2606 5052 2662 5108 in
2690 5042 2798 5122 quo
2826 5036 3089 5106 fabricata
3116 5057 3243 5104 sunt
3266 5046 3389 5103 loco

2316 5149 2627 5207 Orationem
2658 5146 2759 5201 sub
2784 5145 2989 5200 honore
3018 5143 3234 5198 domata

2318 5239 2588 5295 Basilissae
2606 5245 2661 5292 et
2687 5220 2812 5291 almi
2840 5234 3041 5290 Iuliani
3072 5219 3351 5312 martyris,
