3888 5330
101 273 182 329 565
569 272 658 327 DE
685 271 1062 331 TRIUMPIIIS
1100 273 1372 331 CHRISTI
1408 273 1806 331 ANTIOCHI/8
1843 271 2089 330 CESTIS
2116 272 2291 328 LIBRI
2318 271 2476 328 DUO.
2505 303 2575 313 --
2603 272 2728 327 LIB.
2767 273 2806 326 I.
3219 271 3322 325 $66

1493 383 1722 439 CAPUT
1758 383 1894 438 XIV.

1364 473 1440 528 De
1467 487 1648 528 sancto
1675 475 1938 530 Romano.

103 586 300 642 Romani
324 585 521 641 luctam
550 584 770 641 aureolo
790 583 1116 640 Prudentius
1145 600 1242 640 ore

103 681 335 744 Intonuit;
366 694 534 749 quare
560 679 695 735 satis
726 689 808 734 est
830 679 1001 735 libare
1029 690 1252 751 trop'm.

104 770 311 840 Denique
329 768 616 840 praefectus
646 771 751 825 huc
784 771 1014 825 mittitur
1045 771 1412 842 Asclepiades,

105 860 470 930 Ecclesiamqtze
499 860 620 915 dolo
648 861 913 916 meditans
941 861 1241 930 irrumpere
1270 861 1446 927 furvo,

106 951 398 1006 IIansuctum
430 950 630 1007 Christi
659 953 968 1022 disperdere
997 953 1136 1008 ovile
1165 953 1389 1008 volutat.

104 1041 326 1102 Panditur
347 1041 396 1094 id
419 1050 610 1096 sancto
637 1043 816 1112 superi
841 1043 1165 1098 charismate
1193 1045 1354 1115 Regis

107 1132 332 1198 Romano,
368 1135 618 1188 monachi
649 1135 743 1203 qui
771 1135 1048 1205 relligione
1072 1135 1328 1191 decenter

107 1221 408 1289 I’rmpollens,
436 1221 614 1278 valido
642 1223 878 1293 reliquos
911 1223 1187 1280 fulcimine
1213 1226 1388 1280 munit

109 1311 163 1367 Ut
189 1319 318 1368 stent
337 1312 633 1368 exhortans
658 1314 1138 1384 contradicantque
1164 1325 1393 1386 tyranno
1418 1330 1432 1367 :

114 1402 234 1456 L'nde
255 1404 348 1456 sibi
374 1403 494 1458 sisti
527 1403 683 1472 jubet
702 1405 844 1460 hunc
868 1407 1155 1474 przefectus
1178 1415 1237 1461 ut
1265 1408 1434 1463 audit.

111 1495 310 1558 Sistitur,
341 1495 608 1566 arguitur,
635 1499 902 1567 reperitur
923 1499 1100 1565 fortis,
1132 1516 1306 1571 agone

108 1585 378 1655 Intrepidus,
399 1595 686 1652 constans,
719 1589 927 1644 Domini
960 1591 1223 1648 subnixus
1247 1607 1433 1648 amore
1462 1608 1476 1646 :

111 1676 382 1728 Concutitur
403 1674 611 1744 ﬂagris,
643 1685 911 1734 tormento
941 1695 1208 1750 appensus
1235 1682 1469 1750 equino;

113 1761 269 1816 Lzetior
291 1760 537 1830 efficitur,
568 1772 741 1820 tortus
769 1774 1033 1822 tormenta
1064 1768 1421 1838 triumphans.

114 1853 368 1923 Exprobrat
393 1857 716 1913 excrucians
741 1866 1025 1926 tortorem,
1059 1861 1286 1916 verbera
1319 1861 1530 1927 nescit;

115 1943 336 2001 Tristibus
357 1947 579 2003 athletis
603 1949 804 2003 Christi
833 1950 1096 2020 praeponit
1120 1967 1384 2017 amorem,

115 2036 252 2104 Atque
277 2036 360 2090 Dei
390 2053 580 2092 servos
608 2038 860 2095 meliores
888 2040 1103 2111 regibus
1133 2040 1308 2096 effert.

119 2123 354 2193 Depositus
373 2129 619 2197 quatitur
648 2129 828 2186 librati
860 2133 1088 2187 verbere
1114 2133 1318 2203 plumbi
1343 2153 1357 2200 ;

115 2210 219 2266 Ilinc
239 2213 392 2269 lectus
423 2217 723 2286 spondetur
751 2219 944 2285 honos,
975 2219 1062 2276 ille
1087 2222 1266 2276 omnia
1302 2223 1514 2287 temnit,

115 2303 164 2358 Et
187 2305 304 2360 saecli
327 2307 482 2363 decus
504 2324 670 2364 omne
692 2310 784 2365 Dei
812 2313 1085 2382 postponit
1109 2313 1324 2370 honori.

117 2396 305 2451 Ceditur
331 2399 448 2454 hinc
477 2399 662 2472 lignis,
689 2411 874 2465 tensus
894 2403 1084 2458 lictore
1113 2415 1380 2474 quaterno
1405 2425 1419 2470 ;

122 2485 225 2539 Tum
246 2502 438 2559 quoque
468 2492 717 2547 maxillas
747 2493 1008 2549 subacuta
1041 2495 1300 2550 novacula
1329 2499 1483 2561 rasit,

121 2579 310 2635 Facundi
334 2597 512 2638 vocem
541 2584 697 2639 dolor
725 2599 782 2638 ut
810 2597 1178 2656 compesceret
1207 2589 1318 2644 oris
1345 2608 1357 2641 :

121 2669 357 2727 Confessor
384 2669 520 2729 nulla
549 2677 915 2732 substernitur
941 2687 1055 2732 arte
1085 2694 1362 2749 repressus
1389 2696 1402 2744 ;

124 2759 374 2830 I’romptius
401 2763 713 2835 alloquitur,
747 2783 1078 2837 puerumque
1105 2767 1380 2824 admittier
1405 2778 1524 2822 orat

125 2852 392 2922 Qucmlibct,
422 2872 482 2910 ac
513 2872 642 2912 vera
673 2859 738 2914 de
764 2859 1046 2930 relligioue
1074 2860 1249 2931 rogari

125 2943 260 3000 Unum
283 2949 382 3004 sive
416 2951 583 3005 Deum
615 2951 794 3021 plures
825 2954 1037 3008 dicatve
1063 2953 1338 3008 colendos.

126 3036 338 3107 Raptatur
363 3057 507 3111 puer,
537 3044 752 3098 ostendi
784 3055 992 3116 martyr
1021 3047 1155 3116 petit
1183 3045 1275 3100 alti

127 3125 338 3185 Virtutem
367 3133 590 3198 Christi,
621 3125 848 3203 puerum
879 3135 957 3190 sic
984 3151 1111 3190 vera
1143 3151 1456 3206 reposcens,

128 3219 323 3278 Decultu
352 3240 559 3281 summo
583 3227 790 3296 absque
818 3227 942 3283 dolo
960 3229 1116 3298 jubet
1148 3239 1269 3299 apta
1307 3229 1482 3284 fa:cri.

128 3307 243 3364 Ilicet
266 3311 441 3369 cffatur
467 3316 643 3370 solum
670 3332 806 3386 puer
833 3334 954 3373 esse
983 3319 1265 3374 colendum

127 3396 318 3456 iﬁtheris
343 3412 496 3474 atque
527 3407 630 3460 soli
670 3407 978 3473 Dominum,
1011 3423 1117 3462 non
1155 3407 1401 3480 sculptile
1439 3425 1659 3464 vanum.

128 3490 309 3560 Angitur
329 3497 422 3552 hoc
449 3499 663 3554 haerens
691 3499 936 3570 stupidus
960 3515 1209 3556 sermone
1242 3510 1540 3573 tyrannus;

129 3575 289 3636 Versus
314 3585 362 3640 in
389 3587 646 3643 infantem
672 3589 794 3658 quis
821 3589 888 3644 ad
919 3590 1032 3645 btec
1063 3592 1381 3647 instruxerit
1408 3592 1554 3647 illum

129 3665 341 3729 Scitatur.
364 3675 582 3735 Matrem
611 3695 672 3735 se
701 3680 858 3749 pusio
884 3679 1028 3735 fatur
1053 3681 1256 3738 habere

129 3759 474 3836 Christicolam,
507 3771 833 3842 doctumque
867 3773 935 3827 ab
975 3787 1041 3826 ea
1076 3786 1135 3827 se
1169 3773 1392 3828 credere
1421 3773 1658 3829 Christo.

131 3847 318 3910 Ilittitur
339 3861 560 3917 accitum
588 3871 817 3918 matrem
843 3880 857 3930 ;
893 3863 1208 3934 perducitur
1237 3863 1322 3917 illa
1349 3879 1362 3918 :

132 3938 396 4017 Prmeipitur
423 3954 584 4023 geniti
612 3955 844 4022 genitrix
873 3963 1137 4011 tormenta
1165 3957 1326 4011 tueri.

133 4029 374 4094 Confessus
399 4058 456 4096 se
474 4042 854 4099 Christicolam
878 4044 1227 4114 suspenditur
1256 4045 1363 4110 ille,

135 4118 515 4202 Torqueturque,
548 4135 636 4203 pio
664 4144 842 4191 mater
869 4150 1028 4205 quem
1059 4135 1254 4191 robore
1283 4136 1462 4191 firmat

133 4208 305 4274 Δεωτηί
326 4233 375 4275 et
395 4222 555 4281 fontis
585 4225 789 4281 sitienti
819 4225 1008 4296 pocula
1036 4225 1199 4281 squit.

1669 573 1718 630 Α
1747 586 1881 642 Curn
1912 599 2081 657 puero
2107 584 2298 638 Barula
2325 584 2505 655 flagris
2527 583 2805 640 Romanus
2825 587 3068 648 adactus,

1751 677 1901 731 Miles
1922 691 2044 731 cum
2068 677 2263 740 tirone,
2297 691 2466 729 novus
2492 690 2616 730 eum
2648 676 2816 731 milite
2837 679 2974 741 tiro;

1749 770 2194 836 Claudunturque
2223 769 2384 824 simul
2414 770 2538 823 torti
2573 770 2680 824 imo
2707 771 2943 825 carceris
2970 781 3146 826 antro.

1822 861 2034 915 Interea
2054 859 2272 915 coluber
2295 861 2442 915 diras
2467 862 2742 931 excogitat
2769 871 2934 927 artes,

1751 949 2152 1021 Lignorumque
2180 966 2366 1020 pyram
2390 949 2543 1020 jubet
2569 963 2722 1006 extra
2748 953 2945 1005 moenia
2977 951 3121 1021 poni.

1752 1041 2012 1110 Fulgebat
2042 1042 2268 1110 posthac
2292 1043 2530 1097 tenebris
2557 1042 2644 1098 lux
2675 1044 2841 1098 altera
2868 1043 3037 1114 pulsis

1754 1131 2151 1202 Prmfectusqtte
2183 1133 2292 1186 ibat
2318 1132 2512 1202 populo
2541 1135 2830 1190 comitatus
2863 1135 3084 1204 opimo:

1753 1223 1908 1278 Ibant
1929 1231 1982 1278 et
2008 1223 2180 1277 sancti
2209 1223 2502 1293 gaudentes
2525 1224 2646 1295 igne
2669 1225 2887 1295 probari

1753 1314 2141 1386 Ingentemque
2167 1330 2354 1386 rogum
2385 1315 2663 1372 Romanus
2691 1316 2900 1371 fervere
2933 1330 3161 1372 cernens

1754 1405 1978 1460 Invocat
2005 1405 2276 1460 excelsum
2304 1405 2643 1476 Iymphaeque
2671 1407 2916 1477 ignisque
2941 1415 3231 1476 potentcnt.

1756 1499 1897 1555 Ecce
1928 1510 2150 1570 repente
2175 1499 2354 1554 nitens
2378 1498 2674 1554 obscurant
2703 1497 2884 1552 nubila
2907 1497 3125 1559 caelum,

1756 1589 2001 1644 Nubibus
2024 1598 2080 1644 et
2111 1589 2296 1644 densis
2333 1588 2653 1659 tranquillus
2675 1589 2888 1658 cogitur
2916 1601 3010 1640 aer

1756 1682 2141 1751 Demissusque
2169 1680 2292 1751 polo
2318 1680 2539 1734 veniens
2575 1678 2912 1748 largissimus
2943 1677 3118 1731 imber

1757 1772 1952 1827 lmbuit
1982 1771 2350 1841 exstinxitque
2380 1786 2590 1842 pyram,
2619 1769 2848 1824 fervoris
2875 1767 3078 1822 ademit

1761 1863 1881 1919 Vim
1915 1873 2112 1929 totam;
2148 1861 2280 1916 nihil
2312 1862 2400 1916 hic
2425 1859 2675 1924 flammae,
2701 1859 2837 1915 nihil
2866 1859 3006 1928 ignis
3031 1855 3240 1928 agebat.

1684 1928 1730 1987 Β
1758 1953 2078 2010 Glorificant
2102 1928 2382 2007 Christum
2411 1950 2610 2022 populi,
2649 1949 2798 2005 ferus
2824 1949 2999 2004 ttritur
3023 1947 3216 2010 hostis,

1761 2046 1955 2100 Deficit
1985 2054 2149 2114 atque
2181 2043 2376 2099 iterum
2408 2050 2628 2098 sanctos
2657 2042 2708 2096 in
2745 2055 2965 2096 carcere
2992 2039 3180 2093 trudit.

1759 2136 1900 2192 Ilinc
1931 2136 2126 2189 iterum
2155 2135 2364 2205 spargit
2395 2149 2516 2188 cum
2536 2132 2651 2202 jam
2678 2133 2769 2188 lux
2794 2132 3030 2188 crastina
3070 2139 3278 2193 terras,

1762 2225 2063 2289 Pelluntur,
2091 2224 2432 2279 deducuntur
2461 2224 2630 2278 trucis
2657 2231 2783 2278 ante
2815 2219 3050 2276 tribttnal

1759 2316 1986 2372 Iudicis.
2015 2315 2108 2370 Ille
2139 2314 2325 2369 dolens
2350 2329 2456 2368 non
2487 2329 2546 2368 se
2575 2315 2776 2369 vicisse
2804 2328 2901 2383 per
2930 2314 3103 2384 ignes,

1760 2410 2180 2477 Succensusque
2198 2404 2355 2474 jubet
2385 2405 2573 2476 Stygia
2610 2405 2728 2460 face
2756 2413 2812 2459 et
2845 2405 2967 2475 igne
2994 2401 3206 2474 Cocyti,

1762 2499 1882 2554 Mox
1904 2513 2072 2570 puero
2099 2507 2285 2552 tenera
2311 2507 2472 2567 caput
2502 2513 2532 2550 a
2563 2497 2774 2552 cervice
2801 2496 2990 2560 recidi,

1763 2591 2114 2661 Romanoque
2145 2590 2311 2645 Deum
2341 2589 2569 2644 laudans
2592 2588 2858 2660 plectrum
2891 2602 2988 2642 ore
3019 2585 3224 2642 revelli.

1763 2685 1899 2740 Tum
1931 2685 2079 2756 gnati
2109 2684 2342 2754 genitrix
2367 2681 2646 2737 exsultans
2674 2680 2915 2736 membra
2945 2687 3204 2748 receptat.

1767 2775 1992 2831 Ducitur
2017 2775 2144 2829 hinc
2171 2773 2413 2829 medicus
2441 2771 2674 2826 Romani
2702 2770 3024 2826 abscindere
3053 2769 3242 2834 verba,

1766 2865 1979 2934 Accipit
2007 2873 2060 2920 et
2087 2863 2328 2935 regimen
2361 2862 2620 2917 radicitus
2645 2869 2890 2930 amputat
2915 2859 3046 2914 oris.

1764 2955 1855 3010 Ille
1878 2971 2101 3026 gemens
2131 2955 2438 3023 coelumque
2463 2962 2619 3008 tuens
2648 2952 2968 3008 benedicere
2991 2957 3162 3006 certat

1767 3046 1926 3101 Clara
1952 3060 2084 3100 voce
2108 3045 2302 3111 Deum,
2327 3043 2428 3098 sibi
2462 3043 2551 3112 qui
2581 3057 2766 3098 vocem
2797 3042 2916 3097 sine
2944 3041 3151 3111 lingua,

1767 3137 2085 3193 Sermonem
2112 3137 2230 3192 sine
2255 3149 2386 3191 voce
2415 3134 2584 3199 dedit,
2613 3133 2734 3189 sine
2780 3133 3007 3188 verbere
3034 3132 3220 3186 verba.

1768 3228 2064 3284 Praefectus
2099 3227 2308 3282 medico
2334 3234 2604 3281 tormenta
2643 3224 2846 3280 inferre
2877 3223 3118 3278 minatur

1691 3313 1736 3374 C
1771 3319 1924 3386 Quod
1955 3319 2118 3374 decus
2146 3317 2330 3372 invicti
2362 3330 2592 3386 parcens
2626 3331 2734 3370 non
2761 3314 3052 3385 dempserit
3073 3313 3202 3370 oris.

1771 3410 1864 3464 Ille
1893 3409 2066 3480 palam
2097 3417 2367 3464 monstrat
2397 3418 2512 3464 toto
2541 3407 2840 3480 abscidisse
2869 3407 3047 3477 palato

1773 3501 2042 3557 Plectrum
2066 3501 2198 3564 oris,
2237 3509 2442 3556 testans
2473 3500 2616 3556 aliud
2644 3515 2749 3556 non
2773 3500 2954 3554 vivere
2986 3513 3143 3568 posse

1771 3592 1863 3647 Sic
1888 3592 2184 3647 abscissum
2213 3591 2430 3645 animal.
2457 3589 2617 3646 Iubet
2644 3590 2731 3646 ille
2755 3589 3024 3644 adducere
3053 3602 3302 3659 porcum,

1771 3681 1868 3738 Cui
1892 3681 2046 3751 parili
2081 3692 2137 3735 ut
2164 3681 2340 3736 secuit
2364 3681 2649 3751 chirurgus
2674 3680 2923 3734 acumine
2950 3680 3211 3750 linguam,

1769 3770 1992 3826 Labitur
2017 3778 2072 3825 et
2095 3769 2302 3841 pariter
2328 3785 2450 3824 cum
2479 3769 2661 3838 lingua
2689 3769 3042 3823 commoritur
3070 3782 3183 3822 sus.

1769 3863 1962 3919 Evadit
1987 3864 2248 3920 medicus.
2278 3862 2574 3918 Praefectus
2607 3861 2936 3916 Maximiano

1773 3953 1992 4008 Nuntiat
2019 3954 2152 4008 hare.
2184 3952 2277 4009 Ille
2303 3953 2512 4008 occulte
2539 3952 2640 4008 sub
2667 3967 2886 4008 carcere
2915 3951 3154 4008 clausum

1771 4047 2075 4101 Romanum
2097 4045 2252 4116 jubet
2279 4043 2484 4111 occidi;
2517 4045 2574 4098 fit
2597 4043 2771 4115 jussio
2801 4044 2926 4099 saevi

1770 4135 2058 4206 Principis,
2090 4145 2144 4190 et
2169 4143 2376 4206 martyr
2405 4135 2672 4191 celebrem
2702 4143 3042 4190 consummat
3068 4148 3314 4205 agonem,

1769 4225 2162 4298 Eternamque
2187 4227 2334 4298 capit
2356 4227 2618 4284 ctelorum
2646 4242 2677 4282 a
2703 4241 2830 4301 rege
2858 4241 3134 4284 coronam.

1534 4381 1763 4439 CAPUT
1801 4382 1914 4439 XV.

1399 4475 1474 4528 De
1505 4485 1682 4528 sancto
1707 4473 1990 4544 Hesychia.

138 4567 390 4644 Hesychius
421 4598 608 4653 regunt
639 4594 765 4639 tunc
793 4584 931 4639 forte
958 4585 1162 4641 nitebat
1192 4587 1244 4640 in
1279 4585 1420 4640 aula.

139 4658 413 4736 I’rtecipiunt
443 4673 603 4742 igitur
624 4690 879 4744 proceres
910 4676 992 4730 dis
1016 4676 1326 4731 sacrificare

140 4754 278 4814 Omne
298 4763 579 4830 palatinum
610 4767 692 4824 vel
716 4767 930 4838 cingula
960 4784 1161 4839 ponere
1189 4769 1398 4838 vulgus.

144 4841 216 4898 Ille
237 4850 313 4904 ubi
332 4853 472 4922 jussa
501 4861 660 4927 capit,
694 4859 934 4930 gaudens
957 4859 1278 4930 discingitur
1308 4859 1468 4922 ultro,

143 4935 428 5014 Alrjectoque
455 4948 687 5018 palatino
713 4952 941 5008 discedit
972 4954 1197 5008 honore.

144 5023 412 5113 Indignatur
435 5042 498 5093 ad
527 5041 638 5096 haec
664 5044 916 5113 princeps
947 5054 1072 5099 trux
1105 5045 1481 5109 Maximianus,

145 5111 394 5178 Mandatut
422 5127 632 5184 indutus
663 5111 840 5184 tunica
855 5111 1103 5202 _gy'nwcia
1139 5145 1313 5190 servet

147 5205 380 5279 Turpiter,
409 5228 460 5272 et
489 5222 874 5278 condemnatus
905 5224 1184 5278 muliebria
1215 5235 1427 5280 tractet.

147 5292 223 5330 "in
243 5304 452 5330 πλαξε-ι..
480 5309 626 5330 ..-ηΙιε
663 5328 672 5330 _
696 5312 730 5330 ⁸.
753 5311 801 5330 _I_

1779 4586 1906 4642 Sive
1934 4585 2172 4655 palatino
2198 4585 2434 4639 renitens
2463 4583 2749 4639 decoretur
2771 4585 2998 4648 honore,

1778 4680 1904 4734 Sive
1933 4677 2076 4734 colat
2105 4676 2246 4744 turpi
2276 4675 2519 4745 gynzceia
2548 4674 2666 4727 laxa
2697 4675 2934 4744 pudore?

1776 4769 1872 4824 Ille
1901 4769 2066 4823 refert
2095 4765 2286 4820 melius
2311 4765 2548 4836 gynzecia
2576 4765 2794 4820 nomine
2822 4763 3022 4820 Christi

1777 4859 1992 4922 Servet,
2016 4856 2350 4912 daemonibus
2379 4852 2650 4909 famulans
2675 4869 2839 4925 quam
2861 4855 3073 4910 serviat
3098 4856 3256 4915 aula).

1702 4980 1750 5038 ι)
1778 4951 1874 5005 llis
1903 4947 2084 5003 verbis
2108 4944 2331 5016 ejusque
2357 4944 2584 5000 aliorum
2615 4949 2856 5016 pondere
2885 4961 3133 5016 pressus,

1779 5042 1912 5109 Quis
1935 5039 2036 5093 sibi
2064 5036 2308 5107 prteferri
2330 5035 2532 5092 Christi
2561 5037 2872 5109 indignatur
2898 5051 3168 5108 amorem,

1779 5133 2006 5188 Insanus
2032 5128 2306 5199 princeps,
2340 5126 2495 5181 furiis
2525 5127 2768 5196 agitatus
2793 5127 3012 5192 Averni,

1779 5221 2032 5291 Praecipit
2060 5234 2332 5276 annexum
2363 5217 2602 5288 demergi
2631 5218 2688 5274 in
2720 5220 2939 5276 ﬂumine
2965 5232 3102 5272 saxo

1781 5312 1824 5330 II
1842 5327 1850 5330 .
1871 5309 2103 5330 .---ι.ε--...
2165 5307 2398 5330 π,.----ε--
2425 5307 2532 5330 -ἔ---
2560 5307 2654 5330 ..ΑΛ
2691 5327 2739 5330 --
2763 5326 2809 5330 -..
2829 5308 2894 5330 -..2

1979 5309 2103 5330 .ε--...
2165 5309 2398 5330 Π..---.Ξ--

2953 5315 3052 5330 ..Αι-
