3888 5330
508 349 609 406 567
1224 353 1612 409 FLODOARDI
1642 350 1973 409 ‘CANONICI
2012 351 2358 408 llEMBNSlS
2387 350 2747 408 OPUSCULA
2772 350 3099 411 METI’JCA.
3172 392 3175 393 ν
3582 390 3587 395 .
3653 346 3755 403 568

583 463 926 538 Tempestate
952 467 1050 522 sub
1078 466 1180 522 hac
1206 466 1413 522 validos
1442 467 1744 538 Cyprianus
1771 480 1973 537 agones

511 558 760 623 Sudavit,
791 559 1000 614 meritis
1028 558 1252 614 Iustina:
1283 560 1509 630 virginis
1533 571 1650 616 arlc

510 651 591 707 De
618 651 823 720 magica
860 651 926 706 ad
952 661 1201 707 sanctum
1227 651 1426 706 Christi
1454 664 1750 708 conversus
1775 666 2036 706 amorem.

510 738 639 797 "me
666 759 787 796 nam
817 741 971 812 virgo
996 745 1213 805 decens,
1241 743 1343 796 hac
1367 743 1500 796 urbe
1531 743 1846 811 parentibus
1868 751 1989 796 orta

509 832 817 900 Prmelaris,
844 834 1146 901 Christum,
1176 835 1422 889 tradente
1446 835 1672 889 diacone
1694 833 1951 902 quodam,

509 928 798 998 Cognovit,
838 928 1107 996 traxitque
1136 927 1294 982 simul
1326 927 1531 981 lucrata
1563 936 1815 995 parentes

508 1015 809 1073 lnstructos
833 1017 1020 1076 sacris.
1055 1032 1194 1087 quos
1223 1016 1381 1071 tinvit
1409 1017 1695 1085 episcopus
1725 1014 1882 1070 undis

509 1109 762 1178 Optatos,
789 1107 1079 1177 docuitque
1105 1108 1247 1162 viam
1273 1123 1492 1163 servare
1527 1107 1743 1162 salutis.

512 1197 813 1253 Ecclesiam
845 1199 971 1254 dum
993 1198 1146 1268 virgo
1182 1197 1274 1253 Dei
1305 1196 1514 1252 Iustina
1543 1196 1873 1266 frequentat.

511 1288 767 1361 Aglaidas
790 1288 912 1362 [ηις.
947 1288 1006 1356 2,
1032 1286 1314 1361 Acladius]
1339 1304 1484 1346 caeco
1509 1287 1725 1361 juvenis
1752 1286 2099 1344 succenditur

1845 1377 2026 1451 [igue,

510 1468 873 1541 Allegansque
903 1471 1049 1527 viros
1080 1470 1283 1542 plures,
1310 1478 1619 1541 matresque
1646 1468 1855 1541 puellae,

521 1561 786 1614 :Ioitnubii
817 1560 954 1630 petit
982 1560 1122 1616 hanc
1147 1560 1251 1616 sibi
1282 1570 1433 1616 certo
1454 1560 1662 1614 foedere
1683 1559 1847 1614 necti.

513 1654 644 1716 Quae
673 1652 1167 1724 parauymphorum
1207 1651 1364 1707 simul
1393 1652 1570 1705 omnia
1598 1650 1743 1704 dicta
1774 1647 2013 1703 refutans
2033 1687 2049 1712 ,

513 1741 806 1812 Depaetam
835 1744 1053 1800 Christo
1081 1743 1192 1814 regi
1228 1757 1287 1798 se
1312 1742 1524 1796 nuntiat
1554 1740 1682 1801 alto.

514 1833 694 1900 Seque
724 1832 881 1888 ﬁdem
909 1849 1108 1904 sponso
1137 1833 1318 1886 firmat
1343 1846 1564 1891 servare
1594 1845 1849 1900 superno.

519 1922 635 1976 Vim
666 1938 867 1992 procas
895 1930 1127 1978 attentat
1156 1922 1400 1978 renuenti
1432 1921 1632 1975 inferre
1661 1920 1870 1990 puellm,

514 2013 621 2066 Sed
655 2014 835 2082 superi
865 2014 1010 2068 cedit
1040 2012 1254 2067 Domini
1283 2013 1482 2067 virtute
1511 2011 1779 2079 repulsus.

514 2102 634 2166 Quo
658 2101 836 2155 minus
859 2102 1168 2171 assequitur
1189 2099 1427 2169 juvenis,
1460 2100 1632 2168 magis
1670 2098 1825 2153 ardet
1847 2113 2031 2153 arnore

512 2189 909 2260 Desertamque
932 2191 1120 2247 videns
1150 2191 1428 2246 hominum
1456 2205 1515 2245 se
1542 2190 1768 2255 viribus,
1801 2189 1964 2244 audet

480 2266 487 2273 ί
515 2282 857 2339 Daemonicos
883 2292 1094 2338 tentare
1123 2282 1293 2347 dolos,
1321 2291 1604 2351 artemque
1634 2282 1958 2352 nigrantem.

513 2370 818 2443 Erperiens
844 2374 1052 2442 magico
1083 2372 1410 2442 Cyprianum
1443 2372 1683 2427 carmine
1708 2372 1945 2431 doctum.

512 2463 842 2534 Alloquitur,
871 2462 1023 2533 cujus
1050 2462 1222 2534 frangi
1256 2463 1390 2531 petit
1423 2473 1541 2518 arte
1568 2463 1854 2531 pudorem,

511 2554 644 2611 Auri
670 2570 730 2609 se
758 2554 1027 2625 spondens
1058 2553 1130 2606 illi
1159 2552 1410 2607 conferre
1446 2553 1643 2606 talenta

511 2644 732 2715 )gneolo
758 2645 805 2699 si
834 2644 946 2700 fors
973 2653 1137 2715 queat
1164 2644 1306 2699 hanc
1334 2644 1635 2698 accendere
1663 2641 1794 2709 telo,

516 2742 694 2808 Atque
719 2737 1014 2808 Cupidinea
1047 2755 1142 2793 cor
1171 2739 1221 2794 ei
1261 2738 1536 2793 terebrare
1565 2738 1783 2808 Sagitta.

516 2830 588 2882 At
609 2829 929 2901 Cyprianus,
961 2838 1019 2883 ιιι
1041 2840 1285 2884 assuetas
1312 2828 1463 2883 vafer
1497 2828 1673 2883 exerit
1696 2836 1861 2892 artes,

515 2918 775 2972 Daemonii
814 2919 1064 2990 ﬁgmenta
1093 2919 1239 2973 videt
1263 2934 1323 2973 se
1354 2919 1548 2973 sistere
1575 2933 1794 2984 coram;

517 3009 620 3065 Cui
647 3014 901 3065 mandata
942 3010 1146 3077 ferens,
1173 3009 1445 3065 Justitiam
1476 3019 1627 3080 peste
1655 3007 1858 3064 furoris
1892 3057 1896 3060 ι

518 3100 771 3171 Praecipit
798 3103 975 3171 urgeri
1009 3102 1126 3155 diro
1154 3110 1211 3155 ut
1236 3102 1509 3155 crucietur
1534 3114 1741 3155 amore.

517 3190 681 3245 Paret
705 3191 852 3244 larva
878 3202 1067 3260 petens
1098 3193 1332 3247 robustae
1368 3200 1505 3247 tecta
1531 3189 1761 3260 puellae:

520 3280 687 3353 Virgo
711 3281 871 3336 thoro
895 3282 1188 3346 excutitur,
1225 3282 1391 3337 sentit
1416 3281 1702 3336 conamina
1730 3278 1962 3344 fraudis,

518 3369 589 3425 lit
612 3385 773 3424 cruce
800 3386 859 3424 se
887 3372 1081 3433 munit,
1110 3370 1310 3425 Christi
1341 3371 1603 3424 tutamiua
1627 3383 1877 3438 poscens.

526 3461 691 3530 Signa
719 3461 897 3516 crucis
924 3477 1152 3517 cernens
1180 3462 1367 3532 pulsus
1395 3461 1654 3517 distabuit
1680 3460 1897 3528 anguis;

523 3554 695 3621 Quem
724 3553 923 3608 victum
951 3554 1239 3623 aspiciens,
1270 3554 1434 3608 alium
1463 3553 1731 3624 perquirit
1760 3566 2022 3620 aruspex:

527 3643 755 3709 Evocat,
782 3643 1021 3698 insinuat
1042 3645 1169 3715 quid
1193 3661 1316 3700 eum
1349 3662 1443 3699 sua
1480 3645 1722 3699 carmina
1752 3654 1998 3713 poscant.

523 3737 716 3792 Evolat
743 3751 1037 3806 aereasque
1062 3737 1206 3792 celer
1234 3737 1744 3807 prolabiturauras,

525 3829 764 3899 Virginis
791 3837 953 3898 atque
982 3828 1117 3898 petit
1149 3829 1324 3882 media
1356 3828 1455 3883 sub
1485 3836 1642 3882 nocte
1673 3825 1870 3881 cubile.

523 3920 695 3991 Virgo
721 3921 826 3989 peti
856 3935 917 3975 se
946 3921 1245 3976 sentiscens
1275 3929 1493 3991 turgere
1517 3918 1749 3984 colubri,

522 4012 724 4067 Christi
754 4012 1062 4082 praesidium
1089 4012 1411 4082 qumritjam
1443 4011 1676 4079 tegmine
1703 4017 1889 4063 notum
1910 4050 1925 4071 ,

523 4100 838 4172 Venilluque
860 4103 1036 4157 erucis
1063 4103 1268 4157 vallatis
1298 4103 1400 4156 sibi
1428 4102 1693 4168 membra,
1725 4111 1981 4169 precatur

523 4194 755 4249 llla'sum
784 4210 891 4263 quo
921 4195 1173 4249 Christus
1202 4196 1251 4250 ei
1279 4208 1499 4249 servare
1527 4195 1787 4263 pudorem

525 4284 806 4354 lliguetur,
844 4284 1052 4353 lampas
1076 4300 1146 4338 ne
1174 4285 1367 4337 ardens
1392 4293 1645 4352 superata
1674 4283 1959 4352 nigrescat.

524 4375 620 4430 llle
646 4377 824 4430 crucis
854 4375 1146 4429 reverenda
1175 4376 1359 4430 videns
1386 4375 1610 4428 rutilare
1638 4383 1842 4442 tropum

527 4465 720 4522 Deficit
753 4465 1050 4520 abscedens
1074 4480 1271 4534 supero
1300 4465 1619 4535 liquefactus
1640 4465 1865 4520 honore.

556 4608 559 4611 λ
598 4557 736 4615 Hinc
766 4559 898 4614 artis
927 4558 1130 4626 majora
1162 4573 1352 4628 magus
1380 4557 1657 4611 molimina
1696 4567 1910 4611 tentaus

528 4650 784 4720 Maiorem
813 4651 1008 4707 invitat
1037 4652 1346 4706 Zoroastris
1381 4649 1569 4704 fraude
1596 4651 1905 4705 draconem.

523 4745 620 4803 ille
645 4746 873 4816 superba
898 4744 1156 4810 fremens,
1182 4746 1379 4800 nimios
1410 4741 1612 4798 inferre
1642 4741 1855 4795 labores

531 4839 605 4893 Se
629 4836 823 4906 iactat,
853 4838 1159 4911 victamque
1184 4852 1349 4907 proco
1380 4835 1588 4889 vincire
1619 4832 1849 4902 puellam
1879 4848 1892 4885 :

532 4929 957 4998 Virgineumque
986 4928 1122 4982 dolis
1151 4927 1354 4982 ducens
1382 4942 1446 4984 ex
1476 4940 1600 4980 acre
1626 4940 1844 4995 corpus,

530 5019 771 5090 Virginis
800 5019 853 5073 in
881 5019 1062 5088 specie
1090 5019 1255 5074 castis
1287 5033 1345 5072 se
1374 5017 1580 5071 visibus
1599 5014 1790 5079 offert;

529 5108 712 5181 Fingit
739 5124 926 5164 amare
954 5109 1146 5170 Deum,
1171 5110 1388 5163 missam
1417 5108 1679 5162 mentitur
1706 5106 1776 5161 ab
1803 5104 1924 5175 ipso

2124 452 2163 508 Α
2196 464 2371 534 Atque
2397 462 2541 519 dedit
2575 463 2777 517 sociam
2806 464 2982 517 divina
3014 462 3127 534 lege
3160 463 3434 526 maritam,

2191 555 2451 610 Mandans
2476 556 2683 625 augeri,
2715 556 3043 609 benedicens
3070 556 3558 625 multiplicansque,

2191 647 2453 717 Legitima
2486 662 2715 717 quorum
2751 647 2984 700 tuttudus
3012 663 3272 717 compage
3300 646 3565 716 repletur;

2195 740 2382 793 Divina
2413 756 2479 793 an
2513 741 2685 810 rigido
2718 750 3032 794 temnuntur
3052 738 3173 808 jura
3198 739 3442 809 pudore?

2192 830 2409 898 Aspidis
2439 830 2539 883 hoc
2565 828 2778 884 .lustina
2808 832 2979 885 trucis
3006 829 3280 884 flammata
3316 844 3559 894 veneno,

2195 919 2488 985 Turbatur,
2522 923 2713 992 surgit,
2746 924 2945 993 pergit,
2975 933 3178 993 stupet,
3209 924 3448 994 angitur,
3478 923 3663 978 haeret.

2195 1011 2438 1082 Respicit
2463 1013 2654 1067 elisam
2689 1015 2966 1081 Dominus,
2998 1014 3181 1068 divina
3210 1024 3499 1084 negantem

2197 1098 2297 1166 Qui
2327 1101 2599 1171 quondam
2633 1102 2850 1156 Petrum
2880 1102 3022 1166 fidei,
3059 1118 3157 1158 nec
3184 1104 3385 1158 maznia
3415 1103 3577 1159 turris
3648 1164 3661 1173 η

2198 1189 2441 1246 Sustinet
2473 1192 2629 1246 hoste
2655 1192 2855 1247 latente
2883 1193 3029 1262 rapi;
3058 1209 3181 1247 nam
3214 1195 3475 1249 daemonis
3504 1193 3663 1248 hosce

2201 1278 2425 1333 Denotat
2453 1294 2573 1335 esse
2601 1280 2771 1345 dolos,
2811 1296 3038 1351 quaeque
3066 1283 3134 1336 ad
3166 1284 3464 1337 munimina
3492 1291 3611 1339 nota

2199 1368 2375 1424 Corde
2402 1385 2609 1432 means,
2641 1380 2786 1435 orat,
2817 1374 2997 1428 erucis
3023 1388 3171 1427 arma
3201 1373 3486 1429 celerrime
3509 1372 3689 1430 sumit.

2201 1459 2413 1531 Effigies
2439 1463 2692 1526 conficta,
2723 1463 2902 1517 crucis
2930 1465 3220 1534 perterrita
3251 1466 3429 1533 signo,

2204 1550 2473 1621 Liquitur,
2506 1553 2778 1608 et‘vacuis
2812 1569 2930 1609 sese
2958 1554 3280 1623 promiscuit
3306 1557 3479 1610 auris.

2273 1640 2587 1709 Virgineum
2618 1654 2806 1714 pectus
2833 1645 3043 1700 cmlesti
3074 1647 3267 1701 robore
3296 1646 3492 1701 fultum

2204 1732 2386 1788 Multis
2409 1733 2531 1788 inde
2559 1735 2730 1791 modis
2758 1743 2914 1804 parat
2937 1737 3253 1807 impugnare
3283 1737 3592 1808 chelydros,

2132 1798 2174 1856 Β
2203 1823 2349 1879 Bella
2389 1839 2611 1879 movens
2643 1826 2808 1879 variis
2837 1827 3134 1883 tenebrosa:
3157 1826 3438 1883 fraudibus
3466 1829 3614 1895 artis,

2200 1911 2473 1968 lneutiens
2500 1914 2737 1977 morbos,
2778 1916 3056 1984 strepitus,
3087 1916 3430 1986 phantasma,
3460 1918 3685 1983 dolores,

2201 2007 2500 2063 Blanditias
2521 2018 2577 2063 et
2598 2024 2748 2078 epes,
2779 2018 3036 2076 terrores,
3064 2011 3260 2065 damna
3291 2021 3594 2079 parentum,

2201 2098 2388 2165 Furta,
2417 2099 2588 2162 dolos,
2620 2115 2760 2156 escae
2785 2100 3060 2164 lenimina,
3091 2102 3407 2167 seditiones,

2200 2190 2557 2260 Argumenta,
2589 2190 2786 2262 quibus
2813 2191 2941 2245 forti
2972 2192 3271 2248 munimine
3298 2202 3414 2247 tuta

2203 2279 2405 2336 ania
2432 2294 2783 2352 proruerent;
2813 2282 3015 2339 Christi
3040 2283 3238 2338 vallata
3266 2285 3362 2340 sed
3394 2284 3562 2343 armis

2202 2371 2354 2427 llens
2379 2372 2576 2428 invicta
2606 2383 2813 2439 manet,
2848 2372 2995 2431 nullo
3020 2375 3324 2443 superanda
3352 2374 3555 2441 duello.

2202 2463 2369 2518 Lenia
2397 2463 2626 2519 fortuna:
2652 2480 2936 2535 spernens,
2964 2466 3125 2520 simul
3149 2482 3343 2536 aspera
3370 2467 3610 2525 vincens.

2209 2551 2429 2623 Virgine
2465 2553 2606 2609 bella
2635 2555 2823 2609 videns
2849 2553 3022 2626 frangi
3053 2556 3357 2625 Cyprianus
3380 2572 3568 2611 eorum

2208 2642 2343 2709 Quis
2373 2646 2545 2713 magis
2571 2645 2777 2701 inuisus
2809 2646 2947 2712 fidit,
2979 2657 3134 2703 vocat
3163 2659 3281 2704 arte
3308 2650 3642 2719 magistrum.

2204 2732 2481 2788 Turbidus
2507 2735 2594 2789 ille
2624 2736 2799 2803 venit;
2833 2738 2968 2808 petit
2997 2754 3062 2793 ac
3091 2754 3279 2809 magus
3308 2750 3367 2794 ut
3393 2739 3498 2796 sibi
3523 2749 3703 2811 pangat

2203 2822 2449 2891 Quanam
2478 2828 2676 2882 abeant
2705 2836 2902 2883 tenerae
2928 2829 3054 2882 victi
3086 2830 3283 2885 virtute
3310 2830 3524 2900 puellm.

2204 2912 2298 2969 Ille
2332 2917 2526 2971 timens
2558 2917 2725 2986 linqui
2754 2937 2766 2971 :
2806 2937 2824 2968 ι
2852 2917 2982 2974 Jura
3017 2934 3083 2972 ne
3110 2919 3353 2985 deserar,
3382 2921 3579 2989 inquit,

2203 3008 2419 3064 Fraude
2447 3017 2567 3074 tua;
2600 3029 2617 3060 ι
2647 3008 2798 3077 jurat
2827 3011 2967 3065 vires
2993 3011 3295 3082 Cyprianus
3323 3011 3374 3064 iu
3406 3021 3578 3065 atras.

2153 3153 2174 3171 ,
2213 3117 2233 3153 ι
2267 3100 2516 3169 Signum,
2548 3102 2642 3163 ait,
2671 3102 2940 3170 aspiciens
2968 3102 3224 3156 Crucilixi
3264 3102 3467 3165 solvor,
3497 3100 3677 3156 eodem

2155 3192 2176 3210 ‘
2210 3192 2499 3256 Delii-iens,
2530 3192 2812 3262 liquorque
2840 3192 2957 3248 fluit
2986 3210 3083 3250 ceu
3111 3211 3234 3248 cera
3261 3209 3357 3263 per
3382 3194 3583 3264 ignem.

2205 3315 2278 3328 -
2302 3285 2472 3349 Tene,
2499 3287 2595 3350 ait,
2622 3295 2706 3342 est
2737 3286 2909 3355 major
2936 3288 3276 3343 Crueifixus?
3301 3318 3376 3330 —-
3398 3287 3575 3359 Major
3597 3297 3651 3343 at
3672 3285 3742 3341 ille

2210 3374 2473 3431 Omnibus
2503 3388 2606 3438 est,
2632 3392 2819 3447 poenas
2847 3379 3056 3432 meritis
3081 3379 3281 3448 quique
3308 3377 3507 3434 inferet
3534 3378 3683 3435 ultor.

2207 3463 2545 3535 Pergendum
2577 3477 2680 3531 est,
2715 3468 2908 3537 inquit,
2939 3469 3339 3537 quatrendaque
3368 3470 3544 3540 gratia
3572 3468 3677 3523 Fixi

2208 3552 2286 3607 Ne
2316 3569 2504 3623 pinnas
2535 3555 2758 3610 tolerem
2784 3557 2979 3625 quibus
3007 3566 3091 3610 est
3115 3556 3381 3612 furiturus
3413 3559 3467 3612 in
3498 3558 3685 3613 hostes.
3709 3573 3727 3607 ι

2206 3645 2476 3716 Abjuraus
2510 3647 2673 3717 igitur
2702 3648 2929 3701 virtutes
2958 3646 3148 3701 fraude
3168 3648 3435 3716 vigentes,

2208 3734 2681 3804 Contetnuensque
2717 3746 3034 3805 potestatem
3065 3736 3391 3804 superabilis
3419 3736 3629 3807 anguis,

2210 3821 2458 3879 Prtesulis
2485 3818 2738 3879 Ecclesiae
2764 3824 2986 3894 pedibus
3014 3824 3365 3894 provolvitur,
3392 3839 3560 3879 orans

2206 3915 2467 3970 Notitiam
2498 3916 2820 3985 signumque
2845 3916 2961 3969 dari
2988 3915 3090 3970 sibi
3124 3914 3302 3969 nobile
3326 3912 3552 3969 Christi.

2206 4007 2441 4063 Prmsule
2468 4006 2795 4063 formidante
2825 4008 2994 4071 dolos,
3028 4010 3156 4062 dum
3185 4007 3403 4078 pellitur
3429 4022 3593 4080 aeger,

2208 4101 2407 4156 Narrat
2433 4102 2510 4156 ιιιί
2539 4102 2707 4157 victas
2732 4103 2946 4158 Satanm
2971 4103 3285 4173 cognoverit
3312 4112 3482 4158 artes.

2207 4192 2403 4248 Grates
2432 4191 2523 4246 ille
2551 4191 2661 4246 Deo
2692 4191 2954 4256 referens,
2993 4193 3296 4247 catechizat
3320 4192 3515 4248 alendo

2207 4285 2374 4341 Lacte
2399 4287 2500 4356 piae
2528 4286 2672 4347 fidei,
2706 4286 2978 4341 Christum
3015 4296 3194 4341 monet
3219 4297 3381 4356 atque
3408 4286 3684 4355 petendum

2208 4381 2337 4452 Ejus
2365 4381 2417 4434 in
2446 4380 2696 4444 ecclesia,
2726 4381 2979 4449 clcroque
3005 4381 3314 4450 frequenter
3337 4384 3623 4452 agendum.

2137 4493 2183 4553 ί)
2211 4471 2316 4527 Iste
2342 4471 2561 4526 domum
2598 4472 2811 4526 rediens
2846 4488 2965 4525 mox
3002 4472 3244 4526 funditus
3272 4474 3457 4527 omnia
3492 4472 3675 4542 frangit

2209 4563 2453 4634 Figmina
2481 4567 2605 4633 quis
2634 4565 2740 4616 ritu
2771 4564 2969 4618 celebri
3000 4565 3206 4618 servire
3235 4565 3472 4632 solebat;

2209 4655 2465 4724 Vattaque
2492 4656 2783 4725 projiciens
2807 4656 3060 4731 lacrymis
3081 4658 3319 4712 admissa
3351 4658 3552 4724 luebat,

2207 4746 2502 4801 Ecclesiam
2532 4759 2797 4817 repetens,
2828 4750 3003 4817 poscit
3027 4750 3127 4803 sibi
3159 4749 3309 4820 signa
3336 4750 3529 4805 salutis

2209 4837 2450 4893 Ostendi.
2481 4837 2795 4908 Ingrediens
2820 4840 3007 4893 audit:
3049 4840 3265 4895 Saluum
3295 4841 3439 4896 Deus
3470 4844 3521 4896 in
3548 4851 3599 4896 te

2209 4928 2515 4999 Sperante":
2553 4931 2713 5001 facito
2742 4949 2979 4995 sertmm;
3008 4934 3088 4986 sic
3112 4942 3305 4987 ett-tera
3336 4949 3560 5004 quaeque

2211 5021 2283 5079 Ut
2314 5022 2456 5092 vigili
2488 5023 2652 5076 trahit
2679 5038 2831 5086 aure,
2866 5023 3007 5093 capit
3032 5024 3353 5077 documenta
3386 5022 3612 5079 salubris

2210 5112 2444 5179 Eloquii,
2478 5113 2725 5181 ﬁxusque
2754 5122 2937 5167 manet
2965 5112 3396 5168 catechumenos
3424 5114 3562 5167 intra
