3888 5330
495 366 592 424 571

494 477 845 548 Compericns
870 476 1085 531 Satanae
1110 476 1325 534 famulis
1349 468 1690 535 Entholimus
1717 480 1882 547 istud,

496 568 683 633 Mittit,
713 576 769 621 et
793 566 1024 621 accersit
1045 580 1230 622 secum
1265 585 1387 623 cum
1413 570 1624 640 virgine
1654 570 1894 627 Patrem.

495 662 644 727 Quos
673 658 774 715 sibi
800 657 928 711 dum
953 658 1147 712 statuit
1177 660 1423 714 custodia
1453 661 1667 731 publica
1691 662 1934 719 vinctos:
2024 666 2037 677 ’

498 768 520 803 ι
555 751 708 805 Tune
732 765 815 816 es,
844 751 939 814 ait,
970 736 1160 805 doctor
1184 752 1392 823 magica
1417 753 1716 825 Cyprianus
1745 754 1798 809 in
1823 764 1940 811 arte

493 837 595 908 Qui
627 839 824 894 multos
846 855 1033 895 errare
1062 839 1196 897 facis
1225 843 1326 898 sub
1350 844 1570 899 nomine
1589 843 1833 900 Christi?

489 960 564 972 -—
587 930 786 985 Doctus
812 931 891 1000 (at
920 931 1028 1004 ille)
1057 930 1131 987 fui
1165 934 1392 1001 magicis
1421 934 1475 989 in
1504 933 1786 991 fraudibus
1817 935 1973 1003 olim,

490 1019 746 1078 Luxuriae
772 1037 962 1078 servus
986 1033 1040 1079 et
1069 1026 1388 1097 perditionis
1411 1026 1685 1096 alumnus,

492 1113 690 1171 Multos
718 1115 1037 1187 illaqueans,
1066 1128 1120 1175 et
1145 1119 1386 1190 perditus
1418 1122 1579 1191 impia
1614 1123 1864 1189 tradens;

497 1208 604 1265 Sed
628 1226 714 1266 me
741 1210 969 1267 salvavit
989 1212 1242 1270 Christus
1269 1229 1366 1285 per
1386 1215 1610 1284 virginis
1637 1216 1796 1286 hujus

493 1304 682 1359 Praclia
711 1304 954 1373 Justinm,
986 1307 1142 1379 signo
1167 1323 1287 1378 quae
1312 1309 1587 1364 daemonas
1613 1324 1803 1364 omnes

498 1394 701 1456 Devicit
721 1396 948 1463 Christi,
983 1400 1246 1454 mandans
1272 1415 1411 1470 quos
1432 1400 1678 1469 improbe
1695 1399 1831 1454 .misi

496 1486 567 1544 Ut
592 1497 870 1559 caperent,
901 1490 1214 1561 sociamque
1243 1492 1374 1546 mihi
1402 1507 1525 1546 cum
1552 1490 1742 1546 fraude
1772 1500 2043 1561 pararent.

494 1578 585 1633 Illa
608 1581 700 1636 sed
731 1581 844 1637 haec
867 1598 1132 1653 spernens
1169 1582 1331 1637 simul
1352 1584 1535 1638 omnia
1562 1583 1715 1649 vicit,
1742 1593 1798 1638 et
1837 1582 2009 1653 ipsum

494 1671 578 1729 Me
628 1674 849 1745 eripuit,
896 1675 1292 1747 Dominumque
1343 1675 1492 1732 dedit
1548 1691 1878 1749 cognoscere
1927 1675 2084 1730 Clui-

725 1750 731 1763 ’
1768 1769 1956 1843 [stum
1988 1789 2005 1822 ι

494 1860 648 1918 Tunc
677 1879 860 1920 comes
881 1880 1178 1937 appensum
1204 1866 1322 1922 radi
1339 1866 1496 1938 jubet
1520 1866 1791 1937 unguibus
1818 1865 1991 1930 illum,

492 1950 872 2024 Justinamque
893 1956 1065 2026 alapis
1092 1966 1148 2011 et
1177 1956 1363 2012 crudis
1390 1956 1604 2012 caedere
1632 1956 1832 2011 nervis.

497 2042 633 2096 Dum
658 2041 850 2114 flagrat
879 2045 967 2099 illa
993 2047 1104 2102 Deo
1133 2045 1318 2101 laudes
1346 2048 1450 2103 sub
1477 2046 1701 2102 verbera
1729 2046 1922 2101 reddit.

495 2130 813 2189 Pontiliccm
842 2147 1088 2194 sanctum
1126 2147 1248 2207 post
1272 2137 1388 2192 haec
1416 2137 1690 2209 ergastula
1718 2144 1962 2207 captant,

495 2223 874 2299 Justinamque
901 2229 1206 2285 Terentina:
1231 2246 1427 2302 cepere
1448 2230 1734 2287 fovendam

498 2318 943 2390 Servandamquc
965 2321 1132 2389 lares,
1157 2322 1313 2393 cujus
1336 2322 1403 2378 de
1434 2322 1637 2379 lumine
1665 2322 1870 2379 Christi

494 2406 768 2464 Illustrata
791 2410 982 2465 domus
1004 2411 1216 2467 meritis
1240 2421 1327 2467 est
1351 2412 1578 2483 virginis
1613 2411 1793 2482 hujus.

499 2500 638 2557 Hinc
663 2503 860 2558 iterum
898 2505 1067 2570 ducti,
1093 2520 1263 2576 parvo
1289 2515 1409 2576 post
1435 2517 1677 2578 tempore
1712 2508 1862 2575 trito,

494 2592 744 2666 Delligeri
769 2597 936 2652 fortes
959 2606 1107 2653 stant
1125 2597 1326 2668 judicis
1353 2609 1477 2654 ante
1508 2599 1763 2665 tribunal,

497 2682 726 2741 Nomine
746 2700 845 2757 pro
865 2688 1064 2744 Christi
1098 2690 1192 2745 sed
1221 2699 1277 2745 et
1301 2690 1490 2745 ultima
1518 2690 1662 2746 ferre
1684 2693 1882 2762 parati.

500 2773 698 2830 Ferrea
723 2790 848 2831 mox
875 2776 982 2833 il'lis
1010 2776 1227 2834 fervens
1255 2788 1473 2850 sartago
1495 2779 1734 2849 repletur

497 2863 764 2922 Fomenta
784 2867 921 2937 picis
949 2860 1112 2938 atque
1142 2870 1318 2941 adipis
1346 2885 1592 2941 ceraeque
1621 2880 1832 2929 coacto.

497 2957 570 3013 At
598 2958 899 3031 Cyprianus
926 2971 986 3017 ut
1015 2962 1319 3032 ingreditur
1341 2964 1665 3020 corroborat
1690 2980 1885 3036 agnam

500 3048 703 3106 Christi
733 3050 1026 3118 Justinam,
1054 3053 1383 3124 valido‘quze
1404 3056 1601 3111 robore
1627 3063 1843 3127 sumpto

500 3138 695 3203 Intrat,
720 3150 775 3195 et
796 3141 949 3196 illaesi
979 3143 1187 3199 medios
1209 3142 1464 3200 laetantur
1487 3146 1542 3216 in
1569 3146 1743 3217 ignes,

1163 362 1556 422 FLODOARDI
1594 363 1910 424 CANONICI
1947 366 2292 425 REMENSIS
2321 356 2687 425 OPUSCULA
2715 362 3041 420 METRICA.
3242 384 3246 387 ·
3651 362 3745 417 5ῖί

2109 470 2157 522 Α
2185 483 2320 538 Cum
2343 482 2489 538 dicto
2508 472 2695 537 divum
2715 489 2974 551 properat
3001 485 3309 534 monstrare
3330 476 3587 549 vigorem,

2178 573 2462 645 Quemque
2509 573 2963 645 propinquantem
3015 571 3273 629 exsiliens
3322 572 3465 642 rapit
3515 579 3571 627 et
3608 586 3723 627 rora

3508 661 3684 736 [ignis.

2180 759 2298 816 Non
2344 757 2496 816 Iovis
2539 759 2706 826 hunc,
2753 756 2991 815 Pbmbus
3038 768 3235 826 neque,
3284 768 3389 810 nec
3438 752 3743 809 fortissimus

3453 843 3688 919 [Ilerdes

2180 938 2352 996 Omne
2373 937 2543 995 Deum
2567 937 2760 1009 vulgus
2787 953 2890 994 nec
2921 945 3211 1009 protexere
3239 935 3547 1007 lupercnm,

2179 1034 2281 1088 Ast
2305 1047 2490 1088 comes
2518 1041 2577 1087 ut
2608 1028 2848 1101 trepidus
2869 1029 3108 1100 stupuit;
3137 1027 3406 1099 magnalia
3429 1026 3630 1083 Christi

2180 1124 2407 1181 Nuntiat
2434 1123 2770 1193 imperatori,
2803 1123 2934 1192 quid
2972 1121 3040 1177 ad
3067 1119 3186 1176 hac
3209 1119 3311 1175 sibi
3339 1117 3493 1174 maiit

2184 1216 2392 1280 Edicat,
2425 1213 2669 1270 referens
2695 1221 2966 1270 tormenta
2986 1221 3047 1268 ut
3066 1212 3209 1267 victa
3240 1210 3519 1281 quierunt.

2182 1308 2253 1362 At
2275 1308 2546 1378 princeps,
2573 1322 2735 1377 quem
2759 1314 2887 1362 tunc
2920 1303 3237 1361 Nicomedia
3264 1303 3407 1359 forte
3428 1302 3660 1369 fovebat,

2185 1399 2257 1457 Ut
2282 1400 2385 1456 sibi
2410 1400 2619 1473 legetur
2641 1400 2828 1456 senior
2853 1414 2975 1455 cum
2995 1399 3207 1471 virgine
3243 1399 3487 1454 mandat.

2187 1491 2469 1547 Ducuntur
2498 1506 2561 1545 va
2572 1491 2666 1546 riis
2689 1490 2795 1545 acti
2820 1490 3172 1546 cruciatibus.
3199 1488 3293 1545 Ille

2185 1583 2367 1653 Turpe
2395 1592 2591 1653 putans
2621 1582 2814 1636 iterum
2838 1581 2882 1636 si
2917 1597 3012 1651 per
3037 1590 3307 1637 tormenta
3337 1580 3528 1652 fatiget

2185 1672 2296 1728 Hos
2316 1673 2529 1738 eadem,
2553 1672 2807 1728 vibrante
2818 1670 2976 1741 jubet
3008 1687 3265 1729 mucrone
3291 1671 3467 1728 feriri.

2187 1764 2335 1832 Quos
2370 1763 2719 1819 Theoclistus
2743 1777 2977 1818 cernens
2997 1765 3065 1818 ad
3097 1763 3288 1818 funera
3319 1764 3467 1831 duci,

2114 1851 2157 1908 Β
2186 1860 2383 1918 Oscula
2405 1860 2598 1914 victori
2630 1859 2812 1915 valido
2844 1859 2965 1915 fert.
2995 1858 3274 1943 Conspicit
3296 1859 3441 1916 istud

2188 1953 2464 2024 Cognatus
2485 1952 2702 2022 quidam
2728 1953 2870 2023 regis
2898 1968 2914 2019 ;
2941 1952 3096 2023 jubet
3117 1960 3279 2023 atque
3308 1953 3493 2009 necari

2189 2044 2346 2100 IIunc
2371 2045 2598 2115 pariter,
2625 2044 2909 2114 gladioque
2931 2044 3095 2099 simul
3117 2060 3398 2114 sumpsere
3418 2060 3684 2111 coronam,

2190 2137 2459 2193 Ducentos
2487 2135 2784 2199 celebrem,
2809 2136 2954 2192 victo
2977 2145 3207 2202 tortore,
3231 2137 3587 2207 triumphum.

2188 2228 2427 2299 Corpora
2447 2227 2593 2298 jacta
2616 2225 2749 2282 feris
2767 2225 3058 2295 iacuerunt
3089 2226 3235 2282 nuda
3262 2227 3532 2297 sepulcris

2190 2319 2332 2376 Sena
2363 2319 2504 2381 lucc.
2534 2319 2631 2374 Dei
2660 2334 2887 2375 servans
2907 2335 3029 2390 quae
3051 2320 3275 2377 dextera
3299 2322 3457 2376 texit.

2190 2410 2437 2481 Tumque
2463 2409 2763 2465 Theoctisti
2786 2410 2953 2476 cives,
2984 2420 3151 2466 noctu
3169 2412 3479 2478 venientes,

2189 2500 2455 2558 Custodes
2473 2501 2600 2555 dum
2625 2500 2946 2567 dormitant,
2974 2502 3282 2557 veneranda
3310 2510 3602 2572 capessunt

2192 2593 2524 2665 Navigioque
2553 2592 2736 2649 ferunt
2767 2604 3084 2650 sanctorum
3116 2610 3348 2664 corpora
3373 2595 3620 2651 Romam.

2191 2682 2322 2752 Quae
2350 2692 2597 2738 matrona
2625 2684 2729 2740 fide
2761 2683 2979 2740 fervens
3008 2684 3203 2740 Rufina
3228 2696 3497 2757 receptat,

2191 2772 2565 2844 Praedioloquc
2590 2789 2689 2830 suo
2717 2774 2865 2829 cultu
2892 2775 3113 2844 deponit
3143 2775 3397 2841 honesto,

2192 2866 2394 2922 Horum
2432 2865 2521 2921 ubi
2544 2874 2872 2937 praestantur
2893 2858 3074 2922 multae
3096 2867 3197 2922 sub
3225 2867 3436 2922 honore
3464 2867 3672 2923 salutes.

2261 2956 2535 3012 Praeterea
2563 2957 2768 3028 plures,
2793 2971 3023 3027 quorum
3055 2973 3164 3012 non
3193 2957 3428 3029 legimus
3457 2967 3628 3021 actus,

2194 3049 2538 3122 Tempestate
2565 3052 2667 3107 sub
2696 3051 2798 3107 hac
2826 3052 3015 3107 urbem
3040 3066 3208 3123 penes
3236 3051 3629 3108 Antiochenam

2193 3140 2505 3209 Certarunt,
2537 3143 2909 3213 mundumque
2935 3142 3049 3198 suis
3074 3142 3254 3197 vicere
3277 3141 3587 3212 triumphis.
3634 3148 3639 3152 ‘

500 3231 928 3305 Glorificantque
982 3234 1153 3290 Deum
1209 3250 1309 3306 per
1357 3252 1517 3307 quem
1574 3247 1844 3294 tormenta
1900 3238 2089 3295 trium-
2116 3226 2162 3289 C
2194 3232 2563 3304 Quadraginta
2593 3232 2755 3288 simul
2785 3242 2912 3289 tunc
2934 3230 3387 3295 consummantur
3409 3247 3626 3305 agones,

504 3412 844 3485 Sculptilium
878 3426 1136 3487 spectans
1162 3416 1498 3475 Athanasius
1528 3420 1633 3475 ista
1667 3329 2014 3487 saceil'gggrt.

502 3503 837 3575 Indignatus,
867 3507 944 3562 ait
975 3507 1032 3579 τε(
1067 3507 1265 3565 lubeat
1294 3518 1383 3563 tua
1415 3508 1607 3579 gloria,
1638 3511 1912 3581 princeps,

504 3597 736 3657 Vincere
755 3616 843 3657 me
871 3602 1017 3659 vires
1039 3601 1231 3659 borum
1254 3604 1456 3660 virtute
1485 3603 1731 3661 deorum.
1778 3625 1798 3660 ι

2194 3324 2504 3396 Virginibus
2525 3325 2705 3380 varias
2734 3325 2907 3395 passis
2925 3340 3023 3395 pro
3058 3323 3298 3381 culmine
3318 3323 3474 3396 regni

2191 3415 2440 3472 Etherei
2472 3429 2681 3487 poenas,
2713 3417 2870 3488 cujus
2889 3429 3138 3472 meruere
3168 3415 3445 3471 decorem.

2192 3506 2507 3580 Iunguntur
2528 3507 2681 3563 multi
2712 3523 2943 3578 quorum
2970 3522 3070 3563 nec
3100 3507 3322 3562 nomina
3346 3506 3482 3579 legi,

2193 3601 2445 3658 Caelestis
2472 3616 2669 3672 supero
2703 3616 2823 3671 qua:
2857 3600 3037 3658 littera
3062 3600 3284 3672 scripsit
3306 3600 3360 3656 in
3394 3600 3540 3655 albo.

1336 3782 1804 3875 INCIPIT
1872 3787 2235 3878 LIBER
2305 3788 2955 3880 SECUNDUS.

1901 3977 2131 4036 CAPUT
2168 3979 2461 4036 PRIMUM.

1834 4113 1913 4169 De
1934 4125 2116 4171 sancto
2150 4114 2484 4172 Tlteoderito.

508 4239 762 4295 Ecclesiis
790 4251 913 4310 post
939 4243 1077 4298 hanc
1101 4242 1253 4298 fulsit
1280 4244 1370 4300 lux
1397 4246 1543 4303 clara
1564 4248 1878 4319 procellam,

507 4332 679 4392 Quam
709 4329 883 4385 livore
917 4333 1071 4402 nigro
1092 4333 1310 4402 pietatis
1338 4334 1535 4405 defuga
1563 4347 1783 4394 tentans

505 4420 835 4487 Obswrare,
857 4420 1013 4491 jubet
1042 4434 1263 4481 sanctos
1292 4426 1463 4482 libare
1491 4429 1755 4497 profanis.

506 4511 649 4568 Diris
684 4523 780 4569 aut
807 4516 987 4588 subigi
1018 4516 1194 4588 pmnis
1224 4535 1240 4586 ;
1282 4521 1672 4577 transmittitur
1697 4522 1841 4579 unde

505 4602 624 4660 IIuc
647 4606 935 4676 praefectus
969 4619 1123 4665 atrox
1147 4609 1395 4667 Julianus
1423 4614 1720 4670 avunculus
1744 4615 1903 4684 hujus
1932 4636 1946 4672 :

507 4694 608 4761 Qui
645 4696 869 4752 veniens
895 4699 1093 4769 spoliat
1127 4701 1330 4757 Christi
1357 4704 1698 4761 truculentus
1724 4706 1888 4774 ovile,

504 4785 585 4840 Ac
613 4786 876 4858 dispergit
902 4805 1054 4855 oves,
1081 4791 1262 4847 valido
1290 4794 1382 4849 sed
1405 4796 1686 4866 presbyter
1706 4795 1881 4855 almus

504 4880 866 4934 'I'heodcritus
895 4897 1057 4951 opem
1089 4898 1288 4954 supero
1313 4887 1615 4943 munimine
1640 4903 1881 4955 sumens,

506 4972 733 5025 Restitit
771 4971 1072 5042 intrepidus
1100 4975 1187 5043 pia
1220 4989 1444 5033 servans
1473 4981 1674 5034 mcenia
1701 4997 1918 5039 surmus
1944 4984 2086 5046 (sic).

2201 4268 2221 4303 c
2257 4250 2345 4306 Ad
2371 4250 2683 4320 Dominum,
2722 4250 2947 4319 fratres,
2985 4263 3073 4307 me
3100 4265 3244 4307 nunc
3272 4250 3583 4322 praecedite,
3601 4267 3618 4302 ι
3640 4263 3745 4303 sas-

3564 4341 3688 4415 [ctus

2195 4433 2401 4507 Martyr
2445 4436 2561 4505 ait;
2599 4454 2619 4489 ‹
2654 4438 2919 4508 superans
2970 4436 3253 4494 inimicum
3285 4451 3414 4492 mox
3458 4448 3640 4507 sequar
3659 4445 3741 4485 au;

2717 4531 2721 4534 ’
3224 4551 3228 4555 ·
3474 4524 3640 4600 ιίοιοε.
3664 4541 3683 4573 t

2195 4632 2288 4673 sic
2313 4634 2527 4690 quoque
2553 4616 2855 4691 persuStens
2880 4619 3085 4677 Christi
3113 4621 3371 4677 robustus
3404 4606 3627 4685 amore,

2194 4709 2510 4767 Vaticinans
2531 4712 2694 4767 etiam
2716 4712 2910 4783 plenus
2940 4714 3006 4767 de
3025 4711 3269 4767 Flamine
3295 4719 3484 4767 sancto

2192 4799 2515 4872 Retrogradi
2556 4803 2836 4859 interitum
2866 4802 3156 4858 Persarum
3188 4802 3241 4857 in
3264 4809 3427 4872 gente
3460 4796 3739 4871 gerendum,

2194 4895 2463 4969 Martyrii,
2499 4899 2714 4954 tandem
2745 4899 2923 4970 gladio
2954 4898 3244 4969 complevit
3268 4912 3518 4967 agonem,

2192 4985 2370 5046 Atque
2399 4987 2523 5046 nolo
2548 4988 2746 5046 dignus
2765 4990 3019 5044 meritum
3043 4989 3286 5046 percepit
3313 4989 3589 5044 honorem.
