3888 5330
130 174 216 230 573
610 171 700 227 DE
723 170 1102 228 TRlUMPlllS
1133 171 1407 229 CHRISTI
1438 170 1844 230 ANTIOCHIIE
1875 171 2122 228 GESTIS
2162 170 2340 228 LIBRI
2373 173 2533 229 DUO.
2573 203 2641 215 -—
2675 172 2781 227 LIB
2823 173 2885 228 ll.
3283 171 3386 227 574

1557 292 1786 348 CAPUT
1837 292 1898 347 Il.

1285 377 1359 432 De
1393 379 1596 434 Licerio
1627 393 1678 436 et
1720 383 2028 453 Hippolyto.

135 493 227 546 lloc
253 490 428 561 plures
455 487 620 544 etiam
652 490 802 545 vario
829 504 1046 561 quoque
1073 499 1317 562 tempore
1344 494 1514 549 eladis
1718 483 1764 538 Α
1798 497 1938 552 Bella
1967 496 2088 550 fide.
2140 495 2319 550 Fortis
2356 497 2511 550 miles
2530 511 2622 551 seu
2654 496 2844 553 fraude
2874 501 3148 564 subactus,

135 588 214 642 llic
251 586 446 641 Christi
483 585 703 640 athleta:
734 585 920 640 multis
953 587 1134 640 vicere
1167 587 1403 658 tropazis,
1799 590 1950 644 Sazva
1979 605 2170 644 manus
2199 591 2291 660 qui
2327 590 2378 643 in
2408 590 2582 645 vinela
2617 591 2784 656 dedit,
2811 593 2933 662 quis
2967 594 3142 649 denuo
3183 593 3320 650 libtr

134 679 271 732 Isthic
295 676 538 731 Lieerius
574 677 782 730 hostem
811 676 972 730 levita
1000 677 1195 733 beatus
1794 679 2110 750 Exetnptus,
2147 679 2368 750 laqueos
2404 695 2599 751 magno
2629 681 2902 736 molimine
2936 686 3070 736 vitat

135 767 340 821 Fortiter
368 765 541 831 elidit,
571 775 790 820 certans
821 781 918 834 pro
946 767 1164 822 nomine
1187 766 1415 822 Christi.
1797 770 1864 825 Et
1887 780 2042 824 cavet
2072 770 2282 826 insidiis
2314 772 2611 825 instructus
2637 772 2704 825 ab
2733 772 2984 826 omnibus
3007 772 3199 836 hostis,

134 858 317 928 Septies
343 857 427 911 hic
461 865 657 921 tortus,
683 857 1010 927 longumque
1039 859 1312 926 ergastula
1337 875 1553 930 passus,
1798 859 2017 916 Viribus
2037 862 2268 933 egregiis
2294 863 2470 917 nitens
2500 862 2640 917 male
2663 871 2822 917 cauta
2850 863 3000 932 piare
3028 881 3041 916 :

137 951 346 1005 Tandem
370 951 694 1020 martyrium
721 950 914 1019 capitis
946 954 1196 1005 mercede
1218 953 1450 1022 paravit.
1800 951 1954 1007 Haud
1992 954 2171 1008 minus
2201 954 2540 1026 Hippolytus,
2582 953 2798 1008 Christo
2839 954 3122 1024 eripiente,
3165 953 3392 1020 solatus,

138 1043 219 1098 llic
237 1044 390 1096 etiam
416 1041 740 1114 Hippolytus
767 1042 1002 1097 certavit
1025 1058 1192 1113 regna
1229 1043 1476 1112 polorum
1799 1044 2202 1114 Catholiczeque
2233 1047 2378 1115 pium
2407 1045 2528 1100 fidei
2553 1059 2834 1115 regressus
2863 1060 3128 1107 amorem,

140 1135 194 1190 Ut
220 1144 451 1205 caperet,
487 1138 734 1198 dumosa,
767 1149 907 1188 novo
937 1135 1027 1203 qui
1058 1136 1354 1190 schismate
1377 1148 1588 1206 captus,
1804 1133 2080 1189 Sollicitus
2103 1143 2256 1188 cavet
2286 1135 2398 1204 ipse
2422 1134 2594 1200 dolos,
2627 1135 2782 1190 docet
2811 1144 2972 1204 atque
2995 1135 3294 1200 cavendas;

137 1225 316 1280 Ez'ravit
340 1227 612 1295 quondam
636 1240 732 1295 per
758 1225 939 1288 devia;
973 1226 1173 1295 quique
1202 1228 1539 1296 triumphans
1804 1228 2018 1298 Proque
2047 1228 2151 1282 fide
2180 1245 2424 1300 pugnans
2456 1229 2636 1283 valido
2660 1240 2924 1298 cautoque
2945 1228 3123 1283 duello

136 1315 183 1369 ln
205 1328 359 1372 seruet
387 1331 511 1373 sese
536 1318 706 1388 prius,
741 1316 868 1372 hinc
895 1317 964 1371 ad
992 1328 1188 1373 caetera
1221 1321 1394 1390 surgit
1808 1319 2127 1392 Martyrium
2152 1321 2311 1377 factis
2339 1322 2578 1376 renitens
2597 1321 2804 1375 illustre
2829 1323 3048 1375 decorat

1574 1476 1805 1533 CAPUT
1843 1477 1930 1534 Ill.

1215 1563 1290 1618 De
1327 1577 1510 1621 sancto
1551 1565 1754 1633 Phoce,
1796 1565 1956 1621 Petro
1995 1575 2044 1619 et
2084 1564 2306 1618 ca'leris.

138 1676 308 1734 Nobilis
335 1676 421 1732 hic
442 1674 643 1731 Phoca:
674 1684 967 1731 veneratur
993 1690 1165 1747 agone
1193 1678 1520 1746 triumphus.
1799 1676 1922 1733 Mox
1951 1684 2010 1730 ut
2036 1673 2276 1729 basilica:
2301 1673 2703 1742 comprenderit
2732 1673 2869 1727 ostia
2901 1673 3061 1728 lzesus

137 1770 216 1836 Qui
241 1778 349 1838 post
383 1766 710 1837 multiplices
733 1781 832 1836 pro
863 1765 1146 1821 Salvatore
1179 1767 1480 1836 palzestras,
1799 1767 2078 1838 Martyris,
2111 1766 2322 1821 eruitur
2349 1774 2575 1819 vacuata
2603 1764 2720 1834 lege
2741 1765 2956 1818 veneni.

137 1860 342 1926 Qualiter
364 1859 592 1927 antiquo
617 1871 758 1911 nunc
787 1857 853 1912 de
881 1850 1132 1927 serpente
1163 1857 1477 1928 triumphet,
1800 1861 1997 1916 Petrus
2034 1859 2224 1915 levites
2253 1858 2342 1913 hic
2370 1857 2844 1928 llernmgenesque
2875 1858 3149 1924 coluntur,

141 1953 283 2023 thue
310 1951 658 2022 triumpharit
684 1950 894 2020 pepulis
915 1966 982 2004 en
1009 1949 1263 2020 panditur
1287 1950 1450 2005 isthic
1487 1967 1502 2003 :
1801 1951 2108 2006 Demetrius
2137 1948 2334 2020 praesul
2364 1963 2464 2004 nec
2491 1965 2598 2003 non
2628 1949 2789 2003 levita
2815 1948 3091 2014 Anianns;

140 2045 247 2098 Dum
272 2059 491 2115 serpens
518 2045 564 2098 si
586 2042 727 2098 forte
756 2043 854 2096 loci
880 2041 1260 2112 perstrinxerit
1292 2040 1480 2105 ullum,
1730 2106 1766 2115 _
1796 2043 2084 2100 Eustosius
2119 2043 2343 2112 pariter,
2371 2041 2558 2111 viginti
2586 2058 2708 2097 eum
2733 2042 3056 2096 venerandis

141 2136 278 2192 Dente
302 2106 620 2193 venenifero
648 2137 801 2192 virus
836 2106 1044 2190 lethale
1069 2133 1422 2204 profundens,
1728 2106 1772 2166 Β
1801 2106 2170 2205 Rcsplendent
2197 2133 2382 2199 sociis,
2413 2106 2552 2188 lucis
2589 2133 2750 2188 simul
2776 2133 2978 2188 aethera
3002 2131 3194 2188 nactis.

1553 2290 1784 2352 CAPUT
1822 2291 1912 2347 lV.

1315 2383 1395 2440 De
1424 2389 1624 2443 sanctis
1659 2388 1850 2458 Cyrico
1877 2397 1924 2442 et
1947 2385 2159 2440 Julitta.

147 2495 222 2550 llic
244 2511 366 2565 puer
388 2494 622 2564 insignts
645 2494 872 2565 Cyricus
903 2509 1026 2548 cum
1060 2503 1232 2550 matre
1260 2493 1448 2550 Julitta
1811 2497 1950 2554 Sant
1977 2494 2172 2560 oculis,
2194 2492 2477 2559 decalvati,
2501 2493 2595 2549 sed
2622 2501 2677 2548 et
2706 2489 2991 2548 exc'ort'ati.

147 2585 362 2640 Mirattdis
390 2586 567 2641 fertur
593 2586 867 2655 quondam
898 2586 1091 2641 vicisse
1117 2588 1359 2657 tropaeis;
1811 2590 1950 2646 Hinc
1973 2589 2112 2643 lecto
2135 2587 2374 2657 appliciti
2405 2587 2594 2656 prunis
2619 2595 2874 2642 assantur
2896 2587 2948 2641 in
2978 2585 3136 2654 atris;

148 2677 278 2745 Impia
311 2678 562 2731 robustus
590 2684 811 2746 superat
835 2676 926 2745 qui
959 2675 1180 2732 verbera
1213 2688 1519 2749 postquam,
1811 2677 1995 2734 Attriti
2027 2679 2241 2732 demum
2266 2677 2434 2732 serris
2460 2676 2762 2748 linguisque
2790 2676 2980 2731 recisis

147 2766 321 2822 Calcem
346 2770 614 2824 mordenti
641 2769 884 2838 junctam
909 2770 1052 2840 capit
1077 2785 1173 2825 ore
1203 2772 1401 2842 sinapi,
1815 2770 2058 2841 Martyrii
2096 2785 2316 2825 cursum
2343 2769 2538 2840 capitis
2559 2769 2844 2840 splendore
2865 2768 3133 2822 dicarunt.

147 2857 481 2932 llorrendique
511 2860 675 2915 simul
705 2861 996 2916 mixturam
1027 2861 1153 2916 vicit
1185 2862 1345 2917 aceti.
1815 2862 2258 2917 Annumerantur
2286 2861 2366 2917 eis
2395 2861 2549 2925 socii,
2583 2861 2682 2916 sub
2708 2860 2926 2914 nomine
2953 2859 3156 2915 Christi

151 2950 221 3004 Sic
247 2953 398 3009 clavis
427 2954 546 3019 (ixi,
581 2954 747 3009 vulsis
771 2954 822 3008 in
847 2968 1070 3009 carcere
1099 2953 1230 3007 trusi
1819 2953 2088 3021 Quattuor
2115 2963 2170 3010 et
2197 2953 2577 3026 quadringenti
2600 2953 2901 3008 certamina
2930 2951 3097 3022 passi.

1592 3109 1824 3166 CAPUT
1865 3109 1928 3164 V.

1080 3197 1158 3252 De
1189 3198 1394 3254 Donato
1415 3211 1463 3255 cl
1485 3204 1642 3257 sociis
1674 3204 1790 3275 ejus
1817 3214 2104 3272 sanctaque
2130 3200 2448 3271 Margarita.

151 3306 352 3364 Donatus
378 3318 432 3364 et
464 3308 788 3365 Valerianus
815 3307 902 3362 hic
925 3307 1086 3362 simul
1742 3302 1788 3363 C
1823 3313 2117 3370 Tormenta
2156 3327 2313 3382 passa
2352 3309 2599 3364 veritatis
2634 3323 2735 3378 pro
2773 3306 2898 3372 fide,

151 3401 260 3455 Cum
288 3402 566 3464 Restituta,
603 3401 896 3456 Fructuosa
929 3410 984 3456 et
1011 3402 1242 3467 caeteris,~
1822 3405 2036 3462 Set-tata
2077 3404 2245 3474 fulget
2284 3403 2426 3457 unde
2465 3409 2614 3455 serto
2651 3399 2858 3470 gloriae.

152 3488 224 3544 Bis
245 3508 324 3547 sex
348 3495 618 3558 renident,
651 3493 947 3564 przecluent
974 3494 1249 3550 sodalibus
1821 3497 2015 3554 Vicere
2050 3497 2231 3567 plures
2270 3495 2356 3549 hic
2396 3496 2681 3549 draconem
2723 3502 2993 3562 martyres

153 3579 469 3654 Triumphum
504 3585 684 3654 adepti
709 3585 944 3656 glorioso
969 3586 1174 3655 pnelio.
1824 3591 2012 3660 Dignis
2039 3587 2220 3658 adepti
2257 3586 2399 3642 celsa
2440 3584 2593 3640 hellis
2629 3582 2870 3653 praemia.

153 3668 232 3727 llic
255 3673 535 3747 Margarita
560 3675 714 3747 virgo
735 3673 909 3729 fertur
933 3675 1162 3746 plurima

1565 3829 1795 3888 CAPUT
1856 3829 1944 3884 Vl.

1232 3919 1311 3974 De
1336 3921 1533 3975 sanctis
1573 3922 1852 3990 Antiochia
1884 3918 2191 3992 progressis.

158 4031 250 4088 llac
274 4043 528 4090 exeuntes
555 4033 780 4090 civitate
803 4033 1064 4104 plurimas
1827 4034 2156 4104 Progressus
2183 4045 2252 4086 ex
2273 4029 2375 4084 hac
2409 4028 2542 4084 urbe
2570 4027 2889 4093 Ianuarius,

157 4121 283 4179 Multi
307 4135 356 4182 et
390 4137 632 4182 remotas
653 4126 990 4180 luminarunt
1011 4125 1236 4194 patrias.
1825 4127 2023 4183 Fertur
2047 4123 2304 4181 sacerdos
2336 4122 2610 4179 Gordiano
2640 4122 2866 4194 martyri

156 4213 376 4273 Caelestis
396 4221 542 4273 unde
571 4218 750 4272 lumen
778 4226 958 4271 ortum
985 4217 1252 4289 dogmatis
1826 4217 2228 4275 Commilitonis
2253 4225 2306 4272 et
2329 4216 2539 4287 patroni
2570 4215 2662 4284 qui
2687 4215 2882 4280 vicem,

158 4303 308 4372 Lucas
337 4308 460 4364 fidei
490 4310 596 4363 fert
621 4308 884 4364 medelam
912 4309 1201 4376 gentibus;
1830 4313 2013 4368 Fortis
2045 4312 2308 4383 probatus
2335 4325 2400 4364 ex
2427 4324 2620 4378 agone,
2652 4305 2906 4375 praebuit.

160 4400 490 4469 Appollinaris
516 4403 643 4457 hinc
672 4417 907 4473 sequens
932 4403 1258 4472 apostolum,
1834 4406 1968 4461 llinc
1996 4415 2052 4460 et
2075 4403 2316 4460 Joannes
2339 4401 2519 4455 editus
2548 4397 2814 4469 Byzantio

159 4489 347 4550 Primus
372 4496 644 4552 Ravennae
672 4499 838 4552 verba
863 4499 984 4552 vitm
1011 4499 1222 4554 detulit.
1834 4496 2041 4552 Pratsul
2071 4497 2276 4550 diserto
2306 4491 2472 4546 comit
2495 4489 2682 4543 orbem
2723 4488 2994 4557 dogmate.

161 4583 402 4644 Lucianus
434 4591 558 4644 inde
587 4605 841 4660 egressus
871 4590 1044 4646 almus
1069 4593 1369 4663 presbyter,
1835 4589 2062 4642 Duxisse
2085 4587 2257 4640 fertur
2288 4585 2414 4638 hinc
2436 4597 2606 4652 genus
2637 4579 2925 4649 Seraphin,

165 4676 317 4733 Mundi
349 4682 573 4736 salutem
605 4696 738 4736 voce
767 4691 821 4737 et
847 4691 969 4738 actu
1001 4683 1324 4754 prmdicans,
1837 4678 1952 4733 Sub
1985 4677 2226 4732 Adriano
2256 4691 2414 4746 passa
2453 4673 2637 4728 Roma:
2661 4671 2872 4726 funera.

165 4767 360 4840 Tropam
386 4784 582 4829 nactus
610 4785 695 4829 est
720 4775 859 4844 apud
885 4773 1274 4830 Nicomediam.
1838 4770 2158 4839 Pluresque,
2190 4768 2316 4822 caeli
2349 4778 2408 4822 ut
2435 4774 2582 4821 astra
2608 4764 2964 4824 lucidissima,

167 4859 382 4919 Romana
412 4866 733 4922 Timotheus
763 4884 830 4922 ex
857 4868 941 4922 his
970 4869 1170 4924 muenia
1759 4845 1813 4906 Ῑ)
1839 4861 2045 4916 lsthinc
2068 4875 2165 4930 per
2184 4859 2336 4915 orbis
2359 4857 2684 4929 splenduere
2709 4854 2948 4916 climata.

169 4951 345 5011 Petens
370 4959 512 5012 beati
544 4959 859 5015 Melebiadis
887 4969 1154 5030 tempore,
1841 4952 2051 5008 lsthinc
2085 4953 2348 5006 Erasmus
2378 4951 2589 5014 exiens,
2619 4947 2977 5016 Campaniam

169 5038 286 5098 Dn"!
313 5049 653 5116 prufdicando
675 5058 828 5120 gesta
850 5049 1047 5105 Christi
1079 5048 1298 5117 publice
1843 5043 2143 5114 Splendore
2177 5044 2301 5100 vita:
2324 5043 2578 5108 luminat,
2607 5040 2951 5108 tnagttalibtts

169 5132 360 5206 Pandit,
398 5156 656 5197 coronam
686 5152 1020 5212 promeretur
1055 5139 1268 5211 gloriae.
1843 5136 1996 5192 Miris
2027 5151 2343 5205 coruscans,
2375 5144 2568 5193 cuneta
2591 5130 2760 5187 vincit
2787 5126 3046 5186 tormina.

1602 5248 1830 5304 CAPUT
1856 5245 1969 5301 Vll.
