3888 5330
512 357 617 413 575
1186 357 1581 416 FLODOARDI
1615 356 1934 415 CANONlCl
1976 356 2316 413 REMENSIS
2356 357 2724 415 OPUSCULA
2767 352 3091 411 METRICA.
3118 342 3131 365 ³
3652 348 3740 409 ωε

512 469 721 540 Eloquii
748 470 937 525 ﬂuvios
967 470 1110 538 ﬂdei,
1136 473 1371 528 mirante
1396 482 1604 535 senatu,

2123 459 2168 513 Λ
2199 472 2277 526 Ac
2311 486 2656 527 successores
2683 482 2914 540 propero
2942 466 3257 521 discrimine
3279 464 3424 537 plexi
3454 481 3468 531 ;

510 560 808 616 Catholicis
830 562 1022 615 animm
1052 563 1261 631 populis
1284 563 1537 617 alimenta
1564 562 1900 626 ministraus,
2200 563 2425 618 Versilis
2455 575 2509 617 et
2534 562 2707 632 pellex
2744 560 2964 615 fraudes
3000 557 3246 629 perculsa
3273 557 3530 628 resignat.

510 652 862 721 lilaspheinas
892 654 1040 708 acies
1062 655 1280 721 pietatis
1304 655 1501 708 sternit
1525 669 1715 725 agone.
2200 655 2326 711 Post
2351 671 2521 710 saevos
2562 654 2775 709 tandem
2807 654 3044 707 rixarum
3075 666 3141 705 ac
3167 649 3397 704 turbinis
3426 649 3479 720 ig
3500 663 3591 715 res,

508 743 770 799 Hostibus
796 744 1029 813 hospitio
1061 745 1206 816 larga
1231 747 1324 801 sed
1357 761 1488 815 pace
1522 745 1754 816 receptis
2201 745 2411 800 Dividui
2443 745 2677 799 Eusebio
2706 743 2970 798 renitente
2992 740 3271 796 cacumina
3294 739 3469 793 fastus

506 832 720 887 Pellitur
758 844 951 904 arguto
975 834 1094 888 falsi
1124 837 1423 909 bacchante
1450 836 1664 900 cavillo,
2200 834 2502 904 lmpropiii,
2538 846 2701 903 atque
2723 837 2863 889 data:
2892 840 3148 887 contento
3183 830 3421 884 culmine
3449 829 3624 895 sortis,

507 924 820 998 l'ellacique
841 923 965 982 dolo
987 925 1246 996 iniunctae
1268 927 1574 983 detruditur
1602 928 1718 982 arci
2203 922 2545 992 Euphronius
2573 921 2854 978 Reblathzc
2876 928 2999 991 post
3019 921 3130 976 otia
3154 918 3313 990 longa
3335 919 3561 974 dicatur.

1952 1080 2194 1138 ‘CAPUT
2235 1079 2367 1137 Vill.

1749 1177 1826 1232 De
1857 1190 2038 1232 sancto
2077 1178 2318 1234 Simeoue
2345 1175 2623 1229 monacho.

485 1305 608 1366 'Ilic
630 1309 815 1365 urbem
840 1318 1058 1366 sanctus
1095 1308 1313 1368 Simeon
1338 1326 1502 1381 penes
1524 1312 1923 1368 Antiochenam
2200 1310 2267 1365 Et
2293 1317 2475 1364 manet
2508 1307 2762 1372 invictus,
2794 1305 3017 1363 femoris
3051 1307 3179 1363 dum
3205 1307 3385 1364 deficit
3417 1308 3584 1370 ulcus,

505 1399 733 1454 Actibus
760 1397 1022 1471 effulgens
1051 1401 1214 1471 digno
1233 1403 1540 1457 celebratur
1567 1405 1795 1460 honore.
2197 1400 2457 1470 Corporis
2486 1412 2817 1468 exsuperans
2849 1398 3070 1453 morbos
3110 1398 3445 1468 vineensque
3471 1398 3679 1452 labores.

505 1490 724 1547 Tertius
749 1500 803 1545 et
828 1492 1069 1548 decimus
1093 1494 1177 1546 cui
1204 1494 1328 1547 dum
1360 1494 1698 1564 provolvitur
1728 1491 1942 1564 ann'hs;-
2201 1492 2603 1548 Saracenorum
2643 1489 2912 1546 Basilicus
2940 1505 3031 1545 rex
3061 1490 3195 1561 petit
3221 1490 3423 1545 almum

509 1581 690 1637 Mundi
714 1599 774 1639 se
799 1584 945 1639 curis
976 1585 1222 1640 adimens
1250 1596 1461 1640 secreta
1491 1587 1683 1656 petivit
1928 1574 1929 1577 “
2197 1583 2385 1640 Visere
2414 1585 2754 1656 belligerum,
2787 1575 3141 1657 benedicique
3167 1595 3289 1641 orat
3312 1586 3382 1641 ab
3410 1586 3556 1657 ipso;

511 1674 679 1744 Sepla
709 1677 1023 1731 monasterii
1055 1693 1069 1739 ;
1102 1677 1258 1732 fortis
1280 1679 1598 1749 patiensque
1624 1681 1881 1751 probatus
2197 1676 2490 1745 Delabique
2514 1677 2702 1731 videns
2725 1692 2891 1732 exeso
2919 1693 2949 1732 a
2976 1693 3208 1747 corpore
3231 1691 3496 1740 vermem,

506 1762 788 1833 Excipitur
821 1765 1100 1836 servisque
1129 1769 1224 1822 Dei
1246 1784 1306 1823 se
1345 1770 1585 1824 moribus
1615 1779 1761 1839 aptat
1791 1788 1806 1825 :
2197 1768 2435 1839 Suscipit
2465 1775 2630 1838 atque
2658 1768 2847 1823 oculos
2872 1769 3017 1838 tangi
3047 1768 3332 1838 putredine
3362 1768 3588 1837 gaudet:

509 1853 682 1924 Vique
713 1855 853 1909 viam
883 1871 1107 1911 summa:
1139 1859 1406 1913 scandens
1435 1858 1733 1914 abstemius
1755 1868 1984 1925 arctam,
2193 1858 2328 1913 Cum
2360 1858 2542 1913 subito
2583 1859 2738 1913 tabes
2778 1857 2868 1927 pia
2896 1858 3192 1927 margarita
3224 1856 3438 1912 refulsit

500 1943 836 2015 Pauperibus
868 1947 1128 2013 clemens,
1161 1948 1355 2003 collata
1380 1951 1634 2005 alimenta
1662 1950 1871 2007 ferebat
1897 1967 1912 2016 ;
2195 1944 2442 2015 Sumpsit
2483 1956 2538 2001 et
2573 1947 2839 2018 insignem
2881 1946 3062 2001 sanies
3091 1956 3298 2001 mutata
3326 1946 3590 2002 decorem.
3634 1950 3639 1953 ’

501 2034 742 2108 Indignis
765 2038 965 2109 largus,
997 2040 1101 2095 sibi
1133 2050 1340 2095 tantum
1375 2054 1646 2108 austeros,
1678 2053 1884 2097 arctus.
2192 2036 2433 2093 Αεενὶὺίῐ
2458 2037 2671 2094 Domini
2702 2037 2899 2105 ουιιοΐν
2924 2039 3161 2094 rumoris
3183 2047 3239 2094 el
3266 2054 3416 2104 050',

504 2126 828 2183 Psalterium
860 2130 1018 2200 plene
1055 2133 1268 2187 modico
1295 2136 1393 2189 sub
1420 2144 1662 2205 tempore
1688 2145 1914 2206 captans
2193 2131 2311 2187 Non
2346 2133 2578 2204 propriis
2605 2140 2783 2188 actum
2813 2134 3039 2199 meritis,
3071 2142 3127 2188 at
3159 2132 3302 2204 regis
3328 2133 3524 2189 amori.

509 2216 744 2291 Pervigil
768 2221 1011 2286 edidicit,
1035 2224 1372 2294 memorique
1395 2226 1696 2281 recondidit
1730 2242 1878 2282 arce.
2196 2223 2492 2279 Exstlllans
2521 2239 2681 2279 sacro
2703 2225 3021 2280 benedicws
3041 2236 3097 2281 Cl
3127 2239 3224 2279 ore
3260 2236 3544 2296 tyrannus».

508 2308 688 2365 Fortis
710 2321 765 2367 el
784 2312 999 2368 cuiicns
1030 2324 1209 2370 motus
1238 2314 1457 2371 frenare
1483 2316 1746 2387 superbos
2193 2312 2296 2379 Qui
2328 2313 2480 2369 dives
2511 2314 2679 2381 venit,
2703 2314 3008 2369 ditissimus
3035 2314 3160 2369 inde
3187 2314 3433 2369 recessit.

504 2399 759 2458 Palmitio
782 2403 997 2474 stringit
1028 2405 1239 2461 lumbos
1269 2407 1368 2463 sibi
1400 2406 1523 2462 fune
1543 2423 1823 2464 coercens.
2195 2403 2310 2460 llac
2339 2415 2561 2460 sanctus
2590 2405 2804 2459 Domini
2836 2414 3123 2475 postquam
3152 2421 3213 2461 se
3238 2405 3440 2461 clausit
3472 2405 3527 2461 in
3550 2418 3665 2462 arce

508 2491 732 2547 Sulcato
762 2494 1028 2550 undantes
1059 2495 1291 2551 reﬂuunt
1322 2500 1450 2553 dum
1478 2514 1706 2569 corpore
1735 2515 1968 2565 vermes,
2191 2495 2429 2551 Cernere
2460 2495 2543 2550 vel
2574 2497 2723 2551 cerni
2757 2496 3008 2551 muliebri
3038 2496 3241 2550 lumine
3264 2497 3430 2560 cavit,

503 2582 817 2641 Seutiscunt
841 2586 1058 2655 fratres,
1090 2588 1238 2649 Patri
1274 2592 1574 2662 indaganda
1597 2592 1854 2648 ferentes.
2124 2637 2165 2662 η
2193 2585 2459 2642 Nimirum
2489 2596 2735 2643 metuens
2764 2586 2979 2642 culmen
3010 2588 3137 2641 dum
3166 2588 3337 2642 tendit
3362 2588 3417 2642 in
3444 2587 3605 2643 altum

499 2673 596 2729 lile
621 2686 772 2744 rogat
793 2677 937 2732 dicat
977 2695 993 2745 ;
1032 2681 1161 2749 tegit
1190 2682 1280 2736 hic
1302 2681 1614 2753 factumque
1645 2694 1922 2753 repressat
2123 2673 2166 2698 ⁵³
2191 2682 2236 2736 A
2268 2697 2479 2736 summo
2511 2681 2736 2736 Domino
2766 2693 2835 2734 ne
2864 2680 3027 2735 corde
3055 2679 3335 2734 recederet
3360 2681 3504 2747 imo;

502 2768 807 2841 Corripitur
831 2772 970 2838 visu,
990 2774 1316 2843 patefactum
1342 2776 1534 2831 vulnus
1556 2777 1761 2842 aditur,
2192 2775 2389 2831 Verum
2418 2788 2517 2828 nec
2548 2773 2705 2827 matri
2735 2781 2855 2843 post
2888 2780 3133 2841 tempora
3156 2770 3314 2843 longa
3340 2771 3567 2841 petenti,

504 2862 794 2919 Resticulze
822 2867 984 2921 modo
1014 2883 1226 2924 sum-na
1252 2878 1457 2939 patent,
1488 2886 1791 2940 magnoque
1816 2869 2001 2925 doluro
2191 2867 2537 2938 Amplectens
2563 2882 2661 2936 pro
2690 2877 2863 2921 matre
2898 2867 3165 2931 Deum,se
3195 2867 3371 2921 visere
3396 2866 3559 2931 cedit,

507 2951 823 3017 Conﬁcitur,
857 2957 1163 3029 teriturque
1186 2960 1357 3030 magis
1378 2960 1631 3016 conferre
1662 2960 1925 3016 medelam
2190 2959 2438 3016 Culinine
2467 2960 2728 3014 virtutum
2750 2959 2897 3014 celso
2919 2958 3089 3029 magis
3117 2957 3222 3011 alta
3249 2966 3485 3028 petente.

504 3045 640 3101 Dum
672 3049 805 3106 socii
830 3059 1043 3106 certant
1067 3068 1082 3117 ;
1112 3054 1329 3123 putrido
1351 3071 1471 3108 cum
1498 3056 1704 3110 viscere
1730 3055 1947 3109 tandem
2192 3051 2519 3107 Ediﬂcatur
2542 3051 2668 3106 huic
2690 3050 2803 3121 jam
2834 3051 3190 3120 quadraginta
3219 3050 3469 3105 columna

501 3134 755 3206 Eripiunt
790 3148 1016 3207 restem,
1044 3152 1100 3197 et
1131 3143 1299 3198 multo
1330 3147 1420 3199 vix
1455 3154 1698 3214 tempore
1727 3153 1942 3210 curant,
2192 3143 2473 3198 Excellens
2500 3143 2720 3207 cubitis,
2744 3143 2797 3196 in
2821 3157 2924 3212 qua
2952 3156 3047 3211 per
3072 3153 3269 3197 caetera
3300 3142 3502 3196 mansit

502 3225 642 3283 llinc
669 3230 760 3285 alti
800 3232 1012 3301 fugiens
1034 3236 1179 3302 putei
1204 3251 1262 3290 se
1293 3236 1494 3290 claudit
1521 3239 1574 3290 in
1603 3239 1734 3302 imo,
2194 3234 2366 3290 Fixus
2384 3248 2571 3289 amore
2598 3234 2690 3288 Dei
2721 3234 2941 3304 reliquae
2963 3244 3114 3288 stans
3144 3242 3389 3304 tempora
3421 3235 3558 3287 vitze.

507 3317 627 3386 Quo
649 3319 774 3374 dum
802 3335 861 3377 se
882 3332 1081 3377 mactat
1100 3324 1303 3394 jejunia
1335 3326 1490 3396 longa
1521 3327 1803 3393 trahendo,
2194 3323 2519 3396 Serpentum
2551 3327 2800 3397 reprimit
2824 3326 3048 3388 rabiem,
3082 3319 3426 3395 truciumque
3456 3324 3684 3379 ferarum.

506 3406 736 3466 Siderea
760 3412 1007 3479 quatitur
1043 3415 1251 3468 monitu
1283 3416 1504 3486 visuque
1534 3417 1730 3471 minaci
2191 3415 2439 3471 Almiﬂco
2468 3416 2553 3471 cui
2582 3424 2790 3471 natum
2819 3416 3099 3472 miseratio
3128 3415 3275 3470 fulsit

505 3499 824 3557 Timotheus
845 3503 1016 3559 abbas
1044 3503 1353 3560 Simeonem
1380 3517 1590 3576 quaerat
1624 3516 1682 3561 ut
1707 3507 1930 3572 almum,
2192 3507 2422 3563 Lumina
2446 3517 2715 3564 testantur
2738 3508 2994 3578 supplicis
3016 3509 3281 3563 medicata
3310 3507 3590 3572 draconis;

506 3591 888 3664 Restituatque
926 3594 1066 3660 loco,
1096 3605 1312 3651 constet
1333 3598 1727 3667 quia.sanctior
1756 3598 1887 3667 ipso.
2194 3599 2355 3656 Venit
2381 3609 2433 3656 et
2460 3600 2565 3657 huc
2588 3601 2782 3656 mulier
2808 3617 2951 3657 saevo
2979 3609 3217 3657 saturata
3247 3600 3526 3671 chelydro.

503 3680 620 3737 lloc
649 3684 814 3738 semel
844 3694 1007 3754 atque
1037 3686 1233 3740 iterum
1264 3687 1380 3741 visu
1410 3687 1736 3758 perterritus
1757 3688 1848 3743 ille
2192 3693 2323 3760 Quae
2347 3702 2508 3749 noctu
2532 3694 2721 3750 sitiens
2749 3694 2961 3749 biberat
2983 3709 3079 3765 pro
3103 3693 3288 3748 fomite
3315 3703 3551 3763 pestem;

504 3772 802 3840 Quaesitum
831 3776 986 3844 jubet
1010 3777 1089 3833 ire
1108 3793 1257 3844 suos,
1286 3780 1634 3836 redeuntibus
1655 3789 1821 3851 atque
2193 3784 2594 3856 lnvalidamque
2624 3802 2844 3840 manum
2877 3787 3211 3841 medicorum
3233 3795 3477 3854 experta,
3508 3779 3705 3853 requirit

506 3865 826 3931 Frestratis,
858 3884 1152 3940 properans
1182 3884 1325 3927 ineat
1368 3875 1500 3944 ipse,
1526 3874 1782 3946 lacusque
1815 3888 2089 3947 repertum
2193 3875 2340 3932 Certi
2367 3874 2605 3930 solamen
2630 3876 2855 3941 medici;
2892 3875 2999 3930 fert
3024 3879 3106 3931 vir
3135 3878 3258 3948 pius
3278 3885 3463 3947 aptum

502 3957 751 4050 Explicat
774 3961 998 4017 invitum
1023 3964 1265 4029 baratro,
1294 3966 1549 4037 cellaeque
1578 3969 1807 4023 reducit.
2116 3988 2160 4050 ρ
2195 3967 2508 4022 Antidotum
2532 3966 2780 4037 praebens
2802 3967 3099 4022 benedictae
3124 3967 3316 4038 pocula
3347 3967 3574 4038 lympha:

572 4049 665 4105 llle
696 4053 1080 4107 monasterium
1112 4066 1231 4125 post
1262 4058 1387 4111 anni
1424 4068 1665 4128 tempora
1700 4059 1975 4130 linquens,
2140 4049 2143 4050 ⁷
2191 4060 2328 4115 lluic
2349 4073 2467 4135 qua:
2491 4059 2777 4113 sorbuerat
2800 4057 3096 4112 maledicta:
3126 4058 3334 4111 visce:a
3365 4056 3550 4111 belvee.

501 4141 715 4197 Deserti
751 4145 889 4212 petit
918 4160 1068 4209 arva,
1094 4156 1292 4216 optans
1324 4150 1573 4204 habitare
1600 4166 1868 4207 seorsum.
2189 4151 2299 4208 Nec
2329 4152 2472 4207 valet
2499 4152 2638 4207 hanc
2668 4152 2806 4205 ultra
2838 4148 3109 4204 funestum
3140 4149 3337 4204 laedere
3363 4149 3587 4218 poclum,

505 4230 608 4288 llic
628 4247 686 4286 se
716 4243 967 4288 surrecta
1002 4237 1280 4291 concludit
1309 4254 1498 4293 amore
1525 4241 1781 4295 columna
2191 4243 2366 4299 Sumit
2396 4253 2456 4297 ut
2477 4245 2740 4298 imlmtum
2769 4241 2917 4296 vitali
2943 4242 3167 4296 munere
3195 4249 3400 4312 potum.

502 4318 785 4379 Theorica:
813 4322 1031 4380 fervens
1069 4327 1299 4394 speculae
1323 4330 1449 4397 quia
1481 4328 1681 4384 celsior
1705 4333 1842 4386 exit.
2258 4333 2471 4388 Accidit
2496 4333 2743 4396 ariditas,
2767 4332 2935 4401 pcSIis
2963 4332 3200 4401 regionis
3229 4331 3461 4398 adustae,

501 4411 727 4469 Triuam
748 4424 869 4484 post
898 4414 1152 4480 hiemem,
1185 4415 1327 4471 fama
1354 4425 1636 4472 crescente
1672 4420 1838 4485 beati,
2188 4423 2417 4479 Pulvere
2449 4423 2654 4479 telluris
2684 4423 2852 4478 nimio
2879 4422 3250 4492 squalentibus
3278 4423 3443 4476 arvis.

503 4504 771 4563 Tricenos
801 4522 969 4577 usque
1001 4508 1064 4561 ad
1092 4508 1306 4563 cubitos
1330 4510 1574 4579 procedit
1603 4510 1657 4564 in
1680 4511 1869 4575 altum,
2187 4514 2387 4570 Accola
2418 4525 2529 4567 tum
2560 4515 2757 4569 densus
2784 4529 2999 4569 summo
3022 4515 3087 4568 de
3113 4526 3297 4567 monte
3327 4512 3575 4567 ﬂuentem

507 4599 566 4655 ln
589 4616 695 4670 qua
718 4608 870 4656 stans
897 4604 1106 4674 spargit
1134 4603 1333 4657 inultas
1362 4602 1414 4657 in
1444 4603 1601 4673 plebe
1621 4603 1864 4670 salutes;
2189 4603 2616 4677 Replentemque
2644 4606 2761 4676 pios
2787 4604 3008 4660 ﬂuvium
3040 4605 3261 4675 pietatis
3283 4605 3472 4669 adivit,

502 4691 849 4766 Languentes
875 4697 1172 4761 medicans,
1202 4696 1452 4752 obsessos
1495 4696 1740 4751 daemone
1766 4713 2039 4769 purgans;
2192 4696 2423 4753 Aiterno
2449 4695 2674 4752 eﬂ'usum
2700 4698 2915 4767 pietatis
2941 4696 3090 4753 fonte
3118 4710 3391 4765 superine,

501 4786 759 4841 Auditum
794 4788 1037 4844 tribuens
1065 4789 1244 4843 surdis
1276 4798 1330 4844 et
1360 4789 1565 4843 lumina
1592 4790 1774 4855 emeis,
2191 4789 2528 4843 Fundentem
2557 4789 2708 4843 laetos
2738 4788 3048 4844 Simeonem
3075 4789 3332 4843 cordibus
3356 4789 3589 4846 haustus,

505 4876 710 4935 Mancis
738 4881 1030 4935 restituens
1060 4881 1293 4951 palmas,
1323 4883 1599 4953 mutisque
1630 4882 1875 4951 loquelas
1900 4901 1913 4935 :
2190 4881 2503 4936 Priesidiuin
2527 4881 2658 4950 petit
2685 4880 2773 4934 hic
2801 4880 3040 4943 solitum,
3069 4877 3328 4949 suffragia
3356 4891 3571 4948 poscens

504 4967 777 5037 Leprosos
802 4970 1090 5034 mundans,
1120 4973 1383 5027 mirorum
1407 4975 1576 5028 millia
1599 4984 1849 5045 patrans,
2192 4972 2345 5027 Cclsa
2366 4973 2480 5036 Dei,
2511 4972 2796 5040 subitoque
2825 4971 2914 5024 illo
2939 4978 3198 5041 poscente
3226 4969 3457 5025 dehiscit

506 5058 640 5125 Quae
668 5060 759 5129 qui
788 5070 982 5115 cuncta
1012 5061 1170 5127 feret,
1203 5063 1324 5117 cmli
1354 5080 1572 5137 quoque
1600 5068 1781 5120 sidera
1811 5067 1975 5120 dicet.
2190 5063 2357 5118 Terra
2382 5071 2636 5132 patetque
2658 5063 2845 5126 chaos,
2868 5061 3210 5132 lymphisque
3238 5063 3473 5113 immane
3500 5052 3723 5124 repletur;

503 5148 642 5203 lliuc
669 5149 848 5204 nonuli
880 5151 1032 5204 multi
1068 5152 1288 5204 Christo
1318 5159 1525 5204 servire
1553 5156 1727 5204 narali
2191 5155 2342 5204 Tunc
2373 5152 2520 5204 iubet
2545 5154 2631 5204 ille
2662 5152 2768 5204 fodi
2807 5163 3014 5204 sentem
3041 5152 3267 5204 fierique
3295 5160 3501 5204 meatus
