3888 5330
156 290 248 343 577
597 288 683 344 DE
721 287 1100 346 TRIUMPlllS
1138 260 1412 345 CHRISTI
1448 288 1842 347 ANTIOCHIE
1876 287 2128 347 GESTIS
2169 289 2346 344 LIBRI
2385 289 2541 347 DL’O.
2588 324 2657 330 —-
2688 258 2825 347 ΠΒ.
2867 294 2931 349 ll.
3294 300 3398 361 573

160 406 263 460 Stet
286 406 576 476 prendique
604 405 783 459 sinat:
813 414 921 459 stat
948 413 1098 459 tanto
1121 405 1340 459 nomine
1370 415 1604 475 sumpto,
1739 389 1789 446 Α
1887 398 2187 470 Explevere
2209 400 2320 454 ‘duo
2344 402 2491 455 socia
2526 405 2774 459 mercede
2806 403 3042 460 laborem

158 498 570 568 Obsequiturque
590 498 781 566 pedem
813 497 1057 552 referens
1081 498 1328 552 devotior
1356 496 1507 565 ipsis.
1820 488 1891 545 Ut
1917 492 2060 560 Quod
2092 492 2429 562 perciperent
2460 494 2685 563 posthac
2718 494 2852 551 libra
2882 495 3109 552 finderet
3137 512 3324 568 requa;

161 589 322 644 Virtus
341 589 473 643 mira
501 590 626 652 viri,
657 590 812 657 cujus
844 589 969 642 dum
1002 604 1132 643 voce
1162 589 1365 642 citatur
1816 582 2358 655 Comproperantque
2387 586 2578 641 dehinc
2609 589 2782 642 sancti
2811 590 3117 647 benedicier
3148 608 3267 659 ore,

159 679 362 741 Nomen,
395 686 449 732 et
475 677 657 732 infidis
682 692 881 748 parcus
910 677 1024 732 fera
1062 679 1227 732 servit
1252 677 1498 746 agrestis.
1816 673 1963 741 Quos
1987 673 2074 728 ille
2100 674 2390 744 aspiciens,
2422 678 2705 746 cordisque
2729 679 2939 734 occulta
2966 691 3257 751 penetrans

159 768 369 822 Transiit
391 768 478 822 hic
506 765 693 821 feritas
722 768 980 836 pecudem
1004 766 1263 821 translata
1298 766 1607 836 relinquens
1816 766 1988 833 (Alter
2016 767 2161 819 enint
2194 769 2445 822 comitem
2471 769 2675 838 pellaee
2706 770 2971 827 fefellerat
2996 775 3161 844 astu),

159 861 498 929 luvadensque
523 860 773 914 homines
798 878 812 926 ;
839 860 988 922 saevi,
1023 859 1226 928 pietate
1256 868 1488 923 remota,
1813 853 1924 909 Cur
1953 856 2173 909 veniant
2197 858 2391 928 rogitat
2421 858 2511 928 qui
2543 869 2687 925 sunt,
2715 862 2982 931 iteratque
3007 878 3143 933 opus
3166 864 3241 921 illi

160 950 250 1005 Nec
277 958 601 1004 venerantur
622 964 717 1004 eas
742 950 1013 1004 reveritur
1046 965 1182 1019 quas
1205 948 1316 1002 fera
1344 963 1503 1003 voces
1528 967 1541 1001 :
1813 945 1930 1001 Non
1954 956 2134 1003 tamen
2152 963 2312 1003 omne
2337 948 2549 1003 ferunt:
2584 970 2600 1002 ι
2621 951 2863 1008 Frausne
2890 954 2961 1008 sit
2984 953 3126 1010 facta
3156 957 3387 1014 videtc.»

159 1045 389 1100 invadunt
418 1044 585 1116 igitur
611 1045 873 1115 praedam,
896 1045 1094 1099 virtute
1116 1046 1442 1114 prehensam
1814 1038 1988 1108 thue
2013 1049 2230 1109 negant,
2259 1039 2413 1095 vafro
2457 1060 2474 1093 ι
2505 1041 2746 1112 Caligam
2787 1046 2922 1114 pede
2964 1046 3086 1102 tolle
3124 1067 3142 1101 ι
3178 1048 3368 1105 beatus

158 1134 381 1198 Alterius,
413 1133 795 1204 perimuntque
824 1149 1059 1204 superno
1087 1134 1308 1187 numine
1338 1133 1522 1187 fixam.
1811 1129 1978 1195 Dixit,
2009 1140 2065 1185 et
2097 1133 2236 1186 hanc
2268 1133 2355 1186 ubi
2384 1132 2481 1188 das
2522 1136 2732 1198 comiti,
2763 1152 2869 1192 non
2902 1138 3032 1193 estis
3061 1139 3251 1209 iniqui.
3284 1161 3301 1191 ι

157 1225 441 1289 Cotuedunt,
469 1232 702 1289 torrent,
734 1240 833 1279 nec
863 1226 929 1277 ad
957 1226 1007 1278 id
1036 1225 1159 1278 data
1189 1224 1395 1279 viscera
1425 1225 1703 1292 mandunt,
1808 1223 1923 1286 Quo
1955 1221 2097 1276 facto
2122 1224 2394 1291 crepidam
2424 1224 2652 1290 tollenti,
2687 1245 2706 1278 ι
2739 1228 2947 1292 Dissue,
2987 1246 3005 1281 ι
3041 1233 3284 1295 mandat,

159 1316 299 1386 Digna
322 1316 410 1369 sed
440 1314 677 1370 audaces
703 1330 825 1369 mox
850 1314 1079 1385 perculit
1106 1315 1238 1368 ultio
1262 1326 1488 1378 mentes,
1814 1329 1832 1362 ι
1876 1312 2278 1383 Quinquaginta
2313 1322 2403 1368 tuo
2432 1316 2632 1370 solidos
2669 1318 2762 1372 tibi
2788 1320 2909 1388 jure
2936 1335 3250 1389 capessens,

159 1406 210 1460 Et
234 1406 429 1459 ratione
447 1417 642 1459 carent
668 1406 878 1460 ratione
906 1415 1127 1460 carente
1152 1405 1359 1460 feroces
1809 1400 2014 1471 Totque
2041 1404 2219 1457 sciens
2252 1404 2382 1458 socii
2414 1405 2569 1474 parili
2596 1422 2797 1476 perone
2822 1408 3010 1464 latere.
3041 1429 3062 1463 ι

158 1494 238 1560 Qui
265 1494 604 1559 exstiterant,
636 1495 837 1564 praedae
871 1493 1089 1565 pietatis
1118 1496 1325 1549 honore
1358 1495 1597 1549 subacta:
1807 1489 1898 1545 Sic
1934 1495 2213 1547 moderata
2240 1494 2377 1563 aequi
2405 1494 2624 1564 collega:
2651 1497 2806 1551 lance
2833 1503 3115 1567 recedunt,

158 1583 407 1638 Sumeutes
433 1598 611 1654 aegros
634 1585 954 1655 pecorisque
986 1584 1198 1639 silentia
1235 1583 1414 1639 flatus.
1808 1581 2260 1654 Magnit‘icantque
2287 1584 2453 1639 Deum
2484 1602 2738 1656 perversa
2766 1588 2953 1644 fraude
2976 1600 3249 1660 carentes,

159 1673 360 1729 Tramite
381 1674 454 1728 sic
475 1683 661 1745 empto
683 1687 976 1745 properant
1007 1690 1129 1729 cum
1154 1675 1289 1743 pelle
1326 1674 1532 1729 revulsa
1735 1733 1772 1749 _
1806 1671 1906 1739 Qui
1946 1681 2151 1726 tantum
2184 1674 2290 1727 vati
2318 1677 2585 1730 concessit
2615 1677 2789 1731 inesse
2815 1679 3016 1749 vigoris

156 1764 429 1835 Festiuique
454 1733 649 1836 petunt
677 1733 984 1821 veneranda
1016 1768 1297 1821 cacumina
1314 1766 1443 1837 justi
1471 1784 1484 1820 :
1733 1733 1776 1792 Β
1811 1760 1878 1815 Ut
1900 1762 2025 1816 dum
2060 1764 2223 1817 totius
2247 1765 2363 1817 uisu
2396 1764 2614 1821 virtutis
2647 1733 2910 1836 adhmref,

158 1854 244 1910 Nec
259 1856 400 1911 latuit
425 1866 605 1911 vatem
628 1857 975 1927 praesumptio
1002 1856 1142 1910 facta
1178 1855 1436 1920 ferorum,
1801 1851 2028 1907 Junctus
2065 1862 2243 1909 mente
2271 1856 2398 1920 Deo,
2431 1856 2499 1909 sit
2531 1872 2754 1911 munere
2785 1859 3008 1928 spiritus
3043 1875 3182 1915 unus

157 1946 261 2014 Quis
284 1960 522 2018 superam
547 1948 672 2018 pius
696 1959 817 2003 orat
838 1962 997 2018 opem
1025 1947 1265 2017 fert-ique
1290 1946 1550 2012 salutem;
1802 1941 1953 1998 Caeca
1980 1944 2248 2000 tenebrosi
2280 1945 2484 2001 rituans
2515 1949 2807 2016 penetralia
2841 1951 3043 2005 cordis.

158 2039 364 2095 Seductis
387 2038 460 2112 [1⁵.
494 2039 597 2095 sed
622 2038 796 2112 votis]
824 2049 975 2109 gesta
1004 2037 1322 2108 improbitas
1347 2037 1562 2096 obsistit
1588 2037 1700 2107 opi-
1803 2035 1893 2090 Sic
1920 2038 2071 2107 cujus
2104 2039 2383 2092 combusta
2411 2038 2603 2093 domus
2637 2042 2738 2095 civi
2762 2039 3117 2096 Antiochensi

1456 2128 1478 2203 ί
1503 2130 1603 2183 tuis
1630 2146 1641 2157 ·
1802 2124 2070 2191 Quantum
2100 2127 2429 2197 perdiderit;
2460 2143 2631 2198 quare
2662 2131 2901 2183 narravit
2927 2145 3093 2186 avaro

158 2221 327 2277 Dantur
344 2224 389 2277 ei
414 2222 639 2278 meliora
672 2231 852 2280 tamen
884 2236 1045 2294 quam
1069 2220 1328 2291 postulet,
1357 2231 1521 2290 atque
1801 2214 2067 2271 Promens
2096 2226 2227 2287 quot
2257 2216 2484 2273 latebris
2510 2218 2805 2273 solidorum
2833 2220 3079 2276 abstrusa
3108 2221 3308 2277 talenta

156 2310 463 2367 Promeritam
498 2313 735 2367 tolerant
765 2315 983 2368 decreto
1012 2321 1256 2381 tempore
1279 2326 1518 2380 orenam,
1800 2308 2027 2374 Celarit,
2059 2324 2321 2380 serusque
2348 2310 2474 2365 boui
2499 2311 2631 2365 nihil
2657 2312 2779 2365 inde
2801 2314 3063 2382 patrarit;

155 2399 215 2455 Ne
235 2404 435 2471 posthac
462 2411 670 2457 mterna
696 2419 817 2457 rcus
841 2412 1109 2458 tormenta
1139 2402 1399 2456 volutent.
1800 2395 1974 2452 Mersa
2004 2398 2123 2453 ideo
2148 2415 2349 2453 caecum
2377 2401 2583 2454 baratri
2616 2408 2843 2455 testatus
2872 2402 2926 2456 in
2959 2402 3147 2468 imum,

157 2491 263 2547 Dum
285 2493 548 2561 patiuntur
578 2502 638 2548 et
666 2493 720 2547 hi
759 2494 944 2547 multis
965 2493 1313 2564 praesumptio
1340 2492 1460 2547 talis
1801 2487 2104 2545 Ostendens
2132 2506 2237 2545 non
2271 2491 2457 2561 ignaro
2482 2492 2623 2561 quod
2652 2490 2840 2546 fecerit
2861 2492 3004 2547 istud

158 2581 388 2650 Aufertur,
411 2585 569 2655 digno
599 2584 785 2655 plures
818 2586 1136 2640 moderante
1164 2584 1376 2655 ﬂagello
1803 2582 1894 2648 Se,
1924 2582 2180 2637 Dominus
2208 2581 2408 2636 famulo
2442 2598 2538 2638 sua
2563 2583 2730 2637 charo
2754 2583 3001 2638 examina
3027 2585 3269 2655 pandens

160 2672 260 2730 Post
279 2677 534 2745 geminum
564 2678 782 2749 magnis
807 2680 1060 2750 precibus
1091 2679 1185 2736 sed
1212 2681 1468 2750 praelitas
1496 2696 1695 2736 annum
1798 2671 2102 2727 Arbitrium
2135 2673 2465 2744 suspeclallli
2498 2688 2592 2728 seu
2622 2674 2821 2744 iudicis
2848 2675 3010 2744 tequi-

162 2762 422 2835 llospitibus
445 2769 666 2824 tandem
690 2768 956 2826 miserans
987 2771 1288 2825 medicatur
1305 2771 1534 2827 anhelis.
1869 2765 1971 2821 Olli
2001 2775 2260 2836 praeterea
2287 2768 2461 2837 pietas
2492 2765 2755 2820 immensa
2786 2765 3001 2837 vigebat

211 2856 369 2913 Saevus
400 2875 460 2914 ea
489 2861 765 2930 quondam
791 2862 997 2931 pardus
1020 2863 1239 2932 regione
1264 2861 1476 2917 furebat
1797 2856 2007 2913 Affectu
2035 2867 2091 2914 et
2117 2859 2328 2914 cunctis
2354 2858 2513 2912 avido
2540 2860 2796 2927 prodesse
2828 2858 3081 2929 benigno.

158 2943 443 3006 Proturbans
471 2951 748 3017 homines,
781 2952 1015 3023 pecudes
1033 2952 1279 3022 jumenta
1310 2968 1616 3025 voransque
1642 2971 1655 3019 ;
1804 2948 1956 3005 Unde
1986 2950 2150 3005 etiam
2182 2949 2310 3005 lethi
2338 2950 2609 3020 quondam
2642 2950 2708 3005 de
2737 2948 2892 3006 fauce
2924 2950 3191 3006 latronem

156 3038 370 3109 Agricola
390 3053 574 3100 contra
605 3045 785 3101 sancti
814 3047 1076 3102 tutamina
1105 3046 1286 3102 Patris
1722 3085 1767 3113 η
1800 3041 2063 3113 Eripiens,
2097 3042 2237 3097 ctelo
2266 3042 2427 3097 celeri
2457 3042 2719 3098 solamine
2753 3044 2919 3098 misit.

157 3129 436 3202 Exposcunt,
466 3137 661 3192 rabido
685 3151 792 3207 quo
816 3137 1177 3193 defendantur
1200 3138 1268 3193 ab
1298 3139 1476 3193 hoste.
1723 3129 1768 3148 “
1798 3134 1898 3201 Qui
1925 3143 2046 3206 post
2071 3133 2334 3189 letbiferis
2360 3133 2500 3188 mala
2526 3133 2757 3203 plurima
2785 3142 2939 3206 gesta
2966 3134 3191 3205 rapinis,

159 3215 390 3278 Perversis
415 3235 498 3280 ast
525 3226 619 3281 ille
644 3226 822 3281 sciens
850 3241 1123 3297 apponere
1142 3236 1329 3282 sancta
1796 3228 1933 3282 Dum
1958 3227 2149 3283 mortis
2169 3226 2376 3282 meritze
2404 3233 2683 3297 pateretur
2703 3225 2770 3280 ad
2798 3224 2983 3281 ultima
3011 3239 3210 3297 ptume,

156 3306 462 3369 Sanctificans
484 3315 761 3371 benedicit
782 3331 1002 3387 aquam,
1038 3318 1311 3389 mittitque
1334 3317 1612 3376 ferendam
1794 3317 2118 3389 Aggreditur
2143 3332 2373 3387 propero
2402 3315 2768 3372 venerandam
2800 3315 2936 3371 calle
2963 3314 3268 3371 columnam
3287 3356 3302 3381 ,

156 3397 235 3453 Per
258 3401 358 3459 loca
385 3420 485 3476 qua
511 3408 704 3478 pernis
730 3408 931 3479 pardus
953 3409 1186 3463 transire
1220 3410 1453 3465 solebat.
1796 3410 2142 3475 Qumrentum
2169 3424 2327 3479 quem
2354 3423 2514 3463 nemo
2540 3407 2682 3463 valet
2706 3407 3018 3479 contingere
3047 3407 3246 3473 visum,

158 3490 406 3552 Distinctus
431 3500 680 3565 maculis,
714 3511 768 3555 et
796 3502 1201 3558 crudelissimus
1227 3504 1397 3559 hostis
1797 3499 1902 3555 Sed
1932 3515 2030 3556 nec
2057 3499 2124 3556 ad
2170 3501 2314 3555 hunc
2343 3516 2508 3557 ausus
2552 3502 2871 3571 capiendum
2907 3501 3204 3557 extendere

154 3577 348 3648 ignotam
378 3589 557 3645 nmltis
585 3590 832 3659 pedicam
865 3592 1186 3646 venantibus
1212 3593 1398 3658 edens,
3116 3591 3204 3665 [tr
3231 3606 3307 3656 In;

152 3667 294 3728 'l'om
318 3676 603 3735 salutiferis
633 3678 879 3751 respersa
909 3680 1208 3751 liquoribus
1233 3698 1362 3736 arva
1796 3679 2029 3750 Moxque
2056 3681 2146 3735 ubi
2170 3679 2385 3737 deflevit
2411 3692 2614 3753 septem
2648 3699 2742 3737 sua
2776 3682 2911 3738 facta
2942 3683 3133 3737 diebus

150 3759 430 3823 Accelerans
457 3786 803 3842 przecepsque
827 3787 990 3828 rttens
1019 3774 1108 3827 ubi
1138 3773 1315 3828 bellua
1351 3783 1577 3846 tangens
1796 3769 2037 3825 Perfidus
2063 3770 2370 3828 llonoratas
2403 3774 2601 3827 dudum
2633 3774 2845 3827 tandem
2875 3787 2995 3828 esse
3026 3772 3197 3828 fidelis

150 3850 373 3923 Concidit,
402 3868 451 3912 et
475 3861 644 3915 vitam
676 3870 867 3918 tenues
894 3864 1076 3918 emisit
1106 3864 1157 3917 in
1188 3880 1381 3929 auras;
1794 3862 2113 3924 Addiscens,
2146 3863 2394 3933 gratique
2423 3878 2622 3917 canens
2650 3863 2752 3917 sibi
2792 3873 3033 3932 tempora
3063 3865 3202 3928 linis,

149 3939 240 3997 Non
266 3944 461 4004 funesta
491 3950 677 4007 valens
713 3952 777 4006 ad
801 3968 987 4007 eorum
1013 3954 1195 4008 vivere
1232 3967 1462 4009 mortem
1794 3952 2120 4008 Conscendit
2148 3953 2401 4025 lacrymis
2428 3954 2662 4024 paradisi
2696 3955 2891 4025 gaudia
2919 3955 3060 4011 lotus

152 4034 348 4103 Quorum
378 4045 459 4098 vir
486 4046 701 4101 Domini
733 4056 908 4102 certat
945 4046 1240 4103 defendere
1266 4048 1451 4102 vitam.
1796 4043 1861 4096 Et
1889 4053 2074 4097 vectus
2102 4044 2311 4100 meritis
2337 4043 2609 4100 Simeonis
2637 4045 2703 4099 ad
2733 4045 2841 4099 alla
2867 4045 3043 4111 beati;

153 4124 452 4199 Suspendant
478 4136 644 4206 igitur
669 4137 849 4192 vicino
878 4145 1089 4206 tergora
1117 4136 1262 4203 calli,
1793 4133 1969 4201 Atque
1997 4133 2162 4188 decus
2187 4130 2385 4189 Christi
2412 4132 2717 4190 confessum
2748 4134 2802 4189 in
2840 4144 3012 4190 morte
3047 4133 3308 4190 latronem

152 4214 322 4276 Secum
348 4223 629 4281 Dominum
657 4225 929 4282 Simeonis
960 4227 1122 4282 corde
1150 4227 1326 4281 viator
1795 4225 2153 4293 Consectans,
2182 4237 2394 4297 raptum
2423 4228 2689 4284 Dominus
2718 4245 2879 4301 quem
2905 4229 3151 4286 faucibus
3177 4231 3289 4285 orci

152 4303 209 4363 Ut
230 4311 509 4381 benedicat,
540 4317 665 4381 iter,
701 4318 874 4387 posita
907 4317 1213 4384 formidine,
1250 4334 1497 4389 carpens.
1796 4318 1874 4370 Ad
1906 4320 2224 4388 paradisiaci
2257 4323 2510 4391 perduxit
2531 4339 2744 4378 ammna
2778 4324 3009 4378 decoris.

205 4399 513 4496 Dmnimodis
540 4422 718 4466 tamen
756 4410 847 4466 ille
874 4410 974 4464 sibi
1009 4410 1331 4482 prohibebat
1360 4412 1616 4469 honor-mn
1717 4435 1770 4496 Β
1866 4410 2104 4483 luclytus
2129 4413 2216 4467 hic
2242 4413 2453 4468 Domini
2485 4413 2715 4468 famulus
2740 4429 3071 4485 qumcunque
3098 4412 3310 4486 petivit,

150 4487 340 4562 Deferri,
368 4498 572 4570 fugiens
598 4514 837 4558 ventosa:
867 4518 1091 4557 munera
1117 4503 1331 4573 linguas.
1718 4487 1760 4496 ⁷
1795 4502 1920 4557 Hcce
1947 4503 2168 4557 salutari
2198 4504 2342 4559 dono
2366 4506 2602 4573 captavit
2625 4504 2800 4558 herili.

153 4593 171 4629 ε
202 4577 351 4655 Perge
376 4588 609 4655 domum,
646 4611 665 4644 ι
693 4592 910 4655 dicens,
942 4592 1218 4663 praebebat
1253 4592 1449 4663 cuique
1498 4595 1683 4651 mclc-
1795 4592 1928 4646 Nam
1964 4594 2143 4664 regina
2177 4603 2385 4662 potens.
2422 4605 2597 4646 tamen
2630 4592 2911 4647 infecunda
2950 4593 3165 4659 marito,

1457 4684 1584 4755 [Ian
1603 4725 1617 4749 ,
1794 4681 2006 4752 Legatis
2039 4692 2192 4750 rogat
2215 4682 2433 4737 attribui
2469 4682 2569 4737 sibi
2596 4682 2789 4751 gaudia
2817 4681 3027 4738 matris.

156 4778 170 4809 ι
206 4761 604 4844 Glotilicansque
635 4774 803 4829 Deum
834 4774 924 4845 qui
964 4783 1016 4829 te
1043 4774 1274 4839 sanavit,
1306 4775 1508 4831 honora
1529 4816 1544 4840 ,
1794 4774 2179 4843 Expromptam
2215 4775 2414 4843 pietate
2442 4774 2599 4827 fidem
2627 4773 2947 4829 venerabilis
2976 4772 3063 4828 ille

155 4848 239 4908 Nec
263 4865 307 4913 te
330 4872 566 4920 curatum
596 4866 867 4921 Simeonis
896 4868 1101 4921 viribus
1133 4869 1281 4922 ausis
1794 4863 1969 4917 Mente
2003 4873 2180 4929 :uens,
2215 4865 2477 4933 promittit
2506 4879 2693 4933 opem,
2724 4863 3098 4934 promissaque
3125 4864 3385 4938 suppletis

155 4941 366 5020 Prodere,
396 4972 460 5011 ne
484 4972 643 5029 ptena
673 4975 830 5015 versa
861 4960 955 5014 tibi
988 4970 1137 5014 sorte
1171 4959 1416 5025 feratur;
1794 4955 1921 5011 Fert
1949 4955 2122 5010 sterili
2158 4967 2392 5027 partum.
2426 4971 2528 5010 non
2557 4955 2778 5012 inferior
2803 4957 3009 5021 Eliseo;

156 5034 242 5095 Nec
264 5045 430 5113 iurare
458 5051 548 5106 Dei
577 5069 870 5124 praesumus
899 5053 1117 5108 nomine
1145 5054 1361 5118 summi,
1795 5047 2008 5104 Clarior
2031 5057 2196 5116 utque
2222 5049 2321 5103 viri
2350 5048 2521 5102 virtus
2544 5049 2643 5101 hoc
2673 5048 2820 5103 clara
2848 5056 3064 5118 patratu

155 5124 396 5192 Peccatum
427 5156 542 5195 esse
572 5144 782 5207 sciens;
819 5144 869 5197 in
903 5159 987 5197 me
1016 5142 1145 5210 quin
1177 5143 1548 5213 pauperejura
1795 5140 2135 5209 Spletideret,
2167 5155 2391 5210 puerum
2421 5140 2629 5211 peperit
2656 5143 2860 5212 regina,
2890 5147 3170 5205 repertum

160 5218 413 5285 Constricto
442 5234 584 5289 vitiis
614 5234 788 5306 fragili
822 5237 919 5290 sub
956 5235 1139 5290 carnis
1169 5236 1388 5290 amictu.
1419 5255 1438 5289 ι
1794 5231 2059 5300 Tempora
2088 5244 2208 5300 post
2235 5243 2439 5286 mutum
2464 5248 2684 5301 gressus
2711 5248 2886 5303 neque
2920 5228 3071 5284 ferre
3098 5235 3398 5288 valentem.

158 5312 190 5330 Λ
