3888 5330
444 238 552 293 579
1121 226 1517 296 FLODOABDI
1553 238 1876 296 CANONICI
1907 234 2255 295 REMENSIS
2283 239 2661 297 OPUSCULA
2698 241 3026 300 METRICA.
3612 245 3706 303 580

443 351 638 422 Fitque
671 352 790 424 pius
817 365 995 406 senior
1017 351 1168 419 pueri
1192 351 1429 406 director
1454 361 1507 406 ct
1535 360 1706 416 actor,
2055 342 2098 394 Α
2131 353 2264 408 Cum
2307 364 2455 408 tanto
2497 356 2548 410 in
2586 357 2782 427 populo
2820 357 3023 412 faciens
3064 357 3202 412 bona
3246 358 3336 412 vix
3377 356 3520 412 foret
3547 374 3701 428 unus;

441 438 688 496 Ofﬁcium
717 441 840 496 dum
865 441 1067 510 praebet
1089 441 1136 494 ei
1167 441 1469 512 [iugumque
1498 443 1824 512 pedumque,
2134 441 2386 512 Suggerit
2423 453 2475 498 et
2517 461 2702 500 secum
2741 446 2994 516 precibus
3031 446 3391 517 procumbere
3418 447 3640 517 plebem.

442 534 630 605 Cujus,
653 550 774 590 eum
804 535 1020 604 quando
1045 534 1295 599 obtinuit,
1329 545 1482 604 pater
1504 535 1886 598 exstititolim,
2135 531 2272 598 Una,
2314 550 2421 587 non
2463 535 2616 604 parili
2661 535 2875 601 merito,
2915 551 3050 591 voce
3090 537 3294 590 aethera
3340 537 3575 606 pulsant,

515 626 708 682 Clausa
733 626 818 680 vir
847 627 1096 697 egregius
1127 635 1376 680 scrutans
1398 641 1595 681 arcana
1623 627 1862 692 videbat;
2133 623 2200 677 Et
2241 625 2520 680 Christum
2560 627 2764 696 pariter
2804 629 3091 683 summissa
3137 637 3319 682 mente
3362 638 3663 698 precantur,

448 715 602 771 Nulla
630 717 847 772 domum
876 714 1028 784 cujus
1051 715 1244 770 mulier
1270 725 1554 786 penetrare
1582 716 1808 772 solebat.
2134 713 2241 768 Sed
2265 716 2384 783 quis
2409 732 2532 770 eum
2573 718 2768 788 digno,
2814 733 2950 788 puro
2989 719 3112 788 quis
3151 717 3317 772 corde
3361 728 3609 788 rogaret,

447 811 613 868 Forte
643 811 745 867 fuit
773 812 1020 882 quaedam
1050 811 1274 879 cupiens
1299 810 1532 864 invisere
1560 797 1759 875 vatem,
1873 859 1876 862 .
2138 805 2349 860 Arcano
2377 807 2636 862 Dominus
2665 808 2863 863 famulo
2903 823 3153 864 sermone
3180 809 3404 874 revelat,

447 902 759 973 Militiaeque
790 903 934 958 viros
955 901 1070 970 ejus
1099 901 1364 956 habitaela
1394 909 1642 971 petentes
2135 896 2329 952 Pandit
2368 907 2424 952 et
2469 899 2515 953 is
2559 899 2755 970 populo
2795 901 2936 970 quod
2979 901 3045 956 de
3085 909 3165 957 tot
3201 901 3441 956 millibus
3468 917 3626 957 unum

448 995 657 1061 Cernit,
686 1005 741 1050 et
772 994 1038 1064 arripiens
1065 993 1307 1048 habitum
1334 1003 1540 1050 mutata
1569 995 1781 1051 virilem

2135 985 2382 1040 Audierit
2423 986 2684 1043 Dominus
2723 1003 2939 1056 secum,
2982 1004 3289 1059 nomenque
3327 989 3524 1046 fatetur

451 1086 712 1140 Militibus
739 1085 995 1140 comitata
1025 1084 1169 1139 subit
1199 1101 1358 1141 secus
1380 1085 1516 1140 ostia
1547 1087 1742 1141 sancti.
2135 1075 2424 1146 Αενίοοιω.
2461 1081 2801 1148 accersilque
2827 1080 3001 1134 Virum
3022 1121 3036 1143 ι
3063 1081 3339 1150 vitamque
3366 1090 3610 1149 precatur

451 1178 659 1232 Limina
682 1193 788 1232 ῃοη
815 1177 1019 1232 audens
1043 1177 1221 1232 νειίιω
1243 1178 1378 1248 pede
1403 1186 1621 1248 tangere
1641 1178 1790 1232 cella;
2136 1165 2343 1229 Edicat,
2376 1167 2566 1238 I‘BIltllll
2597 1177 2655 1222 ιιι
2684 1168 2885 1225 factum
2913 1170 3278 1240 meritumque
3307 1181 3622 1240 sequantur.

450 1268 834 1324 Conservanda
859 1268 993 1338 petit
1030 1269 1288 1323 comitum
1314 1269 1585 1336 jumeuta;
1618 1269 1888 1336 sinuntur,
2138 1257 2208 1313 se
2232 1260 2324 1312 50d
2352 1259 2436 1314 1³ίο
2464 1259 2741 1331 indignum
2777 1268 3226 1331 Ρθοοθῑοτθῐηίξυθ
3257 1261 3461 1316 fere"?

451 1358 731 1417 lntroeunt
758 1358 914 1422 socii,
944 1359 1439 1429 benedicunturque
1465 1361 1606 1416 beati
2139 1348 2384 1415 Perstat;
2417 1359 2475 1404 ut
2502 1352 2806 1422 exemplum
2836 1353 3038 1408 tribuat
3065 1355 3279 1408 virtutis
3305 1354 3542 1416 amicus,

450 1450 558 1504 Ore
589 1449 718 1514 viri;
751 1449 976 1520 posthac
1003 1451 1080 1504 ait
1105 1449 1231 1504 ille:
1264 1468 1282 1501 ‹
1314 1450 1596 1505 Reinansit
2137 1438 2216 1494 Ne
2249 1451 2445 1495 tectum
2475 1442 2681 1506 celetur
2723 1458 2857 1513 Opus
2898 1445 3097 1500 bonum
3139 1454 3198 1500 et
3235 1445 3369 1499 utile
3409 1445 3611 1513 multis,

451 1539 690 1608 Quilibet
712 1549 837 1594 ante
861 1539 1025 1605 fures,
1055 1554 1124 1595 ex
1147 1556 1232 1595 me
1262 1541 1348 1595 cui
1375 1539 1497 1594 talia
1527 1541 1665 1597 ferte
1695 1560 1706 1595 :
2138 1529 2412 1586 δυιίοτθηι
2442 1533 2750 1602 οοῐηρυιευε
2775 1533 2890 1604 agri
2919 1549 2979 1589 se
3006 1535 3208 1605 delegit
3236 1535 3348 1601 me:

450 1630 568 1685 Noli
606 1630 812 1691 vexari,
852 1630 991 1684 intro
1021 1631 1212 1699 pedem
1247 1644 1420 1698 neque
1449 1631 1622 1697 dirige
1650 1631 1850 1686 Christi
2142 1618 2356 1689 Resque
2380 1621 2649 1691 tripertito
2671 1622 2974 1692 seiungere.
3003 1625 3442 1694 muneribusque

450 1723 650 1778 Contra
674 1721 1014 1792 diSpositum,
1046 1721 1185 1776 servi
1225 1720 1346 1775 fidei
1389 1719 1529 1793 [cod.
1564 1721 1600 1774 2
1626 1721 1766 1794 fieri]
1795 1723 1908 1792 ipse
1933 1724 2034 1777 mi-
2065 1708 2105 1767 Β
2135 1709 2296 1766 Parte
2323 1712 2470 1777 data,
2511 1712 2641 1767 fisco
2665 1721 2897 1782 partem,
2925 1715 3026 1769 sibi
3053 1725 3248 1770 cmtcra
3282 1717 3517 1779 subdat,‘

1737 1810 1958 1883 [sertns,
2134 1805 2357 1860 Enitens
2379 1807 2539 1861 rebus
2561 1808 2792 1878 propriis
2829 1817 3114 1863 contentus
3155 1809 3370 1873 haberi,

450 1901 695 1972 Namque
718 1900 795 1956 tui
824 1902 1100 1957 cernendo
1129 1900 1285 1955 fidem
1312 1900 1573 1956 Dominus
1599 1903 1793 1971 probat
1815 1902 1976 1957 altus.
2011 1922 2028 1953 ι
2137 1897 2382 1954 Reddere
2408 1915 2528 1969 qua:
2571 1901 2779 1955 Domini
2822 1901 3071 1965 Domino,
3116 1918 3234 1971 quae
3273 1903 3504 1957 Caesaris
3542 1902 3668 1974 ipsi:

451 1995 669 2066 Egressi
695 1995 950 2048 comitem
981 1993 1184 2062 pandat
1208 2008 1316 2063 quo
1343 2008 1470 2048 vera
1501 2003 1819 2063 precantur;
2139 1987 2383 2044 Tendere
2425 2005 2700 2059 nunquam
2749 1990 2837 2045 ulli
2883 1992 3126 2058 insidias,
3169 1992 3410 2063 nullique
3454 2007 3668 2058 nocere;

454 2085 646 2140 Prodit
672 2101 733 2140 se
757 2087 981 2150 sociam,
1019 2085 1199 2140 socius
1227 2086 1422 2155 quibus
1459 2096 1588 2141 ante
1619 2096 1856 2156 putatus,
2139 2076 2386 2132 ιτιτιιῐόιη
2445 2095 2714 2152 quelnque
2774 2097 2932 2136 suum
2991 2083 3046 2137 in
3104 2083 3324 2138 Christo
3386 2098 3486 2138 ceu
3553 2095 3700 2138 semet

456 2176 609 2231 Talia
641 2185 821 2232 mente
842 2176 940 2229 viri
971 2191 1140 2246 quare
1163 2176 1566 2246 praesumpserit
1587 2177 1810 2231 addens.
2369 2181 2373 2184 “
3427 2173 3639 2247 [amare

453 2269 690 2322 Auribus
718 2267 831 2322 haec
861 2267 936 2321 illi
966 2267 1196 2337 stupidis
1225 2268 1514 2337 animoque
1543 2268 1818 2322 trahentes
2140 2259 2336 2314 Audito
2380 2260 2482 2316 hoc
2525 2261 2671 2317 cives
2707 2263 2966 2318 humilem
3009 2273 3359 2331 venerantur,
3408 2266 3657 2320 honorant

457 2359 800 2431 Magnificam
822 2359 1053 2422 Domini,
1087 2371 1405 2415 venerantes
1435 2376 1679 2427 munera,
1710 2377 1944 2416 servum.
2144 2353 2481 2420 Πηνίευιίιιη,
2509 2355 2870 2425 ωενίιυπηίιιιθ
2897 2357 2968 2425 Pii
2999 2356 3263 2412 δίιηθοιιίε
3294 2359 3544 2422 adorant.

455 2449 666 2505 Funera
690 2459 809 2518 post
835 2449 987 2518 cujus
1013 2449 1259 2519 quaedam
1289 2457 1554 2506 temerare
1575 2460 1828 2519 protervo
2143 2445 2246 2501 Per
2284 2448 2526 2517 geminos
2568 2448 2700 2504 istos
2742 2450 2964 2504 instanti
3004 2466 3036 2504 a
3076 2462 3252 2506 morte
3292 2452 3514 2516 revulsi,

455 2539 699 2594 Claustra
731 2549 920 2610 petens
960 2555 1120 2605 ausu,
1149 2541 1311 2595 vetita
1340 2551 1400 2595 ut
1427 2543 1561 2611 pede
1590 2541 1774 2597 limina
1803 2543 2000 2613 tangit,
2145 2537 2297 2604 Quod
2325 2553 2432 2592 non
2463 2539 2796 2608 spondentur
2826 2541 3076 2596 Sodomis
3107 2543 3358 2597 conferre
3390 2546 3594 2599 noveni.

456 2630 626 2685 Retro
660 2631 814 2701 ptem
842 2631 970 2695 ruit,
1000 2631 1254 2701 lentoque
1279 2634 1512 2687 coercita
1551 2634 1754 2705 cessit,
2217 2626 2371 2681 Htlllc
2400 2628 2624 2684 charum
2653 2631 2914 2687 Dominus
2940 2633 3199 2689 famulum
3233 2637 3472 2705 protexit
3494 2637 3559 2690 ab
3577 2639 3695 2690 omni

533 2722 685 2792 Smpe
705 2722 922 2792 quidem
949 2722 1170 2776 veniens
1198 2724 1439 2778 benedici
1472 2724 1638 2778 multa
1664 2725 1880 2794 petebat
2146 2717 2332 2783 Hoste,
2359 2729 2555 2776 notans
2575 2723 2718 2792 quod
2756 2725 2803 2778 si
2830 2725 2951 2793 quis
2991 2726 3039 2780 ei
3072 2726 3212 2779 mala
3241 2726 3385 2782 ferre
3422 2737 3639 2798 pararet,

461 2813 640 2868 Turba
698 2813 1014 2877 hominum;
1084 2813 1178 2868 sed
1239 2830 1302 2867 ea
1357 2813 1544 2870 loricas
1605 2815 1731 2869 dum
1799 2823 2043 2886 tempore
2144 2809 2201 2864 lu
2235 2811 2517 2867 Dominum
2541 2826 2815 2884 peccaret,
2842 2817 2967 2870 dum
2993 2818 3258 2888 tangendo
3285 2820 3544 2874 nitentem

896 2981 898 2983 b
1717 2902 1970 2977 [quodam
2146 2903 2481 2972 Conspectus
2507 2905 2720 2960 Domini
2750 2907 3005 2976 pupillam
3035 2917 3279 2980 tangeret
3305 2910 3421 2964 alti.

465 2995 824 3064 Exspectante
851 3009 1031 3049 moras
1055 2993 1305 3065 precibus
1346 2994 1658 3074 trahitqille,
1692 2996 1938 3051 minister
2147 2998 2375 3066 Quidam
2402 3015 2592 3070 nempe
2623 3001 2797 3067 ferox,
2827 3018 2968 3058 szevo
2994 3003 3286 3075 instigante
3311 3005 3563 3070 dracone,

463 3088 701 3142 Innitens
736 3087 990 3159 gradibus
1019 3087 1334 3143 conscendit
1362 3089 1431 3143 ad
1465 3087 1573 3142 alta
1597 3087 1901 3154 colummte,
2069 3095 2112 3155 C
2146 3090 2450 3146 Ahuiﬁcum
2475 3093 2606 3147 diris
2633 3095 2911 3163 priesumit
2939 3109 3166 3164 carpere
3195 3097 3377 3160 dictis,

465 3177 576 3234 Nec
599 3194 854 3249 responsa
879 3180 1022 3248 capit
1047 3180 1298 3249 populum
1323 3180 1550 3234 solarier
1573 3196 1738 3235 orans
1761 3197 1772 3232 :
2150 3181 2304 3235 llunc
2331 3182 2670 3237 seductorem
2695 3199 3000 3239 memorans
3021 3197 3072 3238 et
3104 3185 3289 3239 fallere
3313 3187 3521 3248 turbas,

465 3269 701 3324 Vocibus
721 3270 952 3324 assiduis
977 3271 1189 3324 tandem
1215 3270 1497 3324 insistente
1527 3280 1767 3338 caterva,
2148 3269 2460 3341 Militi-.eque
2484 3282 2672 3342 petens
2699 3273 2919 3328 sibimet
2955 3276 3212 3330 mandare
3241 3251 3554 3347 magistrum

475 3383 494 3415 ‹
529 3363 624 3428 Ne,
656 3364 852 3419 fratres
876 3365 1049 3428 chari,
1074 3364 1192 3419 sitis
1219 3364 1371 3427 mihi,
1405 3380 1609 3434 quaeso.
1639 3364 1869 3428 molesti,
1904 3386 1921 3417 ι
2152 3359 2322 3414 Vadat
2343 3371 2399 3414 et
2425 3361 2570 3416 hunc
2594 3376 2800 3417 vexatis
2822 3362 3057 3430 deponat
3087 3364 3157 3419 ab
3192 3379 3319 3420 arce
3350 3365 3620 3419 columnae.

474 3455 707 3512 Sanctus
735 3455 833 3520 ait,
868 3475 886 3508 ‹
917 3455 1152 3510 morulas
1174 3455 1317 3525 quod
1345 3456 1497 3510 vobis
1519 3454 1686 3510 affero
1711 3456 1962 3522 tardans;
2149 3449 2455 3505 Permissus
2479 3463 2735 3521 properat
2766 3453 3052 3522 sociosque
3081 3454 3298 3508 asciscit
3325 3464 3383 3509 et
3406 3454 3537 3508 altas

470 3547 657 3618 Magna
687 3547 902 3616 quidem
933 3546 1084 3601 navis
1115 3559 1201 3600 me
1223 3549 1347 3601 dum
1372 3545 1642 3600 vocitabat
1668 3547 1721 3600 in
1751 3546 1892 3610 alto,
2149 3539 2437 3608 Appellmll
2459 3541 2664 3607 scalas;
2693 3543 2951 3613 gradibus
2981 3544 3349 3599 Conscendere
3377 3544 3526 3598 nisus

469 3636 634 3706 Cujus
655 3637 720 3691 ad
745 3635 973 3691 exitium
1007 3635 1205 3690 tumida
1231 3643 1487 3704 surgente
1518 3635 1774 3704 procella,
2150 3629 2360 3696 Infelix,
2387 3645 2545 3698 quem
2579 3647 2936 3688 conscensum
2966 3634 3106 3688 mala
3139 3643 3262 3688 vota
3295 3635 3584 3705 negabant:

470 3728 664 3783 Fertne
694 3735 1057 3782 trecentorum
1092 3726 1362 3780 titubabat
1387 3725 1492 3779 vita
1522 3726 1762 3780 virorum
1789 3740 1803 3778 :
2151 3723 2393 3794 Tresque
2423 3725 2624 3796 gradus
2659 3729 2928 3781 scandens
2964 3737 3338 3797 superaverat,
3368 3744 3493 3784 ecce
3517 3737 3700 3784 remota:

473 3821 651 3875 )lente
675 3819 835 3874 simul
859 3819 1002 3873 sensi
1032 3818 1318 3872 Dominum
1349 3834 1434 3872 me
1457 3833 1681 3888 poscere
1705 3818 1873 3887 posci,
2153 3815 2214 3869 V'i
2236 3831 2432 3884 supera
2462 3816 2624 3872 scala:
2650 3819 2829 3873 subito
2852 3818 3061 3887 liquere
3086 3819 3426 3887 columnam;

471 3911 905 3980 Omnipotentem
933 3909 1040 3964 adii
1065 3909 1221 3973 votis,
1250 3909 1340 3979 qui
1367 3909 1612 3979 protinus
1637 3907 1742 3963 illis
2151 3906 2218 3962 Et
2246 3907 2412 3964 miser
2438 3923 2708 3979 appensus
2738 3911 2896 3974 etelo,
2932 3920 3182 3984 terraque
3209 3929 3460 3983 perosus,

477 4001 850 4071 Tranquillum
884 4000 1171 4055 miseratus
1198 4015 1355 4069 opem
1387 4001 1581 4054 direxit
1606 4000 1657 4054 in
1683 3997 1870 4054 undas.
1906 4019 1925 4051 ι
2151 3999 2417 4066 Quattuor
2440 4013 2498 4054 ιιι
2519 4003 2717 4057 cubitis
2751 4002 2923 4058 elatus
2948 4020 3074 4058 rure
3109 4007 3389 4075 pependit.

474 4093 716 4157 Dixerat,
757 4101 813 4146 et
848 4093 1098 4160 precibus
1135 4091 1317 4146 ditans
1359 4091 1411 4145 in
1454 4107 1587 4162 pace
1619 4093 1920 4147 remittens.
2153 4091 2291 4146 Ecce
2316 4091 2502 4148 furens
2524 4095 2736 4150 animos
2759 4105 2959 4150 excato
2981 4096 3145 4153 corde
3169 4097 3378 4153 feroces

475 4183 520 4238 Ο
551 4198 705 4237 mens
728 4180 834 4234 alta
859 4181 981 4245 viri,
1007 4181 1118 4249 qui,
1153 4181 1368 4235 domate
1399 4191 1581 4250 scptus
1607 4181 1659 4235 in
1685 4191 1854 4246 arcto,
2154 4183 2394 4247 Extollit,
2420 4185 2784 4254 pharetraque
2815 4187 2954 4255 rapit
2987 4187 3257 4256 pendente
3284 4191 3556 4260 sagittam,

477 4275 657 4330 Mente
687 4273 850 4327 maris
885 4273 1008 4326 dum
1042 4272 1234 4326 lustrat
1257 4287 1442 4340 aquas,
1474 4274 1828 4341 przesentibus
1856 4281 2018 4335 aStat,
2155 4271 2472 4342 Lunatoque
2498 4290 2627 4328 arcu
2662 4274 2834 4329 nisatu
2862 4275 2947 4344 pia
2980 4279 3222 4331 membra
3261 4278 3470 4346 forare;

478 4362 1040 4435 Turgidaconcilians
1066 4361 1377 4416 absentibus
1401 4376 1616 4432 arquora
1645 4378 1912 4432 praesens;
2155 4363 2238 4419 Ira
2285 4380 2518 4435 superna
2574 4381 2791 4422 manum
2845 4366 2975 4423 ferit
3021 4386 3036 4423 :
3089 4369 3230 4425 haud
3284 4387 3440 4426 mora
3491 4369 3698 4440 plectitur

479 4455 713 4525 Spiritus
738 4467 1067 4522 exsuperans
1100 4467 1317 4507 carnem
1345 4452 1630 4520 prmsentia
1660 4450 1859 4517 diﬂ‘ert,
2087 4442 2133 4501 ι)
3441 4461 3638 4537 larens;

477 4543 904 4612 Transvaditque
933 4541 1103 4596 solum
1139 4540 1409 4596 tribulatis
1435 4553 1714 4611 promptus
1738 4543 1946 4598 adesse.
2159 4549 2403 4620 llincque
2430 4549 2580 4606 ferus
2595 4551 2899 4623 chiragram
2921 4556 3127 4625 patitur
3151 4556 3462 4626 rapiturque
3482 4554 3693 4625 podagra,

476 4635 651 4690 Carne
692 4635 816 4691 licet
852 4634 1106 4706 gravidus
1144 4633 1282 4690 liber
1313 4636 1425 4704 jam
1468 4634 1642 4689 fertur
1683 4635 1732 4690 in
1773 4637 1981 4691 orbem.
2158 4638 2345 4695 Ofﬁcio
2375 4656 2626 4695 manuum
2660 4653 2967 4718 monstrans
2990 4660 3245 4715 peccasse
3272 4649 3582 4718 pedumque.

477 4729 618 4800 Ergo
657 4745 862 4800 negans
904 4743 1009 4782 non
1053 4729 1356 4798 spernendo
1397 4728 1752 4797 prmscntibus
1795 4745 1983 4794 aures,
2159 4727 2291 4783 Nam
2323 4729 2522 4784 Christi
2551 4740 2778 4787 conatus
2811 4732 2903 4787 ubi
2942 4744 3290 4804 prosternere
3309 4751 3521 4791 servum

483 4819 659 4872 Aures
699 4832 805 4887 quo
843 4833 1080 4887 praesens
1117 4833 1224 4873 non
1266 4819 1587 4874 cernebatur
1624 4819 1893 4883 habebat;
2161 4819 2434 4875 Sternitur
2462 4822 2576 4891 ipse
2602 4824 2789 4889 miser,
2817 4829 3008 4882 dextra
3028 4830 3316 4884 damnante
3337 4843 3577 4900 superna.

479 4904 743 4958 Nimirum
777 4907 1002 4958 Domino
1041 4905 1258 4958 ἰυεξρεεεε
1299 4910 1710 4958 transcenderat
1752 4911 1876 4958 ima.
2165 4911 2368 4958 Iltttlttm
2402 4914 2600 4958 alonim
2625 4915 2792 4958 tnrric
2815 4917 2933 4958 ραιιί
2959 4918 3048 4958 nni
3082 4919 3222 4958 οριαςι
3261 4921 3490 4958 natantia
