3888 5330
128 329 217 385 58f
586 323 675 378 DE
713 320 1094 379 TRIUMPHIS
1131 322 1406 392 CHRISTI
1444 320 1836 377 ΑΝΤΙΟΟΙΙΙᾸΞ
1886 322 2130 378 GESTIS
2166 323 2343 380 LIBRI
2372 325 2531 382 DUO.
2569 359 2632 367 -—
2670 328 2797 384 LIB.
2842 330 2884 384 ll
3288 333 3398 391 58!

128 443 262 497 inter
281 440 451 496 verba
479 453 697 509 precum
727 438 848 492 ρωιί
879 446 1088 493 secreta
1116 438 1327 507 petivit,

127 531 386 588 lutentam
415 528 570 583 ctelis
605 529 839 582 animam
866 528 933 582 ad
971 527 1213 582 caelestia
1243 527 1463 580 mittens

126 622 354 676 Cernere
384 619 732 676 scandentem
763 634 857 688 per
881 627 1122 685 tempora
1155 618 1311 688 longa
1343 619 1603 688 cupitum,

127 711 188 768 Et
206 711 349 766 locat
380 712 642 774 aatherea,
670 711 832 764 satiat
855 725 1018 779 quam
1042 709 1216 779 gratia
1239 709 1418 780 Regis,

129 804 187 860 Et
216 803 361 857 locat
384 801 621 856 aetherea
651 800 861 871 superis
887 814 1010 854 cum
1041 799 1275 855 canibus
1300 799 1420 853 aula
1460 797 1650 870 (l67').

129 895 384 951 lllustrata
418 894 538 949 dies
562 895 787 964 posthac
813 893 940 948 dum
969 894 1127 947 tertia
1159 892 1325 962 fulget

128 987 284 1053 Quam
308 986 517 1040 Christi
544 985 743 1041 celebri
775 985 972 1040 colitur
996 987 1264 1040 surrectio
1291 984 1460 1048 cultu,

131 1078 484 1146 Exspectante
511 1077 600 1131 diu
631 1077 874 1132 benedici
906 1076 1060 1146 plebe
1083 1086 1320 1146 gregata,

128 1169 289 1223 Patris
315 1168 586 1223 sollicitus
612 1183 743 1223 cura
775 1167 1090 1222 conscendit
1120 1167 1172 1221 in
1197 1181 1400 1230 arcem,

131 1261 441 1324 Antoninus,
472 1269 530 1316 et
561 1261 802 1315 innixum
827 1260 968 1314 votis
1007 1270 1178 1324 ratus,
1207 1269 1348 1314 astat

132 1355 382 1415 Attentus,
401 1352 731 1422 tandemque
752 1365 972 1414 vocans,
1004 1352 1169 1406 multa
1190 1359 1241 1406 et
1267 1366 1429 1420 prece
1451 1366 1700 1420 poscens,

134 1447 250 1499 Dum
265 1444 377 1514 jam
410 1444 558 1498 nulla
586 1445 954 1514 rependuntur
989 1459 1246 1514 responsa
1281 1443 1505 1513 petenti,

136 1540 260 1593 Aure
284 1553 383 1592 nec
421 1537 655 1592 assumit
679 1538 973 1607 spiramina
1003 1547 1132 1592 nota
1159 1538 1428 1602 miuister,

137 1629 250 1684 Sese
272 1645 504 1684 cernuus
536 1628 800 1684 inclinans
826 1629 909 1684 ori
939 1629 1170 1700 applicat
1199 1644 1408 1693 aurem,

136 1722 352 1778 Flamine
378 1736 478 1791 pro
501 1721 629 1776 viL'e
653 1721 786 1776 nihil
816 1722 904 1776 hic
936 1723 1039 1776 nisi
1069 1732 1308 1776 aromata
1334 1722 1517 1786 sentit,

137 1811 342 1867 Nectare
365 1811 676 1882 fragrantes
701 1822 756 1866 et
785 1827 914 1868 nare
944 1813 1177 1883 capessit
1203 1813 1398 1867 odores

140 1902 324 1957 Funere
353 1902 633 1972 spirantes
653 1903 876 1974 ejusque
913 1901 1127 1959 ﬂamine
1153 1903 1351 1958 Christi

139 1993 247 2048 Late
270 2008 591 2065 respergens
615 1996 750 2051 odor
777 1995 1004 2069 inclytus
1042 1997 1250 2052 exstitit
1277 1995 1480 2052 :etlirm.

143 2085 412 2157 Discipulus
435 2102 672 2143 cernens
708 2088 978 2142 hominem
1016 2087 1157 2158 quod
1183 2087 1402 2158 liquerit
1424 2088 1591 2141 imum

142 2176 293 2232 histis
316 2175 470 2246 longa
499 2177 673 2232 trahit
699 2177 949 2248 lacrymis
970 2177 1200 2247 suspiria
1231 2176 1414 2242 corde,

144 2264 281 2320 Multa
303 2282 537 2337 querens
565 2267 876 2338 gemituque
899 2268 1134 2321 animam
1165 2267 1444 2322 confectus
1483 2267 1697 2322 anhelo.

147 2356 255 2410 Dum
275 2355 470 2410 luctum
494 2358 799 2427 ingeminat
827 2369 1007 2428 raptus
1038 2357 1303 2412 mulcente
1329 2373 1542 2426 sopore,

146 2444 331 2516 Sopitus
358 2447 548 2503 subito
573 2447 696 2517 jura
729 2465 885 2503 manu
916 2451 1061 2519 (sic),
1086 2449 1286 2504 virtute
1315 2465 1570 2520 superna,

147 2536 212 2594 En
236 2538 396 2596 Patris
423 2555 554 2596 orsa
585 2541 729 2611 capit
757 2541 976 2595 monitis
1011 2541 1112 2595 sibi
1143 2541 1268 2594 talia
1305 2541 1482 2594 dantis
1508 2555 1522 2594 :

154 2653 169 2683 ι
193 2632 257 2688 Ne
281 2643 502 2698 metuas,
523 2643 738 2702 gratam
764 2647 938 2702 neque
967 2633 1111 2687 enim
1137 2634 1350 2687 dimitto
1368 2633 1698 2700 columnam,

152 2726 358 2780 Culmina
387 2741 484 2780 uec
511 2727 718 2780 montis
738 2725 974 2795 linquam
1003 2741 1107 2796 qua
1141 2726 1339 2780 lmuina
1369 2715 1491 2782 vita?

153 2816 341 2872 Certans
367 2817 615 2883 obtinui;
644 2817 932 2882 descende,
970 2817 1419 2888 satisfaciensque

155 2906 269 2962 l’lebi
295 2912 625 2980 exspectanti
651 2910 717 2964 de
748 2925 853 2975 me,
883 2910 960 2963 sic
991 2908 1171 2980 perfer
1201 2910 1252 2963 iu
1283 2911 1469 2964 urbem

154 2998 333 3066 Nuntia,
360 3000 494 3054 clam
523 2999 708 3054 maesti
741 2998 834 3052 fiat
857 3014 924 3054 ne
957 2999 1110 3053 turba
1140 2998 1429 3063 lumultu’s;

154 3092 357 3162 bamque
381 3109 478 3165 ego
514 3091 665 3164 quod
694 3091 918 3146 Domino
949 3091 1145 3162 placuit
1169 3091 1278 3160 jam
1309 3091 1414 3146 fine
1437 3092 1636 3161 quievi.
1674 3113 1690 3146 ι

155 3182 388 3252 Opleuam
416 3186 623 3239 virtute
658 3183 893 3236 animam
927 3197 1100 3251 neque
1127 3181 1314 3236 funere
1339 3183 1563 3237 victam!

154 3273 375 3328 Affectum
402 3275 628 3345 planctu
650 3271 906 3326 famulum
937 3271 1243 3340 fessumque
1269 3271 1495 3328 levando

155 3361 314 3420 Visitat
341 3365 731 3421 inconsolatum
763 3379 828 3418 ne
855 3363 1064 3434 linquat
1093 3362 1388 3428 alummun,

157 3453 206 3506 lit
227 3471 435 3522 quonam
466 3457 588 3526 ipse
609 3458 768 3509 docet
805 3455 906 3508 ritu
935 3469 1029 3508 sua
1058 3453 1243 3507 funera
1273 3463 1444 3508 curet.

157 3543 472 3612 llxperrectus
499 3547 666 3600 homo
688 3544 960 3599 Christum
987 3542 1300 3614 pavefactus
1321 3545 1530 3608 adorat,

153 3631 444 3707 Pigneraqne
473 3647 754 3691 attentaus
774 3651 804 3690 e
833 3651 1061 3706 corpore
1086 3651 1310 3705 carpere
1338 3651 1516 3699 sacro,

155 3727 267 3784 Ecce
293 3741 502 3800 repente
532 3731 684 3787 videt
709 3730 938 3801 gelidum
971 3730 1256 3784 tremuisse
1282 3729 1533 3792 cadaver,

155 3820 216 3873 Ac
239 3837 340 3876 sese
361 3823 572 3891 penitus
594 3822 698 3877 hoc
725 3821 1082 3877 absterrerier
1105 3837 1272 3884 ausu;

155 3911 251 3974 Quo
276 3914 429 3968 misso
450 3914 616 3969 celeri
650 3913 926 3969 descendit
957 3913 1024 3967 ab
1049 3928 1174 3968 arce
1201 3926 1475 3982 regressu;

157 4003 366 4063 l’outifici
398 4007 624 4064 fratrem
652 4017 762 4063 tum
802 4007 1363 4078 dirigitAntiochruo,

156 4094 295 4162 Quem
317 4101 504 4170 probat
529 4101 832 4172 egregium,
859 4100 947 4170 qui
980 4099 1192 4154 cmlitus
1221 4099 1528 4163 irradiatus,

156 4185 357 4245 Cernere
377 4203 492 4246 erat
520 4193 716 4248 solitus
741 4191 966 4246 secretis
993 4190 1156 4244 multa
1188 4189 1494 4261 loquentem

158 4280 265 4334 Cum
292 4281 532 4340 Simeone
563 4283 738 4349 horis,
768 4282 1041 4354 przeclara:
1070 4282 1238 4336 vestis
1266 4282 1460 4336 amictu

160 4368 500 4439 Splendentem
529 4376 688 4430 niveo
716 4374 934 4428 rutilum
966 4389 1064 4428 ceu
1094 4372 1272 4444 fulgor
1299 4374 1551 4428 amicum.

102 4481 108 4491 ι
161 4463 371 4521 Crastina
397 4469 485 4523 lux
517 4485 678 4525 roseo
704 4468 968 4523 lustrabat
995 4467 1198 4522 lumine
1231 4477 1426 4532 terras,

162 4551 551 4630 Praesulibusque
579 4561 679 4614 sibi
703 4559 907 4628 junctis
947 4559 1121 4614 tribus
1151 4559 1523 4613 Autiochenus

163 4648 479 4719 approperat,
505 4654 674 4708 tensis
711 4653 856 4707 circa
883 4652 1167 4721 deponitur
1197 4651 1305 4706 alta

167 4735 324 4792 Aulmis
350 4758 476 4797 auro
495 4743 782 4811 pretiosius
803 4758 930 4797 arce
955 4741 1183 4806 monile;

175 4825 236 4878 \st
257 4831 333 4883 ubi
357 4834 616 4904 contigua:
641 4849 836 4905 corpus
859 4833 1156 4888 devertitur
1183 4849 1314 4896 arae,

175 4911 338 4971 Euneta
365 4921 418 4975 in
440 4925 663 4978 circuitu
693 4923 882 4978 nebula
908 4922 1182 4992 replentur
1202 4937 1389 4991 opaca,

173 5000 224 5055 ιί
248 5023 297 5061 se
317 5025 624 5078 przesentem
657 5014 911 5069 Dominus
944 5021 1272 5067 monstraret
1299 5012 1488 5067 adesse

172 5095 309 5134 (δην-ιι
339 5111 527 5134 Ιηηοιιω
553 5105 740 5134 ηΛΙιηΙΑ
779 5105 907 5134 -ιΛΙῖΙ
950 5120 978 5134 Α
1007 5103 1232 5134 Λῆιῖηἷηη
1258 5103 1464 5134 ιίηυοαο

1730 423 1774 473 Α
1805 433 2216 506 Nazareumque
2247 437 2367 508 pilis
2392 438 2619 494 Domino
2651 443 2852 496 ululare
2881 447 3130 512 sacratis,

1809 526 1880 581 Ut
1916 529 2158 583 dextram
2189 529 2256 582 ad
2286 531 2570 584 metuenda
2597 531 2736 597 tulit,
2779 533 2894 588 haec
2923 537 3070 590 arida
3103 535 3304 601 cessi‘i.

1806 615 1916 671 Nec
1943 617 2083 671 valet
2107 618 2192 672 hic
2213 619 2350 671 votis
2373 621 2575 674 servire
2603 623 2780 692 gelata
2817 623 3038 681 ferentis
3063 645 3078 680 τ

1806 705 2030 760 llaerens
2052 709 2275 762 antistes
2309 719 2508 778 stupet,
2531 721 2692 781 atque
2723 731 2937 770 manum
2966 718 3067 773 sibi
3097 730 3293 775 notam

1806 793 2033 850 Miratur
2062 814 2167 852 non
2193 815 2314 854 esse
2348 816 2524 868 suam,
2555 804 2946 878 Dominamque
2974 827 3186 881 rogare,
3270 791 3274 796 Ἴ

1806 885 1957 952 Quod
1989 889 2091 942 sibi
2111 888 2224 957 jam
2252 892 2424 945 visum
2450 903 2681 949 restaret
2706 896 2890 954 inutile
2921 904 3248 970 membrum;

1811 973 1985 1044 thue
2013 988 2171 1033 vovet
2192 977 2381 1046 jurans
2411 997 2468 1036 se
2502 983 2626 1037 talia
2654 986 2848 1041 deinde
2878 1005 3090 1056 cavere,

1805 1062 2142 1134 Adjutusque
2171 1083 2388 1135 precum
2419 1072 2596 1141 populi
2625 1073 2900 1133 fulcimine
2930 1081 3119 1147 multo,

1806 1155 2019 1223 Organa
2050 1173 2336 1213 nervorum
2368 1163 2559 1232 recipit
2589 1177 2840 1221 revocata
2870 1185 3112 1232 suormu,

1805 1244 2129 1317 Perditaqne
2158 1250 2392 1305 officium
2424 1257 2757 1313 recalescens
2782 1261 2958 1330 palma
2991 1279 3148 1335 recep
3175 1294 3203 1320 ,ι
3237 1307 3252 1331 ,

1806 1337 2072 1394 ιωιθιιιεε
2095 1341 2257 1411 igitur
2279 1355 2422 1399 laetu
2456 1353 2746 1406 reverenda
2775 1355 3041 1412 vehebant

1807 1427 2042 1484 Membra
2069 1447 2222 1488 suam
2255 1436 2484 1491 validum
2511 1441 2688 1509 populi
2724 1449 2962 1500 tutamen
2988 1449 3054 1501 ad
3084 1452 3271 1504 urbem

1808 1520 2050 1591 Dumque
2071 1527 2157 1593 pio
2179 1528 2580 1596 proficiscentes
2605 1548 2729 1588 cum
2754 1535 2944 1593 funere
2967 1542 3141 1596 vicum

1805 1610 2083 1669 lutroeuut
2109 1619 2420 1687 quemdam,
2452 1623 2709 1680 famulum
2749 1646 2857 1699 quo
2887 1632 3189 1688 clarificare

1816 1703 2045 1775 Legerat
2071 1707 2650 1779 Oninipoteus,osubito
2670 1734 2735 1774 eu
2765 1721 3036 1778 immobile
3072 1728 3263 1795 pignus

1810 1797 2078 1865 thlicitur;
2110 1817 2314 1870 ponunt
2351 1808 2518 1873 geruli
2561 1809 2896 1868 intolerabile
2926 1820 3155 1885 pondus,

1803 1888 1913 1943 Nec
1938 1889 2164 1946 sufferre
2192 1894 2370 1950 valent
2396 1898 2503 1950 vim
2527 1915 2647 1969 quae
2675 1901 3024 1960 descenderat
3051 1911 3239 1962 :ctlira.

1804 1980 1901 2036 llic
1923 1983 2007 2036 vir
2025 1995 2145 2040 erat
2172 1988 2372 2042 dudutn
2395 1989 2509 2044 fere
2533 1994 2886 2065 quadraginta
2916 2015 3010 2068 per
3036 2017 3204 2056 annos

1804 2075 2118 2134 Sermonem
2149 2097 2254 2135 non
2279 2099 2412 2138 aure
2442 2085 2680 2151 trahens,
2711 2105 2839 2170 non,
2856 2108 2950 2148 ore
2976 2096 3310 2164 ministrans,

1803 2167 2031 2222 Numine
2054 2171 2144 2239 qui
2175 2173 2367 2227 ductus
2391 2190 2588 2245 supero
2608 2179 2715 2231 ruit
2735 2167 2859 2234 ante
2891 2181 3166 2246 feretrum,

1804 2258 1978 2314 Seusu
2000 2262 2178 2316 cordis
2199 2278 2355 2333 opem
2386 2281 2632 2335 poscens,
2662 2285 2822 2339 quam
2848 2289 2977 2329 voce
3016 2279 3295 2348 nequibat;

1804 2349 1944 2406 Ecce
1968 2362 2184 2422 repente
2214 2355 2314 2410 sibi
2344 2357 2508 2412 divini
2537 2363 2699 2416 sentit
2735 2364 2926 2419 adesse

1803 2440 2066 2498 Culminis
2086 2445 2346 2500 auxilium
2377 2451 2641 2518 stupidus,
2681 2456 2990 2526 sensimque
3011 2467 3241 2514 caterva:

1722 2551 1726 2558 -
1808 2529 1922 2585 Non
1948 2534 2140 2588 solitus
2163 2537 2383 2592 haurire
2422 2554 2602 2606 sonos,
2634 2552 2688 2597 et
2712 2547 2870 2600 verba
2897 2563 3204 2618 capessens,

1803 2625 2232 2698 Concipiensqne
2259 2631 2439 2687 animo
2474 2632 2714 2690 insuetas
2743 2639 2885 2707 parit
2917 2655 3013 2695 ore
3051 2641 3310 2714 loquelas,

1803 2716 2235 2789 Exclamansque
2259 2722 2346 2775 diu
2376 2725 2538 2778 tacito
2559 2725 2638 2780 sic
2673 2742 2766 2783 ore
2790 2730 3034 2799 profatur
3057 2750 3072 2788 :

1808 2827 1826 2860 ι
1858 2809 2023 2864 Serve
2053 2811 2169 2876 Dei,
2210 2814 2346 2869 bene
2377 2817 2592 2882 venisti,
2623 2829 2745 2875 tuus
2773 2822 3023 2880 introitus
3049 2841 3134 2882 me

1805 2898 2066 2967 Salvavit,
2094 2903 2185 2958 tibi
2219 2922 2342 2959 nam
2367 2908 2472 2961 vita
2497 2908 2794 2966 famulabor
2818 2915 2869 2966 iu
2895 2919 3063 2982 omni,

1805 2992 2040 3062 Spiritus
2069 2996 2230 3051 hosce
2267 3013 2415 3053 meos
2442 3011 2694 3071 vegetans
2736 3005 2862 3059 dum
2905 3010 3104 3064 rexerit
3133 3019 3308 3076 artat;
3361 3035 3378 3065 ι

1803 3085 1936 3139 Cum
1972 3096 2094 3141 voto
2119 3105 2344 3160 surgens
2375 3091 2606 3148 loculum
2634 3095 2794 3151 siuml
2827 3108 2986 3169 atque
3009 3105 3290 3171 prehendit

1799 3175 2097 3231 Alleviatur
2118 3194 2274 3244 onus,
2299 3181 2477 3264 subito
2499 3187 2762 3254 portabile
2793 3188 2989 3245 factum
3006 3232 3020 3256 ,

1797 3266 2209 3339 Laudantesque
2240 3272 2404 3326 Deum
2430 3284 2642 3344 gestant
2668 3278 2786 3335 sine
2814 3283 3051 3351 pondere
3078 3289 3305 3356 pondus.

1799 3359 1909 3415 Nec
1935 3360 2154 3416 dubium
2182 3363 2321 3434 quod
2345 3366 2410 3418 ad
2439 3367 2489 3420 id
2519 3368 2776 3426 Dominus
2805 3378 3101 3432 servaverit
3125 3380 3308 3448 istum,

1800 3451 1936 3506 Dum
1967 3455 2163 3510 multos
2193 3457 2312 3512 aliis
2336 3459 2518 3529 etiam
2551 3463 2859 3534 regiOuibus
2890 3479 3038 3525 actos

1803 3543 1908 3599 Per
1935 3547 2108 3600 sancti
2141 3546 2411 3604 Simeouis
2445 3567 2600 3620 opem
2637 3569 2924 3613 curaverat
2953 3577 3149 3631 mgros,

1802 3634 2040 3690 Mortuus
2071 3645 2129 3690 ut
2165 3638 2286 3691 vita:
2315 3640 2511 3694 viventi
2549 3643 2675 3698 dum
2716 3647 2868 3702 daret
2903 3664 3030 3706 usus

1797 3724 1812 3778 Ι
1824 3742 1916 3793 pse
1947 3729 2267 3796 probaretur
2296 3728 2526 3786 feliciter
2557 3735 2609 3788 in
2638 3738 2857 3807 regione

1803 3816 1995 3870 \‘ivere
2024 3817 2264 3870 vivormn
2299 3819 2526 3889 vitaeque
2555 3823 2759 3880 haerere
2791 3827 2988 3884 datori.

1798 3905 2027 3975 Jamque
2060 3908 2490 3979 propinquabant
2521 3913 2660 3978 urbi,
2689 3917 2838 3986 plebs
2865 3923 3132 3980 maanibus
3159 3943 3286 3985 ecce

1802 3999 2180 4070 Progrediens,
2212 4003 2555 4076 psalmosque
2584 4008 2750 4066 boans
2808 4013 3127 4089 bynmisque
3164 4038 3381 4095 canora,

1804 4090 2163 4159 Lampadibus
2192 4091 2489 4164 lichnisque
2521 4099 2748 4165 micans,
2782 4105 3053 4177 ramisque
3082 4111 3278 4170 decora

1807 4181 2136 4249 Palmarum,
2169 4185 2341 4239 sacris
2378 4199 2631 4258 properat
2670 4191 2783 4247 fieri
2808 4195 2962 4252 obvia
2998 4203 3274 4270 membris,

1803 4273 1977 4341 Atque
2021 4274 2402 4344 triumphantis
2459 4282 2714 4337 mundum
2773 4297 3046 4356 gestamen
3101 4293 3384 4354 honestum

1805 4364 1933 4419 Urbi
1965 4365 2162 4421 inferre
2187 4384 2321 4433 sum,
2353 4373 2532 4440 populi
2565 4376 2837 4432 munimen
2869 4390 2922 4434 et
2949 4383 3112 4450 arcis,

1807 4457 1992 4524 Majori
2020 4459 2261 4516 ecclesia:
2297 4464 2566 4537 extemplo
2595 4467 2680 4536 pia
2712 4487 2932 4528 munera
2959 4475 3166 4531 dantes.

1806 4549 1996 4604 Pandit
2029 4551 2227 4606 abhinc
2257 4552 2514 4610 Dominus
2550 4574 2780 4626 quonam
2823 4562 2922 4616 sibi
2969 4566 3133 4622 chara
3167 4576 3384 4628 recondi

1804 4640 1937 4696 Ossa
1968 4643 2093 4696 velit
2126 4645 2323 4711 potius,
2345 4644 2658 4716 iussamque
2685 4651 2948 4706 vehuntur
2978 4656 3028 4708 in
3065 4657 3274 4726 aulam;

1806 4732 1982 4804 thue
2011 4734 2184 4804 palam
2211 4734 2374 4789 faciat
2399 4739 2610 4791 cunctis
2639 4739 2689 4792 id
2715 4743 2930 4798 numine
2952 4746 3075 4800 divo

1803 4821 2034 4877 Prorsus
2063 4826 2166 4893 agi,
2199 4825 2341 4879 clara
2371 4828 2582 4894 superis
2619 4829 2850 4886 deluittit
2883 4836 2948 4888 ab
2977 4839 3140 4894 astris

1806 4910 2092 4967 Nobilitate
2126 4916 2320 4981 virum,
2348 4917 2498 4987 virga
2529 4919 2618 4986 qui
2646 4917 2878 4990 [algidus
2905 4926 3042 4990 auri,

1805 5002 2128 5071 Splendidus
2158 5017 2403 5076 aspectu,
2441 5010 2689 5064 candenti
2720 5021 2892 5068 tectus
2921 5017 3151 5084 amictu,

1807 5095 2035 5134 Qaaitllnc
2077 5095 2328 5132 incictnno
2365 5100 2512 5132 Anon:
2566 5101 2686 5130 An...
2719 5103 2946 5130 nim“.--
2981 5108 3131 5129 ρ--.]
