3888 5330
433 247 538 304 583
1070 237 1464 295 FLODOARDI
1504 235 1821 293 CANONICI
1861 237 2206 293 REMENSIS
2244 236 2608 294 OPUSCULA
2648 236 2975 292 METRICA.

431 365 501 421 Ut
525 343 752 418 Ilomtno
766 368 986 430 junctus
1013 366 1269 412 noscatur
1301 357 1353 410 in
1380 357 1582 411 mthere
1611 372 1823 411 summo

435 456 630 510 V'rerc
653 452 915 508 nobiliter
965 450 1135 505 tantis
1172 449 1264 519 qui
1304 449 1483 503 \‘ivere
1510 448 1678 518 signis

3599 240 3693 298 58d

2125 353 2379 408 Cernitur
2401 354 2451 407 in
2479 354 2667 418 terris;
2698 354 2860 407 vitam
2895 370 2995 408 nec
3018 364 3190 409 morte
3214 365 3570 426 peremptam,

2128 446 2183 500 lu
2225 446 2417 502 melius
2448 446 2544 501 sed
2567 445 2618 500 ei
2647 446 2860 500 caelesti
2889 444 3019 501 sede
3056 445 3304 502 relatam.

1897 602 2124 659 CAPUT
2164 601 2249 657 ιιΧ

1569 690 1648 745 De
1674 693 1872 747 sanctis
1902 692 2074 748 I'itaie
2102 710 2165 747 ac
2202 690 2416 747 Meletio
2437 690 2714 761 episcopis.

434 812 623 871 Vitalis
648 812 832 867 tritam
865 814 1085 877 reparat
1118 818 1439 873 versamque
1470 803 1715 874 tyrannis

431 904 603 975 Erigit
629 900 951 965 Ecclesiam,
977 899 1432 966 decessorumque
1465 896 1756 965 benignum

440 997 667 1068 Supplet
695 1010 851 1064 opus,
874 992 1093 1062 proprio
1120 989 1403 1045 cumulans
1431 987 1644 1043 fervore
1673 987 1923 1043 decorem

435 1090 721 1160 Liciniqne
749 1087 896 1157 pium
924 1084 1111 1155 pandit
1140 1084 1240 1137 sub
1273 1090 1513 1151 tempora
1545 1079 1740 1135 zelum.

434 1180 653 1235 Intonat
673 1178 763 1232 hic
792 1176 942 1247 puris
968 1173 1149 1229 divina
1183 1170 1429 1225 Meletius
1456 1170 1619 1235 orsis,

435 1272 700 1323 Armeuas
728 1275 1014 1337 postquam
1042 1270 1254 1317 sacrato
1278 1263 1527 1331 dogmate
1552 1267 1744 1332 gentes

438 1359 656 1422 lmbuit,
683 1359 963 1411 obstructo
996 1354 1235 1408 cohiberi
1263 1368 1361 1408 nec
1390 1353 1534 1407 valet
1561 1367 1656 1407 ore

438 1448 662 1503 Eminus
688 1446 954 1501 irradians
986 1443 1168 1514 digitis
1206 1443 1334 1512 quin
1364 1442 1555 1497 ccelica
1583 1442 1801 1511 pangit;

439 1539 650 1598 Gaudet
673 1547 728 1593 et
755 1536 1008 1606 expulsus
1037 1535 1151 1589 veri
1178 1548 1398 1589 servare
1429 1533 1724 1597 libramen;

441 1630 509 1685 Et
532 1644 782 1685 remeans
809 1643 994 1683 secum
1024 1626 1200 1683 socios
1230 1625 1507 1695 coniungit
1533 1634 1587 1678 et
1617 1632 1815 1686 armat,

439 1722 666 1792 Insuper
698 1719 965 1789 acquirit;
998 1719 1171 1789 spolio
1201 1732 1416 1788 quoque
1443 1724 1633 1771 mearet
1658 1714 1847 1785 Apollo

441 1813 598 1868 Prole
626 1810 949 1875 sacerdotis,
992 1809 1185 1864 mulier
1213 1810 1406 1865 devota
1435 1806 1578 1877 quod
1607 1805 1767 1860 offert

443 1904 591 1958 I‘atri
617 1903 878 1967 salvifico,
910 1911 1123 1970 raptum
1152 1917 1180 1953 a
1203 1901 1447 1969 genitore
1476 1897 1721 1968 profano.

456 1992 608 2048 Unde
636 2007 831 2047 manus
859 2001 1022 2061 atque
1048 2007 1156 2046 aere
1186 1992 1350 2062 pedes
1375 1999 1431 2045 et
1466 1991 1622 2045 dorsa
1651 1988 1932 2044 subustuzn
1954 2028 1967 2051 ,

444 2083 574 2138 Post
602 2082 774 2153 patris
802 2082 1020 2136 attritos
1043 2080 1242 2136 celebri
1277 2080 1581 2135 certamine
1615 2080 1787 2143 divos,

448 2176 564 2231 Rex
589 2177 710 2246 pius
739 2175 942 2240 educit,
967 2174 1326 2244 claustrisque
1353 2175 1598 2244 serisque
1627 2172 1875 2233 reclusis,

446 2267 516 2322 Et
538 2276 730 2322 sancto
766 2266 1016 2320 redhibet
1045 2276 1354 2321 revocatum
1382 2274 1558 2320 matre
1576 2263 1792 2335 parenti

444 2359 725 2415 Curatrice
746 2358 941 2412 animae
963 2356 1168 2412 celatus
1201 2358 1406 2413 honore
1440 2356 1650 2427 Puellae.

445 2448 575 2505 Inde
601 2447 942 2503 Palaestinam
972 2447 1213 2517 rapidus,
1238 2450 1532 2502 comitante
1554 2445 1777 2518 Cyrillo,

446 2539 659 2612 Quique
686 2541 776 2613 pio
806 2553 927 2611 post
950 2541 1066 2595 hazc
1088 2542 1389 2610 genitorem
1421 2541 1666 2611 germine
1694 2539 1858 2610 gignit
1883 2580 1896 2600 ,

445 2631 654 2686 Praesul
683 2631 1012 2701 apostolicus
1039 2633 1304 2709 synodum
1331 2633 1545 2687 diversa
1571 2640 1812 2687 secutam

452 2722 577 2779 Veri
605 2724 722 2778 luce
748 2732 956 2795 gregat,
986 2724 1238 2780 concordi
1271 2738 1403 2793 pace
1431 2732 1669 2787 serenat,

448 2815 801 2887 Insinuatque
829 2816 922 2871 Dei
952 2833 1114 2886 quam
1145 2818 1216 2871 sit
1247 2817 1549 2871 substantia
1579 2815 1831 2885 simplex,

452 2907 599 2961 Daus
627 2923 820 2978 purum
849 2908 972 2963 ﬁdei
1001 2907 1229 2963 Joviano
1258 2907 1453 2978 dogma
1480 2906 1732 2978 probari;
1764 2898 1765 2901 “

452 2996 708 3054 Dividuas
737 2996 950 3070 fugiens
974 2998 1115 3063 lites,
1144 3013 1331 3069 pacem
1358 2998 1611 3055 omnibus
1633 2995 1815 3059 offert,

456 3088 859 3158 Raptorentque
883 3090 1067 3160 lupum
1096 3105 1252 3144 saera
1282 3089 1335 3143 in
1364 3089 1635 3144 consortia
1668 3086 1874 3157 poscit;

456 3176 711 3235 Errorem
734 3160 975 3249 abiiciat,
999 3179 1189 3235 feralia
1216 3181 1441 3236 crimina
1471 3189 1659 3250 ponat,

2051 820 2098 877 Α
2130 805 2351 860 Desinat
2380 818 2504 859 esse
2532 804 2689 873 lupus
2715 800 2971 873 mitisque
2999 812 3258 874 appareat
3282 821 3477 875 agnus,

2125 897 2301 966 A'tque
2324 910 2517 966 greges
2541 894 2698 964 parili
2729 910 2912 948 secum
2942 896 3204 949 tutamine
3233 906 3456 967 pascat:

2130 987 2323 1042 Sedem
2357 1002 2537 1042 sermo
2570 987 2662 1042 Dei
2695 994 2899 1049 teneat,
2923 986 3221 1058 jungantur
3242 998 3469 1059 utraque

2128 1077 2290 1132 Parte
2314 1077 2497 1140 duces,
2530 1091 2638 1130 uno
2658 1076 2843 1144 jaceat
2877 1092 3007 1146 grex
3035 1078 3213 1132 omnis
3244 1079 3411 1132 ovili:

2133 1168 2292 1224 Solus
2319 1169 2410 1239 qui
2439 1177 2658 1238 superet
2685 1169 2956 1239 generalia
2989 1171 3230 1239 regmina
3265 1180 3477 1225 tractet.

2131 1259 2356 1315 Foedera
2381 1259 2475 1313 sed
2502 1259 2651 1328 pacis
2678 1258 2915 1313 crudelis
2945 1259 3120 1313 bellua
3153 1262 3358 1327 nescit;

2133 1352 2343 1408 Pastori
2373 1367 2502 1421 ergo
2534 1351 2623 1421 pio
2651 1351 2932 1406 caularum
2955 1352 3081 1421 jura
3114 1352 3405 1417 feruntur;

2134 1445 2345 1499 Crescit
2379 1444 2550 1499 honor
2575 1444 2717 1509 miti,
2743 1457 2843 1513 pro
2863 1444 3001 1498 votis
3026 1459 3190 1515 regna
3222 1454 3483 1515 reguntur

2137 1534 2403 1599 Pacificis,
2435 1542 2646 1604 sceptra
2680 1535 2890 1603 imperii
2920 1536 3123 1591 virtute
3151 1537 3449 1606 probantur

2139 1624 2427 1680 Pontifices
2448 1625 2612 1694 digno
2635 1624 2906 1694 praecelsis
2932 1624 3170 1681 fascibus
3194 1626 3323 1681 addi

2139 1716 2443 1772 Barbaricis
2470 1714 2774 1770 Theodosio
2800 1726 3091 1786 superante
3115 1718 3380 1783 catervis,

2141 1808 2359 1864 Derotis
2392 1823 2621 1877 seseque
2649 1824 2810 1862 manu
2843 1819 3102 1864 cernente
3131 1811 3275 1866 beati

2140 1902 2388 1959 Collibus
2408 1901 2611 1963 ornari,
2646 1900 2905 1971 regnique
2933 1901 3118 1956 subire
3147 1902 3427 1970 decorem,

2148 1991 2396 2046 Visorutu
2421 1993 2704 2045 confirmat
2731 2006 2888 2059 opus,
2917 1992 3237 2047 documenta
3270 2003 3539 2049 secutum.

2145 2086 2262 2154 Quo
2291 2086 2577 2154 splendore
2609 2085 2789 2140 nitens
2819 2086 2909 2139 ubi
2942 2085 3195 2154 primitus
3217 2101 3312 2140 ora
3343 2087 3553 2157 patroni

2076 2201 2117 2258 η
2145 2178 2251 2233 Ore
2274 2176 2403 2247 legit
2433 2175 2709 2245 princeps,
2744 2193 2774 2231 c
2805 2176 3049 2246 pluribus
3074 2177 3276 2244 excipit
3304 2193 3492 2242 unum,

2146 2268 2461 2339 Agnosceus
2489 2266 2635 2320 nullo
2666 2268 2950 2335 prodente,
2984 2266 3244 2334 petitque.
3270 2268 3587 2337 probatque,

2148 2358 2325 2428 thue
2351 2368 2559 2428 patrem
2587 2359 2823 2421 soboles,
2849 2358 3198 2427 amplectitur
3215 2398 3231 2423 ,
3255 2360 3459 2425 ambit,
3489 2359 3705 2424 honorat,

2147 2449 2341 2507 Oscula
2372 2451 2465 2504 dat
2492 2450 2668 2514 labiis,
2694 2450 2898 2516 oculis;
2925 2460 3219 2521 pectusilue
3246 2460 3541 2520 caputque,

2148 2540 2378 2610 Insuper
2407 2549 2462 2593 et
2491 2538 2762 2603 dextram,
2790 2556 2898 2609 qua
2926 2555 2984 2593 se
3012 2542 3311 2609 sumpsisse
3336 2555 3587 2595 coronam

2150 2630 2239 2687 Fit
2264 2645 2490 2693 memor.
2513 2644 2607 2686 ore
2632 2630 2761 2685 colit
2789 2641 3057 2700 relegens,
3079 2641 3371 2700 conspecta
3401 2630 3617 2693 retexit;

2152 2723 2396 2793 Cumque
2426 2724 2540 2792 ipso
2570 2723 2692 2778 fidei
2719 2738 2965 2778 normam
2996 2722 3360 2793 Patribusque
3382 2731 3647 2781 retractat,

2153 2812 2417 2883 Iluncqtte
2455 2814 2646 2868 I’atres
2689 2813 3005 2880 celebrant,
3051 2813 3322 2884 dignoque
3360 2814 3534 2867 nitore
3563 2824 3701 2865 reae-

3484 2901 3649 2975 [statu

2154 2996 2264 3052 Nec
2288 2996 2503 3067 longum
2537 3005 2661 3065 post
2689 2996 2952 3051 emeritus
2988 2995 3121 3066 petit
3145 2996 3350 3050 munera
3384 2994 3573 3067 praesul

2154 3087 2537 3158 Nohiliumque
2568 3088 2701 3142 uitet
2726 3102 3032 3158 praemium
3061 3087 3216 3142 laude
3240 3085 3507 3156 sepultus.

2166 3178 2420 3250 Martyris
2448 3190 2504 3235 et
2529 3180 2699 3233 theca:
2725 3178 3043 3248 conjunctus
3072 3179 3277 3234 honore
3306 3175 3537 3247 Babylaz.

1966 3338 2193 3398 CAPUT
2234 3337 2303 3393 X.

1362 3421 1439 3477 De
1467 3435 1650 3479 sancto
1680 3424 1943 3484 Flaviano
1970 3443 2019 3486 et
2045 3434 2228 3486 amicis
2249 3448 2311 3485 ac
2337 3426 2723 3484 successoribus
2745 3426 2882 3496 ejus.

456 3537 584 3594 Eois
607 3534 880 3602 Patribus,
910 3545 1216 3605 cunctoque
1242 3534 1458 3594 favente
1483 3551 1696 3605 senatu,
2079 3534 2124 3592 C
2157 3545 2481 3600 Praesentem
2516 3540 2661 3597 dolet
2693 3539 2905 3596 excelsa
2933 3553 2993 3594 se
3023 3539 3142 3595 luce
3167 3548 3499 3609 prementem

460 3631 697 3700 Erigitur
726 3630 933 3684 meritae
957 3628 1244 3685 Flavianus
1271 3630 1475 3686 honore
1502 3634 1776 3690 cathedra:

457 3721 635 3792 Atque
660 3718 805 3774 Petri
834 3718 1066 3788 primam
1096 3721 1322 3774 sortitur
1346 3722 1585 3790 regmine
1616 3724 1819 3790 sedem,

458 3812 623 3883 Cujus
645 3812 756 3880 jam
783 3812 990 3881 pridem
1018 3812 1336 3868 moderatur
1362 3813 1542 3867 navita
1569 3815 1817 3885 cymbam

455 3906 602 3961 Inter
626 3913 682 3961 et
712 3905 968 3960 adversas
994 3902 1193 3958 mundo
1232 3903 1472 3959 fervente
1500 3906 1785 3975 procellas,

458 3994 733 4063 Consiliis,
770 3996 961 4050 rabido
987 3996 1278 4064 prohibens
1306 3995 1448 4050 hanc
1480 4012 1698 4066 aequore
1724 3998 1916 4069 mergi,
2014 4034 2023 4043 .

463 4090 744 4154 Comehat,
777 4088 1004 4159 placidis
1027 4088 1278 4142 servabat
1303 4087 1516 4142 turbine
1540 4091 1724 4154 remis,

463 4181 857 4252 Dispositisque
885 4180 1087 4234 docens
1116 4177 1318 4246 Regem
1352 4178 1574 4233 laudare
1598 4181 1808 4236 choreis

468 4270 709 4325 Davitica
741 4270 888 4324 dedit
913 4268 1207 4323 Ecclesiam
1233 4268 1460 4323 reboare
1488 4284 1715 4325 camena

468 4363 815 4432 .Eternisque
838 4361 1022 4417 choris
1050 4360 1228 4415 divina
1256 4371 1502 4429 poemata
1532 4364 1712 4433 pangi.

466 4455 720 4512 Excubiis
749 4454 957 4511 instans
986 4452 1123 4523 Agui
1156 4467 1339 4508 secum
1366 4453 1583 4523 agmina
1606 4454 1751 4526 cogit

468 4547 733 4602 Concordi
758 4544 1045 4599 Dominum
1079 4543 1305 4613 laetaque
1329 4544 1582 4600 canentia
1614 4545 1802 4611 laude;

469 4640 761 4695 llorrorem
791 4638 1060 4693 incutiens
1087 4637 1285 4707 pravis,
1321 4637 1412 4691 dat
1434 4637 1626 4707 gaudia
1647 4635 1841 4705 juSIis:

471 4734 580 4788 Nec
613 4740 840 4794 terrore,
873 4745 970 4785 nec
998 4730 1209 4784 insidiis
1239 4729 1326 4797 pia
1358 4729 1604 4799 dogmata
1634 4729 1901 4799 linquens,

464 4824 715 4877 Culmine
740 4836 839 4876 nec
862 4830 1054 4889 captus
1085 4829 1333 4875 teutusve
1359 4820 1426 4873 ad
1450 4820 1568 4873 dira
1591 4828 1842 4884 coactus;

471 4915 758 4984 Expugnat
781 4927 1005 4975 nocuos,
1036 4911 1254 4965 asciscit
1282 4925 1454 4980 agone
1483 4912 1696 4967 sodales
1723 4929 1735 4965 :

474 5004 765 5038 Ιὶήιιιπσηηὶ
819 5001 1013 5038 nili-tae
1042 5016 1147 5038 nnn
1176 5009 1292 5038 nnc!
1329 5011 1540 5038 rnnlnrn
1569 5002 1849 5038 nn'nnlur-

2157 3634 2280 3691 Oris
2309 3644 2365 3689 et
2392 3634 2456 3688 ad
2494 3631 2742 3687 columen
2771 3629 3037 3700 magualia
3066 3629 3202 3684 mira
3229 3629 3514 3684 ferentem.

2156 3727 2250 3781 llis
2277 3726 2364 3780 vir
2392 3722 2676 3795 praecipuis
2703 3719 2864 3776 factis
2887 3729 2944 3776 et
2965 3721 3174 3791 origine
3197 3720 3398 3785 Celsus,

2156 3820 2394 3877 Necdum
2417 3820 2544 3875 sede
2576 3818 2780 3883 fruens,
2810 3817 3103 3872 Flavianus
3131 3816 3301 3872 fultus
3326 3817 3515 3872 amicis

2154 3913 2300 3969 Bella
2332 3912 2471 3982 lupis
2500 3910 2687 3973 obicit,
2717 3909 2953 3979 pastoris
2984 3910 3181 3965 robore
3208 3909 3375 3980 digna

2154 4005 2361 4069 Exerit,
2389 4003 2621 4058 ostensis
2646 4000 2885 4055 defendit
2907 4001 3069 4056 ovilia
3094 3999 3285 4055 belvis.

2157 4096 2283 4152 Tela
2316 4094 2483 4159 acuit,
2511 4095 2792 4164 pharetras
2813 4101 2869 4147 et
2897 4092 3299 4163 propugnacula
3329 4092 3530 4155 condit,

2157 4190 2414 4245 Ilostibus
2439 4188 2684 4249 obsistit,
2712 4187 2965 4258 gregibus
2996 4186 3293 4241 munimina
3327 4186 3499 4249 snt;

2060 4332 2065 4337 .
2158 4279 2429 4335 Bellantes
2464 4286 2698 4341 recreat,
2733 4277 2886 4332 bellis
2916 4275 3164 4331 consulta
3194 4275 3500 4339 ministrat;

2157 4372 2332 4429 Arcus
2357 4370 2585 4435 emunit,
2614 4369 2881 4423 radiantia
2915 4367 3118 4439 spicula
3146 4367 3346 4433 mittit;

2158 4461 2389 4517 Insidias
2415 4460 2632 4530 frangit,
2663 4459 2940 4528 captantia
2970 4458 3105 4513 retia
3132 4458 3367 4529 rumpit,

2159 4551 2535 4621 Falleutesque
2565 4550 2707 4606 feras
2736 4551 2928 4621 agnina
2951 4549 3093 4618 pelle
3120 4549 3374 4615 ret-ludit,

2163 4641 2373 4712 Deprou
2400 4641 2546 4710 itque
2576 4642 2750 4710 lupos,
2782 4640 3023 4695 discussa
3050 4639 3260 4706 fraude,
3288 4641 3531 4701 latentes,

2165 4731 2501 4801 Tutaturque
2528 4746 2738 4801 greges,
2769 4741 2823 4785 et
2845 4732 3100 4787 dentibus
3127 4733 3318 4788 eximit
3346 4732 3497 4795 atris.

2168 4821 2471 4891 Solertique
2500 4821 2638 4877 vafri
2668 4823 2877 4877 dirimit
2904 4823 3138 4878 labentia
3166 4824 3334 4879 morbi

2092 4896 2137 4953 Ῑ)
2165 4915 2423 4979 Consilio,
2447 4914 2749 4985 retegitque
2782 4914 2937 4970 dolos
2960 4927 3015 4970 et
3040 4915 3198 4970 melle
3226 4930 3485 4971 venenum

2167 5007 2322 5038 ΏΙῖΛῖΙ
2375 5005 2586 5038 Also-nlla
2611 5021 2806 5038 anna-no
2835 5022 3054 5038 ‘vnmnnn
3081 5006 3259 5038 ,ειυιὴο
3288 5008 3453 5038 πηοιῖο
