3888 5330
127 403 225 462 885

126 516 366 586 hecque
398 514 632 585 pastoris
657 516 854 586 tegitur
878 530 1042 585 pecus
1073 528 1233 568 omne
1261 513 1460 582 quiete.

125 607 366 662 Flatibus
389 607 517 660 hinc
547 607 739 661 iterum
767 606 956 676 pulsus
988 604 1262 674 patienter
1287 604 1545 658 honestus

126 697 369 753 Persistit
392 696 612 767 praesul,
645 697 760 751 dira
788 695 970 749 omnia
995 694 1137 748 ferre
1165 702 1419 763 paratus;

125 789 342 859 Sceptra
371 798 598 844 vocatus
626 788 759 853 adit,
785 801 1038 841 censores
1065 801 1169 839 non
1197 784 1331 854 fugit
1353 784 1568 848 hostes,

123 881 229 937 Non
255 881 612 937 adversantes
636 879 910 951 reprobat,
940 879 1176 933 torvisve
1203 875 1450 940 resultat,

122 971 314 1026 Cedere
343 970 670 1041 pollicitans,
701 969 916 1040 apicem
941 982 999 1023 se
1029 981 1230 1036 ponere
1255 966 1502 1036 spondet,

121 1062 219 1118 Nec
233 1077 605 1118 successorem
625 1063 822 1127 renuit,
848 1077 949 1116 nec
977 1061 1128 1131 plura
1153 1057 1387 1128 pavescit
1418 1055 1704 1129 [probatur

121 1156 357 1225 Principe
380 1156 437 1210 in
463 1156 604 1210 irato
628 1155 749 1227 [ηις.
779 1155 815 1209 2
852 1154 1074 1226 mirato]
1103 1170 1118 1208 :
1167 1153 1363 1222 dignus
1412 1151 1540 1204 hinc
1570 1151 1701 1205 sede

119 1252 270 1320 Cujus
293 1262 351 1307 et
382 1254 660 1324 Augustus
684 1266 925 1315 causam,
971 1251 1177 1305 crimen
1229 1261 1444 1316 quoque
1483 1259 1701 1300 sumere

120 1343 322 1398 Dissicit
349 1358 574 1399 errores
598 1352 653 1398 et
683 1342 844 1398 stulta
875 1341 1067 1397 cavilla
1097 1338 1352 1401 resolvit;
1422 1333 1694 1406 [poscens,

88 1454 94 1460 ·
120 1435 297 1490 Pacem
327 1437 586 1500 restituit,
616 1436 829 1490 turbata
858 1433 1140 1490 cacumina
1164 1431 1354 1496 nectit,

117 1526 410 1599 Iunguntur
434 1527 636 1598 populi,
664 1535 860 1582 coeunt
887 1527 940 1580 in
968 1525 1172 1580 fmdera
1204 1534 1393 1594 gentes
1416 1542 1431 1579 :

118 1617 316 1690 Illyrici,
339 1618 563 1691 Egypti
591 1619 771 1683 simul,
793 1619 947 1683 Asia,
973 1616 1228 1682 Thracia,
1254 1615 1477 1682 Pontus,

118 1708 486 1782 Hesperiasque
507 1710 816 1766 sacerdotes
837 1709 927 1788 pia
953 1717 1111 1779 pacta
1142 1716 1452 1776 capessunt.

118 1797 302 1858 Praul
325 1811 386 1858 et
409 1803 674 1860 emeritus
701 1801 824 1860 cmli
852 1799 1074 1872 fastigia
1100 1799 1331 1855 scandit.

662 403 749 459 BE
785 399 1161 458 TRIUMPIIIS
1195 398 1474 454 CHRISTI
1514 399 1746 456 ANTIOI

1785 399 1910 454 lll/E
1934 398 2182 456 GESTIS
2227 399 2401 456 LIBRI
2436 401 2596 458 DUO.
2621 434 2690 444 --
2723 402 2848 458 LIII.
2883 403 2946 458 II.

1736 503 1784 558 Α
1815 511 2114 582 Porphyrio
2142 512 2285 569 sedis
2307 514 2549 569 Flaviani
2579 524 2726 570 sorte
2755 517 2944 586 potito,

3289 407 3396 462 886

1808 605 1996 660 Almus
2017 605 2321 661 Alexander
2346 607 2506 678 digno
2535 608 2776 663 succedit
2801 611 3032 674 honore,

1807 699 1989 754 Laude
2015 700 2411 768 I'requentatus,
2435 701 2718 770 probitatis
2745 715 2969 755 munere
3003 708 3237 767 mactus,

1808 790 1915 846 Ore
1939 791 2154 860 quidem
2181 791 2382 855 clarus,
2411 792 2534 844 vita:
2560 791 2654 845 sed
2679 790 2876 845 clarior
2908 802 3054 846 actu.

1807 881 2104 934 Abiuutum
2130 881 2334 950 pridem
2359 896 2524 951 pecus
2547 881 2599 934 in
2623 881 2763 936 ovile
2787 881 3068 946 reducens,

1805 973 1941 1028 Dum
1971 974 2104 1028 lotas
2135 974 2324 1044 recipit
2345 974 2507 1028 fluvio
2530 973 2867 1028 exhilarante
2895 974 3139 1029 bidentes
3157 1012 3174 1040 ,

1807 1065 2001 1119 Hostes
2031 1065 2324 1135 ingemere,
2353 1074 2408 1119 at
2433 1065 2578 1120 cives
2604 1064 2931 1135 applaudere
2961 1072 3184 1134 praestat

1803 1155 2006 1226 lmpete
2027 1157 2307 1212 laetificans
2338 1159 2574 1212 revocati
2601 1158 2840 1212 fluminis
2865 1158 3074 1212 urbem.

1801 1245 2065 1316 lluncque
2087 1246 2404 1304 Theodorus
2426 1248 2712 1318 probitatis
2739 1248 2988 1303 acumine
3008 1258 3226 1305 sectans

1799 1338 2068 1394 Castilica:
2094 1339 2370 1410 speculum
2399 1341 2542 1403 vitae,
2574 1341 2772 1409 pietate
2795 1339 3023 1394 renidet.

1799 1427 1932 1494 Quae
1961 1439 2166 1485 restant
2193 1431 2357 1485 etiam
2392 1431 2561 1500 septis
2592 1430 2844 1500 pecuaria
2877 1429 3070 1486 reddit.

1799 1517 1928 1573 l’ost
1954 1535 2116 1588 quem
2143 1521 2518 1591 magnanimus
2551 1519 2716 1574 sumit
2741 1534 2892 1572 sacra
2911 1517 3033 1585 jura
3061 1517 3319 1574 Joannes.

1797 1609 2023 1666 Ponitur
2042 1611 2150 1676 hic,
2181 1612 2436 1681 ponitque
2459 1611 2574 1681 pari
2601 1609 2815 1666 fervore
2841 1608 3122 1680 Cyrillum,

1795 1700 1896 1756 Cui
1928 1700 2091 1758 Marci
2122 1703 2448 1768 redhibens,
2494 1701 2694 1772 Ccpha:
2732 1716 2947 1772 quoque
2987 1701 3114 1756 sede
3148 1709 3384 1771 recepta,

1795 1791 1931 1848 Dum
1957 1792 2080 1850 lites
2107 1803 2419 1859 removent,
2464 1793 2665 1850 Christi
2707 1792 2884 1848 aulam
2917 1807 3049 1864 pacc
3073 1801 3381 1849 venustant.

1558 2028 1788 2092 CAPUT
1827 2032 1920 2088 XI.

1020 2120 1094 2182 De
1120 2136 1300 2182 sancto
1334 2125 1644 2182 Macedonio
1669 2125 1906 2191 eremim,
1945 2129 1992 2178 et
2032 2119 2261 2194 Evagrio
2301 2119 2500 2193 (I67‘).

118 2235 408 2310 Pugnavere
431 2239 535 2294 viri
564 2240 710 2296 circa
739 2239 883 2296 hanc
908 2239 1201 2295 virtutibus
1227 2240 1414 2295 urbem
1433 2280 1446 2304 ,

119 2330 386 2387 Vincentes
412 2333 618 2402 pariter
643 2333 907 2387 mundum
948 2333 1304 2402 rabidumque
1333 2341 1621 2404 tyrannum
1642 2371 1656 2398 ,

119 2421 351 2478 Tulantes
381 2423 531 2478 cives
561 2433 616 2480 et
643 2424 794 2479 mitia
821 2434 1001 2480 castra
1028 2433 1291 2497 tegentes,

121 2510 250 2568 Nunc
288 2514 586 2584 precibus,
635 2515 857 2570 monitis
901 2530 1078 2581 nunc,
1118 2515 1336 2586 agiuina
1377 2522 1562 2570 sancta
1606 2528 1690 2569 rc-

1376 2605 1610 2678 [gentcs,

120 2693 250 2753 Nunc
273 2697 600 2764 intercessu,
630 2697 790 2754 modo
815 2698 1106 2764 subventu,
1137 2707 1262 2769 apta
1287 2700 1542 2753 ferentes.

121 2787 327 2854 Quorum
351 2791 507 2863 jussa
537 2791 883 2848 Macedonius
907 2792 1145 2847 crudelia
1171 2793 1328 2846 caesis
1351 2792 1487 2862 (cod.
1511 2792 1546 2844 ‘2
1563 2806 1688 2845 cen-

121 2880 422 2954 Detorquere
446 2899 648 2954 parans
666 2884 893 2956 jugulis,
923 2899 953 2939 e
983 2885 1257 2940 montibus
1287 2884 1410 2938 altis
1534 2883 1687 2954 [δίδη

122 2970 310 3030 Civibus
337 2975 598 3031 advectus
639 2977 883 3046 trepidis,
907 2975 1119 3031 funesta
1144 2985 1393 3046 gerentes

120 3065 449 3135 Aggreditur;
485 3068 683 3138 pannis
709 3068 883 3124 fasces
912 3069 1053 3122 haud
1079 3069 1288 3122 obsitus
1314 3069 1520 3132 horret,

121 3155 210 3213 lino
230 3160 372 3214 aditu
395 3171 608 3216 terrens
633 3169 759 3216 sunt
781 3176 901 3230 qua:
930 3161 1182 3216 mandata
1209 3160 1406 3214 minaci

123 3247 432 3323 Sceptrigero
466 3252 694 3324 leganda
713 3253 864 3318 serit,
890 3262 1071 3308 monet
1094 3268 1214 3309 esse
1239 3254 1500 3308 caducum

121 3337 175 3394 Et
195 3342 387 3398 similes
412 3352 590 3400 sortes
615 3344 885 3400 dominari
919 3344 972 3398 in
1005 3345 1245 3415 regmina
1268 3343 1519 3407 fratrum,

1795 2235 2058 2291 Panditur
2087 2243 2328 2290 actutum
2358 2241 2662 2305 grassatum
2689 2231 2870 2305 prada
2902 2224 3129 2305 rapinis,

1793 2325 2185 2380 Ismaelitarum
2224 2327 2536 2396 rapiturque
2567 2326 2838 2391 examine,
2873 2326 3044 2380 turba:

1795 2416 2063 2486 Dispersa:
2091 2417 2348 2471 comitum
2378 2417 2543 2472 variis
2574 2427 2628 2472 et
2662 2416 2904 2472 cladibus
2937 2425 3102 2479 actae;

1794 2508 1993 2578 Sicque
2022 2509 2352 2565 camelorum
2385 2509 2832 2579 gibbissublimis
2864 2509 3159 2572 inlimreus,

1792 2602 1896 2657 Per
1924 2612 2135 2658 vastam
2165 2602 2339 2658 fertur
2366 2619 2632 2670 eremum,
2665 2619 2794 2658 caro
2825 2604 2991 2658 cruda
3024 2591 3246 2657 resolvit

1792 2695 2064 2761 Esuriem,
2089 2697 2289 2752 misero
2314 2706 2534 2767 potatur
2563 2696 2703 2752 lacte
2729 2697 2949 2763 cameli,

1788 2788 2092 2844 Barbariem
2116 2799 2370 2845 curvatus
2397 2790 2542 2844 hera:
2571 2791 2728 2844 datur
2756 2791 2961 2860 absque
2991 2788 3258 2860 pudendis

1789 2881 1973 2936 Nudus
2001 2882 2174 2948 abire,
2201 2883 2394 2938 ovibus
2424 2883 2585 2937 discit
2614 2884 2917 2954 dependere
2944 2899 3154 2937 curaui.

1787 2972 2083 3028 Servitium
2114 2985 2368 3044 respectu
2397 2975 2541 3030 levat
2567 2976 2888 3031 memoratio
2910 2985 3159 3047 patrum;

1787 3066 1965 3138 Exigit
1993 3068 2082 3122 hic
2111 3070 2460 3136 monachum,
2492 3069 2744 3139 precibus
2772 3069 3098 3139 psalmisque
3124 3077 3279 3125 sueto

1783 3158 1974 3224 Instat,
2006 3159 2281 3216 delectant
2306 3159 2596 3215 famulatus
2619 3161 2746 3232 jura
2776 3161 3083 3216 subactum.

1785 3250 1990 3305 Invidet
2014 3251 2100 3306 his
2130 3252 2324 3316 hostis,
2354 3251 2679 3323 laqueosque
2709 3267 2806 3323 per
2835 3251 3014 3307 abdita
3047 3251 3295 3316 tendens,
3347 3277 3356 3283 -

1784 3341 2045 3396 Hortatur
2073 3343 2352 3398 dominum
2383 3345 2547 3398 donet
2575 3343 2838 3398 solamine
2869 3357 3084 3398 servum

120 3427 209 3484 Nec
228 3432 393 3487 solum
417 3434 736 3505 imperium,
763 3433 990 3505 parilem
1019 3437 1148 3506 quin
1179 3451 1405 3492 cernere
1425 3446 1673 3506 partum;
1708 3496 1744 3509 Α
1781 3430 1951 3497 Quem
1977 3433 2124 3487 videt
2151 3434 2425 3504 egregium
2453 3434 2637 3490 caulas
2668 3435 2891 3505 implere
2912 3444 3229 3506 patronum,

121 3519 285 3578 Puniat
311 3526 450 3580 haud
480 3527 728 3583 homines
757 3528 968 3582 Domini
1005 3529 1104 3584 sub
1132 3528 1366 3600 imagine
1392 3528 1598 3594 factos,

120 3609 314 3671 lrritans
344 3616 633 3673 Dominum
655 3617 811 3687 cujus
835 3619 1058 3690 punitur
1086 3619 1266 3691 imago
1289 3637 1302 3674 :

121 3701 166 3756 Si
184 3720 378 3763 versam
405 3710 593 3765 uxoris
617 3718 852 3766 statuam
880 3725 1044 3783 grave
1068 3712 1232 3767 ducat
1253 3711 1505 3776 ahenam,

119 3792 263 3862 Quam
289 3816 442 3872 mage
470 3800 858 3858 Cuncticreans
889 3812 1169 3858 moveatur
1200 3805 1435 3872 imagine
1479 3816 1628 3875 rapta
1656 3826 1667 3860 :

119 3883 172 3940 Et
193 3880 438 3957 quantum
467 3892 648 3947 videat
675 3902 890 3948 sensata
920 3894 1232 3948 carentibus
1261 3894 1471 3958 absint;

119 3977 300 4053 Nosque
327 3983 488 4040 simul
519 3984 700 4055 plures
726 3987 884 4042 unius
913 3986 1119 4042 honore
1148 3989 1328 4042 valere
1352 4004 1366 4041 :

119 4069 266 4138 Ipsum
288 4091 384 4132 nec
421 4077 692 4132 modicum
720 4076 906 4132 functo
934 4093 1188 4146 reparare
1209 4077 1488 4147 capillum.

121 4160 210 4221 lloc
231 4168 619 4225 infrendentem
646 4171 904 4227 cohibens
931 4181 1142 4226 terrore
1164 4172 1375 4227 leonem

119 4252 322 4316 Crimine
349 4263 663 4332 primatem,
697 4262 856 4318 solvit
877 4263 1191 4330 discrimine
1221 4263 1454 4332 plebem,

119 4342 253 4417 Inque
273 4352 646 4408 resolvendum
669 4353 843 4408 fertur
866 4365 1016 4408 mens
1040 4351 1260 4407 delubra
1291 4353 1451 4423 regis.

173 4436 259 4495 llic
283 4457 436 4498 sacer
460 4443 664 4514 nigenii
694 4442 922 4498 rutilans
948 4443 1211 4514 Evagrius
1238 4443 1382 4498 acris

123 4522 235 4582 Luce
258 4531 340 4599 pia
371 4531 552 4596 nituit,
583 4540 821 4588 tractans
850 4533 1028 4587 dlvina
1055 4533 1329 4587 decenter.

177 4616 274 4676 l‘lac
291 4622 480 4678 tellure
511 4623 608 4679 Dei
629 4623 776 4678 cultu
805 4633 1016 4678 terrena
1051 4623 1385 4694 relinquens,

117 4705 219 4768 Iure
243 4717 504 4783 pudicitiae
526 4717 736 4788 fugiens
758 4733 846 4772 res
869 4725 1030 4788 atque
1059 4727 1332 4788 parentes,

119 4797 324 4863 Praetulit
353 4809 622 4866 illecebris
650 4809 900 4866 monachi
928 4811 1224 4866 certamina
1259 4810 1439 4864 mundi

121 4889 345 4965 lalchus,
376 4917 558 4972 regem
584 4910 710 4958 actu
743 4909 1019 4972 retegens,
1069 4916 1230 4970 quem
1277 4903 1493 4956 nomine
1529 4915 1666 4971 pra:-

1300 4995 1429 5067 [fert
1459 4995 1628 5065 (I68).

117 5076 315 5140 Callidus
341 5085 485 5142 hunc
513 5083 688 5143 hostis
716 5087 979 5142 virtutum
1011 5085 1247 5142 culmine
1274 5102 1504 5143 cernens

118 5166 338 5224 Gliscere-
366 5177 667 5224 temlinnlas
690 5178 839 5224 ant-di
869 5175 1204 5224 oirnttrniacit
1229 5187 1377 5224 atras
1407 5195 1420 5224 ε

1703 3499 1747 3553 (λ
1785 3521 2092 3577 Vinclorum
2122 3527 2328 3580 sociam
2359 3525 2564 3582 famulo
2591 3543 2794 3583 nexare
2823 3529 3079 3584 maritam

1779 3618 2056 3686 Deccrnit,
2093 3621 2274 3692 gladio
2305 3633 2623 3678 renuentem
2652 3623 2847 3680 cedere
2877 3624 3050 3695 cogit,

1778 3711 2084 3768 Detestatus
2119 3714 2217 3768 init
2245 3714 2510 3770 thalamos
2535 3715 2734 3769 virtute
2760 3731 3003 3785 perosos,

1777 3804 2040 3873 Plangere
2064 3819 2164 3874 pro
2199 3813 2382 3870 cantu,
2411 3821 2510 3874 pro
2542 3805 2737 3861 saltatu
2763 3807 2928 3862 edere
2957 3807 3184 3872 luctum,

1774 3898 1929 3955 Flere
1958 3901 2584 3974 pudicitiam,proprium
2619 3904 2959 3960 consciscere
2987 3903 3216 3972 lethum,

1775 3989 2032 4057 Quaerere
2057 3993 2362 4056 decessum,
2386 3993 2510 4047 vitae
2537 3992 2791 4064 pra-ferre
2818 3994 3078 4064 pudorem
3108 4012 3123 4048 :

1779 4083 2000 4138 Evibrat
2027 4084 2080 4138 in
2109 4098 2227 4139 sese
2251 4083 2480 4150 ferrum,
2513 4099 2694 4140 comes
2723 4085 2943 4140 ausibus
2969 4086 3154 4141 obstat
3179 4101 3194 4140 :

1776 4169 1948 4228 Morte
1977 4173 2091 4230 fera
2125 4175 2420 4241 abstineat,
2445 4176 2593 4244 jurat
2625 4177 2710 4232 vel
2739 4191 2798 4232 se
2825 4177 2980 4247 prius
3004 4177 3148 4234 Orco

1773 4263 2032 4320 Demittat
2055 4266 2263 4334 feritas,
2293 4267 2383 4322 tali
2411 4268 2695 4323 nexamine
2715 4267 2905 4338 jungat

1772 4354 2057 4412 Certantes
2084 4358 2296 4413 animas
2322 4357 2496 4414 lucem
2527 4369 2852 4430 postponere
2878 4360 3074 4426 castis;

1772 4445 1843 4500 At
1870 4449 2045 4516 pudor
2074 4448 2190 4519 ipse
2219 4448 2418 4518 placet,
2456 4451 2639 4520 capiat
2668 4449 2889 4520 pietatis
2922 4451 3179 4519 amicam,

1773 4541 2051 4599 Munditias
2077 4546 2306 4614 sociam,
2332 4546 2530 4600 mentis
2555 4561 2716 4614 quam
2743 4547 2933 4617 copula
2957 4547 3141 4601 carnis

1772 4633 2062 4700 Collibeat,
2091 4635 2294 4689 domini
2323 4635 2590 4690 thalamos
2620 4637 2763 4691 Deus
2789 4638 2902 4708 ipse
2932 4637 3168 4692 nitorem

1771 4724 2068 4796 Approbet,
2098 4727 2356 4781 alterutra
2384 4729 2631 4780 ostendat
2659 4727 2876 4782 dilectio
2904 4743 3093 4783 nexos.

1691 4833 1746 4897 υ
1773 4817 2046 4872 Attonitus
2070 4818 2255 4872 senior
2275 4817 2478 4873 virtute
2504 4818 2686 4888 vigere
2712 4818 2875 4873 virili.

1771 4910 1998 4964 Miratur
2025 4909 2239 4966 facilem
2270 4909 2470 4965 lasciva
2492 4912 2560 4964 ad
2584 4910 2790 4966 lubrica
2820 4927 3033 4976 sexum,

1769 5000 1952 5071 Diligit
1979 5009 2038 5054 ut
2060 5001 2306 5071 junctam
2337 5000 2531 5072 volupe
2565 5002 2684 5072 plus
2711 5002 2820 5056 imo
2842 5001 3080 5074 jugalem
3105 5016 3122 5058 :

1767 5092 2002 5147 Cernere
2035 5091 2175 5148 nuda
2208 5101 2387 5149 tamen
2415 5095 2612 5166 refugit
2639 5095 2724 5150 vel
2753 5107 2977 5169 tangere
3001 5099 3234 5176 carnis,

1767 5181 2002 5224 Ρρνήρπιιι
2027 5199 2159 5224 nsum
2183 5198 2386 5224 nnvmm
2415 5186 2616 5224 clnilnil
2644 5186 2787 5224 num.
2819 5203 3064 5224 nisa-sporn
3095 5189 3265 5224 Ιιηιι-
