3888 5330
530 195 634 254 587

531 321 800 375 Sollicitat
824 332 978 380 cura,
1006 319 1273 384 stupiilam
1307 316 1520 370 diversa
1547 316 1846 371 trahentem

518 409 832 465 Mmstitiam
861 407 1056 462 mentis
1081 406 1230 460 vultu
1261 420 1444 461 comes
1473 407 1632 460 unica
1653 416 1852 477 raptat,

517 500 762 556 Pectoris
793 514 1052 554 arcanum
1085 498 1304 568 rogitat,
1334 509 1540 552 secreta
1573 508 1879 568 patescunt,

517 590 818 645 Exhortata
847 589 1050 660 fugam,
1076 590 1299 658 quassita
1329 590 1544 645 silentia
1573 591 1772 656 firmat,

520 679 792 746 Spemque
815 687 1127 746 metumque
1145 677 1260 747 jugi
1287 678 1505 732 volvunt
1526 694 1621 748 per
1643 691 1832 748 operta
1855 693 2101 746 susurro,

517 765 787 821 Carnibus
816 765 1044 820 hircinis
1074 767 1305 836 prwvisa
1338 768 1531 822 viatica
1562 784 1725 823 curm.

519 860 654 914 Sero
677 859 893 915 subitur
915 859 1040 924 iter,
1069 875 1265 916 carnes
1292 871 1346 915 et
1374 871 1587 931 tergora
1613 862 1827 924 tollunt,

523 947 743 1004 Utribus
779 949 951 1002 innixi
983 950 1186 1018 rapidis
1214 965 1272 1004 se
1301 951 1554 1005 ﬂuetibus
1583 952 1809 1016 addunt,

519 1039 770 1096 Flumine
798 1042 1117 1096 transmisso
1141 1040 1288 1096 dubii
1316 1058 1412 1112 per
1445 1043 1598 1098 devia
1629 1052 1888 1110 currunt;

521 1133 648 1188 I’ost
680 1141 888 1202 tergum
915 1135 1116 1189 assidui
1149 1145 1398 1190 revocata
1429 1134 1606 1191 fronte
1632 1146 1844 1192 tuentes
1874 1156 1888 1190 :

516 1223 778 1282 Noctibus
806 1226 1031 1282 insidias
1063 1228 1217 1284 veriti
1251 1227 1366 1282 loca
1400 1228 1544 1283 sicca
1576 1229 1844 1284 terebant.

517 1315 702 1371 Tertia
729 1317 840 1386 jam
871 1326 1146 1372 transacta
1171 1318 1287 1373 dies
1318 1328 1371 1373 et
1399 1320 1574 1373 adhuc
1605 1329 1784 1374 tamen
1816 1321 1956 1374 idem

517 1407 686 1464 Retro
714 1408 918 1463 referre
943 1419 1124 1464 mouet
1157 1410 1328 1464 visum
1365 1410 1702 1464 ﬂuitantibus
1727 1427 1882 1466 error
1911 1429 1925 1465 :

517 1497 655 1552 Ecce
685 1498 952 1554 cameliuo
979 1501 1225 1569 geminos
1261 1502 1521 1556 accedere
1551 1518 1713 1557 cursu

511 1589 664 1645 Mens
689 1607 932 1663 praesaga
958 1593 1081 1647 mali
1107 1595 1384 1649 dominum
1428 1595 1742 1665 letlmmque
1768 1601 2034 1649 retractat

512 1683 892 1752 Approperare
919 1683 1102 1747 simul,
1134 1683 1440 1754 nigrantem
1471 1701 1698 1740 cernere
1725 1686 1916 1740 solem.

512 1771 594 1826 Eu
623 1771 848 1840 trepidis
874 1771 1030 1842 longe
1055 1784 1347 1842 penetrans
1372 1774 1710 1845 depromitur
1734 1785 1950 1829 antrum
1974 1817 1986 1830 .

512 1859 627 1914 Nec
651 1861 832 1914 minus
863 1861 1056 1914 horror
1080 1861 1152 1915 ibi
1186 1863 1380 1916 mortis
1410 1863 1792 1933 serobimnque
1823 1879 2028 1918 venena

532 1957 808 2003 ntrorsutn
839 1964 1134 2020 properare
1158 1960 1362 2014 vetant,
1392 1953 1650 2023 adituque
1671 1955 1891 2010 sinistre

511 2037 793 2110 Ingressos
824 2049 1032 2095 restare
1050 2039 1262 2109 jubent.
1289 2040 1515 2096 Famulo
1535 2044 1848 2112 comitante,

511 2127 870 2201 Persequitur
895 2131 1146 2186 dominus
1173 2131 1549 2203 speluncwque
1579 2135 1812 2204 applicat
1832 2151 1960 2201 ora;

511 2223 740 2295 Jamque
765 2226 915 2281 necis
940 2240 1100 2296 poena
1126 2227 1345 2298 gravior
1374 2227 1607 2284 formido
1637 2231 1848 2286 videtur
1873 2249 1886 2285 :

511 2314 795 2370 Presserat
825 2332 918 2371 ora
951 2333 1138 2388 pavor,
1158 2315 1273 2385 jam
1302 2317 1481 2389 lingua
1506 2320 1670 2388 ligata
1701 2332 1958 2388 tremore,

508 2405 646 2462 Cum
672 2423 829 2463 servo
859 2409 1109 2464 dominus
1139 2409 1368 2465 miseros
1395 2413 1630 2468 educere
1661 2413 1902 2469 mandat.

509 2497 631 2566 Ipse
657 2499 980 2553 renudatum
1013 2515 1255 2554 ωιειιτυε
1287 2510 1344 2555 ut
1370 2502 1582 2557 cvibrat
1604 2516 1814 2570 ensem,

510 2589 764 2645 Przeterit
795 2591 1069 2662 ingressus
1087 2607 1270 2660 jussos
1297 2603 1418 2662 post
1449 2603 1597 2665 terga
1629 2595 1964 2666 relinquens,

511 2679 810 2736 Cernentes
840 2698 898 2737 se
925 2698 1022 2737 nee
1051 2699 1280 2738 cernens
1311 2684 1484 2755 rigido
1512 2685 1755 2756 increpat
1783 2701 1898 2752 ore,

509 2770 825 2829 Furciferos
858 2774 1125 2842 vocitaus,
1159 2775 1455 2846 plcxosque
1483 2779 1696 2848 eripere
1720 2779 1990 2834 clamans.

508 2865 582 2919 At
609 2879 818 2922 memor
843 2865 1200 2940 Omnipotens
1226 2870 1573 2936 famulorum,
1603 2874 1670 2926 ad
1700 2872 1840 2928 bella
1872 2871 2094 2928 ieiunam

509 2957 726 3016 Excitat
755 2961 1006 3030 interius,
1036 2961 1181 3020 fetus
1213 2963 1468 3020 alimenta
1500 2964 1789 3032 ferentem,

1259 199 1652 258 FLODOARDI
1683 201 2003 258 CANONICI
2048 201 2397 259 REMENSIS
2429 202 2794 260 OPUSCIJLA
2830 203 3157 262 METRICA.

2127 306 2177 359 Λ
2206 315 2442 384 Quaeque
2497 325 2704 372 trucem
2767 317 3030 373 invadens
3091 314 3240 385 rapit
3295 312 3507 368 hostem
3571 322 3768 382 gutture

3681 203 3768 260 588

3437 403 3707 474 [fraetum

2205 497 2517 569 Indignatus
2543 508 2598 552 at
2625 496 2738 567 ipse
2765 508 2946 553 moras
2971 493 3188 551 dill‘erre
3213 509 3315 549 nec
3338 493 3478 548 iram

2202 590 2440 646 Alterius
2468 591 2706 646 tolerans
2729 591 2999 653 dominus,
3025 587 3160 657 petit
3188 587 3379 641 intima
3407 584 3638 648 fervens,

2204 682 2273 736 Et
2303 681 2488 736 rabido
2519 696 2734 736 servum
2767 679 3100 750 increpitans
3133 678 3372 732 clamore
3399 676 3681 731 socordem

2205 774 2340 827 Dum
2367 775 2539 839 secvit,
2569 787 2741 828 sa:vos
2768 773 2995 826 incurrit
3023 771 3074 824 in
3102 770 3285 825 abdita
3311 767 3501 822 rictus.

2205 863 2468 918 Del'ensos
2497 864 2649 918 furor
2680 864 2887 918 ultricis
2917 861 3198 932 quatiebat
3222 870 3277 915 et
3305 861 3520 920 horror,

2203 957 2282 1010 Ac
2307 955 2500 1010 similis
2528 964 2702 1009 metus
2728 954 2975 1008 interitus
3005 953 3292 1021 torquebat
3316 951 3560 1005 anhelos.

2204 1046 2348 1100 Inter
2375 1035 2528 1100 tanta
2547 1046 2680 1100 sitos
2711 1043 3022 1098 discrimina
3053 1043 3223 1114 gloria
3253 1045 3429 1097 ducta:

2205 1137 2330 1192 Sola
2360 1136 2632 1206 pudicitia:
2661 1135 2860 1188 attollit
2886 1135 3057 1190 solata
3087 1136 3340 1189 latentes.

2201 1228 2460 1283 Immotos
2490 1243 2656 1297 pavor
2681 1227 2794 1295 ipse
2818 1236 2962 1280 tenet
2985 1241 3087 1282 seu
3111 1225 3281 1280 limite
3309 1225 3431 1278 vita:

2205 1322 2532 1391 Suspensos,
2558 1321 2685 1373 dum
2712 1329 2872 1374 cauta
2903 1319 3044 1387 rapit
3074 1318 3391 1385 l‘oveamque
3423 1314 3675 1385 relinquit

2203 1413 2470 1470 Evectans
2494 1412 2733 1467 Catulum
2764 1410 2875 1465 fera
2902 1411 3176 1463 mordicus
3203 1424 3299 1462 ore
3329 1408 3674 1477 prehensum,

2204 1504 2557 1574 Tutelamque
2585 1518 2738 1558 suam
2770 1502 2913 1555 cedit
2944 1500 3309 1556 metuentibus
3332 1509 3571 1552 antrum.

2204 1598 2310 1652 Nec
2344 1613 2468 1651 mox
2499 1605 2808 1666 erumpunt,
2831 1610 3209 1665 propensaque
3236 1594 3376 1648 d0ua
3409 1591 3731 1655 tremiscunt,

2131 1677 2174 1738 Β
2206 1687 2444 1743 Vindicis
2469 1703 2754 1744 occursum
2783 1686 3012 1740 tremulo
3039 1686 3139 1740 sibi
3167 1694 3383 1754 pectore
3414 1685 3640 1754 lingunt,

2204 1780 2610 1848 Transactaque
2632 1779 2739 1842 die,
2763 1774 2878 1845 jam
2906 1778 3019 1830 sole
3049 1776 3296 1840 cadente,
3321 1783 3622 1844 sequuntur

2201 1870 2416 1942 Egressi
2447 1870 2713 1925 latebram
2744 1877 2930 1939 partos
2959 1869 3058 1921 sibi
3085 1876 3230 1921 stare
3254 1867 3482 1920 veredos

2201 1961 2417 2018 Auxilio
2440 1961 2675 2024 Domini,
2703 1960 2988 2028 hostilique
3013 1959 3112 2014 sub
3139 1959 3337 2028 impete
3360 1957 3570 2011 ductos.

2203 2056 2335 2122 Quis
2365 2055 2437 2108 ita
2468 2054 2782 2108 conscensis
2815 2052 3042 2106 recreati
3071 2062 3218 2106 vasta
3251 2060 3544 2121 peragrant

2203 2147 2516 2201 Gaudentes
2547 2147 2749 2210 eremi;
2784 2145 2992 2200 decimo
3024 2144 3263 2198 Romana
3291 2154 3545 2198 tenentur

2201 2239 2392 2294 Castra
2421 2239 2528 2302 die,
2555 2238 2797 2308 pandunt
2825 2254 2889 2292 ex
2920 2238 3111 2292 ordine
3133 2247 3282 2307 gesta
3312 2237 3550 2303 tribuno,

2202 2328 2490 2398 Oblatique
2521 2329 2642 2382 duci
2675 2328 2851 2397 pretio
2873 2325 3119 2394 jumcnta
3154 2327 3470 2402 relinquunt
3499 2343 3513 2379 :

2199 2420 2379 2490 Atque
2409 2419 2723 2473 monasterii
2755 2419 3079 2478 monachum
3108 2419 3336 2487 repetita
3365 2426 3584 2472 caterva

2203 2511 2294 2566 Sic
2330 2511 2543 2580 recipit,
2575 2511 2850 2578 castisque
2890 2525 3074 2564 comes
3103 2509 3395 2577 conjuncta
3427 2507 3636 2565 choreis

2201 2604 2442 2660 Fulcitur
2475 2604 2668 2658 dilecta
2702 2619 2874 2666 soror,
2903 2619 3003 2657 nec
3032 2603 3236 2657 credita
3261 2602 3434 2656 fratre

2203 2697 2292 2751 Sic
2323 2697 2530 2767 gladios
2559 2696 2808 2765 interque
2841 2696 2984 2751 feras
3013 2696 3337 2765 desertaque
3369 2709 3639 2765 nunquam

2199 2787 2480 2856 Captivam
2506 2802 2626 2841 esse
2654 2785 2967 2856 pudicitiam
2994 2795 3162 2856 patet,
3185 2787 3608 2857 atquejngatuni

2201 2878 2365 2936 Posse
2391 2878 2530 2934 mori
2553 2878 2772 2934 Christo
2795 2877 3074 2944 famulum,
3106 2893 3212 2933 non
3237 2891 3398 2948 posse
3423 2875 3638 2932 allecti.

1970 3074 2202 3132 CAPUT
2243 3073 2374 3130 XII.

1868 3187 1942 3243 De
1966 3202 2149 3245 saucia
2183 3187 2425 3259 Pelagia.

510 3298 682 3371 Hujus
706 3296 981 3370 Pelagiani
1010 3298 1353 3370 percepimus
1381 3299 1532 3356 urbis
1561 3301 1870 3366 alumnam,

510 3393 686 3461 Quam
716 3394 841 3451 vita:
875 3394 1084 3450 meritis
1113 3397 1422 3450 veneranda
1455 3397 1738 3452 cacumina
1759 3397 1915 3468 juxta

507 3486 708 3543 Montis
731 3486 926 3543 Oliveti
967 3487 1303 3559 signavimus
1333 3497 1481 3544 astra
1510 3491 1736 3559 petisse.

504 3575 670 3648 Cujus
706 3577 774 3633 de
807 3579 1043 3633 tenebris
1071 3579 1138 3632 ad
1169 3578 1368 3644 lucem,
1392 3596 1422 3634 a
1452 3591 1626 3635 niorte
1657 3581 1918 3649 gebenna:

502 3667 586 3722 Ad
609 3666 816 3722 clarum
841 3667 964 3722 vitm
995 3668 1194 3723 celebri
1219 3669 1420 3738 pietate
1450 3670 1808 3740 triumphum,

503 3761 547 3813 Δ
579 3758 807 3814 maculis
835 3760 901 3814 ad
925 3774 1081 3813 sacra
1120 3759 1229 3829 poli
1263 3761 1494 3816 mutatio
1527 3761 1669 3816 talis.

502 3849 798 3908 Pontilices
820 3851 1093 3923 quondam
1127 3850 1282 3920 jubet
1317 3853 1469 3908 urbis
1503 3854 1794 3924 episc0pus
1828 3852 1984 3922 hujus

503 3943 881 4013 Approperare
919 3942 1024 3998 sibi
1053 3944 1315 4012 quosdam
1348 3944 1569 4014 regione
1594 3947 1948 4014 propinquos.

504 4033 617 4089 Ilos
648 4035 808 4089 simul
833 4035 974 4088 inter
1004 4035 1159 4089 adest
1180 4044 1402 4090 sanctus
1432 4036 1757 4105 cognomine
1797 4035 2051 4102 Nonnus,

505 4122 754 4194 ‘v'irjusti
779 4125 1024 4194 rectique
1065 4133 1244 4188 tenax,
1278 4126 1544 4182 mirabilis
1583 4138 1730 4192 actu,

502 4215 570 4270 Et
597 4214 865 4286 probitate
901 4217 1056 4286 pius;
1101 4231 1280 4272 mores
1303 4217 1394 4288 qui
1425 4229 1647 4289 prepter
1669 4219 1928 4274 honestos

503 4304 720 4362 Caelibis
742 4321 810 4361 ac
838 4305 961 4361 vitae
991 4307 1205 4362 cunctis
1235 4308 1542 4364 venerabile
1585 4309 1818 4374 culmen,

499 4397 658 4453 Almo
686 4407 744 4455 et
771 4399 1038 4454 monacho
1065 4399 1260 4470 prarsul
1293 4399 1625 4472 resplenduit
1673 4401 1867 4456 almus.

570 4487 732 4544 Casta
767 4487 856 4544 die
883 4489 1119 4560 quadam
1149 4490 1328 4545 sancti
1361 4491 1488 4544 dmn
1518 4491 1724 4545 semina
1758 4492 1906 4548 vei-bi

499 4579 608 4635 Pro
631 4577 841 4637 foribus
877 4579 1084 4650 templi,
1119 4581 1284 4637 sociis
1324 4582 1674 4650 poscentibus
1704 4582 1870 4651 ipsis,

427 4689 444 4699 ί
503 4672 797 4743 Spargeret
837 4671 946 4738 hic,
987 4673 1199 4728 cunctis
1231 4673 1574 4738 mirantibus,
1603 4689 1698 4728 ore
1739 4675 1880 4728 beati

497 4762 680 4818 Verba
719 4762 885 4826 senis,
916 4772 1022 4816 tam
1052 4779 1246 4832 magna
1278 4764 1407 4828 seri,
1441 4774 1548 4816 tant
1581 4765 1740 4834 digna
1773 4764 2007 4832 profari:

499 4854 580 4909 En
615 4854 814 4908 ardens
843 4854 1018 4908 rutilis
1047 4855 1311 4908 transibat
1354 4855 1572 4908 mimula
1601 4857 1831 4924 gemmis

499 4945 706 5001 Ornato
726 4944 972 4999 residens
997 4960 1208 5016 pompa:
1244 4946 1547 5000 meretricis
1576 4946 1764 5012 asello,

501 5035 674 5101 Quam
704 5035 865 5090 fulvis
895 5035 1124 5090 nitidunt
1165 5037 1333 5089 radiis
1372 5045 1689 5090 contexerat
1715 5051 1904 5090 aurum

499 5128 773 5198 Undique,
801 5127 886 5182 vel
909 5127 1071 5182 claris
1093 5138 1316 5182 onerata
1347 5129 1568 5182 monilia
1608 5128 1808 5183 baceis.

500 5223 649 5278 llane
679 5223 967 5278 comitatur
993 5237 1162 5277 ovans
1191 5236 1482 5290 puerorum
1528 5229 1740 5289 compta
1766 5229 2006 5285 caterva,

501 5311 538 5330 n
589 5327 600 5330 _
661 5328 664 5330 .
735 5312 1048 5330 ____.-II____
1106 5311 1151 5330 Ι..

2128 3293 2173 3352 C
2205 3301 2374 3374 Hujus
2404 3301 2456 3355 in
2485 3309 2708 3372 aspectu
2736 3299 2907 3355 satias
2933 3300 3176 3372 fugiebat
3201 3307 3469 3354 amantes.

2197 3394 2490 3450 Pontiﬁces
2512 3395 2710 3466 stupidi
2755 3403 2902 3448 tanta
2941 3394 3236 3448 ambitione
3274 3405 3567 3458 meantem,

2195 3485 2313 3540 Non
2346 3487 2400 3540 in
2429 3487 2635 3541 honore
2657 3485 2751 3540 Dei
2775 3500 3058 3554 procerum
3086 3485 3419 3538 descendere
3446 3483 3626 3549 asello,

2193 3575 2407 3632 Nudato
2435 3577 2635 3632 nitidos
2666 3577 2985 3646 prodentem
3011 3575 3214 3631 vertice
3239 3576 3440 3640 crines,

2193 3672 2392 3727 Intuitu
2417 3672 2622 3727 vultum
2653 3687 2751 3727 ceu
2781 3687 2974 3740 magna
3003 3686 3034 3724 a
3071 3669 3189 3724 labe
3217 3671 3507 3724 reducunt.

2193 3761 2415 3818 Nonnus
2457 3773 2514 3816 at
2539 3765 2810 3833 egregius,
2846 3761 3135 3832 speculans
3167 3760 3446 3823 attentius,
3478 3768 3634 3829 atque

2193 3853 2428 3926 Longius
2453 3869 2742 3908 asservans
2770 3854 2886 3907 visu
2929 3853 3056 3906 dum
3086 3851 3323 3917 transiit,
3356 3852 3564 3917 lueret,

2190 3943 2366 4000 Corde
2409 3943 2511 3998 sub
2539 3943 2770 3998 attonito
2799 3942 3023 4012 reliquis
3059 3942 3330 4012 incognita
3362 3941 3611 4007 volvens;

2189 4036 2316 4091 Inde
2341 4036 2542 4090 recline
2583 4046 2745 4105 caput
2777 4036 3004 4105 genibus
3029 4034 3366 4104 superaddit,
3393 4044 3448 4088 et
3479 4047 3628 4088 omne

2189 4125 2312 4181 Mox
2339 4124 2594 4196 laeryniis
2621 4125 2868 4179 manuale
2894 4167 2909 4188 ,
2950 4127 3235 4194 sinumque
3277 4124 3506 4194 replevit
3543 4121 3740 4180 obortis.

2187 4218 2324 4273 Exin
2349 4233 2544 4288 magna
2577 4218 2796 4271 trahens
2818 4218 2924 4273 imo
2951 4217 3186 4287 suspiria
3211 4217 3374 4271 corde

2190 4329 2214 4363 ι
2256 4310 2391 4364 Num
2417 4309 2745 4373 delectatos,
2776 4309 2930 4373 socii,
2965 4323 3060 4363 vos
3097 4308 3219 4378 jure
3247 4309 3520 4378 probatis,

2188 4398 2312 4454 Ihec
2345 4413 2452 4468 quo
2483 4414 2540 4454 se
2564 4397 2757 4452 mulier
2793 4397 2938 4451 Clllttt
2976 4398 3252 4452 decoravit
3281 4397 3535 4452 amoeno?
3567 4416 3587 4450 ι

2186 4491 2282 4546 Ilis
2313 4491 2448 4546 nihil
2481 4493 2592 4546 haec
2632 4501 2822 4545 contra
2868 4486 3234 4553 reddcntibus,
3265 4489 3352 4543 ille
3384 4488 3656 4543 reﬂectens

2184 4584 2506 4654 Applicitam
2537 4583 2762 4654 genibus
2794 4583 3003 4643 l'aeiem,
3038 4581 3270 4650 suspiria
3292 4579 3493 4652 jungit,

2107 4654 2160 4715 D
2187 4677 2380 4731 l’ectus
2405 4675 2711 4745 percutiens
2737 4673 3098 4744 laeiymisqne
3129 4672 3304 4726 cilicia
3335 4669 3586 4740 complet,

2183 4767 2315 4835 Quae
2351 4781 2571 4822 carnem
2601 4765 2779 4819 valido
2810 4764 2930 4818 (εαξιὶ
2966 4761 3180 4817 fervore
3201 4761 3515 4814 domabant.

2181 4859 2320 4914 Ilinc
2347 4859 2565 4926 rogitat,
2593 4861 2802 4926 spectes
2825 4856 2989 4910 sociis
3018 4853 3292 4924 placuitne
3325 4849 3582 4907 venusta?

2181 4949 2298 5004 Non
2333 4949 2510 5002 minus
2537 4956 2622 5002 ast
2645 4947 2718 5001 illi
2755 4955 3015 5016 concepta
3043 4943 3255 4998 silentia
3285 4951 3558 5012 rumpunt.

2179 5041 2272 5095 Ille
2303 5055 2480 5094 rosam
2511 5039 2716 5094 callens
2745 5039 2904 5093 hirtis
2940 5038 3230 5105 decerpere
3271 5036 3472 5096 dumis,

2187 5132 2413 5200 Semper
2437 5131 2506 5184 ad
2544 5130 2849 5200 exemplum
2880 5129 3100 5199 pietatis
3126 5138 3182 5182 et
3225 5126 3335 5179 alta
3372 5140 3582 5192 vocare,

2182 5223 2452 5278 Cordibus
2473 5237 2501 5274 a
2531 5222 2792 5275 comitum
2826 5221 3010 5275 mundi
3044 5233 3320 5273 removere
3349 5217 3544 5287 piacla,
