3888 5330
122 365 220 424 589

122 478 350 547 Arbiter,
380 484 502 531 ante
532 476 784 530 thronum
811 484 1054 530 statuens
1075 490 1299 531 censore
1322 475 1676 537 tremendum,

121 573 322 627 Judicct
360 579 415 623 ut
462 578 707 623 nostrum
744 567 978 622 cilicium
1031 584 1130 624 nos
1173 581 1334 638 atque
1365 570 1680 639 triumphet,

123 663 183 717 Et
208 672 434 732 quantas
462 659 700 714 morulas
735 661 989 714 horarum
1029 661 1208 730 egisse
1236 661 1437 730 putatis

124 750 263 804 Hanc
294 749 430 803 intra
463 749 742 819 proprium
774 757 946 804 semet
976 749 1283 804 decorando
1308 750 1501 812 cubile,

126 841 247 892 Dum
277 838 439 903 lavat,
468 847 523 892 et
551 838 774 908 pingens
799 850 857 893 se
890 839 1146 908 unguenti
1178 847 1398 893 nectare
1431 838 1611 908 tingit,

123 929 332 997 Insuper
362 927 428 980 ad
455 927 729 995 speculum
753 927 1010 982 studiosis
1053 928 1286 983 cultibus
1314 944 1535 994 ornans,

125 1017 186 1072 Ut
209 1017 406 1070 mundo
433 1016 664 1085 placeat,
689 1016 902 1070 cunctis
927 1017 1184 1085 optabilis
1209 1032 1328 1072 esse

123 1110 284 1165 Possit
319 1121 645 1174 amatorum,
675 1108 806 1164 nulli
839 1108 1100 1163 deformis
1129 1109 1315 1163 haberi

120 1201 455 1264 Cernentum,
486 1200 804 1270 plerumque
847 1198 964 1254 dies
1009 1212 1144 1268 quos
1183 1198 1418 1252 crastina
1462 1198 1679 1268 captat?

119 1293 179 1346 At
201 1306 295 1346 nos
327 1292 379 1344 in
403 1290 555 1345 caelis
577 1299 780 1344 aeterna
805 1289 859 1344 iu
896 1289 1056 1345 saecla
1087 1299 1395 1342 manentem

119 1381 206 1447 Qui
228 1380 457 1435 colimus
491 1377 730 1443 Patrem,
765 1377 977 1448 Sponso
1000 1378 1093 1448 qui
1118 1387 1294 1432 morte
1325 1385 1546 1432 carente

117 1470 412 1526 Gaudemus
441 1470 544 1526 sibi
569 1470 785 1524 divitias
807 1469 924 1525 sine
951 1470 1058 1524 fine
1093 1469 1328 1524 nitentes

117 1560 444 1616 Attribuente
474 1569 597 1631 apte
628 1559 1038 1624 famulantibus,
1062 1560 1296 1621 mstimat
1326 1559 1464 1614 ullus

119 1655 244 1723 Quas
273 1669 382 1710 non
410 1654 500 1708 hic
539 1654 752 1709 animus
785 1654 966 1708 carnis
997 1669 1103 1708 non
1128 1655 1350 1709 strinxit
1373 1653 1602 1720 ocellus,

118 1747 218 1803 Non
244 1761 407 1814 aures
431 1747 660 1801 hausere
685 1745 918 1801 hominis
935 1785 952 1812 ,
977 1760 1152 1816 neque
1189 1747 1351 1801 corde
1381 1747 1666 1811 librantur,

117 1839 229 1908 Quae
254 1839 376 1894 ﬁdis
397 1837 660 1893 Dominus
684 1838 963 1908 dignisque
984 1837 1196 1907 paravit
1214 1838 1448 1892 alumnis
1476 1853 1490 1891 :

117 1931 241 1986 Certi
269 1939 534 2002 pmterea
560 1930 704 2000 pacti
740 1929 1004 2000 promissa
1029 1939 1296 1996 tenentes,

117 2021 343 2078 Caelestis
368 2021 564 2076 faciem
602 2019 796 2090 Spousi
825 2035 923 2090 per
962 2021 1121 2075 saeta
1153 2021 1391 2086 videndi,

118 2111 198 2168 Cui
219 2114 496 2168 cherubim
526 2113 740 2182 penitus
771 2112 1042 2182 trepidant
1086 2111 1369 2167 intendere
1393 2110 1566 2177 visus,

119 2203 209 2260 Nec
233 2219 334 2259 nos
358 2219 634 2269 ornamus,
663 2203 852 2259 sordes
885 2218 1060 2273 neque
1089 2203 1338 2272 pettimus
1371 2212 1544 2269 atras,

119 2296 267 2366 Atque
293 2296 664 2352 immunditias
693 2295 858 2371 lapsis
883 2295 1170 2354 animabus
1206 2296 1435 2360 inustas,

119 2388 212 2446 Imo
235 2393 448 2463 protriti
479 2393 744 2463 pronique
766 2393 1008 2461 jacemus
1043 2396 1264 2458 inertes,

119 2482 242 2550 Quos
262 2484 342 2538 vel
371 2483 422 2537 in
456 2484 703 2554 exemplo
733 2483 1056 2553 reliquorum
1090 2483 1304 2536 tramite
1332 2482 1385 2536 in
1415 2480 1527 2537 alto

119 2572 364 2627 Virtutum
400 2588 615 2642 semper
645 2573 853 2628 meritis
877 2583 1122 2643 perstare
1153 2573 1388 2628 deceret.
1427 2592 1448 2626 ι

121 2661 258 2727 Dixit,
297 2671 351 2717 et
379 2662 602 2731 hospitii
636 2677 696 2718 se
720 2677 842 2718 mox
873 2663 1240 2733 penetralibus
1268 2665 1492 2730 abdcas,

120 2751 167 2806 in
186 2753 475 2824 faciemque
512 2769 676 2809 ruens
700 2755 848 2809 vultu
880 2770 1135 2825 percussa
1165 2755 1377 2826 rigabat

122 2845 267 2918 Terga
299 2847 393 2902 soli
427 2847 701 2919 tacrymis,
734 2848 940 2903 maestis
967 2849 1039 2903 ita
1070 2850 1294 2904 vocibus
1322 2863 1525 2905 orans:

126 2955 141 2987 ι
175 2936 212 2992 0
235 2938 488 3007 prmcelse
511 2938 671 3003 Deus,
693 2939 914 3005 nostris,
943 2954 1094 3010 rogo,
1116 2954 1282 3010 parce
1323 2941 1537 3010 pinetis,

122 3028 371 3084 Peccatori
403 3030 623 3101 ignosce
652 3031 801 3094 mihi,
826 3047 950 3085 nam
986 3031 1194 3102 pellicis
1227 3031 1384 3101 hujus

124 3117 269 3176 Unius
292 3121 450 3177 solito
475 3121 653 3176 cultus
676 3122 742 3177 de
774 3137 921 3177 more
953 3123 1058 3177 diei

120 3209 418 3266 Ornamenta
450 3227 584 3268 meze
609 3213 858 3267 vicerunt
875 3215 1055 3268 omnia
1079 3215 1221 3270 vitae.

120 3302 216 3368 Quo
243 3312 294 3358 te
319 3303 654 3373 conspiciam
676 3304 862 3358 vultu?
891 3305 1208 3361 Excusabor
1238 3306 1306 3362 ab
1335 3307 1470 3362 ore?

119 3395 236 3448 Ante
265 3395 449 3451 oculos
479 3409 580 3450 nec
607 3394 751 3449 enim
777 3395 1080 3450 abscondar
1103 3407 1310 3453 secreta
1337 3399 1558 3455 tuentis.

123 3483 195 3537 Vae
215 3485 480 3555 peccaturi
505 3483 666 3539 mihi!
697 3485 896 3554 quique
935 3485 1198 3542 altaribus
1230 3497 1416 3543 astans

118 3575 339 3649 Indignus
363 3577 536 3633 sacris
563 3577 730 3632 decus
760 3577 901 3632 haud
933 3577 1142 3634 illustre
1167 3579 1354 3651 peregi

121 3664 269 3723 Ullum
303 3670 369 3723 ad
391 3668 531 3723 velle
563 3678 729 3733 tuum,
758 3667 994 3724 clemens
1021 3670 1110 3738 qui
1148 3680 1345 3727 cuncta
1375 3672 1570 3739 creasti

120 3756 180 3812 De
205 3761 381 3826 nihilo,
415 3761 665 3826 Domine,
697 3762 840 3816 inter
865 3776 982 3830 qua:
1020 3777 1106 3817 me
1153 3763 1389 3818 condere
1416 3764 1658 3834 diguans,

119 3847 493 3922 Servitiumque
527 3851 620 3906 tibi
653 3861 898 3906 statuens
929 3853 1240 3922 impendere
1281 3854 1521 3925 dignum,

117 3935 178 3991 Ne
201 3955 278 3994 me
305 3941 512 3996 caelesti
541 3940 796 3995 miserum
827 3941 1080 4011 rejeceris
1104 3942 1247 4007 aula,

118 4027 224 4096 Nec,
257 4031 573 4097 reverende,
600 4040 743 4085 tuam
771 4032 1069 4089 confundas
1099 4042 1223 4089 ante
1261 4035 1589 4089 tremendam

115 4119 183 4174 Me
206 4123 554 4192 majestatem,
586 4123 732 4178 cultu
776 4125 1076 4180 meretricis
1106 4126 1159 4179 in
1192 4125 1377 4196 hujus,

115 4210 222 4277 Qum
248 4228 342 4282 pro
366 4214 598 4269 terrenis
623 4214 828 4269 studuit
855 4229 914 4270 se
946 4229 1140 4270 ornare
1168 4217 1419 4285 superbe,

116 4301 306 4358 Summa
337 4320 438 4374 pro
469 4305 628 4360 rebus
655 4319 785 4360 cura
813 4306 1069 4361 decorare
1095 4307 1334 4361 caducis.

115 4394 195 4448 Ast
218 4377 301 4465 qui
328 4397 585 4468 proposui
622 4412 779 4452 sacro
829 4398 920 4452 tibi
949 4397 1072 4465 jure
1102 4397 1338 4468 placere,

115 4481 290 4541 Invicto
333 4487 560 4542 Domino
591 4488 788 4548 decora
820 4487 1044 4557 implere
1071 4486 1274 4556 quievi.

114 4571 264 4639 Quare
289 4593 374 4633 me
403 4578 456 4632 iu
493 4576 653 4632 terris
683 4585 857 4640 tueor,
883 4576 1128 4647 caeloque
1159 4576 1402 4630 relictum

113 4661 244 4719 Cultu
274 4667 506 4737 inopem,
538 4680 760 4721 servare
791 4665 882 4720 tibi
909 4666 998 4734 qui
1030 4675 1152 4720 vota
1185 4664 1393 4735 refugi?

117 4753 219 4810 "ac
242 4772 355 4826 quze
381 4756 630 4826 promisit
654 4754 972 4811 mortalibus
989 4755 1130 4809 ultro
1160 4756 1438 4825 rependit:

115 4842 241 4899 Nulla
266 4847 397 4900 meis
425 4846 587 4917 igitur
610 4846 740 4900 mihi
768 4844 881 4914 jam
905 4847 1256 4915 spes'actibus
1285 4847 1468 4900 haeret.

113 4931 178 4985 Ad
201 4949 447 5003 suspensa
473 4944 580 4990 tua:
600 4934 822 5003 pietatis
845 4935 897 4988 in
927 4937 1092 4990 ardua
1121 4950 1271 4990 mens
1296 4943 1375 4990 est
1393 4974 1411 5001 ,

114 5018 344 5079 hnmeuse
372 5023 532 5081 Pater
561 5025 727 5089 alme,
757 5023 890 5078 mihi
923 5035 1010 5078 tua
1042 5024 1209 5078 ﬁdere
1235 5025 1401 5079 multa

114 5109 196 5165 Dat
215 5114 427 5184 bonitas,
459 5117 700 5171 animam
727 5113 899 5170 facias
924 5131 1082 5184 quam
1109 5130 1331 5172 munere
1365 5115 1593 5173 salvam.
1625 5135 1644 5170 ι

169 5203 296 5262 Talia
321 5211 408 5280 qui
438 5210 580 5264 tristi
618 5209 794 5261 donec
831 5219 1058 5261 mterore
1094 5205 1300 5261 volutat

113 5291 414 5330 pm:n:lnnn
452 5301 622 5330 ιιιῖηηιῖο
657 5307 832 5330 Inrnnc
865 5311 965 5330 nnv
1010 5298 1246 5330 nnnlnnil
1286 5297 1382 5330 alia

657 5307 832 5330 Inrnnc
865 5311 965 5330 nnv

579 363 667 420 DE
702 363 1079 420 TRIUMPIIIS
1106 350 1645 424 ειιιιιεῇῒκκτιο(

1762 365 1790 421 Ε
1830 367 2074 426 GESTIS
2112 369 2290 428 LIBRI
2333 373 2490 431 DUO.
2527 408 2593 418 —-
2632 373 2758 434 LIB.
2801 375 2862 433 ll.

3255 379 3358 442 590

1710 468 1757 528 Α
1790 457 1954 512 Tctro
1981 460 2208 518 horrore
2231 463 2465 534 nigram,
2488 466 2640 534 cujus
2671 483 2845 537 neque
2886 467 3026 524 ferre
3049 469 3252 530 valeret

1785 545 2024 608 llorrens
2057 554 2313 624 pedorem
2344 557 2618 613 lutulentis
2647 561 2896 616 sordibus
2933 577 3157 632 agrum.

1784 639 2131 713 Durabatque
2157 645 2342 701 volans
2371 649 2535 715 circa,
2569 650 2693 704 dum
2733 653 2944 708 miserit
2975 655 3107 710 ordo

1783 729 1947 785 Extra
1977 734 2254 790 auditores
2284 738 2513 791 necdum
2560 741 2886 808 baptismate
2919 744 3080 810 lotos,

1782 819 1878 876 llis
1899 822 2059 876 simul
2085 827 2320 895 egressis
2344 829 2510 898 septis
2532 842 2832 887 secesserat
2854 833 2995 900 ales;

1782 909 1852 965 Ut
1878 927 2029 967 sacra
2059 917 2400 985 complentur
2427 922 2584 986 redit,
2615 933 2671 978 et
2711 925 2845 994 petit
2879 927 3268 996 egredientem.

1780 999 1929 1058 Hanc
1951 1003 2038 1059 ille
2060 1007 2329 1077 accipiens
2352 1013 2516 1067 stanti
2539 1028 2596 1067 se
2623 1029 2870 1085 mergere
2892 1020 3070 1073 cernit

1777 1093 1917 1147 Ante
1945 1094 2092 1150 fures
2123 1099 2306 1168 templi
2347 1101 2520 1166 labro,
2549 1120 2675 1173 quo,
2704 1111 2864 1163 sorde
2901 1111 3069 1178 piata,

1780 1182 1844 1270 [th
1878 1184 1965 1238 nix
1998 1186 2117 1241 alba
2148 1189 2316 1254 velut,
2345 1193 2542 1248 emtum
2578 1201 2894 1254 conscendit
2938 1202 2988 1256 in
3022 1203 3209 1270 altum,

1777 1268 1909 1328 Tam
1936 1277 2079 1332 celse
2107 1290 2400 1348 penetrans
2427 1285 2585 1354 hujus
2613 1289 2738 1344 dum
2780 1293 2984 1349 visibus
3015 1299 3175 1352 absit.

1776 1363 1893 1430 Quo
1923 1369 2168 1437 stupidus
2195 1371 2420 1430 horrore
2447 1392 2632 1442 senex,
2663 1381 2790 1436 dum
2819 1385 2964 1439 clara
2991 1403 3212 1446 serenas

1774 1452 1890 1508 Lux
1913 1459 2085 1514 rutila:
2112 1469 2283 1518 terras
2312 1465 2542 1522 illustrat
2573 1471 2774 1526 honore
2807 1475 3004 1543 nitctze,

1775 1545 1892 1637 Qua
1920 1550 2239 1607 celebranda
2271 1557 2358 1612 die
2381 1561 2578 1614 renitet
2603 1567 2872 1621 surrectio
2897 1569 3096 1624 Christi
3121 1587 3136 1637 ;

1777 1635 1956 1709 Pergit
1979 1642 2032 1695 in
2065 1644 2370 1712 ecclesiam,
2403 1651 2692 1708 missarum
2720 1670 2870 1711 sacra
2902 1635 3172 1717 coluntur.

1775 1725 1904 1782 Post
1926 1746 2081 1786 sacra
2108 1735 2252 1789 dicta
2283 1738 2463 1803 simul,
2493 1740 2714 1800 Nonnus
2743 1763 2992 1805 sermone
3023 1761 3247 1823 rog..tur

1704 1815 1750 1876 Β
1777 1818 1949 1909 Solari
1984 1832 2174 1877 sancto
2199 1827 2452 1896 populum
2489 1846 2502 1885 :
2529 1832 2716 1904 incipit
2739 1836 2826 1892 ille
2847 1853 3077 1909 superna

1777 1907 1886 1962 Nec
1917 1918 2132 1965 terrena
2158 1928 2377 1982 sonans,
2412 1932 2513 1974 nec
2540 1921 2772 1980 rhetoris
2799 1907 3105 1999 arte—potita

1774 1998 2112 2088 Declamans,
2145 2004 2270 2060 cati
2301 2008 2428 2076 quin
2460 2010 2580 2068 luce
2607 2015 2832 2072 nitentia
2856 1998 3143 2088 promens;

1772 2084 1890 2182 lilon
1920 2099 2139 2146 ventosa
2168 2092 2356 2162 boans,
2386 2109 2578 2155 sancto
2600 2104 2693 2158 sed
2723 2084 2966 2164 Flumine
2995 2084 3205 2182 plenus,

1772 2176 2030 2269 lirrantes
2053 2197 2336 2265 revocans,
2363 2189 2464 2244 iter
2491 2193 2557 2246 ad
2585 2195 2826 2252 ecetestia
2856 2176 3115 2269 pandens.

1771 2264 2028 2364 iudicium
2050 2264 2402 2333 memorando
2420 2277 2735 2351 benignum,
2761 2264 2961 2358 speque
2991 2264 3220 2364 benigna

1770 2357 2040 2416 Labeates
2067 2364 2306 2422 solidans
2329 2371 2538 2427 animas
2567 2374 2780 2432 fervore
2812 2357 3066 2450 superno,

1769 2449 1935 2524 Cujus
1963 2455 2046 2509 his
2077 2459 2295 2514 monitis
2329 2454 2668 2530 pulsantibus
2692 2449 2892 2526 intima
2919 2478 3132 2540 mentis,

1769 2547 1946 2604 Corda
1977 2567 2355 2623 capessentum
2387 2555 2466 2615 sic
2494 2567 2622 2612 sunt
2644 2574 2963 2631 compuncta
2995 2570 3256 2636 virorum,

1771 2636 1942 2730 Terga
1971 2643 2262 2710 pavimenti
2295 2658 2354 2703 ut
2384 2649 2632 2724 laeryma:
2658 2656 2856 2725 pietate
2878 2657 3134 2730 rigatem.

1766 2729 1996 2786 Astabat
2021 2739 2282 2792 meretrix
2310 2751 2441 2797 nutu
2471 2745 2692 2814 praefata
2717 2729 2976 2808 Tonantis

1769 2823 1938 2881 Docta
1987 2829 2183 2896 sacris,
2215 2833 2316 2887 etsi
2347 2837 2745 2903 catechumiua,
2773 2841 2926 2910 juxta
2975 2862 3070 2902 nec
3107 2865 3339 2920 unquam

1766 2916 1885 2977 Huc
1913 2931 2066 2977 sueta
2094 2928 2416 2997 appropiare
2444 2933 2596 3002 gravi
2622 2935 2890 2992 sub'mole
2920 2941 3144 3010 sepulta,

1768 3012 2007 3071 Duxerat
2031 3017 2174 3074 hanc
2197 3021 2445 3091 equidem
2471 3025 2709 3082 clemens
2739 3031 3016 3088 miseratio
3049 3037 3274 3106 Chl-isti,
3361 3035 3367 3040 ’

1769 3101 1849 3198 ἑά
1884 3119 2125 3177 praesepe
2150 3123 2306 3164 suum
2337 3115 2552 3169 mundis
2582 3119 2928 3188 animalibus,
2972 3124 3022 3179 in
3063 3141 3172 3198 quo

1690 3171 1734 3233 (ἶ
1764 3171 1965 3250 fItalica
1991 3171 2090 3266 per
2115 3196 2278 3253 t‘idnm
2305 3203 2574 3270 praebebat
2604 3171 2799 3276 pabula
2810 3171 3061 3270 servum.

1765 3283 1945 3376 Eorda
1973 3287 2133 3342 timor
2153 3288 2354 3346 Christi
2378 3293 2491 3363 jam
2519 3301 2755 3354 concutit
2777 3310 2893 3356 atra
2925 3306 3155 3376 puellm;

1767 3371 2064 3431 Terrorem
2104 3378 2315 3434 Domini
2346 3381 2530 3440 famuli
2560 3386 2686 3441 dum
2710 3371 2942 3462 percipit
2961 3409 3076 3464 ore,

1766 3463 1907 3520 Miro
1937 3467 2088 3540 larga
2120 3472 2278 3525 modo
2304 3471 2532 3530 ﬂuerent
2558 3487 2616 3531 ut
2641 3479 2860 3536 ﬂttlnina
2890 3463 3067 3542 cordis

1762 3555 1947 3610 Attriti
1986 3558 2051 3612 de
2077 3556 2250 3625 fonte,
2271 3572 2414 3617 metu
2447 3571 2723 3624 manantia
2753 3571 2934 3642 Regis,

1762 3644 1926 3715 Cujus
1955 3647 2024 3702 ab
2039 3663 2136 3704 ore
2163 3650 2311 3705 senis
2342 3660 2448 3706 tam
2476 3667 2686 3726 sceptra
2711 3665 2950 3728 pavenda
2982 3667 3267 3736 resultant;

1763 3738 1962 3810 Sicque
1989 3741 2083 3797 Dei
2111 3744 2232 3800 vivo
2263 3747 2477 3804 rediens
2503 3766 2753 3809 sermone
2782 3757 2979 3822 cibata,

1760 3829 2010 3902 Pratcipit
2040 3843 2100 3890 ut
2121 3846 2373 3892 maneant
2403 3843 2600 3910 gemini
2634 3844 2952 3917 videamque
2979 3851 3202 3911 clientes

1761 3923 2059 4013 Hospitium
2087 3937 2193 3984 tam
2225 3933 2538 4000 przecellens
2569 3937 2655 3990 ubi
2691 3951 2874 4008 pastor
2902 3943 3142 3999 haberet.

1761 4017 1939 4081 Stant,
1967 4030 2248 4077 sectantur
2291 4039 2414 4080 eum
2453 4029 2616 4094 servi,
2650 4044 3004 4104 cernuntque,
3049 4036 3331 4113 feruntque

1758 4109 1813 4163 ld
1845 4113 2096 4178 dominae,
2122 4114 2309 4170 scribit
2333 4121 2530 4174 ceratis
2557 4121 2640 4176 illa
2675 4124 2881 4181 tabellis
2913 4145 2928 4181 :

1763 4225 1781 4253 c
1822 4205 1946 4261 [hec
1977 4218 2163 4264 sancto
2189 4209 2403 4278 Nonno,
2435 4213 2634 4270 Christi
2661 4219 2750 4287 qui
2784 4219 2976 4291 dignus
2993 4224 3265 4295 alumnus,

1758 4300 1937 4357 Pellex
1962 4302 2198 4374 Pelagia,
2222 4307 2398 4362 zabuli
2429 4325 2546 4380 quae
2575 4312 2742 4381 turpis
2771 4312 2982 4370 alumna
3015 4334 3028 4371 :

1757 4393 1956 4449 Audito
1994 4395 2156 4450 didici
2184 4396 2490 4464 Dominum,
2514 4415 2672 4470 quem
2697 4409 2748 4455 tu
2780 4404 2935 4468 colis,
2960 4407 3090 4462 olim

1682 4526 1734 4585 Β
1758 4483 2054 4540 inclinasse
2083 4485 2257 4556 polos,
2283 4485 2540 4542 humilem
2564 4497 2780 4545 terrena
2805 4494 3026 4563 petisse,

1761 4571 1915 4628 [laud
1940 4575 2148 4629 meritis
2168 4575 2462 4644 justorum,
2493 4587 2546 4631 at
2565 4582 2939 4646 peccatoribus
2965 4584 3120 4642 alma:

1761 4664 1861 4731 Qui
1887 4675 2208 4720 sanarentur
2236 4667 2392 4722 daret
2417 4675 2474 4721 ut
2500 4668 2855 4724 medicamina
2888 4673 3030 4739 vitaz,

1763 4753 1835 4809 Se
1858 4765 2078 4810 sanctus
2114 4755 2334 4813 famulis
2358 4757 2587 4814 sociavit
2623 4755 2932 4828 ﬂagitiosis;

1762 4845 1933 4912 Quem
1978 4847 2249 4916 trepidant
2299 4850 2582 4905 cherubim
2631 4852 3009 4926 seraphimque
3056 4861 3325 4918 attendere

3069 4950 3260 5025 (vultu,

1753 5029 1964 5102 Degere
1989 5030 2244 5100 dignatus
2265 5047 2389 5088 cum
2421 5034 2820 5102 peccatoribus,
2849 5048 2908 5093 ut
2930 5048 3008 5105 tu,

1757 5121 1955 5177 Sancte
1987 5122 2166 5185 Pater,
2191 5121 2367 5195 dignis
2397 5126 2559 5180 etiam
2601 5129 2942 5185 sermonibus
2966 5133 3156 5202 effers;

1752 5212 1920 5282 Hujus
1942 5213 1984 5267 si
2009 5227 2134 5265 vere
2157 5215 2504 5283 cognosceris
2527 5233 2644 5271 esse
2663 5219 2906 5291 magistri

1754 5302 2056 5330 n:ﬂn:nlIl-I‘
2111 5317 2177 5330 ιιΛ
