3888 5330
536 439 631 492 59!
1272 437 1665 494 FLODOARDI
1703 435 2023 494 CANONlCl
2054 433 2402 492 REMENSIS
2437 435 2806 493 OPUSCULA
2837 436 3163 498 METRICA.
3663 441 3748 496 59!

539 556 634 608 Sin
666 562 847 607 autem
879 567 1062 608 veram
1089 554 1244 623 cupis
1265 555 1556 624 impetrare
1577 553 1828 618 salutem,
2140 542 2188 600 Α
2217 548 2286 601 At
2309 547 2530 604 Nonnus
2551 548 2808 604 Jacobum
2841 547 3083 603 Levitam
3117 547 3286 602 mittit
3318 549 3386 602 ad
3415 549 3565 603 urbis

537 647 724 714 Meque
756 645 940 699 videre
960 647 1123 716 potis,
1159 649 1323 700 sociis
1349 643 1698 714 speculabere
1729 641 1944 706 fultum,
2212 637 2768 700 Pontiﬁcem,reserat
2788 654 2897 708 quo
2919 649 3117 693 cuneta
3143 653 3212 692 ex
3233 638 3423 693 ordine
3443 648 3607 709 gesta.

535 739 666 792 Nam
690 754 963 809 nunquam
993 738 1168 793 solum
1209 733 1390 804 capies
1416 750 1502 789 me
1529 733 1643 786 sola
1680 733 1887 786 videre.
1919 750 1938 783 ι
2213 727 2305 782 llle
2338 729 2446 782 Deo
2467 739 2648 798 grates
2675 729 2924 791 reddens,
2953 732 3253 798 congaudet
3276 728 3436 784 ovilis

535 830 663 893 Qua:
695 843 820 883 mox
848 830 960 882 visa
1002 827 1151 896 legit,
1183 839 1482 895 preperans
1509 822 1703 876 festina
1732 820 2004 884 cucurrit,
2215 816 2479 872 Crescere
2509 817 2594 871 Iuc
2607 833 2663 871 ra
2691 817 2772 871 sui
2795 816 3081 886 Nonnique
3103 817 3301 872 attollit
3330 819 3606 879 honorem,

538 918 879 971 l‘rmmittens
905 916 1186 970 famulum.
1209 913 1448 969 Comites
1476 912 1637 966 Pater
1660 909 1886 965 advocat
1916 908 2108 973 almos,
2214 905 2447 977 Moxque
2469 924 2682 962 sacram
2709 917 2938 962 matrem
2967 907 3267 962 Romanam
3309 923 3538 978 pergere
3565 910 3750 964 tuandat

534 993 938 1076 Sollicitamque
967 1006 1137 1061 sacris
1162 1003 1438 1072 juvenem,
1472 1001 1572 1056 sub
1596 1001 1824 1055 testibus
1847 999 2001 1069 ipsis,
2211 997 2382 1053 Mater
2407 1011 2465 1053 ut
2490 1015 2612 1053 esse
2644 1014 2797 1054 nova:
2835 1008 3096 1068 properet
3123 999 3450 1067 baptismate
3472 999 3645 1066 prolis.

535 1098 772 1153 Tandem
801 1098 1004 1151 intrare
1025 1096 1214 1163 jubet;
1251 1103 1543 1164 penetrans
1587 1091 1973 1160 prosternitur,
2002 1091 2111 1145 imo
2207 1087 2517 1143 Adveniens
2565 1089 2642 1144 ita
2668 1089 2939 1160 Pelagium
2971 1088 3210 1142 Romana
3233 1087 3508 1157 iacentem

534 1186 706 1240 Prona
734 1186 868 1251 solo,
895 1187 1222 1256 planctuque
1250 1187 1466 1236 domum
1497 1181 1738 1250 replebat
1765 1195 1971 1234 amaro.
2213 1179 2424 1235 Invenit
2452 1191 2576 1235 ante
2600 1182 2761 1251 pedes
2783 1181 3140 1252 laerymarum
3163 1181 3217 1234 in
3243 1179 3464 1235 ﬂumine
3490 1181 3666 1236 Nonni.

535 1275 813 1331 lnsolitum
837 1277 1003 1345 capiti
1037 1277 1279 1330 velamen
1309 1274 1546 1343 pulveris
1575 1274 1801 1335 addens,
2211 1269 2397 1342 Surgit
2419 1272 2567 1326 vultu
2594 1275 2820 1326 humeus
2843 1281 2899 1326 et
2925 1271 3319 1340 crimiuajussa
3349 1272 3529 1333 fateri,

533 1371 915 1441 Pontiﬁcisque
940 1372 1102 1440 pedes
1125 1369 1481 1440 lacrymarum
1513 1366 1732 1420 ﬂumine
1756 1367 1969 1436 tiugens
2211 1361 2338 1416 Haec
2378 1377 2609 1416 numero
2633 1376 2894 1432 superare
2920 1361 3360 1431 maris-deplorat
3385 1376 3606 1426 arenas,

535 1465 711 1532 Atque
732 1463 921 1517 lavans
949 1465 1096 1522 lletu,
1129 1457 1375 1528 tergebat
1407 1457 1560 1510 crine
1588 1456 1789 1520 soluto,
2212 1456 2459 1512 Pondere
2483 1456 2811 1512 continuatis
2845 1455 2978 1526 ipsis
3005 1455 3252 1525 graviora
3275 1457 3495 1518 sciere;

537 1552 761 1608 Actibus
783 1552 866 1605 his
889 1551 1106 1604 imitans
1135 1545 1322 1602 humili
1349 1546 1551 1615 pietate
1577 1545 1827 1607 Mariam,
2211 1546 2405 1600 Fidere
2430 1561 2488 1601 se
2515 1557 2690 1600 tamen
2725 1547 2841 1600 haec
2863 1546 3076 1601 Domini
3101 1547 3302 1616 pietate
3321 1548 3546 1611 remitti,

531 1645 628 1698 (lui
656 1643 782 1714 quia
807 1641 992 1696 dilexit
1019 1639 1241 1693 multum
1267 1638 1388 1691 data
1418 1636 1586 1690 multa
1611 1635 1931 1704 probantur.
2211 1637 2650 1706 Cunctorutnque
2679 1636 2794 1692 dari
2825 1637 3035 1691 veniam
3066 1636 3166 1690 sibi
3189 1635 3538 1707 ﬂagitiorum,

533 1734 658 1788 llaec
683 1733 807 1802 quia
840 1747 945 1786 non
977 1737 1192 1800 poterat
1216 1727 1428 1781 Domini
1453 1726 1705 1796 vestigia,
1747 1724 1896 1794 digni
2211 1728 2458 1784 Pontiﬁci
2486 1743 2681 1784 nomen
2703 1730 2995 1800 purganda:
3024 1731 3128 1784 rite
3152 1732 3365 1801 roganti

529 1825 910 1895 Cotnplectens
939 1820 1145 1886 famuli,
1173 1818 1436 1886 obsequio
1467 1827 1758 1872 veneratur
1784 1815 1967 1879 herili,
2137 1882 2182 1895 _‘
2214 1823 2485 1892 Pelagiani
2517 1823 2816 1892 proprium,
2848 1823 3302 1894 Margaritamque
3323 1827 3508 1880 vocari

530 1917 783 1968 (llantaus
805 1921 855 1967 et
889 1912 1078 1966 dicens
1112 1927 1127 1963 :
1167 1925 1185 1958 ι
1225 1906 1438 1972 Senior,
1468 1907 1728 1961 miserere
1748 1905 1938 1974 piaclis
2137 1882 2185 1942 Β
2217 1913 2435 1970 Urbano
2463 1929 2522 1968 se
2555 1930 2704 1970 more
2733 1923 2908 1980 notat,
2951 1917 3266 1972 redimicula
3298 1929 3519 1988 pr0pter

529 2010 607 2060 Ae
638 2004 850 2060 Domini
879 2013 1092 2058 sectare
1127 2001 1200 2055 tui
1234 2001 1320 2070 pia
1345 2000 1597 2069 dogmata
1619 1997 1846 2063 Christi,
2219 2001 2416 2056 Eximii
2452 2002 2649 2064 cultus,
2711 2003 2922 2058 animas
2948 2005 3070 2073 quis
3123 2006 3298 2059 vineta
3346 2008 3610 2061 trahebat.

531 2095 614 2150 Me
643 2093 1092 2164 superefl‘undeus
1116 2091 1335 2161 pietatis
1362 2090 1568 2144 viscera
1599 2097 1823 2151 sanctas,
2214 2093 2366 2148 Tunc
2407 2093 2729 2147 exorcizans
2769 2095 2952 2148 senior
2978 2096 3044 2148 de
3092 2109 3239 2149 more
3268 2096 3522 2166 puellam,

533 2180 862 2255 l‘artieipem
894 2192 1095 2238 memet
1118 2181 1327 2235 faciens
1353 2195 1478 2233 mox
1509 2179 1742 2233 nominis
1773 2177 1886 2232 alti.
2215 2184 2442 2240 Nomine
2495 2186 2712 2254 signato
2759 2185 2918 2254 tingit
2945 2186 3269 2256 baptismate
3300 2205 3483 2255 sacro,

535 2276 735 2345 Nempe
757 2290 855 2344 ego
877 2271 1090 2341 Pelagia
1122 2269 1345 2340 pelagus
1371 2284 1490 2322 sum
1523 2268 1691 2336 pestis
1716 2267 1914 2334 iniquae

2213 2276 2539 2346 Participem
2582 2277 2787 2332 faciens
2835 2279 3032 2332 divina:
3071 2281 3314 2342 muneris
3364 2299 3494 2346 am,

533 2366 813 2420 Fluctibus
851 2364 1102 2419 discernis
1148 2359 1415 2415 scelerum
1457 2358 1763 2428 petulanter
1814 2357 2110 2430 inundans;
2213 2367 2384 2435 Quam
2419 2366 2662 2421 Romam
2704 2367 2890 2423 levans
2919 2384 3076 2424 sacro
3111 2370 3180 2425 de
3237 2374 3451 2443 gurgite
3499 2375 3669 2428 sum“.

533 2461 774 2528 Suntque
807 2456 1002 2509 auinue
1028 2454 1276 2522 laqueus,
1313 2465 1432 2507 sum
1481 2449 1799 2520 perditionis
1845 2449 2108 2520 abyssus;
2214 2457 2314 2511 Hic
2362 2457 2558 2526 pungui
2605 2475 2619 2512 ε
2677 2476 2696 2508 ι
2733 2457 3032 2524 Lmemur,
3074 2460 3182 2526 ait,
3224 2476 3350 2515 cum
3401 2463 3606 2519 civiims
3649 2462 3754 2517 aut:

535 2549 789 2602 Luxuriae
827 2545 1019 2600 faculis
1047 2543 1289 2612 letbiQue
1319 2541 1578 2611 voragine
1601 2539 1800 2594 mllllos
2213 2547 2484 2611 Calestis,
2529 2549 2764 2617 vinoque
2801 2548 3002 2603 hilares
3046 2549 3273 2620 oleoque
3327 2552 3572 2606 fruimur

534 2639 751 2707 Decepi,
777 2639 1002 2706 decepta
1033 2636 1215 2706 prius;
1245 2635 1408 2692 uituis
1448 2635 1644 2688 horreo
1677 2641 1862 2703 gesta;
2212 2639 2384 2710 Hujus
2429 2649 2650 2710 propter
2693 2642 2812 2696 ovis
2844 2643 3170 2698 celebranda
3205 2657 3408 2714 tropaea
3441 2648 3642 2701 salutis.
3670 2665 3686 2697 ι

532 2729 799 2783 Exsecror
828 2727 1082 2782 infectam
1112 2735 1311 2781 memet
1343 2733 1451 2779 tam
1477 2724 1729 2780 sordibus
1759 2723 1916 2788 atris,

2279 2729 2396 2786 Jam
2425 2730 2584 2786 Patre
2621 2746 2745 2785 cum
2804 2742 2946 2787 metu
2995 2734 3267 2787 sociorum
3310 2735 3569 2804 epulante
3610 2737 3751 2796 beato,

537 2821 804 2889 Deprecor
828 2819 970 2872 unde
998 2819 1086 2888 pio
1117 2816 1368 2886 baptismi
1392 2813 1540 2870 fonte
1565 2813 1766 2869 lavacri
1788 2812 1863 2885 [Ῑ.
1894 2809 2108 2886 lavari].
2211 2821 2468 2878 Cernitur
2511 2837 2632 2877 esse
2664 2822 2842 2892 palam
2888 2823 3028 2878 nuda
3059 2824 3160 2878 sub
3213 2825 3447 2894 imagine
3492 2826 3700 2888 dmmou,

538 2911 606 2967 Ut
635 2922 982 2981 peccatorum
1019 2918 1247 2980 peream
1274 2907 1347 2964 ibi
1387 2908 1530 2964 Γειοω
1560 2921 1830 2971 meorum.
2219 2915 2770 2985 Utpotedepromcus
2797 2916 3028 2986 spolimu
3074 2916 3177 2970 sibi
3216 2920 3395 2972 ucxile
3427 2927 3651 2988 raptum,

533 3007 707 3072 Atque
737 3018 869 3057 mea:
897 3004 1086 3057 sordes
1105 3002 1302 3056 anima:
1325 3009 1624 3071 purgentur
1644 2999 1868 3053 abacum
2213 3007 2280 3062 Et
2321 3008 2572 3062 manibus
2613 3009 2778 3077 capiti
2811 3010 3022 3063 innexis
3050 3009 3286 3062 clamore
3335 3019 3586 3078 protervo

533 3097 816 3166 tiro-doque
839 3096 1107 3164 baptismo
1134 3094 1280 3164 quod
1309 3092 1684 3148 sanctiﬁcante
1711 3099 1901 3145 I'ellala
2211 3099 2458 3154 lnlremit
2485 3099 2768 3153 exululans
2797 3101 2876 3154 sic
2901 3117 2914 3154 :
2962 3119 2980 3151 α
3003 3101 3048 3156 Ο
3075 3100 3326 3154 violentia
3359 3101 3515 3154 facti!

535 3191 609 3243 De
639 3189 886 3242 manibus
907 3187 1108 3258 fugiam
1147 3187 1239 3256 qui
1263 3200 1347 3240 me
1372 3184 1588 3240 seduxit
1617 3182 1806 3249 iniqui.
1836 3199 1856 3231 ι
2137 3233 2180 3294 C
2211 3191 2256 3248 Ο
2285 3193 2412 3260 quid
2442 3191 2740 3260 perpetior!
2774 3203 3035 3261 quantum
3067 3207 3198 3248 sene
3225 3203 3484 3262 torqueor
3515 3195 3610 3247 i;|.o
3631 3235 3641 3247 ,

535 3279 573 3294 -ι
652 3278 747 3294 μιν
883 3277 893 3294 ι
965 3277 1001 3294 ογ
1044 3291 1081 3294 ν-
1128 3293 1141 3294 κ
1192 3291 1301 3294 μη
1339 3285 1589 3294 dum”-
1620 3273 1862 3294 --ε.ιμ....-
2218 3282 2252 3294 ,ι
2427 3283 2457 3294 .,
2534 3292 2541 3294 _
2675 3285 2685 3294 .
3217 3283 3260 3294 ι.-
3302 3285 3312 3294 .
3358 3288 3367 3294 .

532 3278 821 3333 Pontifices
849 3277 1090 3348 elei-ique
1118 3291 1308 3332 omnes
1334 3285 1594 3345 stupuere
1620 3273 1865 3327 videntes

2138 3273 2180 3294 ν
2218 3282 2500 3352 Decrepito
2531 3292 2611 3336 tcr
2655 3285 2792 3336 dena
2845 3283 2940 3338 tibi
2997 3298 3104 3337 non
3145 3283 3490 3339 sullieietaat

536 3368 640 3424 Tot
677 3370 948 3439 laerymas
975 3377 1293 3436 tantamque
1323 3365 1505 3429 ﬁdem.
1555 3363 1860 3420 meretricis
1893 3373 1949 3418 et
1994 3363 2110 3430 ejus
2214 3374 2643 3430 Sarracenorum
2676 3374 2940 3429 violemer
2985 3376 3158 3429 mima
3195 3387 3381 3446 capia,

533 3461 688 3526 Quod
714 3461 826 3528 jam
855 3467 1110 3514 cernatur
1129 3459 1308 3512 subito
1346 3456 1570 3511 mutatio
1603 3456 1756 3521 talis;
2211 3464 2356 3531 Quos
2403 3465 2530 3518 tuihi
2571 3465 2879 3532 subripiens
2932 3465 3160 3520 dederas
3188 3468 3516 3536 baptismate
3531 3467 3751 3528 Christo;

538 3554 801 3607 Mirantes
825 3553 973 3606 reﬂui
1001 3561 1114 3607 tam
1144 3551 1293 3621 larga
1323 3550 1593 3605 volumina
1618 3552 1800 3614 lletns,
2219 3556 2336 3610 Non
2371 3555 2465 3609 tibi
2510 3555 2803 3623 Heliopolis
2837 3572 2978 3620 utea,
3021 3573 3126 3610 non
3182 3559 3317 3612 satis
3348 3569 3536 3628 egerat
3577 3559 3703 3618 oliui,

534 3649 589 3700 lu
616 3660 886 3715 quoquam
915 3645 1094 3700 nullus
1121 3659 1285 3713 quam
1315 3658 1375 3698 se
1408 3643 1609 3698 vidisse
1638 3642 1864 3697 ferebat.
2215 3646 2381 3717 Cujus
2426 3663 2508 3700 tne
2557 3647 2754 3700 celebri
2800 3656 3124 3702 venerantes
3169 3649 3406 3704 culmine
3447 3651 3591 3705 cives

535 3737 746 3806 Vixque
772 3737 888 3792 solo
906 3737 1100 3792 suadet
1121 3736 1274 3792 laetus
1305 3736 1446 3790 hanc
1469 3749 1695 3805 surgere
1718 3733 1933 3805 praesul.
2223 3739 2464 3792 Sacrasti
2515 3737 2774 3803 Domino;
2819 3753 2924 3792 non
2968 3746 3240 3808 tot‘rapta:
3285 3742 3379 3794 tibi
3427 3750 3612 3810 gentes

536 3828 673 3882 Tum
713 3840 903 3883 cautus
919 3843 1182 3883 eanouem
1217 3842 1379 3897 super
1401 3827 1487 3880 his
1511 3828 1771 3881 mandare
1814 3833 2113 3890 retractat,
2220 3825 2525 3889 Suﬂiciunt,
2561 3827 2764 3882 Christi
2818 3842 2914 3897 per
2966 3835 3020 3882 te
3073 3843 3194 3898 quae
3228 3838 3446 3899 sceptra
3482 3837 3710 3884 verentur
3741 3841 3751 3875 :

536 3921 649 3976 Non
680 3921 875 3976 debere
905 3921 1244 3975 meretricem
1272 3919 1594 3988 baptismate
1620 3919 1788 3988 mergi
1810 3957 1825 3984 ,
2135 3911 2140 3916 ’
2220 3919 2326 3973 Tot
2357 3920 2451 3974 tibi
2503 3927 2610 3972 tam
2667 3934 2874 3989 magna:
2915 3935 3021 3974 non
3065 3917 3327 3975 suﬂ‘ecere
3359 3921 3580 3989 rapinae,

537 4015 600 4069 Ni
626 4013 1006 4068 vadibuslatis
1036 4012 1159 4066 ﬁdei
1189 4012 1488 4066 munimina
1513 4010 1690 4065 ﬁrmet
2219 4009 2443 4078 Insuper
2481 4009 2726 4063 aufertur
2763 4025 2887 4078 spes
2925 4011 3159 4064 maxima
3208 4010 3415 4065 fenoris
3441 4009 3622 4078 ampli.

536 4107 763 4166 Actibus
794 4104 995 4160 involvi
1020 4118 1295 4172 nunquam
1326 4118 1387 4158 se
1415 4103 1593 4159 denuo
1619 4103 1826 4172 pravis.
2219 4106 2264 4161 0
2312 4103 2545 4158 violenta
2593 4116 2757 4156 ruens
2803 4105 3030 4172 raptrix,
3061 4118 3094 4157 ο
3124 4118 3291 4173 prava
3337 4103 3626 4158 senectus!

535 4199 769 4252 Auribus
793 4198 977 4251 invitis
999 4212 1259 4266 responsa
1287 4197 1554 4250 morantia
1587 4208 1814 4264 captans
2220 4197 2548 4266 Argumenta
2578 4196 2684 4250 doli
2723 4196 2835 4265 jam
2889 4209 2994 4248 non
3026 4193 3164 4248 ultra
3193 4192 3306 4248 fero
3353 4194 3506 4248 saevi.

537 4287 653 4351 illa,
686 4289 988 4354 itermnque
1020 4301 1184 4339 ruens
1225 4299 1424 4354 corpus
1465 4284 1740 4354 jaeulatur
1787 4286 2121 4353 hmuumque
2222 4288 2336 4342 lleu
2366 4287 2650 4345 maledicta
2701 4287 2836 4349 dies,
2862 4286 2992 4339 mihi
3042 4301 3146 4353 qua
3176 4285 3487 4340 contrarius
3526 4280 3689 4336 ortus!

539 4379 777 4432 l’ercutit
805 4378 921 4432 haze
954 4376 1097 4430 luctu
1128 4377 1287 4430 misto
1314 4377 1624 4444 gemituque
1648 4375 1937 4443 profundo.
2223 4379 2466 4448 Namque
2491 4377 2716 4446 impulsa
2758 4377 2947 4430 labans
2982 4375 3238 4446 lacrymis
3273 4386 3331 4430 ut
3360 4376 3581 4428 ﬂumine
3609 4381 3752 4428 nostra

545 4489 560 4518 ι
598 4469 674 4522 'l‘u
708 4484 803 4539 pro
828 4483 914 4523 me
937 4468 1164 4524 Domino
1193 4469 1454 4521 rationem
1486 4466 1712 4520 reddere
1739 4482 1952 4520 summo
2223 4470 2449 4525 Subruit
2473 4470 2657 4523 evulso
2696 4469 2836 4523 male
2865 4467 3016 4523 ﬁrma
3052 4467 3371 4524 domuncula
3399 4468 3612 4521 fundo.»
3651 4459 3654 4462 ’

537 4561 786 4629 Cogaris,
811 4559 950 4614 mala
977 4568 1158 4614 nostra
1187 4560 1281 4614 tibi
1313 4569 1628 4628 reputentur
1657 4560 1723 4612 ab
1748 4560 1884 4628 ipso,
2147 4579 2197 4639 ο
2225 4561 2443 4615 Lividus
2487 4560 2601 4614 luec
2647 4561 2720 4613 ita
2770 4559 3118 4629 prosequitur
3154 4558 3414 4628 plangore
3451 4555 3701 4613 frementi.

539 4653 594 4705 Si
629 4671 713 4707 me
735 4652 1008 4708 distuleris
1039 4652 1368 4722 baptismate
1391 4652 1596 4722 tingere
1618 4651 1798 4716 fonte;
2222 4649 2510 4705 Pontiﬁces
2537 4651 2727 4720 reliqui
2773 4666 2960 4705 vocem
3013 4660 3232 4720 captare
3259 4650 3480 4705 nefandi

537 4743 672 4797 Nam
699 4759 891 4799 vereor
915 4757 984 4798 ne
1005 4743 1168 4808 forte,
1197 4758 1380 4796 moras
1402 4742 1528 4795 dum
1551 4741 1792 4812 segniter
1817 4739 1998 4805 aﬂ'ers,
2225 4742 2290 4797 Et
2337 4759 2458 4797 cum
2493 4741 2706 4813 Pelagia
2759 4752 2934 4796 mater
2961 4744 3264 4798 veneranda
3291 4745 3572 4812 stupescit.

539 4834 721 4890 llostis
744 4849 828 4888 me
852 4835 986 4889 diris
1008 4843 1218 4904 repetat
1243 4834 1506 4903 laqueare
1533 4833 1759 4896 catenis,
2223 4835 2425 4889 Versus
2456 4841 2506 4889 et
2535 4835 2602 4887 ad
2633 4844 2844 4903 raptam
2883 4833 3084 4888 Christi
3111 4835 3310 4888 virtute
3336 4833 3564 4903 pueilam
3597 4849 3611 4881 :

540 4924 842 4979 Matnrante
870 4923 990 4995 luga
1023 4939 1159 4994 quas
1191 4924 1304 4994 ipsa
1331 4923 1560 4978 evadere
1588 4939 1772 4978 curro.
2228 4942 2246 4975 ι
2285 4923 2330 4979 0
2357 4923 2484 4992 quid
2511 4923 2790 4994 Pelagiani
2821 4937 2938 4976 mea
2967 4924 3110 4992 quod
3134 4923 3263 4976 mihi
3293 4923 3460 4976 chara
3488 4919 3697 4992 parasti!

541 5015 717 5052 Nncnn
734 5017 946 5054 auida...
978 5017 1201 5056 lagano:
1229 5015 1393 5056 unfru-
1431 5015 1754 5058 Crmnimmm
1786 5015 2007 5060 raninm-
2224 5015 2292 5060 Et.
2339 5023 2392 5060 ιιι
2428 5028 2619 5060 n9.an
2649 5029 2825 5060 meum
2854 5011 3047 5060 luilam
3074 5021 3280 5060 sectam
3316 5013 3543 5060 videris:
