3888 5330
157 253 249 309 593
606 252 695 307 DE
735 253 1110 311 TRIUMPHIS
1150 256 1420 312 CHRISTI
1474 257 1705 314 ΑΧἸῚΟ(

1825 256 1869 313 Ε
1916 259 2157 316 CESTIS
2188 260 2370 316 LIBRI
2414 260 2571 317 DUO.
2606 291 2673 301 —
2709 259 2835 315 LIB.
2869 259 2932 313 ll.

221 361 354 415 lliuc
405 359 600 414 iterum
632 362 823 431 pellas,
865 374 1021 419 notas
1060 382 1354 421 conversus
1380 369 1446 421 ad
1474 379 1642 433 artes,

160 452 449 508 Blanditias
483 455 669 523 rigidis
698 455 849 511 lenes
872 461 1170 515 terroribus
1222 462 1401 526 addit;

162 544 406 613 liancque
468 545 658 601 adiens
706 562 900 603 somno
964 551 1193 618 positam
1247 552 1421 620 quatit
1473 553 1724 608 horridus

1504 652 1649 707 astu,

1504 658 1531 695 a

163 725 381 792 Ezeitat,
413 736 472 781 et
514 726 743 782 blandas
791 738 945 783 curat
973 731 1202 785 miscere
1253 642 1497 800 loquela}
1524 751 1537 785 :

169 819 408 888 «Damna
456 817 583 873 mali
641 834 985 885 memorans,
1032 836 1152 875 mea
1209 822 1540 892 Margarita,
1596 821 1725 891 quid

1386 912 1651 984 [unquant

164 997 349 1068 Ingessi
406 1000 541 1055 tibi?
581 999 700 1055 Non
750 1001 933 1057 baccis
976 1002 1226 1071 carisque
1272 1004 1479 1071 capillis

165 1090 383 1147 Ornavi?
412 1090 536 1146 Non
579 1101 806 1161 argento
831 1104 880 1147 te
909 1110 1080 1163 auruq
1106 1108 1151 1147 :e
1200 1094 1439 1162 replevi?

167 1178 251 1232 Die
290 1180 343 1233 in
381 1195 496 1250 quo
545 1180 736 1235 leviter
765 1182 845 1235 vel
898 1184 1011 1237 con.’
1028 1176 1216 1237 ristata
1253 1184 1484 1249 putaris,

164 1264 373 1338 Jamque
399 1268 779 1334 satisfaciam;
830 1287 970 1326 nunc
1025 1287 1108 1325 me
1138 1288 1205 1326 ne
1242 1274 1431 1326 desere
1460 1280 1689 1337 tantum,

166 1358 234 1414 Ne
257 1374 337 1415 me
362 1358 705 1417 Christicolae
760 1372 965 1417 tantum
999 1378 1092 1433 per
1135 1364 1333 1431 probra
1366 1364 1649 1433 fatigenlu

167 1449 252 1503 Ast
275 1448 467 1504 ancilla
496 1450 594 1505 Dei
624 1452 779 1520 signo
807 1452 1097 1507 defendere
1143 1453 1344 1509 Christi

170 1542 230 1596 Se
256 1545 452 1609 studet,
477 1544 875 1615 exsulilansque
898 1547 1032 1600 vafri
1065 1548 1443 1617 phantasmata
1471 1546 1721 1612 monstri,

168 1632 455 1703 Insequitur
485 1652 499 1687 :
533 1654 550 1686 ι
584 1635 723 1697 Tibi,
759 1653 918 1699 saeve,
955 1639 1165 1707 tuisque
1191 1638 1440 1693 renuntio
1474 1638 1719 1707 pompis;

170 1725 387 1780 Obsistat
408 1726 675 1783 Dominus
701 1727 857 1783 Jesus
886 1730 999 1792 tibi,
1031 1731 1262 1798 pessime
1292 1731 1524 1794 daemon,

170 1816 255 1883 Qui
294 1816 498 1886 pietate
544 1819 650 1873 tuis
698 1833 783 1873 me
828 1819 1073 1876 faucibus
1103 1821 1248 1875 eruit
1290 1822 1422 1885 alta,

170 1908 314 1978 Inque
336 1924 495 1964 suum
537 1909 833 1964 thalamum
876 1910 1106 1978 caelique
1141 1912 1352 1965 inluxit
1392 1912 1444 1964 in
1483 1910 1719 1965 aulam.»

118 2060 125 2067 _
171 2001 445 2058 Romanam
492 2002 618 2057 inde
646 2003 802 2057 ciens
840 2020 853 2055 :
893 2022 912 2055 ι
946 2003 1117 2057 Mater
1153 2002 1503 2068 venerabilis,
1530 2002 1721 2071 inquit,

171 2093 324 2148 Exora
352 2109 449 2164 pro
505 2110 592 2148 me
622 2094 941 2159 Dominum;
984 2110 1106 2149 nam
1146 2110 1245 2148 cett
1284 2093 1366 2149 leo
1395 2094 1650 2147 frendens

171 2185 371 2254 Expedit
414 2183 651 2239 insidias
680 2183 931 2248 Satanas,
966 2184 1314 2252 muleensque
1345 2184 1717 2251 mitratisque.)

171 2272 299 2329 Tune
318 2288 417 2330 ea:
455 2292 474 2326 ι
511 2273 590 2329 Ne
622 2275 811 2330 timeas
842 2272 1189 2341 vietumjam,
1214 2274 1345 2340 filia,
1376 2286 1677 2327 monstrum
1707 2288 1721 2338 ;

172 2365 352 2422 Amodo
384 2380 623 2436 namque
663 2376 810 2421 tuam
858 2366 1029 2437 fugiet
1062 2380 1279 2435 quoque
1335 2366 1556 2420 territus
1602 2381 1724 2419 um-

1389 2454 1585 2528 [bram.
1631 2473 1652 2507 ι

172 2542 331 2599 Tertia
376 2545 473 2601 lux
525 2548 810 2617 repetebat
840 2547 1063 2602 humum
1112 2555 1236 2617 post
1284 2547 1423 2601 dona
1485 2546 1722 2611 lavacri,

176 2636 413 2713 Quocum
432 2648 591 2710 peste
636 2638 775 2693 truci
799 2639 1044 2693 certabat
1074 2640 1323 2708 clamque
1360 2638 1664 2709 palamque,

174 2724 324 2784 Corde
350 2744 556 2785 cavens
580 2731 751 2785 veteri
782 2731 976 2786 mulier
1024 2730 1137 2801 jam
1183 2730 1324 2786 facta
1355 2730 1547 2793 virilis,

176 2818 375 2877 Vincere
415 2837 541 2893 qua:
591 2837 892 2891 properans
921 2822 1063 2877 avidi
1089 2821 1435 2892 laqueamina
1464 2820 1673 2887 mund,

176 2910 503 2984 Perfectoque
532 2916 685 2985 sequi
726 2916 1001 2970 ductorem
1037 2916 1254 2969 tramite
1283 2914 1587 2980 Christum,

176 2998 499 3073 Praepositum
551 3007 730 3062 domui
777 3022 991 3062 servum
1037 3018 1214 3070 vocat,
1257 3016 1309 3061 et
1339 3008 1495 3077 jubet
1539 3007 1724 3063 omnis

177 3090 407 3149 V'ectetur
436 3097 657 3166 penitus
703 3097 804 3152 sibi
851 3113 957 3166 quo
1001 3098 1270 3167 descripta
1302 3096 1541 3167 supellex
1582 3116 1594 3151 :

176 3182 471 3254 Argentum,
499 3197 703 3252 vestes,
731 3204 945 3252 aurum,
980 3187 1314 3249 redimicula,
1350 3202 1597 3255 gemmae.

175 3275 429 3334 Accelerat
475 3294 686 3345 servus,
747 3290 994 3335 metuens
1020 3280 1275 3334 mandata
1302 3280 1525 3345 morari,

178 3369 604 3428 Ornameutorum
626 3373 857 3428 dominze
885 3374 1047 3428 simul
1091 3373 1273 3429 omnia
1314 3372 1547 3442 perfert;

177 3458 288 3525 Qua:
319 3477 439 3517 mox
477 3477 574 3533 per
608 3473 835 3518 matrem
858 3464 975 3517 haec
999 3462 1179 3518 Patris
1204 3463 1529 3518 tractatibus
1552 3459 1725 3523 offert,

176 3549 305 3619 lpsas
346 3568 468 3609 esse
521 3553 699 3611 fatens
732 3556 1010 3611 mercedes
1038 3556 1284 3611 criminis
1334 3556 1460 3619 atri,

178 3642 279 3707 Quo
308 3656 560 3702 versutus
584 3662 704 3702 eam
738 3664 835 3719 per
860 3663 956 3703 eas
979 3648 1267 3717 deceperat
1289 3646 1495 3712 hostis;

173 3730 387 3791 Arbitrio
425 3752 656 3809 poscens
685 3747 875 3795 sancto
903 3746 1232 3808 expensetur
1283 3746 1340 3792 ut
1381 3738 1518 3807 ejus,

174 3820 411 3883 Sullicere
436 3828 711 3885 affirmans
740 3831 920 3900 superi
963 3830 1066 3885 sibi
1118 3844 1340 3884 munera
1376 3827 1591 3897 Sponsi.

174 3910 405 3975 Protinus
431 3930 486 3976 et
512 3921 742 3977 famulos
768 3938 957 3977 omnes
995 3921 1330 3992 famulasque
1359 3921 1611 3985 remittit,

174 4006 328 4079 Atque
354 4014 745 4070 manumittens
788 4018 928 4069 dono
959 4015 1165 4069 solatur
1196 4014 1465 4077 alumnos,

178 4097 464 4160 Exltortans
489 4107 743 4161 studeant
768 4107 990 4162 sceleris
1020 4107 1124 4161 sibi
1158 4106 1366 4162 solvere
1393 4102 1588 4169 vinela,

182 4192 235 4247 Et
284 4212 464 4252 veram
488 4199 793 4256 libertatem
826 4202 1027 4271 pietate
1058 4199 1217 4254 tueri.

180 4283 378 4343 institor
405 4299 465 4344 at
492 4289 715 4347 Nonnus
761 4291 998 4361 prudens
1038 4290 1285 4358 latorque
1314 4285 1485 4342 fidelis

180 4371 527 4432 (Economum
560 4389 717 4434 vocat
754 4380 1021 4443 ecclesize,
1052 4390 1347 4446 coramque
1376 4373 1555 4444 puella

180 4461 352 4521 Omnia
383 4470 650 4525 contradit
687 4472 912 4540 pretiosi
940 4472 1170 4541 insignia
1208 4468 1406 4533 cultus.

178 4554 421 4623 Adjurans
465 4574 562 4629 per
590 4575 712 4614 eum
734 4558 889 4628 cujus
925 4560 1026 4615 sub
1064 4569 1271 4615 honore
1300 4560 1587 4623 vacabant,

181 4647 513 4708 Defraudctur
557 4669 719 4723 opum
754 4669 822 4709 ne
850 4669 974 4723 pars
1006 4654 1087 4708 vel
1114 4654 1367 4722 quaelibet
1398 4656 1620 4721 harum,

179 4736 550 4799 lntromittatur
579 4746 756 4800 domui
793 4746 864 4800 nil
895 4746 1140 4815 praesulis
1190 4746 1337 4814 inde,

182 4826 253 4884 Nil
302 4834 382 4888 vel
415 4836 467 4889 in
506 4837 769 4901 ecclesiae,
807 4837 893 4891 vel
925 4839 1237 4893 tractatoris
1259 4854 1483 4905 earum;

184 4915 354 4977 Omnia
400 4925 492 4980 sed
536 4925 736 4991 viduis,
767 4926 985 4997 pupillis
1012 4928 1452 4999 pauperibusque

184 5005 566 5081 Dispeusentur,
599 5017 676 5069 uti
720 5032 891 5071 servze
936 5025 1198 5087 congesta
1228 5017 1401 5073 beatae

185 5095 529 5173 Largirentur,
560 5121 692 5177 opes
722 5106 986 5161 scelerum
1022 5108 1263 5163 solamen
1307 5120 1560 5178 egentum

188 5187 240 5226 lli
285 5192 455 5226 (ια-η...
531 5197 613 5224 un.
652 5198 907 5226 “Nam...
976 5189 1047 5226 ..ξι
1081 5205 1244 5226 “an...
1280 5199 1290 5226 :

531 5197 613 5224 lﬁ'h
652 5198 907 5226 ,ιλ-..Ξη--Α
976 5198 1047 5226 ..21
1081 5205 1244 5226 nne-Iul
1280 5199 1330 5226 ἶ.-

1340 5212 1515 5226 ιιΑι.--.Α

3285 258 3399 316 591}

1751 356 1796 412 Α
1828 370 2120 441 Neopbytis
2150 373 2316 435 albas,
2342 374 2569 426 necdum
2603 372 2859 425 rutilante
2887 369 2994 424 diei

1826 464 2009 535 Surgit
2043 466 2180 529 luce,
2207 467 2375 520 stolas
2407 465 2559 534 ponit
2590 462 2932 533 baptismatis
2960 461 3141 524 albas,

1822 555 2065 609 Induitur
2086 554 2269 624 byrro,
2311 553 2619 621 tunicaque,
2649 562 2722 614 et,
2752 552 2967 605 nemine
2992 558 3142 611 teste,

1823 644 2027 712 Aspera
2052 642 2276 710 cinipliii
2305 642 2569 695 velamina
2599 642 2825 709 corripit
2851 640 3010 701 hirci,

1826 733 2235 801 Assumptisque
2281 732 2381 785 alis
2423 732 2578 801 petiit
2619 731 2871 800 praecelsa
2900 730 3188 791 columbas;

1828 820 1921 875 llis
1945 830 2001 875 et
2048 822 2163 875 visa
2215 821 2349 875 locis
2397 821 2624 890 posthac
2648 836 2752 874 non
2785 820 3015 889 amplius
3053 834 3303 887 usquam.

1826 908 1941 964 Hoc
1985 910 2110 979 quia
2145 913 2413 964 nescierat
2442 918 2616 964 mater
2640 908 2881 962 Romana
2914 920 3130 962 veretur

1825 999 1905 1053 Ad
1943 999 2085 1054 mala
2115 1000 2407 1068 contempti
2452 1014 2520 1055 ne
2555 998 2694 1055 forte
2722 1000 2948 1054 redisset
2975 998 3198 1061 amoris,

1827 1090 2092 1160 Plangens
2134 1105 2233 1146 ceu
2283 1090 2494 1161 laqueis
2528 1092 2723 1146 iterum
2755 1091 2860 1146 siet
2885 1091 3056 1145 indita
3085 1090 3288 1145 missis.

1826 1182 1997 1249 Quam
2047 1183 2208 1237 Pater
2229 1184 2478 1254 egregius
2525 1186 2625 1239 sub
2656 1183 2900 1239 Flumine
2941 1183 3195 1240 conscius
3220 1181 3363 1235 almo

1826 1271 2058 1341 Pelagia:
2083 1272 2218 1336 voti,
2246 1272 2489 1327 solatur:
2526 1290 2546 1325 ι
2588 1272 2747 1337 Filia,
2797 1273 2905 1328 noli

1824 1360 1982 1416 Flere
2012 1362 2154 1431 piam
2191 1363 2374 1418 dicens
2401 1372 2620 1435 gnatam
2649 1380 2773 1419 cum
2805 1366 2988 1422 caelite
3014 1376 3181 1428 cuitu.

1826 1454 1966 1521 Quin
2009 1454 2195 1509 laetare
2236 1456 2426 1511 hilaris
2473 1457 2614 1526 quod
2665 1468 2720 1512 et
2759 1459 2875 1513 haec
2921 1460 3062 1513 sicut
3088 1460 3178 1513 illa
3228 1457 3397 1513 Maria

1826 1547 2106 1603 Peccatrix
2144 1558 2351 1618 partem
2381 1550 2622 1605 melioris
2645 1551 2883 1620 repperit
2928 1552 3031 1614 oti,

1830 1635 1960 1702 Quae
1991 1653 2098 1692 non
2135 1636 2339 1693 auferri
2377 1640 2575 1707 poterit
2603 1640 2715 1708 jam
2757 1639 2999 1694 funditus
3026 1640 3158 1695 illi.»

1748 1696 1798 1756 Β
1828 1724 1968 1781 Urbs
2018 1728 2244 1781 Domino
2271 1696 2453 1797 graies
2493 1696 2737 1783 referens
2791 1729 2906 1783 haec
2956 1737 3067 1783 tota
3109 1729 3352 1783 resciscit
3382 1769 3397 1792 ,

1824 1816 2001 1884 Atque
2029 1817 2368 1872 sacerdotqu
2390 1818 2482 1886 qui
2529 1817 2758 1872 aderant
2804 1834 2900 1873 sua
2930 1818 3161 1888 quisque
3188 1819 3400 1889 petivit.

1896 1907 2115 1964 Tertius
2145 1909 2350 1963 interea
2384 1910 2588 1978 rapidis
2621 1910 2969 1966 successibus
3020 1926 3195 1965 annus

1826 2000 2068 2067 Exierat,
2097 2012 2394 2072 votumque
2428 2012 2585 2057 vovet
2613 2002 2774 2057 levita
2822 2017 3054 2072 superne

1825 2091 1943 2149 Jam
1985 2094 2179 2158 dictus,
2223 2092 2483 2148 Solimam
2519 2102 2580 2147 ut
2601 2108 2832 2163 pergens
2861 2093 2979 2148 loca
3028 2093 3212 2149 visitet
3240 2091 3402 2146 alma.

1825 2183 2043 2237 lntimat
2076 2184 2179 2239 hoc
2211 2183 2356 2238 Patri
2388 2192 2600 2247 sancto,
2622 2183 2884 2238 dimittier
2905 2197 3088 2238 orans.

1828 2274 2039 2329 Vadere
2082 2275 2347 2344 permittit
2392 2275 2610 2345 praesul,
2642 2275 3001 2345 sequiturque
3026 2273 3332 2344 profando:

1833 2383 1852 2417 ι
1891 2364 2024 2420 Cum
2056 2374 2347 2434 praestante
2379 2366 2509 2431 Deo,
2553 2366 2743 2431 frater,
2766 2365 3082 2436 perveneris
3114 2364 3263 2429 illuc,

1828 2456 1896 2511 Et
1925 2457 2081 2526 digne
2125 2466 2413 2512 veneratus
2438 2457 2546 2512 eris
2584 2467 2801 2512 sacrata
2850 2456 3115 2520 locorum,

1832 2547 2072 2602 Sollicite
2129 2563 2261 2602 cura
2290 2548 2614 2603 monachum
2644 2547 2963 2618 perquirere
2994 2553 3247 2604 sanctum

1830 2640 2057 2696 Nomine
2095 2640 2393 2709 Pelagium,
2430 2641 2579 2696 solus
2611 2655 2677 2695 ex
2708 2648 2957 2708 tempore
2982 2636 3104 2694 belli

1830 2735 1931 2802 Qui
1968 2733 2181 2789 clausus
2207 2735 2333 2788 latet
2362 2735 2414 2788 in
2445 2732 2608 2797 cella;
2654 2747 2817 2802 quem
2854 2730 3033 2784 visere
3058 2742 3213 2795 cura,

1829 2823 1964 2878 Nam
2011 2839 2137 2879 vere
2192 2824 2421 2879 Domino
2477 2822 2667 2886 servit,
2701 2820 3108 2888 monachusque
3150 2815 3409 2886 probatur

1828 2916 2129 2982 Perfectus,
2158 2936 2178 2970 ι
2208 2927 2449 2972 sanctam
2482 2930 2645 2972 sexus
2671 2914 2774 2969 sub
2792 2913 3000 2969 honore
3048 2909 3283 2981 puellam

1830 3008 2243 3071 Commendans,
2275 3023 2464 3062 sexum
2491 3021 2611 3076 quae
2636 3008 2858 3069 vicerat,
2886 3002 3068 3059 omnia
3095 2999 3283 3055 mundi

1754 3066 1799 3128 Ο
1833 3103 1980 3158 Vana
2006 3066 2384 3172 triumphando
2409 3066 2730 3172 proculcans
2758 3066 2922 3153 corde
2944 3094 3110 3151 virili.

1831 3191 1942 3248 Nec
1974 3202 2153 3248 tamen
2179 3193 2319 3247 banc
2344 3191 2534 3262 pandit
2560 3189 2903 3244 manifestius
2924 3227 2939 3254 ,
2964 3185 3158 3242 ordine
3185 3193 3412 3240 servans

1828 3285 1887 3341 Id
1917 3286 2031 3342 fieri
2064 3286 2263 3357 placito
2290 3293 2345 3340 et
2370 3286 2554 3341 divino
2584 3284 2805 3339 numine
2826 3281 3000 3351 jusso.

1832 3382 2074 3451 Denique
2098 3379 2562 3437 commonefactus
2591 3379 2706 3433 adit
2727 3378 2842 3432 loca
2870 3381 3058 3431 sancta
3082 3371 3297 3431 diacon,

1833 3470 2001 3539 Ligna
2033 3472 2189 3525 beata
2220 3471 2399 3525 crucis
2428 3470 2669 3538 pretiosa
2696 3475 2903 3521 stratus
2932 3464 3145 3526 adorat,

1836 3561 1974 3618 Tum
1999 3561 2114 3618 loca
2139 3562 2205 3616 de
2227 3561 2489 3615 membris
2518 3559 2679 3628 Regis
2708 3568 2922 3613 sacrata
2950 3558 3171 3628 sepulti,

1834 3651 2006 3707 Morte
2031 3652 2360 3721 triumphata
2385 3652 2542 3706 rediit
2569 3665 2674 3718 qua
2705 3649 2874 3719 gloria
2902 3648 3127 3715 Christi,

1833 3743 2036 3798 Victrix
2061 3751 2332 3812 perpetuae
2355 3740 2584 3796 solidato
2609 3740 2803 3796 robore
2829 3740 2953 3794 vitae
2969 3755 2993 3803 ;.

1834 3835 2015 3889 Altera
2045 3836 2281 3903 dumque
2308 3833 2423 3887 dies
2447 3832 2624 3887 noctis
2644 3830 2941 3901 depelleret
2964 3831 3240 3897 umbram,

1837 3924 2090 3989 Quaerere
2113 3922 2389 3993 Pelagium
2418 3929 2678 3991 [imperat
2708 3920 2874 3976 levita
2900 3930 3167 3976 notatum.

1838 4012 1987 4068 Tunc
2014 4013 2067 4066 in
2090 4011 2334 4067 Olivil‘eri
2365 4014 2631 4067 scandens
2662 4011 2877 4081 fastigia
2905 4016 3124 4078 montis,

1836 4104 1953 4170 Quo
1977 4103 2204 4159 Genitus
2235 4102 2321 4173 pia
2355 4110 2478 4157 vota
2506 4102 2683 4170 Patris
2711 4101 2958 4157 mittebat
2986 4104 3052 4159 ad
3088 4121 3279 4173 aures;

1838 4196 1997 4251 Unde
2019 4207 2073 4252 et
2102 4197 2433 4266 prmcipuum
2456 4199 2658 4253 ducens
2688 4215 2850 4270 super
2879 4210 3024 4256 astra
3060 4203 3413 4274 triumphum,

1836 4284 1932 4340 Jus
1961 4294 2210 4354 repetens
2233 4286 2536 4354 proprium,
2565 4287 2829 4343 cmlorum
2852 4292 3100 4347 ascendit
3130 4292 3183 4346 in
3209 4294 3336 4347 alta.

1758 4407 1811 4466 Β
1841 4375 1937 4429 llic
1967 4376 2205 4430 habitare
2230 4376 2406 4430 virum
2434 4378 2610 4434 studio
2632 4394 2789 4447 quem
2820 4391 3087 4449 quaereret
3112 4383 3295 4447 audit;

1834 4466 2019 4537 Priepa
2031 4482 2288 4537 rvamque
2301 4468 2686 4523 videnscellam
2697 4510 2712 4533 ,
2727 4470 2891 4526 simul
2902 4474 3138 4540 undique
3150 4474 3414 4541 clausam,

1833 4562 2187 4617 Perscrutans
2216 4564 2390 4617 oculis
2417 4565 2595 4617 aditus
2623 4580 2729 4632 qua
2751 4576 2903 4632 parte
2926 4574 3151 4635 pateret,

1834 4652 1919 4706 Nil
1949 4654 2090 4706 videt
2120 4653 2207 4706 hic
2227 4653 2379 4705 omni
2410 4652 2675 4705 modicam
2700 4653 2802 4706 nisi
2830 4663 2983 4720 parte
3012 4654 3326 4709 fenestram.

1835 4744 1964 4810 Quae
1988 4743 2195 4813 pulsata
2227 4752 2394 4811 patet,
2428 4742 2587 4796 levita
2625 4745 2933 4812 agnoscitur
2964 4746 3098 4815 ipse,

1837 4832 1909 4887 Se
1936 4840 2345 4899 cognoscentem
2372 4846 2476 4885 non
2499 4831 2699 4887 callens
2727 4849 2948 4888 noscere
2971 4844 3202 4890 matrem

1836 4924 1971 4979 Dum
2004 4923 2198 4976 faciem
2228 4920 2374 4976 videt
2398 4922 2948 4993 aridulam’rugisque
2977 4924 3234 4993 solutam,

1838 5013 2073 5069 Orbibus
2100 5014 2261 5081 inque
2284 5015 2437 5068 cavis
2459 5014 2646 5068 oculos
2674 5031 2922 5071 marcore
2942 5028 3222 5087 gravatos,

1839 5105 2082 5174 Ossaque
2116 5103 2334 5160 clitellis
2359 5107 2558 5174 passim
2586 5110 2917 5161 numeranda
2946 5108 3160 5172 solutis,

1840 5195 2045 5226 ριιῖηιιο
2072 5191 2308 5226 canoro-nlo
2339 5197 2475 5226 ιιι-αἶα
2503 5198 2589 5226 νίν
2622 5203 2824 5226 lava-uni
2862 5213 2977 5226 noon
3013 5213 3245 5226 συπρα-η..
3272 5216 3286 5226 .
