3888 5330
520 342 642 398 ι595η
1030 351 1032 356 ’
1283 339 1672 397 FLODOARDI
1702 337 2022 396 CANONICI
2053 333 2398 392 REMENSIS
2428 333 2787 391 OPUSCULA
2820 317 3144 388 METRICA.

2133 429 2182 489 Α
2211 449 2598 518 Exsequiisque
2621 449 2724 518 piis
2746 460 3068 517 componere
3092 443 3329 498 membra
3355 442 3629 496 sacerdos.

533 453 602 508 Et
625 452 808 506 laudes
840 461 1044 506 tantum
1074 465 1205 506 aure
1233 451 1455 505 trahens
1478 449 1812 504 sollemniter
1839 448 1930 502 illa

535 546 682 613 Quas
708 545 932 599 Domino
954 544 1134 599 reddit
1155 543 1281 596 dum
1313 543 1453 596 linea
1483 543 1640 596 tertia
1667 541 1867 608 surgit;

535 636 733 704 Sicque
754 633 861 704 poli
893 633 1174 688 Dominum
1205 632 1528 686 benedicens
1557 632 1728 701 pergit
1753 638 2000 695 ovanter,

531 729 852 798 Eximioque
877 741 1063 782 means
1090 740 1352 780 acccnsus
1381 737 1566 778 amore
1592 723 1855 785 locorum,

532 818 808 889 Celsisque
830 817 1094 872 almorum
1118 815 1368 884 precibus
1394 812 1702 867 hcuedicier
1727 818 1941 881 optans,

531 902 735 973 Pelagii
759 903 863 958 sibi
885 917 990 971 qua
1011 900 1307 970 pertransit
1335 898 1520 968 Opinio
1546 897 1731 966 pollet,

531 991 700 1060 Cujus
731 993 856 1048 item
887 991 1209 1062 aggrediens
1237 989 1451 1052 cellam,
1479 987 1612 1042 nihil
1631 985 1781 1040 audit
1801 984 1868 1039 ab
1897 983 2064 1050 intus;

533 1083 825 1138 Permanet
853 1089 1173 1150 exspectans
1204 1081 1436 1148 spatium
1470 1079 1700 1134 transire
1727 1077 2003 1140 diurnum,

533 1172 602 1231 Et
630 1188 735 1227 nox
762 1172 887 1226 dum
912 1173 1094 1241 nigras
1125 1171 1280 1225 terris
1298 1169 1410 1238 jam
1435 1177 1713 1240 spargeret
1737 1167 1871 1233 alas,

533 1261 881 1332 Regreditur,
914 1263 1186 1330 mittitque
1213 1262 1352 1317 diem
1384 1261 1637 1330 migrare,
1662 1261 1944 1328 reditque;

534 1351 720 1407 Tertia
745 1351 870 1406 dum
904 1366 1074 1406 caecas
1104 1351 1194 1404 lux
1220 1349 1369 1419 pellit
1393 1350 1459 1404 ab
1481 1349 1613 1404 orbe
1643 1348 1879 1404 latebras

536 1441 782 1506 Scaudit,
814 1451 868 1498 et
895 1442 1225 1496 obstructum
1247 1457 1496 1507 cernens,
1529 1443 1741 1511 aperire
1768 1440 2061 1496 fenestram

535 1533 847 1597 Praesumit;
880 1541 990 1588 tum
1019 1542 1189 1587 strata
1222 1534 1413 1590 videns
1440 1535 1527 1605 pia
1554 1533 1796 1588 membra
1827 1533 2039 1602 quiete,

535 1623 822 1679 Descendit
848 1639 1096 1694 preperc,
1124 1623 1448 1681 Solitnorum
1479 1625 1694 1681 nuntiat
1719 1623 1842 1679 urbi

533 1715 808 1787 Pelagium
833 1717 1083 1774 abbatem
1111 1719 1232 1773 cmli
1257 1729 1467 1775 secreta
1495 1719 1716 1788 petisse.

533 1804 914 1878 Alterutraquc
938 1809 1038 1864 sibi
1073 1809 1456 1864 monachorum
1486 1809 1603 1880 lege
1632 1819 1863 1865 caterva:

534 1897 592 1953 ld
619 1899 884 1966 pandunt,
920 1908 1138 1969 totaque
1164 1900 1325 1954 simul
1349 1902 1568 1969 regione
1592 1900 1862 1966 feruntur,

533 1987 805 2056 Jordanis,
835 1989 1162 2056 llcricontei,
1190 1990 1487 2062 Solimique
1509 1992 1737 2047 sodales.

536 2077 764 2148 Jamque
791 2081 1017 2133 aderant
1041 2079 1231 2136 Patres
1263 2091 1450 2136 sancto
1472 2081 1687 2137 fervore
1715 2083 1946 2152 gregati.

537 2169 676 2224 Tum
699 2169 860 2224 funus
882 2169 1015 2224 cella
1041 2172 1297 2226 eximitur
1323 2187 1655 2244 scamnoque
1680 2173 1908 2229 locatur.

537 2259 763 2325 Accedit.
795 2259 1034 2315 Solimus
1063 2260 1222 2316 solito
1249 2260 1425 2318 felicia
1455 2263 1563 2319 ritu

818 2473 918 2502 ιι-

3706 304 3787 361 596

2209 539 2348 594 Ecce
2376 550 2595 608 repente
2625 539 2856 608 probant
2884 535 3164 590 muliebria
3192 542 3370 589 mente
3393 531 3534 584 virili

2210 630 2380 698 Quem
2395 631 2619 686 credunt
2641 630 2988 692 montachum,
3006 625 3323 681 monacham
3340 630 3547 678 secreta
3569 617 3760 676 tulisse.

2209 720 2527 775 Gloritiuant
2558 720 2717 789 igitur
2755 733 2946 786 magna
2978 732 3103 772 cum
3135 729 3264 769 voce
3290 713 3577 782 benignum

2211 809 2602 877 Miriticumque
2631 809 2793 863 Deum
2827 807 3025 860 multos
3053 806 3142 874 qui
3175 804 3414 874 regmiue
3445 807 3662 856 sanctos

2210 902 2403 972 Dirigit
2424 901 2684 964 occultos,
2714 899 2816 956 sibi
2847 909 2972 953 uota
2997 898 3210 952 monilia
3239 910 3485 951 servans.

2210 993 2373 1048 Fama
2410 992 2576 1056 volat,
2608 992 2804 1046 ccelum
2836 991 2990 1061 petiit
3017 991 3139 1060 quia
3170 988 3408 1043 mascula
3432 998 3622 1052 mater,

2211 1085 2378 1154 Cujus
2406 1085 2469 1139 ad
2493 1083 2779 1153 exsequias
2807 1092 2998 1136 curant
3021 1095 3347 1136 concurrere
3367 1080 3570 1148 plures,

2211 1177 2484 1247 Sacraque
2507 1175 2730 1245 virginei
2755 1174 2976 1229 volitant
3003 1174 3250 1231 examina
3282 1172 3466 1234 lactus;

2211 1246 2454 1336 Dumque
2476 1268 2618 1336 pium
2650 1267 2811 1335 digno
2842 1275 3073 1318 tractant
3110 1265 3207 1317 sub
3237 1263 3444 1316 honore
3467 1246 3707 1324 cadaver,

2210 1358 2278 1414 Et
2303 1358 2501 1413 celebri
2531 1357 2788 1410 mandant
2813 1370 2934 1408 cum
2970 1353 3246 1424 relligione
3268 1340 3538 1422 sepulcro,

2210 1448 2525 1505 Luminibus
2546 1447 2762 1500 radians
2790 1444 2975 1498 multis
3003 1446 3089 1514 pia
3129 1444 3284 1498 turba
3311 1449 3558 1497 coruscat

2211 1538 2486 1593 Laudibus
2515 1537 2679 1606 inque
2710 1535 2802 1589 Dei
2835 1534 3006 1603 plebis
3029 1549 3129 1590 vox
3159 1543 3355 1589 cuncta
3385 1531 3620 1587 resultat.

2209 1626 2502 1684 Postmodo
2528 1627 2724 1680 missus
2759 1625 2823 1678 ad
2855 1625 2906 1678 id
2936 1625 3135 1680 Christi
3163 1641 3192 1679 a
3219 1626 3420 1694 pietate
3445 1621 3677 1677 minister

2212 1719 2532 1789 Regreditur
2559 1715 2812 1778 Jacobus,
2843 1715 3098 1786 Patrique
3126 1731 3189 1774 ea
3214 1716 3403 1772 nuntia
3431 1721 3624 1784 portat.

2214 1807 2350 1864 llinc
2377 1816 2629 1877 preperat
2655 1806 2812 1859 matri
2845 1818 3069 1860 narrare
3092 1807 3206 1859 lucc
3236 1801 3585 1858 Antiochensi

2213 1898 2476 1955 Omnibus
2497 1911 2561 1950 ac
2579 1893 2744 1963 justis
2777 1894 2848 1950 ibi
2875 1894 3068 1963 gaudia
3097 1910 3290 1964 magna
3318 1893 3604 1957 ministrat,

2215 1990 2453 2045 Fletibus
2478 1988 2817 2058 illacrymant
2845 1985 3022 2055 populi
3062 2001 3158 2056 per
3176 1987 3371 2054 gaudia
3403 1988 3560 2051 fusis,

2213 2081 2519 2141 Laudantes
2546 2078 2831 2133 Dominum
2857 2077 2982 2131 divo
3007 2077 3099 2145 qui
3131 2091 3354 2132 munere
3381 2087 3616 2146 prastat,

2219 2172 2284 2230 Ut
2304 2173 2554 2242 dignetur
2577 2171 2646 2225 ab
2673 2171 2756 2225 his
2785 2171 2918 2224 tales
2939 2171 3040 2226 sibi
3066 2185 3282 2225 sumere
3306 2171 3534 2238 fructus,

2217 2262 2508 2334 Splendida
2534 2277 2670 2333 quos
2699 2260 2823 2316 etcli
2851 2259 3146 2330 gaudenter
3173 2262 3225 2320 iu
3257 2262 3454 2318 horrea
3483 2262 3678 2318 condat.

919 2475 3521 2500 Μ

931 2690 1077 2846 DE
1184 2691 1646 2845 CHRISTI
1751 2692 2033 2846 'l‘lllll

2200 2688 2394 2844 IIIS
2499 2687 2810 2845 APUD
2925 2689 3428 2846 l'l‘tlltlAlll

1347 3030 1728 3152 LIBRI
1811 3028 2976 3169 QUATUORDECIM.

1962 3301 2280 3322 ῌ--ιο

915 3499 1372 3598 ΙΝΟΙΡΙΤ
1449 3492 2033 3596 PROCEMIU

2196 3497 2859 3604 SEQUENTIS
2929 3497 3402 3593 OPERIS.

536 3848 694 3904 Orbis
715 3845 885 3903 Roma
916 3854 1096 3916 caput,
1125 3846 1267 3900 celsa
1298 3845 1606 3915 potentibus

534 3937 796 4008 Seeptris,
824 3935 1154 3999 consulibus,
1179 3935 1484 3990 Caesaribus
1513 3935 1698 3990 clucns

532 4028 810 4098 Augustis,
841 4027 1087 4096 patribus
1115 4025 1258 4082 clara
1288 4026 1609 4092 Quiritibus,

532 4118 733 4184 Armis,
756 4116 1000 4188 paciﬁcis
1031 4126 1086 4171 et
1117 4116 1441 4180 ditionibus;

529 4207 601 4266 At
626 4222 770 4260 nunc
791 4206 1082 4263 Altithroui
1115 4205 1318 4286 lumine
1348 4206 1547 4263 clarior

530 4295 697 4367 Regis
721 4297 1053 4366 principibus
1080 4297 1275 4351 nobilis
1303 4297 1542 4360 tnthet'i's,

530 4387 734 4443 Christi
763 4387 1046 4457 przecipuis
1072 4387 1212 4441 celsa
1245 4386 1540 4449 sodalibus,

530 4475 728 4546 Fulges
758 4477 1108 4548 martyribus,
1135 4477 1476 4546 pra-sulibus,
1507 4477 1690 4533 choris

531 4569 796 4638 Splendes
823 4569 1100 4640 virgineis,
1133 4579 1276 4625 astra
1308 4584 1472 4638 super
1501 4570 1607 4639 poli

535 4659 637 4726 Qui
665 4667 720 4716 te
749 4660 1027 4731 prodigiis,
1053 4660 1325 4731 dogmate,
1354 4659 1554 4729 prteliis

528 4749 730 4807 Palmis
754 4754 1094 4807 constituunt
1122 4752 1324 4806 mthere
1351 4760 1660 4822 perpetem;

529 4837 824 4895 Vincentes
849 4849 1058 4895 veteres
1084 4843 1320 4896 culmine
1351 4825 1643 4911 principes,

529 4928 695 4984 Bellis
718 4931 809 4998 qui
840 4931 1000 4985 validi
1032 4948 1194 5000 regna
1231 4933 1567 5002 parantibus,

528 5016 687 5072 Orbis
706 5019 828 5088 jura
857 5019 978 5074 licet
1008 5021 1345 5076 subdiderint
1374 5023 1498 5089 tibi,

525 5107 819 5180 Nigrarunt
845 5111 994 5167 vitiis
1021 5121 1073 5166 te
1097 5121 1272 5167 tamen
1303 5115 1559 5179 horridis,

525 5201 705 5256 Armis
730 5200 1034 5270 polluerant
1067 5212 1227 5271 atque
1252 5205 1585 5268 domesticis,

526 5292 852 5322 annalis-num
881 5295 1149 5322 ηιηΛιιΙΛσιθ
1183 5311 1320 5322 ’.κη’-Λ
1347 5296 1627 5322 Λκιιοικῖίιιιη

2136 3821 2182 3885 C
2221 3840 2531 3896 Submisere
2563 3841 2676 3896 fero
2707 3841 2840 3897 colla
2869 3850 3044 3897 tamen
3068 3841 3212 3914 jugo,

2217 3936 2403 3990 Pestes
2432 3934 2646 3988 invalidi
2677 3935 2876 4004 pellere
2905 3936 3138 4004 pectoris

2213 4027 2332 4081 Acti
2363 4027 2682 4082 criminibus
2707 4039 2856 4098 terga
2888 4028 3276 4098 prementibus.

2213 4120 2393 4174 Fallor
2419 4121 2471 4174 ni
2504 4121 2736 4190 prepriis
2763 4121 2973 4174 vatibus
3007 4120 3122 4174 ltzee
3147 4125 3344 4174 sonent

2211 4209 2384 4268 Tabes
2405 4209 2638 4278 Pegaseo
2667 4210 2812 4264 fonte
2838 4209 3154 4279 rigantibus.

2209 4302 2278 4355 At
2308 4301 2507 4354 Christi
2541 4315 2794 4368 proceres
2818 4301 3024 4355 viribus
3052 4301 3236 4355 arduis

2212 4390 2394 4444 Edocti
2427 4390 2660 4444 tumidos
2692 4388 2921 4444 subdere
2949 4389 3239 4458 principes,

2211 4481 2514 4552 Magnetum
2541 4481 2786 4535 dominos
2810 4479 3007 4550 pcllcrc
3033 4480 3327 4547 daemones,

2211 4571 2396 4624 Mortis
2425 4579 2636 4640 sceptra
2669 4579 2847 4626 terunt
2878 4569 2961 4623 his
2988 4568 3341 4635 dominantia,

2212 4663 2540 4733 [frangentes
2566 4661 2794 4715 trucium
2828 4659 3029 4730 spicula
3058 4660 3282 4725 virium;

2208 4758 2354 4822 Quos
2391 4769 2544 4825 rcges
2577 4754 2786 4808 miseris
2814 4753 3046 4807 vultibus
3078 4752 3264 4823 inclyti

2209 4845 2467 4909 Orabant,
2507 4844 2742 4914 trepidos
2771 4844 2823 4898 hi
2853 4844 3078 4913 pedibus
3105 4849 3378 4912 premunt,

2211 4940 2528 4993 Sternentes
2551 4936 2749 4990 veteris
2776 4936 2996 4990 numina
3021 4935 3222 4989 smculi.

2210 5027 2324 5081 Non
2353 5037 2538 5083 nostro
2571 5027 2852 5096 aggredior
2879 5027 3120 5081 carmine
3150 5025 3377 5095 prodere

2213 5119 2317 5187 llcs
2351 5133 2578 5187 quarum
2611 5117 2757 5172 Maro
2785 5117 2851 5171 sit
2885 5118 3116 5172 themate
3145 5118 3389 5180 territus,

2133 5187 2183 5248 D
2211 5209 2446 5263 llurrens
2477 5208 2629 5278 nigra
2660 5217 2793 5277 togae
2830 5209 3060 5262 stamina
3091 5218 3296 5272 texere,

3064 5296 3232 5314 .n,u
