3888 5330
142 345 242 404 597

705 348 794 406 DE
830 347 1106 406 CHRISTI
1139 345 1512 405 TRIUMPIIIS
1550 346 1735 404 APUD
1773 341 2055 402 ITALIAM
2095 338 2274 396 LIBRI
2313 337 2450 394 XIV.
2490 367 2559 380 ——
2597 334 2723 393 LIB.
2755 333 2799 388 I.

3259 323 3363 382 598

1159 457 1501 517 INCIPIUNT
1534 455 1876 514 CAPITULA
1913 453 2092 512 LIBRI
2128 449 2339 507 PRIMI.

144 568 182 623 I.
217 598 290 612 -
328 571 406 626 De
425 572 700 626 certamine
728 572 893 627 sancti
932 571 1074 627 Petri
1091 569 1311 637 apostoli
1330 587 1447 626 cum
1476 567 1687 624 Simone
1713 565 1896 637 Mago.

147 639 206 712 II.
225 669 295 681 —
318 639 400 712 De
426 654 606 696 sancto
631 641 865 712 Torpete.

148 707 227 781 II_I.
253 739 324 748 —
351 709 429 781 Qa
453 707 1248 781 passionc_apostolorusn_Petri
1269 720 1319 764 et
1351 708 1528 764 Pauli.

261 807 335 820 —-
354 776 939 850 ADe'sanctisAProcesso
966 792 1021 850 et
1040 778 1361 850 .llartiniano
1382 789 1534 850 atque
1565 776 1787 836 Lucina.

150 843 211 898 ν.
237 875 306 888 -—
338 848 419 902 De
439 850 634 903 sanctis
665 847 898 903 Nazario
919 859 966 903 et
987 849 1156 904 Celso.

151 915 233 986 XI.
267 946 339 958 —
362 916 442 971 De
465 919 689 972 vindicta
717 917 1036 972 Neroniana:
1064 916 1448 986 persecutionis.

287 1015 362 1028 —
400 986 476 1064 ρε
508 982 1130 1064 imperioj’cspasiani'et
1153 986 1273 1041 Titi.

153 1053 274 1110 VIII.
303 1085 374 1097 —
404 1055 481 1110 De
500 1053 694 1110 sanctis
725 1053 919 1110 Lino'et
945 1056 1108 1111 Cleto.

153 1121 237 1179 IX.
263 1154 336 1167 -—
358 1123 439 1182 De
459 1126 660 1182 cwteris
687 1126 955 1196 discipulis
985 1125 1333 1196 apostolorum
1355 1136 1402 1181 et
1424 1135 1606 1182 sancto
1642 1124 1964 1196 Apollinare.

1031 1293 1489 1384 INCIPIT
1559 1295 1918 1383 LIBER
1989 1288 2479 1379 PRIMUS.

1528 1459 1757 1517 CAPUT
1794 1456 2080 1514 PRIMUM.

973 1569 1047 1626 De
1078 1569 1356 1626 certamine
1376 1569 1542 1626 sancti
1571 1569 1711 1626 Petri
1741 1567 1962 1642 apostoli
1987 1583 2102 1622 cum
2133 1561 2339 1621 Simone
2372 1563 2547 1635 Mago.

158 1709 298 1764 Alma
333 1714 538 1777 tropaea
562 1706 784 1778 piusque
812 1705 988 1761 crucis
1015 1720 1109 1774 per
1133 1704 1267 1758 bella
1297 1704 1620 1773 triumphos,

158 1797 252 1853 Pro
275 1797 460 1869 regnis
485 1803 687 1852 eertata
716 1795 820 1864 poli
846 1793 1077 1850 feliciter
1100 1802 1305 1856 auctos,

161 1891 480 1946 Sanctorum
511 1888 612 1944 nisi
645 1887 852 1942 meritis
881 1885 1128 1940 evolvere
1153 1899 1332 1947 versu,

160 1980 423 2034 Romanas
446 1978 660 2033 tandem
685 1977 905 2032 ductore
931 1975 1177 2029 venimus
1209 1973 1260 2026 in
1288 1987 1442 2028 arces

163 2071 380 2141 Egregia
413 2067 611 2124 Christi
641 2066 958 2138 populorum
989 2063 1236 2134 praeduce
1265 2062 1452 2127 Petro;

163 2160 255 2227 Qui
274 2160 427 2216 verbi
449 2158 642 2230 jaculis
670 2157 878 2228 palmas
912 2163 1032 2225 post
1053 2154 1419 2208 Autiochenas

163 2251 477 2308 Pestiferam
506 2251 775 2306 insectans
805 2246 972 2302 divini
1004 2245 1220 2300 luminis
1248 2245 1458 2299 hostem

167 2339 229 2396 Se
252 2340 369 2394 tulit
391 2339 518 2402 huc,
557 2339 712 2409 longe
741 2336 1056 2408 {agitantem
1083 2335 1134 2388 iu
1158 2333 1389 2389 culmine
1416 2332 1594 2386 uuiudi

170 2430 438 2485 Sterneret
469 2438 526 2482 ut
550 2427 849 2490 Simonem,
879 2435 1182 2494 cunctoque
1211 2431 1516 2491 patesceret
1543 2419 1662 2476 orbi

169 2519 236 2575 De
260 2519 441 2574 mundi
466 2518 641 2588 capite
666 2518 928 2572 aethereos
950 2515 1169 2569 rutilare
1192 2514 1515 2582 triumphos,

173 2608 504 2664 Substratum
529 2606 778 2661 Ecclesiae
797 2607 918 2675 quis
947 2619 1003 2660 se
1025 2604 1189 2674 gemit
1213 2603 1485 2673 improbus
1514 2599 1724 2672 anguis,

175 2701 562 2770 Terrarumque
593 2713 779 2755 serens
814 2711 908 2768 per
934 2695 1160 2764 plurima
1191 2709 1352 2764 regna
1382 2690 1621 2763 profuse,

178 2788 385 2863 Spargit
407 2791 476 2846 ab
499 2790 623 2845 inde
646 2789 838 2842 Petrus
863 2786 1125 2841 ditissima
1157 2785 1359 2839 semina
1391 2781 1559 2837 verbi.

177 2881 295 2948 Quid
323 2892 568 2953 repetam
597 2880 717 2934 belli
747 2889 956 2954 veteres
984 2877 1051 2931 ab
1076 2876 1284 2946 origine
1307 2874 1548 2939 fraudes,

179 2970 240 3026 Ut
261 2971 461 3026 Christi
490 2971 722 3040 primum
750 2969 960 3023 insidiis
986 2980 1272 3036 aggressus
1299 2963 1439 3020 ovile

177 3061 491 3116 Proturbare
525 3059 730 3123 Simon,
762 3058 966 3112 socium
995 3071 1052 3111 se
1087 3055 1262 3119 finxit,
1294 3063 1349 3109 et
1374 3053 1585 3109 hostem

179 3152 369 3208 Invitus
399 3152 602 3215 docuit,
634 3163 829 3219 supero
856 3149 944 3218 qui
963 3147 1086 3216 jure
1111 3147 1346 3213 sodales,

180 3243 298 3298 Dum
332 3243 481 3297 videt
506 3251 622 3295 arte
641 3257 736 3295 sua
761 3241 927 3296 multo
952 3239 1162 3310 potiora
1187 3239 1393 3305 valere,

181 3333 544 3406 Prodigiisque
564 3331 1064 3405 Pldlippcisstupef
1065 3341 1218 3387 actus
1244 3342 1300 3385 et
1325 3344 1440 3394 ore,

181 3422 405 3494 Corpore
433 3425 652 3479 salvilici
681 3424 907 3494 sumpsit
932 3423 1164 3478 fomenta
1193 3423 1417 3488 lavacri,

181 3516 410 3572 Attracio
437 3531 660 3588 sperans
683 3515 958 3570 molimine
985 3515 1195 3570 discere
1223 3522 1484 3576 monstra,

183 3607 404 3664 Plurima
431 3625 590 3678 quam
621 3616 776 3663 norat
801 3607 988 3679 Stygio
1019 3607 1360 3662 insimulatus
1382 3607 1449 3661 ab
1477 3615 1670 3663 (nstro.

184 3701 219 3754 A
247 3701 399 3770 cujus
429 3710 538 3756 tam
568 3709 744 3756 mente
774 3701 905 3755 ﬁdes
936 3715 1126 3754 aversa
1154 3699 1382 3766 nitebat,

187 3789 445 3846 lrradians
471 3790 618 3847 orbis
647 3791 884 3862 pretioso
912 3790 1114 3845 lumine
1145 3805 1308 3861 regna

188 3882 449 3953 llhiphma:
472 3901 632 3955 quam
661 3883 739 3938 sol
769 3884 1016 3938 tenebras
1043 3883 1278 3951 regionis
1302 3883 1600 3938 abhorrens

190 3973 357 4031 Volvit
381 3978 483 4031 iter
506 3990 797 4047 peragrans
827 3974 1065 4029 stabilito
1097 3974 1308 4028 tramite
1339 3972 1622 4027 mundum.

189 4069 285 4124 Res
311 4070 487 4140 patuit
513 4087 527 4125 :
561 4085 681 4124 nam
705 4068 847 4122 nulla
877 4067 1066 4122 videns
1092 4067 1300 4120 fervere
1328 4065 1498 4120 beatae

190 4163 402 4218 Artibus
425 4163 678 4218 Ecclesiae
709 4159 915 4216 fraudis
937 4159 1162 4229 vestigia
1194 4166 1356 4222 notae,

189 4253 432 4309 Protinus
453 4254 666 4309 attoniti
691 4269 836 4308 careo
863 4253 963 4308 sub
993 4260 1211 4321 pectore
1241 4257 1442 4315 motus,

191 4343 514 4416 Gentilisque
535 4345 716 4400 animo
738 4344 866 4399 l‘urit
889 4357 1139 4413 mgraque
1172 4341 1308 4395 laetis

191 4434 406 4502 Invidia,
437 4446 599 4509 atque
628 4436 810 4492 odium
839 4444 1031 4489 moeret
1055 4432 1320 4504 pollenter
1347 4430 1532 4488 haberi

193 4523 300 4594 Ipse
319 4527 461 4598 quod
489 4527 733 4582 infausta!
756 4534 868 4581 toto
897 4525 1082 4594 nequit
1114 4522 1246 4576 artis
1268 4520 1435 4590 ap7sci
1461 4537 1476 4586 ;

195 4616 530 4688 Dilectosque
553 4615 704 4671 dolos
733 4615 887 4685 nigro
917 4613 1014 4668 sub
1041 4613 1206 4667 corde
1234 4611 1499 4674 volutans,

196 4705 348 4764 Tetra
373 4724 578 4765 venena
606 4709 808 4776 coquit,
843 4705 1107 4759 meditans
1138 4718 1330 4772 urgere
1357 4701 1611 4763 latenter,

198 4798 358 4866 Quam
381 4800 587 4854 lraudis
607 4811 866 4866 superare
889 4795 1054 4866 gradu
1087 4809 1188 4846 non
1214 4789 1465 4860 prazvalet
1489 4802 1692 4853 arcem,

198 4891 556 4949 Fundamenta
579 4891 729 4960 prius
758 4888 972 4942 fabricae
995 4885 1293 4940 subducere
1325 4880 1525 4945 nitens,

202 4984 266 5040 Ut
287 4986 459 5041 valeat
488 4993 655 5038 totam
682 4988 969 5035 structurae
997 4984 1244 5032 evertere
1275 4972 1468 5026 molem
1499 4989 1512 5025 :

201 5076 460 5146 Armaque
478 5073 778 5143 corripiens
802 5069 938 5140 patri
961 5069 1072 5137 jam
1103 5063 1319 5132 cognita
1349 5060 1558 5130 pridem

203 5167 511 5210 Τριιιιίσρηςις
540 5181 649 5210 .mn
678 5164 965 5210 EtEITPL'EI‘nI.
993 5155 1276 5210 conamine
1307 5153 1532 5210 DI‘InlOS.

1742 1685 1788 1743 Α
1819 1701 1952 1756 Tum
1976 1699 2138 1753 veluti
2177 1699 2286 1752 fera
2314 1705 2586 1766 pastorum
2607 1691 2936 1750 clamoribus
2959 1698 3103 1751 aeta,

1819 1792 1948 1860 Quae
1974 1789 2150 1844 medio
2171 1797 2376 1857 raptam
2404 1785 2580 1840 subito
2609 1784 2674 1838 de
2702 1780 2909 1850 cespite
2933 1781 3168 1848 praedam

1820 1882 1956 1937 Dum
1985 1878 2228 1948 sequitur
2253 1876 2561 1944 clamorque
2587 1874 2780 1935 virum,
2805 1869 3117 1938 celeresque
3138 1867 3378 1930 molossi,

1822 1967 1972 2025 Ilaud
2000 1965 2241 2038 perferre
2269 1965 2472 2027 valens,
2503 1961 2690 2018 solatia
2721 1975 2826 2014 non
2849 1972 2945 2012 sua
2978 1956 3165 2022 mittit,

1820 2065 1998 2134 Atque
2019 2076 2216 2116 vacans
2243 2069 2369 2115 voto
2397 2057 2633 2126 majores
2661 2053 2866 2124 colligit
2888 2052 3018 2115 iras,

1820 2153 2196 2223 Carpendique
2225 2149 2420 2204 famem
2449 2149 2626 2217 potius
2655 2159 2816 2215 quam
2848 2141 3013 2196 volvit
3037 2139 3264 2202 edendi;

1822 2244 2066 2300 Destinat
2095 2241 2317 2297 insidias
2343 2239 2538 2302 caulis,
2565 2237 2704 2293 clam
2732 2235 2873 2289 furta
2912 2233 3242 2302 frequentat,

1826 2337 1891 2391 Et
1920 2335 2003 2389 via
2027 2335 2072 2389 si
2102 2347 2206 2400 qua
2229 2339 2397 2402 patet,
2423 2335 2687 2400 penetrat,
2712 2327 3025 2394 laceratque
3049 2323 3314 2384 bidentes,

1821 2425 1941 2482 Jam
1968 2439 2072 2478 non
2100 2437 2219 2478 esse
2243 2422 2400 2476 modo
2421 2419 2631 2488 cupida,
2665 2418 2770 2470 imo
2800 2430 2993 2469 nocere
3014 2424 3199 2483 parata
3232 2430 3244 2466 :

1825 2513 1978 2568 llaud
2007 2512 2184 2566 minus
2214 2510 2316 2564 iste
2339 2507 2514 2578 lupus,
2545 2504 2775 2561 crudelis
2800 2503 2975 2560 bellua
2999 2503 3223 2570 mentis,

1825 2609 2119 2666 Pnevalida
2149 2607 2339 2678 Cepbce
2365 2605 2595 2677 pastoris
2615 2618 2744 2658 voce
2769 2599 3035 2670 repulsus,

1827 2705 1957 2770 Quae
1984 2710 2135 2757 retur
2155 2699 2374 2771 proprio
2400 2702 2777 2769 prmsmnplam
2795 2692 2918 2762 jure
2945 2692 3214 2761 rapinam,

1829 2792 2047 2847 Directo
2069 2805 2174 2845 non
2200 2789 2342 2844 ferre
2365 2787 2548 2841 valens
2570 2785 2653 2853 pia
2679 2784 2916 2854 pondera
2941 2797 3127 2845 cursu,

1828 2883 2008 2948 Ponit,
2033 2890 2088 2938 et
2113 2896 2370 2938 accensas
2388 2893 2592 2933 vacuus
2620 2883 2863 2945 raptatur
2899 2873 2950 2927 in
2976 2873 3106 2936 iras,

1833 2970 2168 3043 Sumptaque
2188 2968 2551 3037 multiplicans
2579 2963 2872 3020 studiosius
2894 2976 3045 3016 anna
3069 2959 3318 3023 nocendi,

1833 3062 2069 3131 Quaeque
2092 3058 2236 3114 valet
2259 3057 2461 3113 Christi
2493 3054 2722 3110 furtivus
2744 3052 2904 3108 ovilia
2935 3059 3123 3111 tentat.

1831 3154 2006 3210 Corda
2033 3167 2232 3222 parans
2255 3149 2434 3220 gregis
2463 3146 2672 3203 insidiis
2692 3145 2966 3199 incessere
2994 3139 3197 3203 blandi,

1832 3246 1917 3302 Nil
1943 3257 2227 3302 commune
2252 3241 2453 3307 ferens,
2488 3238 2758 3298 comvaria
2779 3245 2969 3294 cuncta
2997 3245 3326 3304 propagans,

1832 3337 2199 3408 Caesaremque
2220 3343 2279 3390 ut
2303 3348 2431 3390 oves
2453 3333 2614 3388 Petro
2643 3338 2861 3401 pastore
2885 3334 3136 3398 grcgatas

1835 3426 2130 3497 Comperit,
2155 3424 2336 3480 hostili
2365 3437 2556 3479 cursus
2578 3422 2681 3476 huc
2710 3419 2899 3474 fraude
2926 3416 3173 3478 tetendit,

1835 3516 1904 3572 Et
1931 3529 2282 3586 quoscunque
2315 3513 2478 3580 valet,
2504 3511 2656 3566 ferali
2685 3511 2845 3564 dente
2869 3515 3138 3563 cruentat.

1838 3609 2011 3676 Quem
2033 3617 2224 3662 contra
2249 3605 2422 3660 rabidi
2445 3604 2670 3658 crudum
2703 3599 2997 3656 moliminis
3029 3599 3240 3653 hostem

1837 3697 2075 3753 Bellator
2097 3694 2308 3750 validus
2335 3693 2516 3748 divino
2543 3706 2767 3746 munere
2785 3689 2994 3759 Cepbas

1839 3787 2224 3858 Progrediens,
2248 3784 2521 3854 armisque
2543 3783 2730 3853 vigens
2750 3780 2894 3850 capit
2920 3792 3014 3833 ore
3046 3775 3312 3841 duellum;

1840 3879 2065 3934 Pellitur
2087 3878 2304 3941 umbra,
2319 3876 2407 3945 pio
2431 3873 2680 3929 clarescit
2699 3870 2899 3928 lumine
2926 3867 3121 3938 fulgor.

1845 3967 2100 4037 Discipuli
2131 3966 2356 4030 fraudis,
2383 3979 2610 4041 quorum
2641 3977 2792 4017 mens
2811 3973 3034 4016 cernere
3052 3972 3238 4013 verum

1846 4059 2176 4128 Promptior,
2201 4055 2416 4111 obscuri
2443 4060 2729 4124 penetrant
2753 4053 2878 4107 dum
2912 4050 3049 4104 furta
3076 4045 3339 4117 magistri,
3372 4094 3390 4108 .l

1848 4151 2153 4206 Exhorrent
2176 4147 2414 4213 facinus;
2445 4146 2662 4201 dextras
2685 4143 2840 4214 juvat
2861 4141 3059 4196 addere
3087 4152 3234 4204 vero,

1847 4243 2153 4313 Iunguntur
2179 4238 2378 4295 sanctis
2411 4237 2588 4291 lumen
2621 4243 2840 4306 captare
2860 4229 3056 4302 parati.

1773 4365 1820 4427 ο
1854 4334 2110 4388 Desertus
2131 4326 2292 4386 sociis
2315 4329 2432 4383 dira
2457 4327 2597 4380 latro
2620 4324 2859 4393 carpitur
2888 4322 2988 4384 ira,

1850 4423 2107 4492 Clamque
2139 4420 2316 4492 fugam
2349 4415 2688 4490 aggrediens,
2726 4412 2912 4468 urbem
2953 4410 3087 4474 petit
3125 4407 3416 4463 Antiocho-

3173 4496 3345 4568 [nan].

1853 4605 2114 4659 Audierat
2140 4600 2404 4671 siquidem
2434 4595 2556 4652 ﬁdei
2587 4593 2824 4648 crevisse
2853 4591 3092 4658 vigorem

1853 4696 1951 4751 Hic
1975 4695 2109 4749 adeo
2139 4703 2197 4745 ut
2220 4686 2423 4744 Christi
2445 4692 2700 4754 caperent
2721 4682 2786 4736 de
2813 4678 3029 4733 nomine
3057 4689 3277 4730 nomen.

1856 4785 2007 4851 Quod
2030 4783 2198 4846 ferus,
2223 4776 2438 4833 invidiae
2467 4772 2675 4828 facibus
2696 4769 2967 4824 ferventer
2997 4765 3243 4829 adustus,

1857 4875 2071 4930 lnsidiis
2094 4870 2361 4937 caecisque
2382 4864 2520 4920 dolis
2551 4860 2840 4932 explodere
2871 4857 3069 4918 nitens,

1861 4965 2106 5023 Etheris
2127 4961 2385 5019 adversus
2407 4955 2690 5010 Dominum
2718 4961 2930 5006 certare
2956 4945 3188 5010 laborat,

1862 5057 2286 5118 Frustratusque
2307 5049 2471 5103 miser
2492 5058 2632 5100 saevo
2663 5041 2971 5097 corroditur
2995 5035 3150 5106 igne;
3219 5033 3225 5042 '

1866 5145 2058 5202 Pulsus
2077 5152 2135 5198 et
2163 5155 2195 5194 a
2212 5139 2360 5195 Petri
2387 5136 2571 5200 sociis,
2603 5131 2889 5204 cautisque
2909 5124 3198 5190 ministris,
