3888 5330
475 345 583 403 599

481 465 958 537 lnnitensqueope
984 464 1282 520 daemonica
1313 466 1414 520 sub
1435 465 1646 522 vincula
1669 465 1866 520 multos

475 555 709 625 Conjicit
732 556 939 611 erroris
967 556 1134 621 cives,
1165 556 1470 624 crescitque
1491 570 1588 623 per
1615 565 1761 610 artes

477 648 662 717 Us‘que
685 648 818 702 adeo
845 648 1100 717 magicas,
1135 648 1266 703 deus
1287 656 1346 701 ut
1375 647 1631 702 decretus
1658 647 1727 701 ab
1755 645 1887 717 ipsis

473 738 732 804 Polleret,
761 738 1037 794 simulacri
1070 739 1235 793 etiam
1259 740 1489 792 donatus
1518 737 1741 802 honore,

472 829 629 900 Quod
651 829 896 900 geminos
928 829 1070 884 inter
1095 839 1287 898 pontes
1303 829 1558 884 Tiberina
1583 827 1784 884 fluenta

472 920 754 976 Alluerant
783 920 940 973 titulo
969 921 1268 991 insignem;
1291 920 1386 975 sed
1411 920 1600 974 fraude
1623 921 1789 989 petita

474 1008 626 1064 llaud
653 1009 871 1081 longum
900 1011 1077 1064 deitas
1106 1011 1324 1074 mansit,
1355 1025 1592 1080 veroque
1625 1009 1834 1066 tenella:

475 1100 826 1170 Rumpuntur
856 1099 1109 1166 tenebrat,
1141 1100 1350 1156 validus
1373 1101 1499 1154 dum
1531 1101 1774 1171 protinus
1805 1099 1896 1155 illo

473 1190 678 1248 Militiae
702 1191 902 1246 Christi
931 1191 1090 1246 veluti
1117 1193 1219 1246 dux
1253 1202 1416 1262 atque
1445 1193 1702 1262 magister

477 1280 742 1350 Dirigitur
763 1281 1017 1350 princeps
1047 1281 1346 1352 primorum
1369 1282 1585 1349 Petrus,
1609 1283 1854 1352 iniquum

474 1367 707 1424 Humani
739 1371 955 1441 generis
981 1381 1168 1426 contra
1199 1372 1524 1442 generaliter
1544 1373 1757 1428 hostem

475 1459 576 1526 Qui
606 1461 814 1530 primus
837 1461 1028 1518 vexilla
1061 1464 1238 1518 erucis
1268 1466 1394 1520 huic
1417 1466 1613 1536 ingerit
1644 1467 1782 1531 urbi,

477 1551 770 1623 l‘ostquam
795 1553 1160 1624 Cappadoces,
1193 1555 1438 1626 Galatas,
1483 1557 1715 1614 Pontum
1765 1568 1926 1635 atque
1971 1559 2059 1614 Bi-

1769 1653 1989 1729 [thynos

471 1737 656 1794 Armis
681 1737 932 1794 induerat
961 1740 1109 1805 fidei,
1140 1742 1309 1812 proba
1342 1742 1530 1798 munia
1562 1742 1806 1808 tradens,

477 1827 700 1888 Divinos
725 1840 937 1885 certare
964 1832 1142 1887 sciens
1171 1832 1424 1888 robustus
1450 1847 1669 1903 agones,

473 1920 752 1973 Virtutum
777 1921 1041 1976 scelerum
1072 1932 1259 1979 contra
1287 1925 1512 1980 ductare
1539 1924 1812 1990 cohortes,

472 2011 543 2064 Et
571 1998 691 2064 falsi
724 2013 976 2067 tenebras
1005 2015 1279 2084 expellere
1303 2015 1506 2070 lumine
1531 2017 1666 2072 veri.

476 2100 578 2158 llic
604 2101 810 2170 primus
835 2103 983 2156 verbi
1009 2103 1267 2174 patefecit
1292 2106 1533 2161 clavibus
1561 2107 1740 2162 aulam

473 2191 725 2246 lecstis
758 2193 909 2263 regni
932 2193 1260 2250 dominantis
1287 2196 1498 2252 civibus
1521 2199 1702 2262 urbis;

476 2281 762 2336 Pelluntur
787 2283 958 2337 radiis
986 2283 1185 2339 Christi
1213 2286 1560 2343 rutilantibus
1583 2289 1818 2354 umbrm;

476 2371 598 2426 Jain
625 2382 836 2429 mentes
861 2374 1141 2429 hominum
1168 2376 1383 2448 placido
1407 2378 1714 2435 illustrabat
1734 2396 1952 2438 ammno

479 2463 672 2523 Sermo
693 2464 990 2537 Evangelii,
1014 2467 1180 2524 satias
1203 2469 1316 2537 jam
1352 2470 1497 2526 nulla
1524 2472 1742 2528 tenebat

479 2555 649 2610 Verbi
669 2555 968 2622 auditores,
1001 2558 1261 2614 miracula
1295 2559 1448 2630 plura
1473 2561 1742 2626 videntes.

471 2642 586 2706 Nec
613 2645 817 2701 ducunt
840 2647 1030 2703 audire
1057 2649 1194 2704 satis
1221 2651 1354 2720 quin
1379 2651 1621 2722 supplice
1647 2663 1773 2710 voto

477 2736 813 2807 Discipulum
835 2748 1066 2809 poscunt
1089 2741 1264 2795 sacris
1291 2744 1554 2798 mandare
1578 2745 1776 2800 lituris.

472 2833 662 2888 Audiit
688 2833 778 2890 ille
800 2849 1016 2904 preces,
1040 2835 1357 2904 chartisque
1385 2846 1631 2906 receptat
1658 2838 1967 2893 habendum

476 2921 622 2978 Petri
653 2923 1029 2994 Evangelium,
1052 2924 1236 2979 senior
1264 2940 1502 2996 quoque,
1530 2927 1770 2982 Flamine
1797 2927 1989 2997 plenus

478 3014 728 3083 Sidereo,
754 3023 1042 3086 postquam
1074 3015 1302 3087 factum,
1331 3015 1645 3086 furtumque
1673 3016 1831 3072 ﬁdele

472 3105 708 3175 Accipit,
739 3105 957 3171 attollit,
989 3105 1398 3189 delectatusque
1429 3107 1615 3178 rapina

474 3195 642 3252 Marci
666 3197 812 3267 picta
843 3213 1005 3252 manu
1031 3213 1150 3267 qua:
1179 3199 1430 3268 dogmata
1468 3199 1661 3270 pagina
1691 3199 1895 3272 signat,

479 3285 712 3352 Firlnat,
747 3295 802 3342 et
825 3287 1085 3342 Ecclesiae
1109 3288 1274 3342 tradit
1300 3303 1398 3358 per
1417 3287 1578 3343 saucia
1611 3287 1862 3360 legenda.

550 3375 812 3434 Senserat
830 3385 1075 3434 actutum
1104 3380 1433 3450 respublica,
1458 3379 1630 3435 limite
1659 3379 1714 3436 in
1747 3380 1868 3450 ipso

476 3467 741 3524 lntroitus
762 3469 981 3540 Cephte,
1012 3472 1266 3543 suffragia
1288 3472 1435 3529 clara
1465 3473 1688 3539 salutis;

480 3559 720 3624 Quartus
750 3560 820 3616 ab
843 3561 1088 3634 Augusto
1117 3563 1296 3619 fasces
1327 3580 1450 3620 nam
1477 3564 1734 3620 Claudius
1757 3563 1908 3619 orbis

481 3649 708 3718 Nactus,
739 3653 1054 3710 consulibus
1075 3656 1300 3711 multam
1333 3657 1686 3728 patribusque
1715 3658 1978 3729 parabat;
2048 3721 2053 3727 ,

482 3745 764 3817 Exstingui
793 3747 1060 3818 siquidem
1088 3765 1185 3820 per
1203 3765 1296 3806 eos
1321 3751 1386 3806 de
1409 3752 1671 3822 sanguine
1697 3761 1921 3806 cunctos

484 3838 770 3892 Decretum
795 3841 1004 3894 exierat
1031 3856 1286 3910 proceres
1313 3843 1403 3911 qui
1437 3841 1667 3897 Caesaris
1689 3842 1818 3898 orti.

477 3928 642 3982 Caius
665 3938 724 3985 ut
743 3931 1067 3998 exstinctus,
1093 3932 1360 3988 scelerum
1391 3934 1630 3989 crudelis
1656 3934 1886 3999 amicus,

473 4019 605 4078 l’elli
641 4039 803 4093 regna
827 4024 978 4094 jugo,
1008 4026 1272 4098 perfringi
1303 4035 1516 4095 sceptra
1543 4025 1779 4091 revulso,

477 4112 712 4172 ltestitui
739 4114 904 4183 leges,
930 4115 996 4169 ad
1025 4117 1257 4186 pristina
1282 4118 1404 4188 jura
1432 4118 1652 4174 reverti.

475 4203 734 4260 Claudius
762 4214 818 4258 at
843 4219 1063 4274 regnum
1090 4215 1377 4278 postquam
1411 4207 1624 4273 solidat,
1659 4208 1774 4263 fera
1796 4207 1975 4264 tendit

473 4296 753 4358 Iudicibus
783 4315 939 4355 saeva:
961 4302 1142 4357 crudis
1174 4302 1451 4358 molimina
1481 4317 1676 4372 ptenaa.

475 4391 582 4445 Sed
605 4390 750 4452 Petri
774 4391 826 4456 in
857 4392 1138 4459 auxilium,
1171 4393 1354 4450 diuino
1377 4395 1598 4450 numine
1623 4403 1820 4461 tactus,
1913 4428 1924 4440 -

475 4481 555 4537 Ne
589 4484 741 4552 nigra
774 4493 1069 4556 tempestas
1100 4486 1377 4558 surgentia
1406 4487 1651 4557 gramina
1674 4488 1856 4553 laedat,

480 4575 619 4634 Dum
643 4576 954 4641 conduntur
981 4578 1157 4646 adhuc
1184 4579 1370 4635 scissae
1404 4594 1540 4634 nova
1570 4579 1780 4634 semina
1806 4587 1987 4649 terrae,

473 4668 670 4740 Incipit
701 4671 930 4727 interius
953 4673 1236 4728 advertere
1266 4672 1504 4742 pectoris
1529 4673 1706 4728 antris

481 4763 650 4829 Quas,
677 4764 721 4819 si
750 4773 926 4835 empta
959 4763 1119 4830 foret,
1145 4773 1354 4832 strages
1385 4765 1541 4818 daret
1572 4764 1706 4818 ultio
1737 4765 1902 4828 dura;

489 4855 652 4922 Quam
679 4853 856 4909 claros
884 4869 1218 4925 magnosque
1247 4855 1396 4909 viros
1426 4864 1611 4908 actura
1634 4855 1734 4909 sub
1759 4855 2004 4919 umbras,

489 4947 652 5012 Quam
681 4944 978 5005 desolatam
1010 4945 1251 5015 patribus
1282 4944 1683 5016 constringeret
1709 4945 1898 5000 urbem
1938 4962 1953 4998 :

496 5034 687 5074 Tacita!
723 5035 852 5076 Imm,
887 5036 1161 5076 nnimimm
1191 5043 1369 5078 Irnone
1400 5035 1466 5078 ad
1495 5044 1645 5078 arata
1680 5036 1922 5078 residunt

1176 346 1568 404 FLODOARDI
1607 347 1927 404 CANONICI
1969 346 2312 406 REMENSIS
2341 348 2701 406 OI’USCUIA
2736 345 3059 406 METRICA.

2077 470 2124 525 Λ
2155 464 2342 530 Sedat,
2375 465 2648 522 Athenteis
2670 464 2988 520 censoribus
3009 463 3154 518 edita
3180 462 3449 533 quondam
3475 480 3490 527 ;

3643 344 3741 403 600

2155 557 2347 620 Quam,
2378 556 2640 611 suadente
2664 557 2882 625 quidem
2907 556 3106 610 dudum
3136 555 3420 622 Cicerone,
3441 563 3676 612 senatus

2157 646 2413 701 Tentarat
2443 647 2652 716 populis
2672 646 2927 700 inducere
2958 644 3170 701 Czesare
3200 660 3374 710 caeso;
3651 664 3660 671 ο

2158 734 2264 790 Sed
2290 745 2439 790 vetat
2461 735 2709 790 infaustis
2737 745 2893 790 utens
2919 736 3185 790 Antonius
3218 736 3408 804 armis,

2159 827 2338 882 Cmsar
2362 836 2417 882 et
2444 827 2719 897 Augustus
2745 825 2929 882 furtivu
2958 824 3162 881 funeris
3191 826 3356 882 ultor.

2158 918 2417 974 Claudius
2434 919 2574 974 hanc
2607 917 2871 972 adhibens
2892 917 3118 986 Barjoua
3143 917 3387 985 principe
3419 916 3634 982 Romae,

2159 1009 2273 1063 Etsi
2318 1023 2478 1064 causa
2503 1015 2654 1078 petat
2684 1007 2889 1062 trucior
2912 1022 3021 1075 quo
3046 1005 3254 1060 ferveat
3291 1007 3457 1071 ultor,

2160 1101 2360 1172 Sponte
2385 1109 2565 1155 tamen
2608 1098 2816 1154 facinus
2846 1098 2993 1153 nullo
3016 1107 3275 1168 poscente
3299 1099 3552 1152 remittit.

2229 1191 2467 1262 Contigit
2492 1191 2580 1246 hic
2603 1190 2749 1245 aliud
2775 1189 3070 1260 permirum
3097 1189 3356 1260 temporis
3386 1188 3550 1259 hujus

2160 1283 2342 1355 Regna
2376 1299 2566 1354 regens
2598 1283 2852 1354 pnecelsa
2883 1284 2972 1336 Dei
3001 1281 3141 1352 quod
3173 1283 3344 1351 gratia
3371 1281 3565 1352 gessit.

2161 1373 2438 1427 Dalmatia:
2479 1371 2673 1428 Furius
2700 1373 2908 1444 legatus
2939 1373 3142 1427 honore
3182 1371 3470 1437 Camillus,

2161 1465 2376 1519 Molitus
2404 1465 2560 1520 civile
2587 1465 2762 1530 nefas,
2794 1465 2860 1519 ad
2888 1479 3042 1519 sacra
3079 1471 3304 1518 vocarat

2161 1555 2364 1610 Militia:
2390 1557 2644 1610 mutanda
2669 1571 2860 1610 manus
2885 1555 3158 1624 fortesque
3179 1553 3464 1624 ferasque;

2162 1646 2493 1716 Signataque
2523 1647 2610 1702 die
2641 1663 2742 1723 qua
2771 1663 2864 1702 rex
2887 1655 3159 1702 statuatur
3181 1648 3246 1700 ab
3275 1645 3426 1700 omni

2162 1738 2373 1804 Militia,
2400 1738 2547 1792 nulla
2568 1749 2792 1809 possunt
2820 1739 3030 1792 ratione
3055 1737 3258 1791 moveri

2088 1809 2136 1869 Β
2166 1827 2350 1898 Signa,
2375 1829 2524 1883 velut
2545 1827 2699 1881 firma
2728 1837 2884 1882 terra:
2908 1826 3086 1881 radice
3109 1825 3367 1895 ligeutur;

2164 1920 2281 1975 Non
2311 1921 2486 1992 aptari
2525 1920 2739 1992 aquilzc,
2767 1920 2964 1976 Christi
3001 1920 3201 1973 virtute
3232 1919 3488 1972 subactze.

2163 2012 2320 2068 Miles
2349 2022 2410 2067 ut
2439 2013 2553 2068 htec
2577 2030 2680 2067 non
2713 2013 2825 2067 visa
2854 2013 3004 2082 prius
3029 2010 3286 2066 miracula
3309 2010 3506 2074 cernit,

2160 2103 2394 2158 Pcenitet
2431 2105 2649 2173 incoepti
2671 2118 2734 2158 ac
2761 2103 2932 2174 rigido
2963 2102 3087 2157 ferit
3117 2117 3246 2157 ense
3285 2111 3605 2174 tyrannum,

2160 2194 2470 2266 Militireque
2498 2195 2655 2249 fidem
2684 2205 2868 2251 censet
2891 2209 3110 2251 servare
3137 2195 3325 2265 priori.

2161 2285 2227 2340 Et
2251 2288 2379 2357 quid
2407 2288 2663 2347 deterius.
2692 2289 2820 2358 quid
2850 2288 3208 2358 perniciosius
3239 2285 3386 2352 urbi,

2159 2377 2462 2433 llistoricns
2486 2380 2732 2448 sequitur
2755 2393 2915 2448 quam
2942 2379 3078 2434 bella
3101 2377 3396 2433 domestica
3425 2373 3640 2440 Romae,

2160 2468 2284 2525 Rite
2322 2479 2479 2540 neget
2503 2484 2748 2538 pressum
2775 2478 2991 2525 teneros
3019 2469 3281 2523 divinitus
3308 2468 3451 2522 istud

2158 2563 2340 2634 Agnos
2371 2571 2430 2617 ut
2460 2569 2686 2631 tegeret,
2719 2561 3032 2616 fundamina
3055 2561 3210 2615 firma
3231 2561 3439 2617 locaret

2160 2639 2428 2717 Christus,
2455 2652 2558 2707 fixa
2597 2661 2774 2718 tuens,
2799 2653 2844 2708 si
2871 2652 2994 2707 talia
3023 2661 3172 2723 gesta
3203 2651 3403 2722 prioris

2163 2745 2239 2800 De
2271 2746 2676 2815 compescendis
2713 2760 2948 2814 unquam
2979 2743 3224 2798 civilibus
3249 2741 3440 2807 armis,

2162 2838 2396 2905 Quilibet
2421 2838 2650 2909 exempli
2675 2837 2874 2908 poterit
2901 2836 3110 2891 ratione
3135 2835 3355 2898 docere,

2163 2929 2434 2998 Quattuor
2463 2930 2550 2985 hic
2586 2929 2742 2984 anuis
2774 2938 2902 2983 tunc
2924 2927 3105 2998 prazlia
3129 2937 3322 2983 cuncta
3352 2936 3588 2990 remota,

2163 3023 2395 3078 lnlernis
2423 3023 2634 3077 Domini
2659 3021 2814 3091 jussu
2837 3023 3182 3092 externisque
3207 3021 3505 3093 repressis;

2167 3113 2302 3169 Tum
2333 3114 2546 3169 demum
2576 3114 2847 3184 princeps,
2882 3113 3176 3183 torpedinis
3204 3113 3311 3167 otia
3340 3120 3589 3181 questus,

2088 3165 2133 3229 C
2167 3203 2374 3270 Quaerit
2402 3165 2602 3274 ubique
2633 3165 2847 3268 maturis:
2868 3165 3065 3257 bellrum
3093 3201 3239 3256 dolet
3267 3165 3386 3256 esse
3413 3209 3663 3271 negatum
3687 3213 3702 3255 :

2169 3294 2332 3365 Signa
2360 3295 2479 3349 sine
2507 3294 2662 3348 hoste
2693 3301 2901 3359 movet;
2930 3293 3115 3347 niveas
3143 3292 3465 3347 transmittit
3485 3298 3542 3345 ut
3564 3290 3732 3360 Alpes,

2166 3385 2371 3442 Gallica
2404 3402 2529 3442 rura
2557 3387 2738 3458 quieta
2766 3386 2974 3451 videns,
2998 3386 3290 3456 pertransit
3315 3385 3383 3439 ad
3412 3399 3616 3454 aequor,

2168 3477 2343 3532 Trans
2362 3493 2514 3532 mare
2532 3477 2874 3548 comperiens
2888 3477 3149 3548 quosdam
3174 3490 3420 3530 mussare
3449 3474 3728 3529 tumultus:

2167 3566 2435 3630 Permeat,
2467 3577 2628 3638 atque
2665 3567 2813 3623 lenes
2837 3566 3220 3636 repri‘mitsiue
3243 3567 3507 3636 sanguine
3537 3575 3729 3628 motus;

2165 3658 2357 3729 Nilqlle
2381 3659 2556 3730 egisse
2578 3669 2794 3730 putans,
2822 3659 3051 3719 rimatur
3079 3657 3133 3712 in
3160 3672 3378 3730 aequore
3401 3657 3446 3712 si
3469 3670 3607 3727 quas

2166 3750 2354 3807 Obviel
2384 3751 2619 3806 intactas
2640 3751 2888 3806 Romano
2923 3750 3165 3821 principe
3204 3759 3380 3803 terras
3412 3765 3427 3802 :

2167 3844 2419 3911 Quasque
2447 3843 2628 3898 subire
2657 3842 2821 3907 valet,
2853 3840 3018 3897 celeri
3056 3840 3260 3897 ditione
3294 3847 3538 3902 coercet,

2164 3935 2235 3990 At
2257 3917 2487 4005 propero
2511 3950 2758 3990 remeans
2788 3950 2970 3996 cursu,
3001 3944 3260 4004 sextoque
3295 3946 3576 4002 regressus

2165 4025 2346 4080 Mense
2374 4030 2561 4097 pedem
2596 4036 2878 4097 postquam
2904 4025 3026 4080 belli
3055 4024 3313 4095 quaesitor
3335 4024 3542 4092 apertis

2164 4117 2444 4173 Extulerat
2465 4119 2658 4188 portis,
2683 4118 2909 4171 reduces
2944 4117 3061 4171 sine
3087 4116 3239 4170 clade
3270 4115 3514 4182 Quirites

2163 4210 2419 4266 Admittit
2443 4210 2637 4274 caulis,
2667 4223 2801 4279 quas
2837 4206 3161 4262 Jordaneius
3196 4206 3359 4262 heros

2164 4303 2377 4359 Ablutis
2403 4305 2595 4359 ovibus
2623 4303 2744 4357 vitae
2766 4301 2852 4372 pia
2883 4300 3077 4370 pabula
3108 4299 3332 4371 praebet.

2158 4389 2412 4454 "Gaudent
2439 4408 2573 4464 pace
2604 4392 2698 4463 pii,
2729 4391 2962 4463 gaudent
2990 4389 3252 4444 solamine
3277 4389 3449 4449 verbi,

2085 4511 2140 4572 Β
2168 4484 2534 4558 Egregiusque
2565 4481 2726 4536 rudes
2749 4489 2903 4553 pater
2929 4480 3109 4534 erudit
3135 4494 3230 4533 ore
3260 4477 3510 4540 clientes.

2170 4576 2234 4630 Et
2264 4577 2384 4645 pius
2410 4583 2469 4628 ut
2498 4582 2683 4629 custos
2709 4572 2876 4627 crudo
2899 4570 3143 4627 defendit
3166 4571 3234 4624 ah
3255 4571 3443 4633 hoste;

2163 4669 2428 4732 Monstrat
2456 4674 2513 4720 et
2538 4675 2828 4743 expugnat,
2853 4664 3104 4735 propellit
3122 4663 3191 4717 ab
3215 4665 3347 4717 urbe
3369 4662 3660 4723 latronem,

2166 4760 2340 4832 Atque
2365 4757 2523 4812 fidem
2557 4756 2783 4822 Christi,
2817 4757 2942 4811 dum
2970 4756 3224 4810 Claudius
3255 4758 3479 4825 imperat
3510 4755 3651 4819 orbi,

2167 4837 2270 4904 Ore
2301 4864 2489 4904 serens
2517 4864 2695 4911 sacro,
2722 4848 2888 4917 signis
2917 4847 3300 4902 comitantibus
3329 4856 3509 4916 auget.

2237 4945 2306 4998 At
2335 4952 2617 5013 postquam
2651 4941 2790 5010 turpi
2822 4949 3106 4994 cesserunt
3129 4937 3249 5008 jura
3276 4936 3500 5001 Neroni,

2172 5036 2363 5080 Amliln
2383 5035 2638 5080 nmhmsa
2662 5032 2848 5080 Simon
2871 5045 3064 5080 curare
3089 5039 3403 5080 tvrannum.
