3888 5330
86 331 168 389 601
632 331 722 387 DE
763 326 1033 384 CHRISTI
1078 325 1458 383 TRIUMI‘IIIS
1490 326 1673 382 APUD
1715 323 1992 382 ITALIAM
2035 323 2216 381 LIBlil
2257 322 2395 381 XIV.
2443 357 2485 368 —-
2551 325 2680 382 LIB.
2714 327 2754 383 I.

3229 332 3335 389 602

83 442 948 513 ProridetOmnipotenscmnitem
972 441 1641 512 fortemqueprobumque,
1673 441 1719 501 Α
1751 439 2098 512 Naufragium
2128 441 2328 496 mentis
2357 440 2588 512 fugiunt.
2615 452 2940 512 portumque
2971 444 3332 514 prehendunt.

84 539 195 606 i-ljus
217 538 268 592 in
295 536 563 592 auxilium
596 536 843 590 tribuens
869 535 1130 590 accedere
1154 534 1402 600 Paulum,

83 632 171 697 Qui
199 630 324 685 licet
352 630 593 684 intentus
618 637 791 684 totum
829 628 1088 682 decorare
1118 627 1274 682 beata

83 721 315 777 Doctrina
351 721 638 784 mundum,
669 719 804 774 lines
824 717 1122 774 extendere
1146 719 1213 771 ad
1239 731 1413 786 usque

84 815 678 882 Terrarum,postqnam
701 827 730 865 a
753 811 974 866 Solimis
998 824 1167 878 usque
1190 808 1378 862 intima
1410 806 1553 862 ruris

84 906 259 977 Illyrici
292 904 466 968 vicos,
492 904 677 965 urbes,
706 901 925 958 castella
956 914 1282 971 peragrans,

83 996 256 1051 Omnia
284 995 553 1050 sanetiiici
579 993 816 1064 replerat
835 992 1087 1064 dogmate
1117 989 1292 1054 verbi,

84 1085 254 1141 Visere
279 1084 618 1140 commodius
645 1083 920 1136 dominam
949 1079 1238 1135 deducitur
1264 1077 1414 1132 orbis
1447 1094 1460 1130 :

82 1175 265 1246 Nempe
291 1175 376 1230 cui
407 1175 590 1229 mundi
613 1173 809 1244 populo
835 1173 1087 1243 ignorare
1118 1170 1306 1225 liceret

83 1271 262 1324 Rerum
287 1269 588 1338 suscipiens
614 1267 814 1321 rectrix
851 1265 992 1336 quod
1016 1263 1187 1318 Roma
1217 1261 1543 1333 probasset?

81 1363 422 1432 Concaptivus
440 1359 790 1416 Aristarchus
819 1358 1113 1413 comitatur
1143 1363 1360 1411 euntem

81 1457 144 1510 Ac
169 1456 406 1511 medicus
435 1455 636 1518 carnis,
667 1452 869 1509 mentis
895 1452 1068 1522 magis
1099 1449 1505 1504 Antiochensis.

82 1548 161 1601 llis
182 1547 393 1601 vehitur
419 1545 601 1601 socius
627 1559 723 1615 per
758 1557 967 1598 summa
997 1539 1238 1613 pericula
1282 1538 1504 1603 Paulus,

82 1639 350 1693 Custodum
377 1654 440 1693 ac
469 1645 675 1702 custos,
705 1636 989 1691 ductorum
1023 1634 1214 1688 ductor
1251 1629 1503 1685 habetur.

82 1733 368 1799 Ingreditur
396 1733 609 1786 tandem
641 1729 882 1801 praeeeisi
915 1728 1168 1784 culminis
1195 1727 1407 1790 urbem,

81 1822 373 1877 Vinclorum
405 1832 598 1892 purgat
620 1820 880 1884 maculas,
903 1829 960 1874 et
997 1821 1065 1873 ab
1085 1834 1181 1874 ore
1205 1818 1377 1874 leonis

83 1916 320 1984 Eripitur,
344 1915 654 1984 Christique
684 1915 878 1968 iterum
903 1913 990 1983 pia
1019 1913 1156 1967 dona
1189 1918 1468 1982 propagat.

137 2007 198 2061 At
226 2006 390 2071 Nero,
428 2006 679 2060 doctrina
701 2013 980 2059 saturatus
1009 2003 1362 2065 oamaritani,

83 2098 320 2166 Major-um
347 2097 550 2151 sensim
575 2097 843 2152 scelerum
874 2097 1212 2150 incrementa
1242 2095 1460 2149 subibat
1488 2110 1502 2147 :

83 2189 165 2255 Qui
185 2195 306 2258 post
333 2187 550 2242 infanda
577 2187 630 2242 in
662 2187 915 2242 miseram
948 2184 1226 2241 molimina
1258 2193 1512 2249 matrem,

82 2277 435 2348 Incestumque
465 2278 547 2332 sui
582 2279 917 2334 reticendum
949 2291 1013 2332 ac
1044 2286 1229 2346 stupra
1262 2275 1490 2340 sororis,

84 2370 191 2425 Post
214 2369 414 2426 Urbem
443 2371 745 2433 incensam,
780 2370 1090 2439 spectacula
1114 2369 1234 2423 lzeta
1267 2369 1505 2440 tyranni,

85 2461 455 2531 ltelliquiarum
487 2461 629 2530 ignis
655 2460 831 2515 diram
861 2460 1170 2530 {cedamque
1207 2459 1475 2530 rapinam,

85 2552 297 2625 Postque
319 2561 632 2607 senatorum
657 2549 929 2623 jugulum,
952 2550 1120 2620 spolia
1162 2550 1340 2618 ampla
1369 2561 1613 2616 senatus,
1641 2549 1661 2579 εί

85 2649 270 2703 Fenora
296 2657 419 2720 post
439 2648 651 2717 direpta
681 2646 804 2711 fori,
833 2657 953 2716 post
981 2647 1141 2702 funus
1170 2645 1440 2716 equestris

86 2741 306 2807 Ordinis,
330 2739 506 2795 aﬂlnis
534 2739 760 2794 multam
785 2739 1026 2810 sociique
1047 2741 1262 2794 cruoris

85 2831 297 2896 Fratris,
327 2846 622 2903 germanze,
647 2831 837 2887 uxoris
862 2831 1182 2902 miseratque
1213 2831 1454 2902 parentis
1473 2871 1489 2896 ,

86 2927 214 2982 lianc
237 2927 507 2983 scelerum
540 2926 737 2982 molem
763 2925 1050 2981 cumulans
1073 2941 1273 2997 augere
1301 2927 1518 2998 sategit,

84 3020 149 3072 Ac
171 3018 367 3086 majora
392 3025 604 3088 petens,
630 3016 908 3074 caelestem
939 3016 1340 3072 theomacbiam

86 3110 387 3180 Aggreditur
416 3111 630 3181 primus
654 3110 842 3164 Romae
863 3123 1124 3165 exercere
1150 3109 1395 3166 cruentis

87 3200 279 3256 Primus
297 3202 580 3273 suppliciis
610 3201 740 3256 inibi
771 3200 1086 3272 patriasque
1110 3216 1208 3272 per
1227 3215 1417 3256 omnes

87 3289 394 3347 Excrucians
422 3302 646 3348 sanctos
672 3291 874 3348 Christi
907 3293 1114 3362 pietate
1139 3291 1396 3355 nitentes.

84 3384 481 3453 Cognomenque
508 3382 654 3453 pium
679 3381 893 3437 Domini
919 3381 986 3437 de
1014 3383 1230 3437 nomine
1260 3389 1534 3452 sumptum

85 3474 376 3545 Exstirpare
398 3489 603 3544 parans
632 3474 868 3544 penitus,
892 3475 1230 3545 cognominis
1255 3473 1416 3543 hujus

83 3564 370 3634 Pneeipuos
394 3565 700 3620 Mamertini
727 3565 828 3620 sub
853 3580 1074 3620 carcere
1098 3575 1282 3634 patres

82 3655 278 3724 'l'rudit,
305 3665 362 3712 et
393 3659 446 3712 in
479 3666 651 3713 totum
672 3658 874 3712 crudus
901 3667 1182 3728 grassatur
1203 3658 1362 3712 ovile.

83 3747 290 3804 Luntina
323 3750 418 3805 sed
446 3749 571 3805 caeli
600 3749 727 3805 licet
746 3748 929 3804 abdita
958 3764 1188 3820 corpore
1218 3749 1418 3814 sidant,

83 3839 182 3896 Non
213 3842 353 3898 valet
375 3843 645 3898 aethereus
670 3843 940 3900 compesci
968 3857 1190 3898 carcere
1219 3841 1423 3911 fulgor;

84 3935 206 3996 Quin
228 3936 433 4004 pbarus
465 3935 748 4004 undivagis
772 3934 924 3989 littus
949 3935 1040 3989 dat
1061 3942 1119 3987 ut
1150 3935 1272 4002 igne
1308 3931 1561 3986 Liburnis

85 4025 423 4092 Splendilleos
451 4029 673 4082 mittunt
703 4027 904 4091 radios,
942 4027 1272 4096 ductumque
1306 4026 1620 4080 ministrant

87 4116 346 4177 Scandere
368 4137 471 4192 per
497 4122 716 4178 rabidas
743 4131 957 4193 portum
985 4123 1325 4177 tendentibus
1357 4124 1546 4176 undas.

91 4208 322 4283 Undique
342 4227 449 4282 qua
477 4222 708 4269 cernunt
741 4214 1014 4284 placidum
1041 4214 1266 4268 rutilare
1306 4230 1616 4283 coruscum,

84 4302 470 4379 Approperaut,
497 4308 788 4365 tenebrosa
817 4309 916 4364 viri
941 4307 1241 4380 penetralia
1269 4307 1552 4380 linquunt;

1747 528 2015 584 lrratliant
2048 529 2221 584 sancti
2246 530 2458 598 plebes;
2494 530 2706 586 fervore
2735 533 2972 589 calentes

1639 663 1648 670 .
1748 617 2010 672 Flaminis
2038 618 2258 672 altniflci
2289 619 2505 674 valeant
2535 630 2592 675 ut
2622 620 2867 691 linquere
2891 630 3199 680 monstrant

1748 707 1911 764 Vasta
1944 708 2310 775 tenebrarum,
2327 725 2624 780 verumque
2650 727 2945 784 agnoscere
2972 713 3180 787 lumen,

1746 802 1925 871 Atque
1950 802 2144 856 animus
2174 804 2360 856 sordes
2389 803 2589 858 divinis
2625 819 2828 874 ponere
2856 807 2911 862 in
2939 807 3119 870 undis.

1750 897 2036 952 Exsultant
2062 897 2241 967 pepuli
2271 896 2478 952 caelesti
2508 897 2657 954 fonte
2687 900 2878 970 rigari,

1749 989 2080 1060 Purgariqne
2108 999 2297 1059 petunt
2326 991 2522 1044 anima:
2552 992 2804 1062 contagia
2836 991 2976 1048 laesae
3000 1010 3016 1048 :

1749 1082 2069 1137 Mnudandis
2093 1081 2280 1138 latices
2310 1099 2454 1139 saevo
2482 1086 2708 1141 custode
2740 1096 3030 1156 negantur.

1750 1173 1980 1230 Solliciti
2004 1191 2260 1247 proceres
2284 1179 2590 1233 animarum
2614 1195 2864 1236 crescere
2894 1179 3070 1245 lucra,
3262 1236 3266 1240 .

1749 1267 1952 1336 Regem
1973 1268 2194 1331 adeunt,
2234 1268 2481 1338 caeloque
2511 1285 2705 1340 preces
2725 1270 2998 1342 appellere
3024 1280 3242 1329 curant.

1749 1357 1819 1411 At
1852 1357 2111 1413 Dominus
2134 1357 2367 1430 lympha:
2394 1361 2635 1431 legisque
2658 1363 2942 1433 utriusque
2967 1363 3199 1419 tributor

1748 1452 2022 1518 Christus,
2049 1463 2108 1507 ut
2144 1457 2470 1509 ostendatse
2499 1457 2662 1524 prisci
2692 1456 2833 1524 juris
2863 1456 3164 1525 alumnum,

1750 1545 1853 1612 Qui
1890 1554 2157 1615 praecepta
2189 1546 2337 1600 dedit
2363 1545 2553 1618 Moysi,
2583 1557 2854 1617 praecepta
2881 1547 3098 1603 dedisse

1754 1638 2007 1693 Eeelesim
2029 1637 2304 1704 Patribus,
2329 1640 2418 1710 qtti
2456 1657 2626 1712 nuper
2649 1643 2700 1696 in
2725 1641 2874 1697 arida
2898 1641 3042 1698 ruris

1753 1730 1979 1786 Libandi
2011 1731 2182 1784 turbae
2208 1731 2472 1787 solamine
2501 1732 2664 1788 fontis
2685 1734 2888 1804 egenti,

1680 1823 1724 1882 B
1755 1821 1828 1876 De
1859 1831 2008 1892 petra
2040 1822 2296 1892 produxit
2321 1839 2489 1893 aquas
2518 1834 2863 1896 qurestnsque
2894 1821 3150 1895 removit,

1749 1913 1936 1966 Arenti
1970 1913 2058 1967 hic
2083 1913 2281 1983 populo
2305 1914 2536 1984 cmliqne
2569 1915 2768 1970 fluenta
2802 1915 3034 1986 petenti,

1751 2003 1876 2058 "va
1907 2020 2122 2074 qttoqne
2160 2021 2317 2075 posse
2341 2005 2507 2060 Deum
2538 2021 2641 2060 non
2667 2007 3036 2063 dillidentibus
3071 2003 3259 2074 almis,

1749 2096 1955 2168 Largos
1991 2097 2220 2168 Tarpeia
2249 2098 2436 2153 latices
2461 2113 2491 2153 e
2524 2115 2655 2169 rupe
2682 2099 2981 2171 profundit,

1750 2187 1972 2258 irriguis
2002 2188 2135 2242 dura
2164 2189 2430 2244 scatebris
2462 2190 2677 2244 incaute
2711 2190 2969 2260 repertis.

1701 2297 1704 2301 λ
1749 2277 1960 2332 Mirifici
2001 2277 2178 2348 gnatis
2205 2277 2394 2332 Patres
2416 2278 2502 2348 pia
2525 2279 2664 2332 dona
2693 2279 3033 2343 ministrant,

1753 2367 1997 2437 Dumque
2021 2368 2204 2423 lavant
2229 2369 2389 2424 undis
2420 2369 2603 2424 divino
2626 2385 2851 2425 munere
2874 2369 3001 2425 latis

1749 2458 2012 2528 Corpora,
2039 2459 2322 2515 sanctifico
2353 2467 2560 2516 mentes
2581 2461 2907 2531 purgamine
2937 2459 3228 2526 mundant,

1753 2548 2015 2604 Flaminis
2040 2565 2105 2604 ac
2142 2549 2250 2604 divi
2275 2548 2504 2606 fecundo
2534 2551 2762 2622 pignore
2787 2552 2981 2607 ditant.

1750 2637 2001 2693 Abluitur
2025 2649 2151 2694 tunc
2173 2639 2469 2696 Processus
2500 2657 2624 2697 cum
2652 2641 3012 2710 Martiniano,

1752 2729 1853 2796 Qui
1883 2739 2242 2801 prmceptores
2273 2732 2529 2788 animaelli
2569 2733 2689 2806 (sic)
2726 2735 2990 2807 principis
3021 2735 3184 2792 undis

1751 2818 1943 2874 Castra
1982 2829 2173 2890 petunt
2205 2822 2635 2892 contemplantes
2669 2825 2955 2892 miracula,
2984 2841 3215 2901 magnos

1753 2915 1852 2970 llic
1873 2931 1992 2986 qua:
2020 2932 2114 2986 per
2141 2932 2393 2988 proceres
2421 2917 2681 2974 Dominus
2703 2921 2999 2993 praestabat
3021 2920 3195 2988 Iesus,

1752 3007 2001 3064 lniirmos
2022 3025 2242 3074 curans,
2273 3019 2329 3064 et
2352 3011 2614 3067 dremonis
2641 3027 2793 3068 arma
2819 3013 3179 3084 triumphans.

1753 3101 1821 3156 At
1853 3103 1998 3156 ferus
2019 3103 2314 3158 obstructis
2349 3105 2441 3173 qui
2475 3104 2716 3161 fontibus
2743 3107 2919 3178 ampla
2941 3109 3173 3179 putabat

1678 3172 1726 3235 Ο
1755 3193 1947 3248 Clausa
1974 3193 2173 3250 ﬂuenta
2207 3196 2322 3263 Dei,
2361 3172 2554 3253 fluvios
2578 3172 2877 3268 procedere
2905 3172 3086 3272 largos

1755 3285 2129 3355 Comperiens,
2156 3296 2208 3343 et
2233 3303 2361 3344 oves
2388 3289 2605 3360 lympha
2631 3292 2866 3362 gaudere
2905 3291 3134 3361 salubri,

1752 3378 1960 3434 Invidia
1994 3391 2202 3436 cunctae
2229 3382 2445 3439 fervens
2473 3384 2735 3440 bonitatis
2765 3394 2820 3441 et
2854 3384 3032 3447 omnis

1753 3469 2011 3536 Iustitiae,
2034 3473 2182 3528 vitiis
2205 3489 2325 3544 quae
2350 3483 2566 3531 severat
2594 3475 2838 3547 improba
2865 3477 3002 3532 diris

1755 3560 1916 3616 Nasci
1947 3572 2133 3617 sancta
2162 3565 2374 3631 videns,
2417 3567 2585 3635 proba
2639 3581 2888 3637 surgere,
2939 3565 3118 3623 fausta
3145 3566 3351 3640 vigere,

1759 3651 1936 3720 hique
1962 3652 2147 3710 calens
2171 3663 2290 3709 atro
2317 3654 2510 3710 faculis
2532 3656 2842 3712 Acheronte
2873 3657 3139 3726 perustis,

1760 3741 2004 3799 lnsontes
2027 3754 2268 3801 mactare
2295 3763 2489 3818 greges
2506 3758 2559 3804 et
2593 3749 2795 3820 ubique
2820 3757 3074 3806 catervas

1761 3835 2020 3892 Sternere
2047 3837 2364 3904 bacchatur,
2396 3840 2557 3894 credit
2585 3840 2705 3894 sine
2737 3840 2967 3895 crimine
2987 3840 3186 3911 jnstos.

1762 3925 1915 3982 Tunc
1939 3937 2146 3998 septem
2174 3941 2370 3999 quater
2399 3941 2455 3986 et
2484 3933 2652 3987 denos
2683 3941 2938 4001 expertus
2965 3932 3032 3987 ab
3063 3932 3222 3988 hoste

1760 4019 1986 4075 Ablutos
2015 4023 2304 4087 scelerum,
2332 4024 2594 4079 virtutum
2624 4025 2876 4096 pneduce
2895 4023 3080 4092 Petro,

1763 4111 1869 4166 llos
1897 4114 2102 4182 pariter
2125 4115 2279 4185 jubet
2303 4117 2550 4184 excindi;
2575 4118 2848 4174 confessio
2875 4134 3004 4175 vera

1758 4201 1908 4266 Quos
1929 4201 2109 4271 junxit
2134 4204 2278 4268 fidei,
2300 4203 2598 4274 junxerunt
2625 4209 2764 4264 dena
2790 4207 3016 4277 lavacri,

1760 4291 2005 4366 Martyrii
2037 4297 2265 4353 sociavit
2287 4298 2462 4356 bonos
2483 4308 2537 4355 et
2565 4299 2735 4374 gloria
2762 4299 2976 4378 palmae.

1571 4461 1800 4518 CAPUT
1842 4462 1910 4519 II.

1416 4551 1496 4608 De
1525 4565 1707 4610 sancto
1738 4554 1980 4627 Torpele.

86 4659 260 4716 Clarus
286 4662 336 4717 in
364 4661 546 4718 cilicio
568 4662 840 4717 renitebat
868 4662 1074 4717 honore
1099 4663 1314 4735 tyranni

87 4751 296 4822 Tot-pes,
323 4769 486 4823 quem
511 4753 701 4807 docuit
723 4753 904 4806 divina
925 4753 1193 4808 Antonius
1221 4754 1400 4817 heros,

86 4841 247 4899 Fonte
275 4859 503 4901 saerans
533 4844 682 4908 divo,
715 4844 808 4912 qui
840 4845 1090 4914 dogmate
1119 4845 1406 4914 presbyter
1439 4847 1553 4901 oris

86 4936 269 4992 Doctus
294 4937 604 5010 apostolici,
639 4935 914 4991 Christum
945 4934 1280 4990 memorabat
1305 4947 1513 5005 aperte.

85 5025 146 5078 At
169 5027 318 5095 Nero,
343 5027 664 5098 percipiens
690 5025 976 5094 Torpetent
1002 5041 1155 5082 sacra
1187 5025 1423 5092 subisse,

90 5118 276 5152 .\.I.Iini|

309 5122 454 5152 ΙΛ-ιῖη
488 5118 794 5152 annona-Ian
825 5121 889 5152 σιιῖ
920 5118 1038 5152 rana
1068 5116 1328 5152 “conrnun-

1768 4669 2135 4742 Qnatlraginta
2165 4669 2397 4740 premit;
2422 4670 2593 4739 patris
2617 4681 2737 4739 post
2764 4669 2906 4725 filius
2933 4670 3078 4728 ultor

1773 4759 1973 4816 Victori
2014 4761 2209 4832 insigni
2247 4769 2516 4813 tormenta
2545 4759 2776 4813 rotantia
2804 4761 2974 4829 ponit,

1767 4853 2091 4923 Moliturque
2122 4867 2332 4917 necem,
2362 4853 2639 4923 belvisque
2669 4853 2943 4910 ferocibus
2967 4849 3164 4911 oﬂ‘ert:

1766 4945 2003 5000 Miteseit
2029 4943 2145 4998 sine
2175 4957 2326 4998 more
2350 4944 2519 5009 furor,
2544 4955 2794 5000 servatur
2827 4946 3034 5001 honore

1683 5060 1735 5120 Β.
1766 5034 1981 5098 Divina,
2017 5033 2398 5104 trepidantque
2430 5035 2558 5090 fera:
2590 5034 2906 5103 contingere
2936 5035 3105 5095 dente

1769 5124 1939 5152 Λι-Αοω
1973 5124 2236 5152 ἈΛΛ-Διιλο
2280 5125 2441 5152 ..ΑΜΑ
2477 5126 2746 5152 Α-οιλιιίζιι-
2771 5142 2863 5152 Ann
