3888 5330
542 239 648 296 603
1245 233 1636 291 FLODOARDI
1665 229 1984 289 CANONICI
2009 227 2352 286 REMENSIS
2373 226 2736 285 OPUSCULA
2776 225 3100 282 METRICA.
3694 229 3777 287 ωι

543 349 786 422 Dciegat,
811 349 1039 418 diroque
1061 345 1216 418 jubet
1243 362 1504 402 mucrone
1536 345 1684 402 feriri
1716 364 1730 400 :

542 438 791 497 Exsultat
817 438 1227 510 martyrjugulo
1252 441 1548 510 sumpsisse
1577 453 1854 493 coronam.

545 532 806 586 Sanctum
838 529 995 586 lictor
1016 540 1169 585 atrox
1201 546 1400 600 corpus
1425 529 1757 598 scelerisque
1789 526 2023 582 ministri

539 622 815 679 Naviculzn
844 623 1114 692 injiciunt,
1138 624 1286 678 carie
1316 633 1481 692 atque
1506 622 1746 677 teredine
1771 621 1935 686 tritae,

539 715 673 769 Cum
700 729 835 770 cane
861 714 1170 790 parricidali
1202 728 1434 781 cumque
1464 711 1591 766 alite
1620 710 1809 765 dantes

538 804 893 877 Mergendum
918 804 1089 874 rapidi
1119 805 1320 858 vitreas
1348 805 1449 858 sub
1478 802 1715 856 ﬁuminis
1739 803 1932 858 undas.

542 894 802 952 Matrona:
824 895 950 951 ﬁdei
975 895 1296 952 veneranda:
1325 894 1560 949 mittitur
1584 892 1720 948 aulae

2159 333 2207 388 Α
2240 341 2414 396 lncola
2442 356 2565 396 mox
2596 357 2825 412 superat,
2866 342 3135 398 Celenintc
3159 343 3405 412 praecipit
3433 354 3594 416 atque

2242 435 2494 506 Martyris
2523 435 2759 506 inquirat
2786 435 2872 506 pia
2901 436 3164 500 membra,
3203 435 3449 506 Ievetque
3478 438 3724 511 locetqne.

2241 525 2396 592 Quod
2413 525 2581 580 celeri
2616 526 2924 582 accelerare
2950 527 3131 582 studet
3150 526 3400 582 Celerina
3432 528 3666 598 sequela,

2243 615 2540 686 Sarcol‘ago
2568 617 2771 673 dedens
2798 633 2996 688 corpus
3027 619 3337 674 venerabile
3359 619 3581 687 mundo,

2241 709 2636 779 Basilicamque
2664 725 2828 780 super
2851 711 2996 765 cultu
3032 709 3307 780 componit
3337 723 3576 766 amoeno.

2238 799 2386 854 Felix
2412 800 2655 857 Nuceria:
2684 804 2843 858 simul
2875 819 2939 858 ac
2965 803 3283 859 Constantia
3305 803 3454 873 passi

2243 891 2415 959 Tunc,
2445 910 2545 950 ncc
2578 909 2684 950 non
2710 896 2879 952 variis
2898 911 3061 968 quam
3089 895 3242 952 multi
3263 895 3514 968 partibus
3532 894 3689 954 orbis.

2028 1044 2256 1102 CAPUT
2297 1045 2385 1100 Ill.

1613 1130 1692 1185 De
1712 1134 1958 1203 passione
1977 1135 2334 1208 apostolorum
2359 1135 2505 1192 Petri
2529 1149 2575 1192 et
2601 1133 2784 1191 Pauli.

539 1251 794 1309 Pluribus
819 1249 1074 1306 admissis
1105 1248 1365 1304 ccelorum
1403 1248 1470 1303 ad
1493 1249 1686 1319 gaudia
1709 1251 1947 1319 sanctis,

538 1342 968 1414 Agminibusque
989 1341 1140 1411 sequi
1161 1339 1274 1408 jam
1307 1339 1451 1410 regia
1477 1339 1628 1408 signa
1664 1342 1891 1411 paratis,

540 1433 754 1489 Castris
779 1432 1076 1502 dispositis,
1113 1439 1171 1485 et
1203 1430 1421 1484 vincere
1451 1429 1590 1485 bella
1618 1432 1828 1499 suetis;

537 1523 730 1580 Prrelia
761 1534 882 1595 post
908 1523 1084 1578 valido
1109 1523 1312 1593 passim
1338 1530 1545 1578 certata
1575 1522 1792 1589 labore;

536 1616 670 1671 Post
699 1617 785 1685 pia
819 1614 1062 1669 victricis
1093 1614 1379 1684 dignmque
1404 1613 1634 1683 insignia
1664 1615 1887 1684 palmm;

535 1705 666 1760 Post
692 1706 936 1775 populos,
963 1703 1371 1773 urbes,.gentcs
1392 1711 1446 1757 et
1477 1719 1641 1774 regna
1669 1704 1915 1772 subacta,

536 1796 666 1851 Post
687 1797 817 1867 juga
849 1795 1107 1849 nobilium
1133 1795 1435 1850 cervicibus
1466 1797 1647 1850 addita
1689 1797 1853 1866 Regis

541 1886 819 1952 Etherci,
843 1885 956 1940 Rex
983 1886 1096 1956 ipse
1123 1887 1289 1940 duces
1317 1885 1383 1939 ad
1422 1895 1637 1956 sceptra
1669 1889 1916 1954 vocabat,

540 1982 841 2051 Debitaque
863 1983 1124 2036 audacem
1154 1982 1435 2050 prcssabat
1474 1995 1634 2050 pmna
1678 1989 1986 2050 tyrannum.

538 2071 864 2126 Mandantur
887 2071 1078 2126 Patres
1101 2070 1372 2141 ergastula
1404 2070 1650 2141 linquere
1680 2069 1920 2136 tandem,

536 2163 808 2234 Jussuque
831 2164 1106 2218 immerito
1127 2163 1336 2218 funesta
1371 2163 1436 2218 ad
1464 2163 1662 2218 muenia
1695 2161 1842 2228 duci,
1961 2147 1965 2149 ’

539 2255 749 2310 Titanis
779 2255 968 2311 novies
997 2257 1123 2310 dum
1148 2255 1260 2325 jam
1293 2255 1594 2325 repleverat
1624 2254 1811 2309 orbem

535 2344 746 2400 Limina
771 2345 998 2400 Paulino
1033 2356 1317 2417 postquam
1347 2355 1596 2400 servante
1625 2345 1937 2400 manebant.

536 2435 803 2491 Custodes
828 2437 1015 2508 igitur,
1047 2437 1176 2492 visis
1203 2437 1292 2506 qui
1324 2446 1544 2507 pectora
1580 2437 1735 2492 miris

539 2528 756 2584 Sanctae
783 2529 1137 2584 subdiderant
1173 2529 1318 2595 ﬁdei,
1358 2530 1647 2598 cunctique
1678 2528 1891 2585 sodales

537 2619 823 2692 Magniﬁco
854 2622 987 2677 vitet
1014 2630 1328 2694 suggestant
1359 2621 1550 2676 funera
1580 2621 1771 2688 Petro,

540 2712 719 2785 Seque
743 2713 858 2769 suis
886 2728 1067 2770 servet
1098 2723 1311 2780 cautus,
1343 2712 1587 2783 liberque
1618 2715 1858 2769 recedat.

536 2805 850 2878 Ailjungunt
877 2807 1127 2877 precibus
1157 2807 1450 2878 lacrymas,
1481 2807 1696 2878 labique
1723 2817 2026 2878 queruntur

535 2897 711 2955 Morte
739 2901 910 2970 patris
933 2909 1148 2972 gnatos,
1185 2899 1258 2955 illi
1285 2910 1502 2970 pastore
1537 2910 1822 2971 perempto

538 2990 894 3061 Dispergique
921 3007 1134 3063 greges,
1163 2999 1218 3046 et
1239 2991 1381 3045 ovile
1405 2989 1676 3047 facessere
1703 2991 1892 3048 fundo.

540 3081 782 3137 Fletibus
811 3078 898 3139 bis
927 3087 1104 3140 victus
1127 3084 1365 3140 clemens
1388 3084 1680 3141 inﬂectitur
1706 3086 1869 3154 altor,

539 3170 715 3236 Cedit,
745 3181 802 3228 et
826 3171 1082 3244 eﬁ‘ugium
1115 3181 1289 3229 tentat
1318 3175 1520 3244 pietate
1549 3185 1808 3242 coactus;

539 3264 769 3337 Jamque
791 3267 981 3338 pedem
1009 3276 1172 3344 noctu
1197 3267 1406 3323 foribus
1435 3268 1708 3339 digressus
1736 3271 1940 3340 apertis

539 3358 846 3427 Extulerat,
870 3358 1260 3431 Christumque
1282 3369 1439 3416 tuens
1460 3377 1750 3418 occurrere
1780 3374 1970 3420 contra

2233 1252 2458 1307 Ducitur
2483 1252 2551 1306 ad
2585 1265 2828 1320 regnum,
2863 1258 3148 1320 postquam
3184 1248 3554 1320 Phlegetontis
3581 1247 3630 1305 in
3652 1247 3740 1304 ima

2232 1342 2511 1398 Devictum
2541 1343 2758 1413 penitus
2789 1343 2950 1397 terris
2979 1341 3244 1411 furtisque
3271 1341 3574 1396 minantem

2231 1434 2395 1500 Aera,
2429 1435 2692 1489 tentando
2716 1433 2934 1500 cmlum,
2967 1432 3132 1488 corda
3161 1431 3504 1500 illicientem,

2233 1525 2400 1582 Tritis
2421 1525 2634 1581 allisum
2660 1524 2918 1580 membris
2943 1522 3214 1591 deiecerat
3234 1525 3470 1588 hostem,

2233 1619 2363 1686 Quae
2392 1621 2644 1690 precibus
2672 1629 2924 1675 sternens
2945 1619 3278 1688 genibusque
3305 1617 3359 1672 in
3385 1629 3652 1673 marmore
3667 1613 3776 1682 ﬁxis,

2233 1709 2461 1766 Ethere
2490 1710 2702 1779 dejecit,
2733 1711 2896 1780 lapidi
2927 1709 3172 1779 signatur
3193 1709 3401 1764 adactae

2233 1802 2388 1858 Nunc
2425 1803 2587 1858 etiam
2620 1789 2829 1874 patula}.
2843 1802 3003 1858 Petro
3040 1802 3332 1856 incubante
3356 1815 3624 1856 cavernae.

2233 1897 2363 1963 Qua:
2389 1896 2566 1968 pluvia
2589 1895 2819 1966 oppleta:
2842 1903 3022 1965 pestes
3052 1893 3412 1949 medicamine
3449 1891 3666 1963 pellunt,

2232 1984 2586 2056 Jucundoque
2613 1986 2772 2058 aegris
2799 1985 2930 2040 dant
2958 1999 3184 2040 munera
3220 1984 3438 2040 roboris
3464 1984 3672 2038 haustu.

2305 2077 2578 2132 Christum
2605 2085 2776 2131 morte
2799 2085 3087 2132 secuturus
3118 2076 3244 2131 dum
3275 2074 3498 2130 ducitur
3521 2074 3698 2138 heros,

2236 2168 2501 2223 Exsiliens
2525 2169 2706 2222 animo
2731 2168 3009 2238 indignum
3042 2174 3272 2223 testatur
3297 2165 3495 2220 eodem

2237 2261 2308 2316 Se
2338 2261 2620 2316 sublimari
2649 2261 2908 2315 Dominus
2929 2275 3038 2330 quo
3067 2273 3258 2330 passus
3289 2259 3523 2324 honore,

2235 2355 2336 2422 Qui
2362 2355 2499 2409 coelo
2525 2355 2816 2410 adveniens
2835 2361 3031 2408 cuncta
3069 2353 3135 2407 ad
3163 2351 3404 2407 caelestia
3439 2351 3626 2419 traxit,

2239 2446 2419 2518 Seque
2443 2446 2556 2502 solo
2583 2445 2822 2517 genitum
2865 2453 3138 2500 terrenum
3167 2443 3322 2498 ﬁnxit
3350 2443 3655 2508 alumnum;

2161 2513 2209 2572 Β
2238 2513 2382 2594 Crux
2412 2555 2506 2593 sua
2545 2513 2874 2610 quapropter
2905 2547 3068 2608 caput
3099 2538 3165 2592 ad
3204 2537 3491 2592 terrestria
3519 2543 3710 2607 vergat,

2236 2630 2302 2685 Et
2329 2646 2386 2685 se
2415 2639 2728 2686 terrestrem
2761 2631 2976 2696 doceat,
3000 2628 3305 2699 caelumque
3335 2628 3626 2699 petendum

2236 2722 2389 2778 llaud
2421 2723 2576 2777 aliter
2602 2723 2654 2777 ni
2679 2723 2922 2792 subjecta
2949 2721 3181 2786 cervice,
3219 2721 3445 2776 revelet.

2235 2813 2350 2869 Nec
2376 2830 2524 2869 mora
2552 2823 2773 2885 gyratur
2799 2814 2981 2869 crucis
3001 2829 3032 2867 a
3054 2813 3246 2868 lictore
3276 2812 3608 2884 triumphus,

2235 2905 2610 2977 Figunturque
2638 2905 2805 2974 pedes
2829 2920 3016 2975 supra,
3047 2902 3272 2959 caeleste
3297 2909 3553 2974 petentes

2236 3001 2402 3057 Lucis
2434 3002 2560 3066 iter,
2582 3000 2881 3071 palmaque
2905 3001 3094 3067 imum,
3122 3012 3390 3069 terrasque
3413 2996 3700 3070 propinqua

2235 3092 2541 3162 Complexu:
2582 3102 2794 3148 terrena
2818 3092 3002 3164 legunt
3034 3107 3199 3162 super
3223 3101 3372 3147 astra
3399 3089 3642 3147 ferenda.

2235 3184 2541 3254 Alloquitur
2561 3185 2626 3239 de
2639 3183 2903 3255 supplicio
2925 3183 3130 3239 circum
3153 3182 3374 3253 agmina
3406 3181 3552 3248 fusa,

2235 3277 2514 3333 Flentibus
2549 3286 2604 3334 et
2627 3278 2839 3333 cunctis
2865 3277 3056 3332 hilaris
3079 3275 3286 3332 solatur
3304 3274 3556 3339 anhelos.

2235 3367 2688 3439 Tranquillusque
2719 3377 2878 3423 vocat
2899 3366 3081 3421 divina
3112 3365 3178 3421 ad
3202 3365 3400 3437 gaudia
3432 3364 3638 3430 tristes,

537 3449 810 3518 lntremit,
838 3461 1000 3523 atque
1017 3453 1260 3508 animum
1279 3468 1542 3509 revocans
1574 3454 1646 3508 ita
1681 3454 1826 3508 l‘atur
1857 3457 2132 3513 adorans:

543 3561 565 3597 ι
599 3541 740 3613 Quo,
769 3543 1017 3613 Domine,
1045 3545 1402 3602 intendis?——
1426 3544 1685 3618 Cruciﬁgi
1707 3587 1723 3614 ,
1763 3547 1977 3618 inquit,
2008 3557 2134 3620 peto

1783 3637 2058 3711 [Romam.

535 3728 880 3798 -Rursus,
922 3733 1041 3802 ait,
1072 3732 1282 3804 patiere
1321 3731 1500 3788 crucis
1547 3739 1842 3795 tormenta,
1893 3729 2129 3785 Redem-

2235 3460 2583 3530 Eximiasque
2614 3459 2781 3515 refert
2812 3459 3034 3515 Christo
3064 3473 3161 3528 pro
3188 3471 3415 3512 munere
3435 3455 3608 3527 plebis

2234 3550 2450 3616 Grates,
2478 3551 2562 3606 cui
2590 3550 2933 3606 commendat
2958 3564 3089 3604 oves
3114 3547 3217 3603 sibi
3247 3557 3373 3602 vota
3408 3545 3671 3612 ferentes;

2235 3644 2482 3700 Exorans
2513 3643 2643 3714 ipsis
2675 3657 2838 3713 super
2865 3642 3066 3696 aethera
3094 3654 3296 3710 pascua
3328 3637 3520 3704 donet,

2235 3736 2388 3792 Tunc
2417 3736 2556 3790 inter
2581 3735 2815 3790 monitus
2840 3734 3090 3802 interque
3121 3731 3377 3787 aﬁ'amina
3400 3730 3548 3796 vita,

711 3887 718 3889 _
1893 3821 2058 3896 [βίον.
2159 3875 2201 3897 ρ
2234 3828 2380 3883 Inter
2412 3835 2534 3882 vota
2561 3840 2879 3897 precesque,
2910 3825 3156 3894 interque
3181 3823 3427 3892 piissima
3455 3820 3640 3886 verba,

540 3943 616 3958 —
638 3915 871 3984 Rursus.
903 3935 922 3970 ι
948 3926 1006 3974 at
1027 3917 1140 3986 ille,
1169 3917 1280 3988 poli
1309 3925 1563 3988 repetens
1603 3929 1770 3986 super
1805 3914 2009 3970 aethera
2042 3927 2128 3969 se-
2157 3875 2203 3937 ε
2236 3922 2500 3976 Inlentam
2533 3920 2686 3974 caelis
2717 3918 2956 3973 animam
2982 3918 3049 3972 ad
3073 3916 3315 3972 coelestia
3343 3915 3534 3971 mittit.

1885 4005 2053 4078 idem.
2234 4011 2490 4080 Discipuli
2515 4011 2768 4080 civesque
2790 4009 2886 4080 pii,
2915 4009 3205 4079 sanctique
3233 4006 3492 4069 ministri,

2234 4103 2510 4174 Praecipue
2538 4102 2845 4164 Marcellus,
2871 4101 2921 4156 ei
2953 4101 3044 4170 qui
3072 4099 3212 4154 ﬁdus
3239 4098 3516 4164 alumnus,

2234 4193 2310 4248 De
2341 4207 2503 4248 cruce
2533 4192 2776 4260 deposito
2800 4191 3020 4262 pietatis
3048 4191 3231 4245 munia
3261 4189 3428 4255 suﬁit,

2233 4285 2461 4340 Ordinat
2482 4285 2788 4353 exsequias,
2813 4292 2868 4337 et
2894 4283 3125 4337 honorat
3151 4289 3396 4337 aromate
3427 4279 3612 4335 multo.

2234 4375 2420 4445 Regna
2451 4373 2862 4444 Triumphantis
2893 4373 3078 4427 mundi
3103 4371 3262 4426 simul
3285 4371 3471 4426 omnia
3498 4368 3671 4426 Patris

2233 4467 2471 4522 Membra
2507 4465 2887 4534 triumphalem
2907 4463 3060 4532 juxta
3083 4463 3430 4518 sanctissima
3453 4461 3641 4518 callem

2233 4559 2288 4614 In
2321 4557 2577 4612 Vaticano
2607 4555 2805 4611 celebri
2844 4555 3178 4610 tumulantur
3201 4554 3431 4610 honore.

2304 4652 2374 4705 At
2405 4648 2731 4717 Benjamites
2751 4648 2962 4712 doctor,
2995 4648 3101 4703 dux
3126 4656 3289 4717 atque
3318 4647 3596 4716 magister,

2233 4743 2527 4812 Postquam
2557 4756 2864 4796 sermonem
2890 4740 3012 4795 ﬁdei
3039 4748 3373 4809 resperserat
3394 4740 3508 4794 oris

2235 4836 2443 4904 Largus
2471 4834 2523 4887 in
2551 4832 2825 4897 Occiduis,
2855 4833 3099 4887 doctrina
3121 4831 3346 4888 Oriente
3375 4829 3594 4902 repleto,

2235 4927 2420 4983 Puniri
2449 4925 2668 4982 infando
2698 4942 2834 4982 ccesa
2863 4925 3075 4981 cervice
3091 4923 3316 4995 jubetur

2235 5021 2276 5074 A
2309 5019 2485 5082 lanio;
2511 5019 2864 5089 prmbensque
2901 5027 3066 5089 caput
3089 5034 3190 5090 pro
3221 5017 3444 5074 numine
3465 5015 3626 5087 regis,

2237 5111 2546 5180 Militiaeque
2585 5111 2716 5166 viris
2743 5125 2926 5166 secum
2961 5111 3132 5166 tribus
3171 5111 3358 5165 ultima
3385 5110 3576 5180 passis,

2159 5231 2210 5291 D
2236 5201 2394 5257 Orbis
2435 5202 2487 5256 in
2514 5216 2639 5256 arce
2669 5203 2758 5271 pio
2786 5218 2883 5272 pro
2919 5202 3120 5257 lumine
3147 5203 3371 5258 cmditur
3394 5202 3560 5258 orbis.

2239 5293 2431 5330 Ιῗιηιιιη·
2467 5293 2513 5330 οἷ
2557 5293 2738 5330 innnln
2773 5294 2855 5330 Ion
2885 5308 3169 5330 nanunoccn
3208 5295 3380 5330 rnnicn

543 4097 639 4155 Sic
661 4099 835 4157 oculis
863 4100 1046 4156 senior
1071 4099 1254 4155 mundi
1281 4100 1334 4154 in
1361 4099 1592 4170 caligine
1614 4098 1737 4153 ﬁxis

542 4189 768 4261 Pellegit
790 4205 978 4246 aereas
1005 4191 1202 4245 animis
1223 4191 1558 4246 sectantibus
1584 4205 1767 4255 auras,

539 4284 720 4350 Atque
769 4281 953 4337 alacer
997 4297 1233 4338 versus:
1267 4300 1285 4334 ι
1324 4281 1567 4353 Sequar,
1611 4280 1808 4350 inquit,
1857 4288 1929 4347 te,
1988 4280 2132 4337 bone

1776 4369 2004 4442 [pastor.
2034 4390 2055 4424 ι

540 4464 887 4538 “egreditur,
921 4475 1106 4520 narrat
1133 4464 1373 4537 gaudens
1393 4480 1460 4520 ex
1495 4463 1688 4520 ordine
1707 4472 1903 4519 cuncta
1932 4480 1948 4518 :

541 4557 763 4617 Solatur
787 4557 992 4624 socios;
1033 4558 1241 4612 cunctis
1273 4557 1674 4627 plangentibus,
1701 4569 1842 4610 unus

539 4649 812 4714 Exsultat,
849 4649 1080 4704 comites
1108 4661 1358 4703 recreans
1379 4646 1644 4702 solamine
1674 4644 1848 4710 verbi,

539 4741 709 4812 Inque
745 4742 850 4796 ﬁde
878 4741 1080 4796 Christi
1113 4741 1290 4795 valido
1319 4741 1616 4794 munimine
1647 4738 1850 4793 ﬁrmat.

540 4833 788 4902 Dumque
813 4833 915 4902 piis
948 4833 1068 4901 pius
1096 4841 1150 4885 et
1178 4840 1363 4901 pastor
1393 4832 1479 4901 pia
1505 4831 1697 4902 pabula
1727 4833 1951 4900 praebet,

543 4925 588 4989 Ε
618 4924 794 4978 medio
820 4925 1030 4993 rapitur
1055 4924 1314 4977 comitum
1343 4923 1557 4993 lugente
1582 4931 1824 4986 caterva,

542 5019 614 5082 Et
642 5018 808 5072 nimio
830 5018 1033 5088 gemitu
1060 5017 1240 5072 cordis
1263 5025 1500 5071 testante
1522 5015 1786 5079 dolorem,

545 5111 748 5181 Viginti
773 5126 894 5165 cum
919 5112 1156 5180 quinque
1183 5111 1297 5180 regi
1324 5111 1416 5179 qui
1445 5110 1686 5178 regmine
1712 5109 1847 5162 tanti

545 5201 729 5262 Gavisi
755 5201 975 5257 fuerant
1003 5202 1181 5257 Patris
1207 5201 1439 5256 feliciter
1468 5200 1645 5261 annis,

546 5293 772 5330 nnaitnr
824 5295 1090 5330 orna-itur"
1125 5300 1301 5330 ηνιιιρι
1337 5289 1720 5330 ἷηςιιηρνεὶιιὶιῖς
1747 5289 1848 5330 illo.
