3888 5330
131 363 218 421 005
694 355 783 412 DE
810 355 1083 412 CHRISTI
1116 355 1495 414 TRIUMPIIIS
1524 353 1708 411 APUD
1740 354 2020 412 ITAIJAM
2046 352 2223 410 LIBRI
2254 350 2394 408 XIV.
2434 381 2505 394 —
2539 349 2666 406 LIB.
2699 351 2742 406 I.
3236 343 3344 408 608

135 475 275 541 Aquo
296 466 531 537 perpetui
557 465 728 522 fastus
749 467 978 538 insignia
1005 475 1242 537 captant.
1694 453 1741 510 Α
1770 469 2070 524 Terrentur
2101 463 2330 519 tonitrus
2357 461 2537 518 subito
2571 463 2647 527 vi,
2675 461 2901 533 fulguris
2931 460 3053 530 igne
3079 476 3095 516 :

137 560 355 616 Traditur
376 557 484 611 an
513 558 778 627 quosdam
817 558 1036 626 regione
1057 558 1260 626 petisse
1773 560 2131 629 Sparguntur,
2163 554 2298 608 tanti
2329 553 2580 624 linquunt
2597 553 2880 607 conamina
2909 551 3093 621 empti.

136 649 388 717 Ausoniam
417 648 662 712 comites,
693 649 1011 703 charissima
1051 647 1290 703 membra
1319 646 1546 715 referre,
1773 649 2016 705 Romulei
2043 649 2210 708 cives,
2238 648 2328 717 qui
2360 647 2505 715 digni
2535 645 2673 699 forte
2703 644 2954 714 probati,

137 742 190 796 Et
206 755 371 794 curam
393 739 624 809 propriis
651 738 908 796 adbibere
937 739 1221 795 tribulibus
1251 749 1453 810 aptam.
1775 742 1982 798 Sectari
2009 748 2217 795 tantum
2245 739 2334 808 qui
2367 751 2719 809 promeruere
2753 736 3026 801 decorem,

139 832 323 886 Munera
340 840 618 900 captantes
643 830 756 885 fere
777 847 874 901 per
895 833 1000 885 duo
1022 831 1188 886 millia
1220 840 1462 900 raptant,
1774 833 2059 897 Altollunt,
2090 831 2539 901 complectuntur,
2566 829 2668 882 sibi
2699 838 2850 898 rapta
2882 834 3170 897 receptant

137 922 340 989 Quorum
369 937 535 976 ausus
557 919 1010 977 Catacumbarum
1041 924 1141 978 sub
1168 923 1304 978 calle
1333 923 1596 990 relidens,
1775 925 2029 992 Pignora,
2059 938 2169 991 pra:
2189 920 2398 977 cunctis
2419 919 2612 989 opibus
2632 919 2898 973 ditissima
2928 918 3137 974 mundi.

135 1014 296 1082 Arguit
314 1013 559 1068 immensi
585 1015 838 1084 przecelsa
869 1016 1108 1084 potentia
1141 1015 1363 1081 Christi,
1778 1016 1913 1072 Ilinc
1944 1015 2058 1070 loca
2087 1014 2210 1084 quis
2231 1019 2581 1068 servarentur
2605 1025 2704 1079 pro
2735 1009 2871 1066 velle
2896 1016 3209 1080 capessunt,

137 1105 378 1160 Summam
411 1106 694 1175 pracipuis
725 1105 910 1160 urbem
931 1105 1189 1160 decorare
1218 1105 1459 1176 patronis
1777 1107 1833 1162 In
1859 1107 2054 1176 quibus
2083 1114 2138 1158 et
2167 1113 2277 1158 toto
2300 1110 2620 1157 veneranter
2645 1102 2713 1156 ab
2743 1100 2876 1156 orbe
2895 1109 3185 1171 petuntur;

136 1196 408 1260 lustituens,
437 1195 641 1250 ferrent
664 1207 860 1252 cuncto
890 1198 1014 1252 hinc
1039 1198 1278 1254 solamen
1311 1207 1369 1252 ut
1397 1197 1542 1264 orbi,
1779 1198 1878 1266 Qui
1900 1195 2070 1266 juncti
2099 1195 2323 1250 Domino
2345 1193 2466 1249 εαξιί
2496 1208 2659 1263 super
2683 1202 2826 1247 astra
2859 1193 3110 1248 sedentes

136 1285 267 1346 Orbis
291 1297 340 1344 et
358 1288 414 1345 in
437 1289 613 1360 capite
641 1298 752 1346 toto
778 1297 1092 1362 peterentur
1120 1291 1188 1346 ab
1225 1291 1378 1346 orbe.
1780 1286 1984 1360 Inclyta
2014 1285 2312 1356 subjectum
2340 1285 2633 1356 disponunt
2649 1284 2772 1355 jura
2805 1298 2902 1354 per
2928 1284 3138 1339 orbem.

1537 1445 1764 1502 CAPUT
1801 1444 1891 1501 IV.

1088 1549 1168 1605 De
1188 1553 1383 1608 sanctis
1410 1551 1666 1610 Processo
1689 1567 1736 1610 et
1763 1557 2088 1613 Martiniano
2111 1566 2266 1628 atque
2288 1556 2543 1612 Luciana.

139 1680 386 1738 Submotis
411 1679 688 1745 Patrihus,
729 1687 842 1736 toto
860 1679 1035 1734 vibrat
1068 1695 1219 1734 arma
1249 1690 1509 1752 tyrannus
1781 1689 1954 1758 Atque
1979 1689 2066 1759 pio
2091 1703 2358 1744 venerans
2385 1689 2556 1755 cultu,
2584 1687 2783 1744 Lucina
2817 1687 3044 1758 recepit.

133 1775 180 1828 In
203 1787 348 1844 grege
385 1781 694 1840 gnatorum,
723 1770 998 1839 fundoque
1027 1768 1242 1824 auferre
1272 1770 1480 1825 laborat

1782 1779 1964 1836 Gloria
1991 1796 2110 1849 qua:
2132 1789 2345 1834 maneat
2373 1791 2638 1835 testantur
2660 1782 2795 1835 mira
2815 1780 3076 1851 sepultis:

134 1867 226 1920 lloc
254 1880 441 1936 genus,
467 1879 498 1918 a
529 1863 671 1919 celsa
699 1862 821 1918 cmli
855 1862 996 1932 quod
1026 1861 1234 1932 origine
1255 1864 1495 1927 ductum,
1783 1870 1940 1925 Peste
1969 1869 2127 1926 levati
2155 1870 2304 1940 :egri,
2345 1869 2540 1940 perjuri
2564 1873 2805 1925 dzemone
2834 1871 2992 1939 rapti,

135 1956 282 2025 Seque
301 1969 536 2024 suosque
559 1954 706 2009 videt
727 1952 900 2008 fasces
927 1954 1237 2023 pervadere.
1273 1951 1513 2024 Longum
1709 1985 1752 2044 Β
1784 1961 1948 2016 llosle
1979 1961 2094 2015 fero
2134 1963 2320 2027 vincti,
2351 1971 2658 2015 sanctorum
2686 1961 2805 2016 luce
2831 1960 3026 2028 soluti;

134 2047 358 2103 Truserat
397 2049 452 2102 in
480 2046 673 2102 vinclis
697 2047 1017 2102 Processum
1047 2055 1102 2101 et
1127 2045 1506 2100 Martinianum
1783 2053 2082 2108 Pnesemcs
2110 2054 2270 2107 rebus
2300 2067 2418 2106 sese
2447 2053 2811 2122 quaerentibus
2841 2053 2970 2122 ipsis

132 2138 379 2206 Paulinus,
407 2155 546 2194 vana
573 2139 639 2194 de
669 2139 950 2194 nobilitate
971 2139 1270 2209 superbus;
1782 2143 2056 2209 Pandunt,
2097 2159 2156 2199 ca
2169 2159 2260 2198 rnc
2283 2144 2404 2198 sitis
2435 2159 2539 2198 non
2566 2159 2844 2214 nunquam
2871 2145 3078 2200 visibus
3105 2143 3328 2201 adsunt.

133 2232 423 2301 Auditisque
449 2231 545 2286 Dei
573 2245 770 2286 nomen
805 2245 927 2286 eum
953 2231 1144 2286 robore
1172 2229 1292 2294 fari,
1785 2235 1936 2289 Dicta
1972 2235 2164 2304 prohat
2189 2245 2430 2288 matrona
2464 2235 2578 2305 pias
2607 2236 2840 2291 invisere
2868 2237 3080 2292 tumbas

134 2324 418 2378 Constantis
444 2323 589 2387 ﬁdei,
617 2323 764 2378 saxis
783 2323 1104 2379 contundier
1137 2338 1233 2376 ora
1787 2325 1952 2379 Sucta
1980 2343 1994 2390 ;
2026 2326 2313 2395 peregrino
2341 2326 2636 2379 monachos
2665 2326 2924 2380 assistere
2948 2324 3095 2379 cultu

134 2418 352 2475 iusserat
378 2437 394 2486 ;
425 2430 510 2474 ast
533 2419 607 2474 illi
641 2419 827 2474 laudes
864 2435 1028 2488 super
1053 2419 1254 2473 aethera
1289 2416 1500 2472 tollunt.
1786 2420 1914 2486 Qua:
1942 2435 2191 2482 cernens,
2232 2420 2354 2472 dum
2385 2419 2526 2473 ferre
2546 2429 2720 2488 parat,
2751 2419 2894 2488 capit
2932 2419 3045 2488 ipsa
3073 2417 3361 2484 levamen;

132 2510 343 2566 Aﬂerlur
371 2511 636 2581 tripodem
661 2525 823 2580 supra
847 2507 993 2564 Jovis
1023 2524 1248 2575 aureus;
1279 2509 1352 2562 illi
1786 2509 2060 2565 Promisso
2082 2519 2230 2565 certa
2259 2509 2480 2572 auxilio,
2515 2509 2574 2563 lit
2597 2509 2808 2580 dignior
2833 2520 2986 2577 actu,

133 2601 383 2658 Exscretis
415 2610 676 2673 spargunt
703 2600 1071 2672 tripodemque
1091 2599 1387 2669 Iovemque
1409 2595 1614 2654 salivis.
1787 2600 1941 2657 Scire
1965 2605 2147 2656 datum
2173 2603 2256 2656 cui
2285 2609 2564 2655 venturam
2594 2615 2757 2670 quam
2780 2600 3002 2655 credere
3032 2601 3222 2666 vitam,

133 2688 366 2759 Suspensi
391 2691 680 2760 nervisque
709 2689 929 2744 attracli
961 2688 1190 2743 fustibus
1227 2689 1400 2743 auctis
1788 2692 1977 2746 llausil
2003 2691 2323 2762 apostolicas
2359 2689 2637 2745 sitibundo
2669 2690 2782 2745 bzec
2809 2690 3010 2744 femina
3041 2690 3206 2747 corde

134 2779 418 2850 (liniuntur,
442 2765 599 2838 lateri
626 2781 852 2836 ﬂamma:
879 2781 1252 2836 accenduntur
1271 2781 1489 2835 edaces.
1787 2781 2094 2844 Ductrinas,
2121 2781 2381 2835 instructa
2409 2783 2602 2851 pioque
2627 2789 2836 2834 sacrata
2869 2780 3120 2847 lavacro,

133 2868 372 2928 Pneclara
402 2874 494 2928 hic
521 2873 713 2928 aderat
741 2871 936 2927 mulier
959 2871 1183 2934 Lucina,
1217 2873 1442 2941 piosque
1785 2874 2064 2929 Justorum
2099 2873 2213 2926 fieri
2244 2888 2467 2928 consors
2500 2873 2724 2927 ardebat
2755 2873 2809 2926 in
2835 2888 2964 2927 usus

132 2961 350 3018 Athletas
379 2963 522 3019 bello
548 2963 756 3018 validos
781 2964 980 3018 durare
1002 2963 1275 3016 monebat.
1786 2954 2029 3036 ipsorum
2055 2965 2325 3035 indignos,
2358 2964 2606 3035 przebcns
2634 2964 2871 3019 fomenta
2901 2964 3096 3028 labori,

133 3054 256 3119 Quos
281 3057 512 3127 posthac
531 3055 730 3110 iterum
756 3069 1025 3124 appensos
1054 3052 1280 3116 divellit,
1305 3051 1481 3106 acutis
1793 3059 1992 3114 Vinclis
2018 3059 2435 3128 carceribusque
2458 3058 2601 3112 datis
2628 3067 2896 3113 tormenta
2919 3057 3164 3124 levabat;

133 3143 326 3200 Viscera
355 3144 667 3217 perfodieus
690 3153 934 3198 armatus
960 3143 1173 3213 scorpio
1201 3141 1340 3196 telis.
1789 3151 1939 3206 More
1961 3152 2267 3221 sepulturas
2302 3151 2501 3206 celebri
2533 3151 2721 3206 devota
2753 3150 3008 3223 gerebat:

131 3234 339 3292 Carcere
377 3237 654 3293 contrusis
680 3237 876 3292 iterum
905 3235 1109 3292 Lucina
1135 3230 1446 3289 ministrat.’
1793 3242 1946 3298 Unde
1976 3244 2224 3300 coronari
2257 3244 2466 3298 meritis
2495 3245 2698 3298 sociata
2721 3243 2936 3314 piorum

131 3322 242 3381 Post
267 3327 503 3382 triduum
533 3327 789 3382 Paulinus
811 3326 976 3382 hebes
997 3335 1054 3381 et
1072 3326 1312 3381 dmmone
1340 3333 1549 3394 raptus,
1715 3331 1760 3392 C
1791 3333 2111 3396 Promeruii,
2140 3343 2357 3389 sanctos
2386 3335 2620 3403 pretiosa
2648 3342 2820 3388 morte
2845 3342 3054 3402 secuta,

128 3415 326 3484 Tortus,
353 3427 412 3475 et
447 3419 750 3474 exstinctus
776 3418 994 3475 Letheis
1027 3418 1288 3488 mergitur
1313 3418 1493 3472 undis.
1792 3424 2075 3478 lutroituni
2105 3425 2254 3494 regni
2286 3424 2370 3478 cui
2403 3425 2496 3478 dat
2526 3423 2795 3478 confessio
2826 3422 3029 3479 Christi

127 3505 261 3564 Hosti
295 3511 558 3566 virtutum
581 3510 868 3580 praefectus
892 3510 943 3564 id
966 3509 1166 3564 indicat
1195 3507 1388 3575 Urbis;
1791 3513 1970 3580 Atque
1991 3529 2126 3582 opus
2148 3515 2422 3583 egregium
2455 3513 2574 3567 ﬁdei
2604 3514 2745 3584 quod
2765 3512 2946 3580 junxit
2975 3511 3154 3567 herili.

125 3597 206 3653 ille
233 3601 386 3670 jubet
409 3601 544 3658 cleri
567 3611 783 3657 sanctos
811 3601 1042 3673 pugione
1076 3601 1262 3666 feriri;
1791 3606 2015 3677 Crypta,
2046 3607 2326 3660 beatorum
2355 3606 2612 3660 membris
2654 3615 2964 3660 constructa
2995 3603 3262 3669 locandis,

126 3685 354 3760 Suscipit
383 3693 486 3748 hos
514 3693 598 3747 via
623 3708 910 3764 percussos
935 3692 1154 3748 Aurelia
1184 3693 1348 3747 ferro.
1794 3697 2002 3752 Devoto
2029 3713 2127 3768 per
2151 3713 2270 3753 eam
2297 3697 2493 3759 studio,
2529 3696 2688 3751 funus
2723 3699 2868 3766 capit
2897 3695 3013 3765 ejus

125 3778 497 3856 cunctipotens
518 3785 728 3839 animas
751 3784 872 3839 θωιί
895 3783 1180 3854 splendore
1199 3792 1474 3850 venusti",
1794 3790 2008 3844 Ornans
2026 3786 2453 3859 pignoribusque
2473 3785 2666 3857 jugans
2693 3802 2847 3842 sacra
2874 3787 3099 3858 pignora
3133 3784 3327 3843 sacris.

122 3868 346 3943 Corpora
369 3891 496 3932 rure
526 3890 626 3932 suo
649 3891 867 3952 curans,
898 3883 956 3931 et
984 3885 1230 3932 aromata
1262 3875 1518 3941 miscens,
2984 3867 2986 3870 ’

1535 4029 1764 4086 CAPUT
1806 4029 1870 4085 V.

1340 4141 1414 4195 De
1439 4141 1634 4195 sanctis
1658 4140 1897 4195 Nazario
1927 4151 1972 4195 et
1995 4139 2165 4196 Celso.

117 4278 361 4337 Traditur
382 4279 498 4336 haec
529 4277 708 4333 rabies
736 4285 951 4334 sanctos
981 4291 1194 4346 quoque
1220 4275 1568 4342 Mcdiolanos,
1789 4280 1880 4335 Sic
1905 4279 2126 4333 latuisse
2151 4276 2330 4347 placet
2348 4277 2520 4332 donec
2542 4274 2878 4330 volventibus
2904 4272 3084 4338 annis,

114 4367 414 4436 Nazarium,
446 4369 682 4436 Christo,
711 4368 873 4424 claris
896 4368 1234 4439 genitoribus
1256 4376 1458 4434 ortum,
1784 4373 2018 4428 Arcadio
2040 4379 2324 4441 regnante,
2357 4371 2476 4440 pius
2502 4368 2587 4439 pia
2618 4381 2841 4422 munera
2864 4364 3062 4436 praesul

112 4460 184 4515 Ae
208 4478 431 4532 puerum
454 4463 696 4528 Celsum,
728 4462 886 4533 digne
909 4477 1068 4531 quem
1095 4461 1440 4530 uutriitipse,
1477 4494 1488 4502 -
1786 4464 2127 4528 Ambrosius,
2155 4463 2381 4516 Domino
2406 4461 2520 4515 hmc
2549 4461 2767 4513 sibimet
2794 4457 3087 4526 prodente,
3113 4452 3328 4510 levavit.

112 4551 181 4606 De
205 4554 415 4609 feritate
441 4555 592 4610 necis
616 4554 874 4609 caelorum
904 4553 971 4607 ad
999 4567 1160 4622 regna
1187 4551 1394 4606 tulisse.
1789 4553 1940 4610 Tunc
1965 4570 2180 4625 quoque
2209 4553 2422 4606 Nazarii
2451 4560 2571 4620 post
2599 4549 2755 4618 longa
2781 4547 3051 4601 volumina
3083 4545 3241 4609 solis,

111 4639 321 4696 Nazarii
348 4653 571 4698 matrem
597 4642 787 4698 Petrus
807 4643 950 4697 almo
972 4643 1182 4713 gurgite
1205 4641 1367 4695 tinxit
1706 4679 1762 4740 Β
1790 4645 1860 4701 Ut
1882 4647 2098 4700 tandem
2128 4654 2274 4716 patet
2294 4653 2476 4713 egesta
2511 4640 2701 4694 tellure
2732 4638 3064 4707 sepulcrum,

111 4732 452 4804 Perpetuam,
480 4748 670 4794 sancto
691 4738 942 4796 Clemens
979 4739 1119 4793 hunc
1166 4736 1314 4791 fonte
1342 4737 1510 4806 piavit
1706 4723 1759 4740 ν
1787 4735 1880 4791 Sic
1911 4745 2067 4790 tener
2094 4744 2256 4803 atque
2277 4747 2465 4786 recens
2493 4729 2714 4783 recubat
2737 4723 3361 4796 cumcorporesanguis,

109 4822 272 4889 Quem
307 4836 567 4898 torquens
587 4829 854 4882 Αηοιίῐιυε
874 4837 1049 4890 alrox.
1074 4837 1125 4881 el
1149 4827 1384 4880 carceris
1415 4827 1520 4882 θινὶ
1785 4833 1897 4888 Hac
1917 4831 2158 4903 jugulum
2193 4839 2468 4883 reserante
2498 4826 2585 4881 die
2612 4823 2840 4880 dill'usus
2873 4831 2928 4876 ut
2949 4835 3080 4876 ense
3105 4835 3122 4885 ;

109 4915 234 4970 Cum
265 4930 453 4975 sancto
483 4921 723 4976 afﬁciens
741 4921 900 4988 longo
931 4918 1179 4988 squalore
1209 4918 1428 4983 cliente,

1786 4924 2072 4980 Vermibus
2101 4923 2324 4975 illaesum
2367 4927 2528 4989 caput
2563 4918 2938 4983 intactumque
2990 4919 3297 4980 repertum:

105 5008 320 5066 Crudeli
350 5015 557 5069 tandem
581 5014 866 5069 emeritum
896 5027 1150 5067 mucrone
1179 5011 1429 5065 trucidat.
1783 5017 1927 5074 Pexa
1955 5014 2144 5070 levatis
2169 5008 2332 5067 barba
2361 5011 2589 5079 lotisque
2613 5004 2845 5076 capillis,

105 5100 350 5157 Membra
379 5108 546 5161 dicata
579 5108 650 5178 pii
683 5106 832 5160 furto
865 5121 1090 5174 rapuere
1128 5103 1291 5165 ﬁdeli.
1786 5109 2049 5178 Tempore
2070 5103 2429 5173 compositum
2461 5101 2622 5154 veluti
2654 5097 2917 5153 reniteret
2942 5094 3162 5158 eodem,

106 5189 521 5216 υΑσ-ι-..ΑΑ-μιια.--
561 5205 700 5216 ---ι-γ-
733 5202 944 5216 -..ι-,ΔΑΜ
980 5193 1040 5216 ,δή
1069 5191 1282 5216 --Α.“;..Α
1316 5191 1507 5216 ..τρία-μ

1784 5197 1829 5216 ιν
1898 5209 1910 5216 .
1985 5199 1995 5210 ο
2045 5213 2058 5215 -
2087 5192 2359 5216 ι’-»-.-ηιιηι
2390 5195 2555 5216 [ρηηη
2586 5199 2636 5216 ..ι
2670 5189 2911 5216 νενιηηι-ιιι
2943 5198 3155 5216 nannnln
