3888 5330
547 339 650 394 CO7

1356 335 1746 393 FLODOARDI
1785 334 2102 391 CANONICI
2133 334 2876 400 REMENSIS’,OPUSCULA
2896 336 3225 394 METRICA.
3671 339 3764 397 (-203

2034 451 2262 506 CAPUT
2301 451 2390 506 Vl.

1598 543 1672 597 De
1701 544 1927 598 vindicta
1968 543 2289 598 Neroniana'
2315 543 2704 612 persecutionis.

544 655 744 723 injuste
774 653 1002 714 innocuo
1029 663 1336 710 sanctorum
1367 654 1625 720 sanguine
1655 655 1795 720 fuso,

543 745 754 800 .iudicio
776 746 952 799 divina
981 761 1102 799 reos
1135 745 1259 798 ferit
1291 745 1421 798 ultio
1446 746 1638 816 digno;
1729 759 1736 766 '

545 838 656 892 Nec
686 837 847 890 dilata
877 836 1027 890 sedet
1052 837 1272 892 lanians
1299 837 1350 891 in
1379 848 1620 907 tempora
1651 837 1834 906 longa,

544 927 626 983 Ne
653 927 808 997 lupus
841 925 928 980 ille
955 925 1100 981 ferus
1127 937 1342 982 teneros
1361 927 1638 982 exulceret
1664 943 1851 997 agnos,

543 1016 612 1073 Et
639 1026 880 1071 vastator
905 1025 1059 1070 atrox
1106 1009 1334 1070 necdu'm
1367 1017 1642 1073 molimine
1682 1019 1841 1074 firmo

544 1109 804 1166 Badicnm
835 1109 1214 1164 solidata'satis
1245 1108 1513 1178 plantaria
1544 1110 1727 1164 vellat.

547 1203 766 1257 Sanctis
793 1201 913 1256 luce
937 1201 1210 1257 coronatis
1239 1201 1568 1258 damnantur
1595 1203 1785 1273 iniqui.

547 1293 794 1362 Undique
817 1294 1005 1348 oborta
1033 1293 1170 1359 lues,
1201 1294 1400 1350 Urbem
1421 1295 1658 1352 vindicta
1690 1295 1900 1362 fatigat,

546 1385 710 1439 Arma
732 1400 963 1454 superna
990 1384 1196 1440 ferens:
1233 1385 1471 1456 liquidus
1499 1389 1867 1458 corrumpitur
1897 1403 2013 1451 aer,

544 1477 798 1531 Exeritur
815 1477 980 1546 pestis
1003 1477 1164 1533 nullis
1194 1480 1455 1548 mquaniia
1479 1480 1772 1550 chelydris,

543 1571 780 1639 Corpora
809 1570 1103 1625 conficiens
1139 1570 1282 1625 lento
1309 1569 1597 1642 liquefacta
1622 1587 1830 1627 veneno
1855 1589 1870 1638 ;

543 1657 802 1712 Pestifera
832 1674 962 1713 aura
994 1660 1124 1724 ruit,
1145 1660 1427 1730 campique
1453 1669 1508 1715 et
1537 1660 1677 1715 celsa
1708 1659 1998 1733 Cyclopum

542 1749 706 1804 Tecta
735 1749 1041 1820 superjccto
1062 1751 1376 1806 nebularum
1405 1761 1636 1806 uruntur
1665 1753 1891 1806 amictu.

541 1841 824 1896 Labuutur
852 1841 1127 1897 scelerata:
1155 1843 1377 1907 animm,
1411 1858 1558 1900 mors
1587 1843 1753 1898 millia
1781 1845 1948 1900 vineit

544 1933 882 2004 Fungentum
914 1944 994 1989 ter
1026 1937 1159 1989 dena
1185 1952 1201 2004 ;
1235 1937 1335 1991 sibi
1369 1936 1602 1990 Libitina
1629 1937 1830 1992 dicavit

545 2025 749 2093 Oppida
781 2042 793 2077 :
828 2025 1100 2080 Romanas
1137 2026 1392 2081 nonnulla
1413 2026 1643 2082 colentis
1678 2027 1824 2095 leges

544 2117 800 2170 Cladibus
830 2131 894 2170 ac
919 2117 1084 2171 nimio
1113 2118 1277 2170 caedis
1305 2118 1530 2172 horrore
1556 2125 1809 2174 teruntur
1835 2135 1851 2184 ;

544 2206 760 2276 Magnas
787 2205 1056 2261 Armenia:
1077 2207 1278 2276 patrias
1298 2207 1602 2278 respublica
1629 2209 1836 2278 perdit;

549 2295 804 2350 Parthica
835 2295 1089 2353 Romanae
1113 2296 1355 2368 legiones
1390 2299 1489 2353 sub
1510 2298 1638 2368 juga
1669 2299 1867 2364 missa},

553 2389 724 2444 Urbes
754 2389 1015 2458 quasdam
1048 2390 1190 2445 Asiae
1216 2392 1411 2447 sternit
1435 2393 1720 2448 concussio
1748 2401 1944 2459 terrae;

545 2477 656 2532 Nec
677 2478 897 2533 nimium
921 2477 1113 2534 claudo
1135 2480 1438 2552 insequitur
1467 2484 1600 2553 pede
1623 2498 1782 2555 posna
1808 2493 2126 2557 tyrannum:

547 2567 683 2622 llinc
703 2568 956 2639 Hispanis
979 2568 1205 2626 Galbam
1232 2573 1324 2642 qui
1351 2575 1617 2643 comperit
1647 2577 1760 2630 oris

544 2659 747 2715 Militia:
777 2663 1070 2732 sumpsisse
1093 2663 1226 2718 viris
1261 2666 1566 2720 diademata
1598 2666 1773 2737 regni,

544 2751 781 2820 Sprevit,
809 2763 1035 2825 atroque
1059 2756 1238 2812 animo
1264 2765 1516 2828 totusque
1569 2759 1636 2814 ad
1681 2758 1906 2814 Tartara
1933 2758 2129 2830 vergit,

547 2841 794 2912 Dumque
821 2844 1191 2900 incredibilem
1229 2847 1390 2902 rebus
1405 2844 1754 2918 patribusque
1779 2847 2009 2904 revolvit

546 2931 734 2986 Exsilii
768 2933 1000 3001 cladem,
1023 2935 1211 3004 patriae
1237 2937 1576 2992 convincitur
1604 2939 1777 2994 hostis
1803 2957 1817 2994 :

546 3024 808 3080 Prwdicat
848 3027 898 3081 id
929 3027 1139 3099 vulgus,
1163 3028 1360 3100 gaudet
1381 3031 1627 3086 sanxisse
1649 3040 1917 3087 senatum.

546 3116 790 3171 Territus
815 3116 903 3175 ille
926 3127 1102 3186 metu,
1133 3118 1419 3191 lapsusque
1439 3136 1506 3177 ex
1537 3122 1683 3178 Urbe
1707 3124 1988 3193 probrose,

547 3207 792 3275 Cumque
821 3207 1117 3276 ignominia
1140 3208 1350 3280 fugiens
1377 3209 1692 3267 deformiter
1717 3212 1844 3278 alta,

548 3295 686 3350 Dum
721 3295 875 3349 timet
897 3298 1096 3351 arctari
1123 3299 1451 3368 meritasque
1478 3301 1780 3368 expendere
1802 3314 2013 3372 poenas,

547 3388 700 3455 Quod
727 3397 974 3458 superest
994 3389 1257 3446 scelerum
1281 3406 1684 3460 consummans,
1711 3395 1995 3451 transfodit
2015 3397 2128 3466 ipse

545 3475 621 3533 Se
655 3478 875 3548 proprio
899 3477 1068 3536 lectas
1097 3495 1391 3553 properans
1414 3499 1671 3541 mucrone
1694 3485 1793 3541 sub
1816 3488 2057 3554 umbras,

547 3567 917 3640 Caesaremque
938 3571 1156 3628 labente
1187 3573 1331 3630 labat
1352 3591 1461 3644 quo
1487 3578 1660 3646 gentis
1688 3580 1863 3648 origo.

621 3661 741 3714 Mox
787 3660 955 3718 Galba
990 3664 1304 3729 adveniens,
1345 3679 1619 3738 comperta
1673 3681 1845 3727 morte
1890 3670 2128 3740 nefandi,

549 3749 641 3806 Lxe
663 3752 722 3805 lit
746 3753 974 3808 avaritia
997 3769 1060 3808 ac
1095 3756 1234 3826 turpi
1269 3764 1486 3830 torpore
1511 3759 1772 3827 Quirites.

548 3839 679 3897 Post
703 3842 916 3899 demum
951 3845 1164 3915 imperii
1195 3862 1356 3903 senos
1383 3852 1451 3904 ab
1482 3846 1692 3906 Othone
1717 3863 2027 3925 peremptus

549 3933 684 3988 Cum
717 3936 858 3992 Caro
887 3953 1100 3995 menses
1122 3941 1302 4009 periit,
1336 3941 1533 3998 Pisone
1557 3955 1776 4015 recepto

554 4025 614 4080 in
648 4029 797 4100 regni
826 4033 1088 4104 gnatique
1112 4035 1327 4091 throno.
1350 4035 1474 4092 Luit
1501 4037 1666 4108 impia
1697 4040 1877 4096 caades

2145 640 2189 693 Α
2224 656 2510 710 Servoruui
2543 655 2740 710 Christi
2764 667 3043 724 procerum
3074 668 3204 708 nece
3235 652 3403 707 Roma
3436 665 3671 708 suorum:

2224 748 2289 800 Et
2320 763 2438 815 quae
2462 747 2719 815 primates
2746 747 2924 815 superi
2951 746 3245 800 saevissima
3269 746 3447 801 cultus

2226 835 2495 900 Pnnierat,
2519 852 2701 907 regum
2730 836 2950 904 punitur
2974 835 3120 890 cmde
3143 850 3407 889 novorum
3439 852 3454 889 :

2223 927 2459 996 Quasque
2488 927 2586 980 sub
2611 926 2840 980 adventu
2875 925 3018 981 Petri
3050 924 3306 979 divinitus
3332 939 3483 979 arma

2225 1019 2724 1087 'l‘orpuerantcivile
2746 1020 2897 1072 nefas
2918 1019 3220 1072 minitantia
3243 1033 3450 1088 pressa,

2225 1112 2438 1166 Sanctis
2464 1111 2726 1181 supplicio
2751 1110 2984 1177 aulicus,
3015 1112 3368 1182 patribusque
3405 1111 3625 1174 necatis,

2224 1202 2507 1256 Permissis
2533 1203 2711 1272 patulo
2737 1204 2902 1257 frenis
2925 1203 3274 1274 lymphantnr
3295 1203 3348 1257 in
3373 1203 3526 1268 orbe,

2225 1290 2462 1344 Diversis
2494 1299 2552 1344 ut
2587 1302 2729 1346 mota
2764 1291 2933 1362 plagis
2959 1291 3122 1347 flabra
3146 1309 3271 1347 aera
3299 1293 3534 1364 pulsant.

2228 1381 2479 1437 Ediderat
2511 1383 2775 1452 siquidem
2799 1383 3083 1438 confestim
3116 1383 3371 1455 Hispania
3400 1383 3646 1445 Galbam;

2225 1473 2343 1540 Quo
2371 1489 2559 1542 presso
2581 1475 2864 1546 consurgit
2890 1475 3051 1540 Otho,
3091 1477 3429 1544 Romamque
3449 1481 3703 1537 cruentat;

2225 1565 2524 1622 Germanos
2551 1567 2692 1621 inter
2720 1566 3008 1639 Gallosque
3031 1567 3274 1627 Vitellius
3306 1569 3422 1623 exit
3446 1584 3462 1624 :

2229 1654 2590 1725 Vespasianus
2614 1659 2753 1726 apud
2784 1658 3000 1730 Syriam
3027 1674 3150 1713 mox
3180 1668 3396 1728 sceptra
3419 1658 3660 1726 capessit,

2226 1745 2289 1799 lli
2321 1745 2477 1800 simul
2503 1747 2743 1815 imperiis
2761 1763 2950 1802 omnes
2975 1749 3309 1803 bacchantur
3337 1757 3394 1802 et
3421 1748 3609 1802 armis.

2228 1836 2471 1890 Romano
2495 1837 2660 1892 luitur
2695 1849 3004 1894 sanctorum
3029 1840 3292 1909 sanguine
3315 1839 3555 1908 sanguis,

2228 1928 2294 1981 Et
2323 1945 2484 1984 cruor
2517 1929 2789 1984 almiﬂuus
2815 1939 3095 2002 grassante
3123 1945 3316 1984 cruore
3338 1930 3541 1998 piatur.

2153 2011 2198 2070 B
2228 2020 2544 2074 Monstravit
2569 2021 2837 2088 quondam
2855 2020 3089 2092 Egypto
3116 2031 3378 2091 pereunte
3399 2021 3664 2090 profusus,

2229 2111 2282 2167 ld
2312 2113 2532 2183 sanguis
2555 2112 2799 2179 laticum,
2838 2113 3030 2167 teritur
3051 2113 3176 2167 dum
3205 2111 3431 2166 verbere
3464 2111 3633 2180 primo

2226 2207 2284 2262 in
2324 2207 2577 2278 populum
2601 2206 2885 2262 furibunda
2911 2206 3008 2263 Dei
3028 2209 3373 2278 praesumptio
3398 2207 3594 2276 prima.

2227 2301 2482 2357 Providet
2510 2310 2565 2356 at
2588 2300 2846 2357 Dominus
2874 2300 3092 2355 famulis
3121 2308 3249 2355 tunc
3285 2299 3501 2353 turbine
3537 2294 3683 2352 tactis

2229 2391 2438 2446 Excidii
2473 2400 2549 2447 tot
2573 2391 2709 2446 bella
2735 2406 2986 2462 premens
3014 2391 3278 2444 solamina
3310 2388 3444 2442 tanti
3470 2403 3486 2454 ;

2229 2481 2357 2537 Haec
2386 2497 2560 2553 neque
2586 2497 2683 2554 per
2704 2491 2896 2549 terras,
2951 2498 3047 2553 per
3079 2497 3246 2551 aquas
3303 2480 3561 2535 diuturna
3605 2487 3769 2546 vagare

2231 2575 2482 2638 Dimittit,
2519 2575 2664 2631 facili
2704 2576 2991 2630 moderans
3015 2573 3144 2644 quin
3174 2587 3309 2643 pace
3334 2570 3573 2626 retundi'

2302 2665 2516 2720 Tertius
2540 2665 2748 2736 imperii
2775 2666 2937 2721 tinent
2967 2665 3059 2719 dat
3085 2664 3285 2718 mensis
3313 2660 3512 2718 Othoni
3542 2676 3560 2716 ;

2230 2760 2367 2815 Dum
2389 2759 2529 2812 vinci
2559 2773 2841 2827 spernens,
2861 2757 3137 2828 prepriuni
3168 2757 3271 2812 sibi
3311 2752 3580 2824 transﬁgit
3597 2763 3769 2814 ensem,

2232 2848 2452 2903 Restitit
2469 2848 2556 2903 bic
2581 2848 2772 2913 victor,
2795 2847 3064 2914 subiitque
3097 2844 3340 2900 Vitellius
3365 2842 3596 2909 Urbem;

2230 2940 2354 3006 Qui,
2372 2940 2498 2993 dum
2519 2939 2681 2994 vitam
2696 2938 2968 2992 hominum
2990 2937 3224 3006 ingluvie
3244 2929 3694 3006 propriisquebic)
3710 2931 3770 2982 fa-

2231 3031 2506 3100 Contperit
2531 3040 2588 3084 ut
2619 3029 2792 3086 fasces
2814 3029 3058 3084 attollere
3090 3025 3498 3096 Vespasianum,
3629 3019 3768 3092 [ligat

2231 3121 2438 3176 Ponere
2465 3120 2776 3190 prtesuuipti
2807 3117 3187 3174 moderaminis
3208 3125 3358 3187 optat
3377 3113 3634 3169 habenas.

2233 3214 2370 3268 Hinc
2395 3214 2667 3268 animatus
2697 3212 2763 3266 ad
2795 3212 2896 3266 hoc
2924 3211 3050 3272 urit,
3084 3209 3410 3281 perimitque
3431 3207 3682 3261 Sabinum

2233 3305 2480 3361 Fratrem
2501 3320 2623 3360 cum
2656 3304 2821 3360 sociis
2846 3304 2898 3357 in
2923 3303 3186 3373 sanguine
3212 3299 3556 3369 Vespasiani,

2235 3400 2387 3465 Quos
2423 3397 2725 3467 Capitolino
2753 3397 2898 3466 cogit
2927 3395 3158 3464 ﬂagrare
3191 3393 3430 3448 camino.

2233 3487 2526 3543 Postmodo
2557 3487 2746 3542 militia
2779 3488 3024 3542 desertus
3056 3499 3258 3554 speque
3287 3482 3533 3547 relictus,

2233 3580 2499 3637 Claustris
2521 3579 2779 3635 eximitur
2805 3578 2973 3642 cellae,
3007 3576 3348 3644 trahiturque
3380 3573 3629 3632 moleste,

2231 3673 2397 3742 inque
2421 3670 2597 3726 forum
2625 3671 2799 3725 nudus
2827 3684 2948 3724 cum
2982 3666 3241 3722 stercoris
3267 3665 3472 3734 impete
3500 3671 3690 3733 raptus,

2232 3767 2435 3823 Octavo
2465 3779 2690 3832 regnum
2721 3762 2868 3817 vitiis
2895 3776 3018 3816 cum
3044 3772 3231 3814 mense
3266 3762 3545 3826 gravaret,

2241 3859 2438 3914 Ictibus
2468 3857 2674 3913 interiit
2695 3856 2900 3911 crebris
2931 3849 3397 3915 exearnificatus,‘

2235 3951 2414 4022 Atque
2441 3965 2580 4006 unco
2616 3957 2823 4005 tractus
2849 3944 3124 4002 Tiberinis
3149 3943 3414 4015 mergitur
3437 3939 3617 3998 undis.

1965 4133 2194 4191 CAPUT
2235 4131 2346 4188 Vll.

1688 4224 1767 4278 De
1793 4226 2008 4292 imperio
2042 4225 2347 4300 Vespasiani
2368 4231 2416 4277 et
2442 4219 2567 4273 Titi.

553 4322 899 4394 Tempestate
925 4333 1274 4396 tyrannorum
1299 4343 1397 4384 ceu
1438 4330 1578 4384 nube
1605 4333 1853 4402 procellae

553 4414 828 4481 Discussa,
861 4417 976 4470 miti
1013 4418 1112 4472 sub
1143 4419 1386 4489 principe
1412 4420 1745 4492 Vespasiano

552 4504 794 4561 Turbine
821 4515 1034 4578 pacato,
1061 4511 1244 4564 mundi
1275 4511 1484 4568 rediere
1514 4528 1726 4569 serena.

553 4595 784 4650 Sedatur
808 4611 1054 4668 regnum,
1087 4599 1284 4654 mulcta
1311 4601 1620 4671 plectuntur
1641 4614 1694 4660 et
1721 4604 1882 4675 hujus

552 4685 768 4741 Hostes.
794 4685 1099 4758 Dispulerat
1122 4692 1302 4761 superi
1333 4693 1422 4761 qui
1442 4694 1690 4748 numinis
1721 4695 1926 4763 hostes,

555 4778 766 4845 Quique
792 4777 884 4832 Dei
904 4779 1079 4834 Prolis
1105 4797 1200 4849 per
1224 4782 1429 4851 prolem
1459 4782 1597 4838 bella
1627 4785 1918 4852 ministrat,

553 4865 662 4921 Per
688 4868 896 4922 Domini
931 4867 1164 4924 Gnatum
1187 4886 1309 4926 cum
1335 4875 1510 4944 gnato
1540 4890 1707 4946 regna
1734 4877 2059 4949 triumphat;

553 4957 621 5010 Et
643 4958 770 5012 licet
800 4960 1012 5028 ignoret
1037 4977 1134 5032 per
1158 4980 1317 5033 quem
1345 4966 1446 5022 sibi
1473 4968 1598 5022 talia
1623 4971 1856 5037 dentur;

557 5047 664 5101 Sed
707 5047 850 5102 videt
879 5051 1020 5105 haud
1044 5053 1159 5107 sine
1188 5055 1236 5107 vi
1269 5070 1462 5126 supera
1487 5059 1588 5113 sibi
1631 5068 1779 5114 tanta
1812 5063 2042 5132 patrari,

555 5139 901 5210 Astipulante
935 5158 1032 5198 suo
1060 5161 1167 5201 non
1199 5146 1313 5202 haec
1342 5165 1439 5204 sua
1465 5151 1645 5221 praelia
1671 5151 1814 5216 Tito,

559 5230 690 5299 Quae
716 5247 813 5302 per
833 5249 957 5289 eum
988 5235 1042 5291 in
1067 5239 1324 5308 reprobos
1353 5242 1538 5295 mundi
1563 5241 1838 5311 Regnator
1861 5241 2075 5314 agebat.

2237 4335 2416 4402 Atque
2447 4327 2842 4398 triumphantes
2869 4325 3073 4396 pariter
3101 4323 3412 4379 colerentur
3451 4322 3520 4376 ab
3546 4321 3691 4380 orbe;

2238 4421 2762 4493 Insuperadduntur
2791 4417 3026 4472 dominis
3056 4417 3328 4470 adduntur
3349 4414 3583 4468 honeres
3612 4408 3775 4482 (169‘):

2238 4515 2406 4571 Janus
2432 4513 2574 4567 enim
2602 4511 2851 4582 geminus
2879 4508 3034 4564 bellis
3059 4507 3344 4562 cohibetur
3377 4505 3606 4570 abactis,

2239 4608 2416 4677 Atque
2442 4606 2515 4660 ita
2547 4619 2648 4675 pax
2679 4611 2794 4658 toto
2823 4617 2942 4656 mox
2975 4597 3346 4669 promulgatur
3370 4599 3422 4651 in
3451 4598 3602 4650 orbe.

2242 4698 2311 4754 Ut
2339 4697 2556 4753 Christo
2578 4703 2825 4750 servetur
2862 4694 3034 4747 honos
3071 4691 3235 4755 idem,
3265 4688 3513 4744 hostibus
3542 4685 3666 4748 ulto,

2240 4791 2343 4858 Qui
2375 4788 2583 4844 delatus
2616 4788 2668 4841 ei
2697 4785 2896 4841 dudum
2922 4785 2987 4838 de
3023 4781 3238 4851 Virgine
3273 4789 3422 4843 nato,

2240 4879 2436 4936 Gliscit
2461 4878 2514 4932 in
2549 4878 2872 4932 immensum
2902 4871 3026 4928 belli
3055 4872 3172 4926 sine
3202 4869 3416 4924 turbine
3442 4882 3678 4938 regnum.

2242 4973 2375 5028 Cum
2407 4969 2567 5038 Syria
2591 4968 2810 5024 Rhodus
2848 4973 3008 5033 atque
3035 4962 3229 5017 Samos
3258 4969 3314 5015 et
3343 4958 3544 5015 Achaia
3577 4967 3697 5020 tcta,

2243 5061 2498 5122 Thracia,
2529 5057 2914 5127 Commagene,
2946 5051 3205 5123 Byzantia
3229 5064 3358 5104 rura
3388 5048 3604 5103 subacta

2162 5149 2214 5209 D
2241 5154 2513 5208 Romanos
2543 5147 2687 5202 ultro
2713 5146 2962 5201 dominos
2983 5144 3234 5213 legesque
3266 5148 3576 5209 capessunt.

2242 5243 2530 5306 Pacificus,
2569 5240 2692 5310 pius
2720 5246 2775 5293 et
2801 5237 2945 5291 mitis
2972 5246 3089 5305 post
3122 5233 3508 5302 Vespasianum
