3888 5330
97 191 190 252 6ὒῦ
640 190 729 246 DE
765 187 1043 246 CHRISTI
1073 187 1450 247 TRIUMPHIS
1487 189 1675 248 APUD
1704 187 1984 247 ITALIAM
2023 187 2200 244 LIBRI
2249 186 2382 243 XIV.
2409 217 2478 229 —
2519 188 2648 244 LIB.
2674 189 2714 244 l.
3027 171 3043 182 ”
3263 191 3370 246 6l0

1518 327 1751 385 CAPUT
1805 327 1941 384 V'lll.

1445 416 1520 473 De
1546 419 1680 474 Lino
1709 429 1756 472 et
1795 416 1966 472 Clelo.

101 527 336 599 Magnum
362 535 486 596 post
508 524 726 580 Petrum
755 523 925 579 Linus
951 523 1206 581 Ecclesiae
1236 527 1585 585 moderamen
1704 515 1751 572 Α
1783 527 2152 598 Martyrioque
2191 532 2483 583 coronatus
2505 543 2667 599 super
2693 537 2836 583 astra
2863 530 3108 585 recessit.

103 618 335 688 Disponit
369 615 574 679 Romae,
609 631 769 685 quem
795 616 986 671 Petrus
1009 618 1286 687 apostolus
1313 618 1425 686 ipse
1777 619 1846 672 At
1881 619 1967 685 pia
2001 620 2240 674 membra
2270 620 2342 688 pii
2374 621 2630 674 membris
2654 630 2776 674 sunt
2803 619 2990 688 juncta
3017 621 3282 690 magistri.

101 710 404 765 Pontilicem
437 709 643 778 pariter
669 725 793 763 cum
820 708 969 763 Cleto
1003 710 1103 763 hoc
1127 707 1250 777 jure
1283 718 1544 777 sacrarat,

102 801 410 857 Tractarent
437 799 648 870 populis
677 801 818 854 sacri
849 810 907 854 ut
940 801 1195 869 mysteria
1222 800 1346 854 doni
1375 817 1389 865 ;

102 893 206 964 Ipse
235 909 434 948 vacans
465 892 717 963 precibus
757 891 900 946 licite
923 892 1197 961 verboque
1227 892 1419 948 salutis

101 985 252 1041 Totus
276 986 327 1039 in
358 987 606 1056 augenda
631 985 881 1054 vigilaret
912 983 1066 1055 plebe
1096 985 1330 1054 piorum.

105 1078 188 1134 llic
213 1078 379 1134 Linus
408 1077 708 1132 Ecclesiam
734 1075 1008 1130 illustrans
1033 1075 1278 1145 exempla
1309 1084 1527 1132 secutus

101 1171 296 1246 Egregii
323 1172 510 1229 Patris
538 1171 993 1244 praeceptorisque
1022 1168 1192 1235 beati,

1776 709 1958 764 Cletus
1985 712 2052 764 ab
2084 712 2206 765 inde
2234 728 2469 782 sequens
2494 712 2694 768 Christi
2720 713 2957 783 disponit
2989 713 3128 769 ovile

1775 800 2016 856 Bisseuis
2048 811 2171 874 post
2208 804 2348 858 hunc
2379 804 2621 858 residens
2642 805 2980 859 sollemniter
3007 806 3188 872 annis,

1779 893 1914 947 Dum
1945 911 2202 950 crescens
2232 895 2499 950 St‘CiCl‘llln
2539 896 2816 952 molimine
2839 898 3200 964 Domitianus,

1777 985 1833 1039 In
1871 988 2082 1041 Domini
2111 997 2292 1043 movet
2329 1004 2478 1042 arma
2510 1005 2728 1060 gregem
2770 1005 2897 1060 pars
2925 1005 3065 1044 saeva
3091 987 3364 1061 Neronis;

1778 1078 2035 1150 Martyrio
2066 1080 2281 1135 functus
2308 1083 2407 1136 sub
2439 1097 2547 1151 quo
2579 1085 2850 1138 concessit
2890 1085 2942 1138 in
2970 1085 3222 1140 tethram.

1776 1170 1910 1224 Ossa
1942 1171 2097 1225 beata
2122 1170 2266 1226 Petri
2300 1171 2506 1228 tumulo
2536 1173 2740 1230 sociata
2767 1175 3034 1233 locantur.

1523 1319 1752 1377 CAPUT
1813 1320 1907 1378 IX.

1017 1412 1094 1468 De
1123 1411 1782 1483 discipulisapostolorum
1813 1425 1860 1468 et
1891 1413 1956 1466 de
1984 1420 2164 1466 sancto
2191 1406 2517 1480 Apollinare.

106 1556 286 1616 lstltinc
313 1556 462 1612 beati
499 1562 553 1610 et
576 1553 793 1626 gloriosi
823 1550 1098 1624 principes

105 1653 272 1708 Plures
298 1651 556 1721 leguntur
580 1649 862 1704 ordinasse
890 1645 1172 1715 praesules,

106 1745 172 1799 Ad
196 1742 534 1813 prmdicanda
559 1741 706 1794 clara
733 1739 934 1794 Christi
973 1737 1206 1807 insignia

110 1833 305 1888 Diversa
340 1831 531 1886 mundi
563 1830 916 1885 destinandos
944 1844 1040 1898 per
1071 1829 1210 1882 loca.

108 1923 321 1990 Quorum
361 1921 592 1992 profecti
623 1930 936 1990 competunt
965 1919 1018 1972 hi
1049 1917 1253 1973 Gallias
1278 1936 1292 1972 :

109 2013 433 2084 Trophimus,
467 2014 819 2078 Sabinianus,
860 2011 979 2079 ejus
1000 2022 1055 2067 et
1084 2026 1268 2065 comes

109 2103 464 2168 Potentianus,
499 2104 702 2158 Fronto
732 2118 855 2157 cum
885 2101 1144 2171 Georgio,

110 2195 414 2267 Paulusque,
444 2185 727 2258 Martialis,
753 2203 807 2248 et
833 2192 1103 2256 Valerius,

114 2286 384 2358 Sixtusque
408 2297 615 2352 noster,
646 2286 952 2351 Memmius,
980 2285 1238 2351 Sinicius,

115 2377 372 2449 Simulque
397 2378 709 2446 diriguntur
734 2377 800 2430 ad
842 2375 1129 2446 Ilispanias

113 2467 395 2538 Torquatus
419 2477 473 2521 ct
496 2463 793 2537 Tesiphon,
821 2467 1093 2522 secundus
1119 2467 1386 2532 Esichius,

113 2558 395 2624 lndalicius,
427 2559 791 2630 Catiliusque,
822 2558 1126 2614 Eufrasius.

115 2648 437 2717 Apollinaris,
462 2649 748 2704 Antiochia
779 2649 869 2719 qui
898 2649 1118 2704 Petrum

120 2739 248 2792 Venit
269 2749 513 2805 secutus,
551 2739 629 2794 sic
655 2738 970 2794 Ravennam
996 2738 1266 2805 mittitur;

119 2833 369 2888 Profectus
397 2848 463 2888 ex
495 2830 707 2887 Troade
735 2839 980 2886 moratur
1007 2832 1209 2887 mantia

119 2922 295 2995 llospes
323 2924 561 2980 foventis
590 2924 821 2996 Cyreuei
851 2923 1076 2978 militis:

117 3013 253 3083 Cujus
273 3024 553 3068 carentem
585 3015 789 3069 honore
824 3013 962 3069 lucis
994 3013 1162 3068 lilium

119 3105 224 3159 \isu
255 3107 559 3160 reforrnans
585 3121 681 3177 per
705 3106 887 3160 crucis
915 3106 1255 3174 signaculum

120 3198 228 3253 Divo
251 3208 505 3269 parentes
528 3198 675 3253 fonte
700 3207 883 3253 sacrat
907 3199 1102 3253 elatos.

120 3288 332 3345 Matrona
362 3291 608 3361 qmedam
637 3299 756 3360 post
786 3289 987 3344 tribuni
1019 3289 1276 3354 militum,

117 3379 198 3435 Cui
223 3382 413 3439 Thecla
446 3397 668 3447 nomen,
701 3380 813 3450 jam
842 3383 943 3437 sub
978 3382 1138 3435 annis
1162 3381 1409 3450 pluribus

118 3474 316 3529 Addicta
347 3474 538 3529 morbo
568 3474 845 3529 decubans
872 3473 1180 3544 aegerrime,

119 3562 222 3618 Jcsu
247 3566 506 3623 medentis
537 3565 792 3620 invocato
817 3565 1055 3630 nomine,

121 3652 254 3708 Manu
281 3655 451 3710 levata
484 3654 736 3725 sospitati
771 3652 1050 3718 redditur;

122 3743 224 3799 llos
249 3758 301 3801 et
325 3747 599 3809 tribunus,
636 3761 774 3800 uxor
803 3755 968 3815 atque
998 3743 1178 3809 liberi,

125 3834 399 3907 Domusque
426 3846 534 3892 tota
561 3838 711 3908 pacis
737 3836 878 3892 unda
914 3837 1142 3907 tingitur
1173 3853 1186 3889 :

123 3925 285 3982 Divina
307 3931 460 4000 cujus
487 3930 540 3983 in
570 3930 733 3984 domo
765 3929 1096 3998 baptismata

122 4018 194 4074 Bis
218 4038 304 4076 sex
337 4038 433 4092 per
459 4037 634 4077 annos
656 4038 777 4076 cum
808 4020 912 4092 piis
941 4019 1238 4084 sodalibus,

123 4113 439 4183 Appollinare
461 4104 626 4170 dante
653 4114 776 4169 lotis
803 4114 1054 4186 mystica,

127 4204 376 4262 Missarutn
401 4218 455 4262 et
488 4208 630 4262 alma
659 4207 1007 4278 percoluntur
1033 4207 1239 4262 munia.

125 4294 252 4354 Tunc
276 4301 479 4355 nobiles
510 4301 599 4356 hic
619 4300 940 4354 dedicantur
971 4314 1253 4370 suppares,

126 4387 386 4447 Caloccrus
421 4403 586 4462 atque
618 4391 892 4456 Aderitus,
929 4392 1072 4444 aucti
1099 4391 1191 4460 qui
1221 4389 1395 4444 sacris

129 4477 337 4552 Uterque
371 4485 507 4538 diva:
545 4481 720 4537 factus
748 4482 883 4536 aulae
913 4482 1218 4553 presbyter.

130 4572 180 4623 At
206 4573 517 4630 Martialium
541 4592 706 4630 carne
727 4562 1156 4638 inobilissimmn,

131 4662 537 4738 Leucadiumque
565 4669 867 4738 disciplinis
891 4669 1200 4738 praeditum,

131 4753 347 4813 leestis
375 4774 486 4813 ara:
515 4757 744 4813 collocat
769 4757 1047 4822 diacnncs,

133 4846 356 4920 Aliosque
387 4854 548 4920 digne
579 4853 769 4922 pra'sul
799 4859 950 4920 aptat
974 4851 1221 4911 clericos,

133 4936 248 4993 Cum
273 4943 419 5011 queis
450 4943 641 4998 diebus
668 4942 967 4997 concinens
991 4951 1046 4996 et
1082 4938 1352 5004 noctibus,

135 5028 331 5103 Hymnis
358 5052 649 5107 supernam
674 5035 1002 5105 personabat
1038 5032 1291 5106 gloriam.

195 5125 304 5182 llaec
327 5130 570 5198 optimati
599 5128 742 5182 fama
771 5129 968 5198 promit
1007 5125 1212 5190 invida,

135 5215 222 5280 Qui
243 5222 693 5290 comprehendens
722 5221 887 5284 hunc,
918 5228 1142 5276 acervat
1168 5218 1435 5273 ﬂamines.

138 5303 334 5330 him”-.-
372 5328 385 5330 _
419 5328 428 5330 __
476 5312 487 5330 .-
553 5312 565 5324 ο
609 5328 612 5330 .
667 5310 785 5330 ._|__
829 5311 905 5330 ι---
939 5319 983 5330 .-.
1043 5309 1195 5330 13.--...

1699 1535 1748 1596 Β
1776 1547 1885 1604 Nec
1910 1547 2055 1602 ferre
2081 1562 2268 1602 curam
2298 1544 2552 1602 dill'erunt
2576 1545 2869 1603 didascalo.

1774 1641 1884 1696 Sex
1919 1640 2184 1694 mensium
2212 1647 2331 1708 post
2355 1638 2570 1692 evoluto
2591 1639 2812 1694 cardine

1775 1733 1887 1788 \‘iri
1919 1732 2212 1787 eminentis
2241 1730 2437 1785 nobilis
2462 1730 2747 1792 Bonifacii,

1773 1825 1939 1892 Cujus
1969 1825 2204 1894 leporem
2231 1825 2397 1894 pestis
2431 1837 2574 1892 :cgra
2601 1823 2936 1892 dempserat,

1774 1917 1910 1971 Dum
1943 1916 2252 1970 redditurus
2281 1915 2443 1971 verba
2474 1917 2737 1984 competit
2771 1917 3008 1981 domum,

1775 2005 1938 2060 Pulso
1967 2005 2156 2076 puclla:
2181 2006 2274 2059 dat
2304 2005 2534 2060 Salutem
2565 2006 2829 2071 dmmone,

1775 2093 2006 2163 Ot‘isque
2035 2095 2250 2150 solvens
2279 2095 2411 2147 dura
2441 2104 2588 2148 tnuto
2619 2095 2855 2159 vincula,

1775 2186 2083 2255 Quingenta
2117 2200 2329 2240 summo
2355 2185 2519 2239 corda
2557 2186 2775 2240 Christo
2803 2194 3098 2256 prteparat.

1777 2275 1904 2330 Post
1937 2286 2146 2345 tempus
2186 2283 2397 2330 arctmn
2433 2285 2612 2331 tentus
2650 2277 2776 2332 hinc
2807 2278 2875 2334 ab
2899 2278 3136 2336 ethnicis

1778 2367 1875 2421 Diti
1907 2368 2112 2422 severis
2147 2376 2458 2422 maceratur
2486 2366 2743 2433 fustibus,

1778 2457 2052 2528 Stetitque
2078 2459 2253 2514 nudus
2277 2459 2401 2529 igne
2427 2457 2628 2528 plantis
2657 2459 2908 2526 subdito;

1775 2549 1846 2604 At
1875 2551 2002 2602 dum
2035 2565 2133 2604 nec
2163 2550 2286 2618 igne
2318 2565 2418 2605 nec
2445 2548 2670 2622 ﬂagellis
2698 2551 2957 2619 vincitur,

1778 2641 1976 2696 Ρωιιίιε
2015 2641 2357 2712 triumphans
2383 2641 2562 2696 victor
2598 2641 2732 2697 urbe
2763 2643 3002 2712 pellitur.

1779 2733 2014 2804 Hujusce
2040 2749 2140 2789 nec
2163 2750 2442 2789 murorutn
2469 2736 2539 2789 ab
2569 2736 2778 2791 ambitu
2803 2737 2993 2804 procul

1778 2826 1982 2881 Christi
2021 2827 2292 2896 tugurium
2326 2825 2675 2896 possidebant
2707 2843 3006 2898 pauperes;

1704 2909 1752 2972 C
1785 2917 1974 2972 Divina
2017 2925 2212 2970 tractat
2244 2916 2332 2972 hic
2357 2932 2514 2972 sacer
2543 2918 2826 2988 mysteria,

1785 3006 2026 3062 Sacrans
2053 3006 2273 3062 lavacro
2304 3017 2456 3062 vasta
2483 3018 2672 3064 sancto
2703 3007 2904 3063 caerula

1781 3099 1878 3154 Pio
1911 3099 2124 3155 Domini
2153 3099 2345 3156 timore
2375 3099 2805 3168 formidantium,

1781 3194 1947 3249 lsthic
1975 3195 2210 3266 benigno
2239 3195 2484 3265 pascitur
2513 3195 2727 3252 solatio.

1781 3285 2074 3357 Postquam
2108 3297 2356 3343 moratur
2384 3288 2473 3344 hic
2503 3304 2600 3359 per
2627 3305 2800 3348 annos
2831 3291 3122 3363 quotlibet,

1781 3378 2092 3434 llluminare
2119 3380 2296 3451 pergit
2322 3380 2610 3445 Emeliam,
2637 3397 2832 3452 gerens

1783 3469 1999 3528 Virtute
2028 3473 2231 3528 Christi
2279 3473 2434 3545 signa
2471 3473 2632 3529 nixus
2660 3475 2915 3544 plurima.

1780 3563 1903 3619 Ruli
1936 3579 2185 3620 reversus
2213 3565 2338 3620 inde
2364 3579 2588 3634 compos
2616 3566 2784 3620 filiam

1780 3660 1826 3713 Α
1854 3666 2029 3712 morte
2061 3655 2230 3712 functi
2259 3658 2545 3712 suscitavit
2574 3658 2857 3728 corporis;

1782 3746 1995 3813 Prolem
2025 3747 2148 3801 dein
2186 3747 2391 3802 orbatis
2419 3747 2587 3802 refert
2617 3747 2956 3817 parentibus.

1781 3838 2093 3894 Perfectum
2122 3838 2400 3893 alumnum
2425 3838 2684 3895 Veritatis
2713 3851 2774 3894 se
2801 3824 3031 3908 docens,

1780 3931 1823 3984 A
1867 3938 2040 3984 morte
2075 3929 2257 3999 plures
2286 3929 2546 3984 excitavit
2571 3929 2817 4000 spiritus,

1783 4022 1988 4090 Deique
2014 4020 2145 4077 fecit
2180 4021 2550 4077 consecrando
2587 4020 2726 4076 ﬁlios
2754 4039 2768 4075 :

1784 4116 1920 4170 Nam
1951 4125 2079 4170 tunc
2112 4124 2382 4170 trecentos
2408 4122 2644 4185 quatuor
2671 4115 2968 4186 promiscui

1786 4208 1962 4263 Sexus
1995 4208 2206 4277 parenti
2235 4207 2544 4278 procreavit
2571 4209 2783 4271 cwlico,

1708 4259 1759 4318 Ι)
1788 4259 2018 4364 Rufum,r
2041 4259 2268 4367 patricia
2297 4297 2564 4367 dignitate
2593 4299 2904 4368 praeditum,

1785 4386 1985 4442 Christi
2017 4387 2216 4441 dicavit
2245 4389 2408 4441 corde
2435 4403 2606 4456 prono
2636 4388 2930 4451 servulum,

1787 4480 1906 4547 Quo
1934 4480 2116 4550 Capua
2146 4479 2298 4533 dives
2328 4479 2492 4533 ditior
2517 4478 2576 4532 lit
2609 4489 2870 4549 martyre.

1787 4570 2009 4626 Matrem
2041 4569 2230 4640 puellae
2260 4568 2407 4624 fonte
2429 4583 2590 4622 sacro
2611 4567 2785 4632 diluit,

1787 4665 2070 4732 lpsamque
2102 4671 2310 4732 raptam
2343 4659 2596 4715 immanis
2623 4657 2746 4713 Orci
2773 4658 3020 4716 faucibus

1787 4752 2008 4807 Christo
2046 4751 2262 4806 beatam
2294 4748 2564 4804 dedicavit
2595 4749 2887 4818 virginem,

1787 4847 1864 4900 Ac
1898 4845 2172 4899 roboravit
2197 4856 2521 4910 permanere
2560 4841 2914 4898 innnobilem.

1792 4933 2207 4988 Annuntiantur
2231 4943 2384 5002 gesta
2415 4932 2541 4987 Ruli
2570 4933 2816 5002 Cmsari;

1791 5026 1862 5080 At
1892 5026 2006 5094 ipse
2036 5040 2408 5080 successorem
2431 5025 2480 5079 ei
2517 5042 2639 5080 mox
2667 5023 2978 5088 destinatis,

1792 5118 1994 5172 Scribit
2018 5117 2260 5188 jubendo
2288 5118 2487 5173 litteris
2520 5116 2725 5173 vicario

1794 5209 2112 5264 Dissuatleat
2139 5218 2233 5264 aut
2261 5209 2652 5279 Apollinarem,
2682 5217 2778 5261 aut
2819 5203 3066 5264 exsulem

1795 5300 1814 5330 '
1839 5316 1976 5330 ΛηηΛ
2007 5301 2201 5330 ..ΛΙΛι-ΛΙ
2232 5317 2258 5330 n
2293 5303 2563 5330 Dn-vAn-‘m
2603 5297 2800 5330 ΩιιίΙιΙΙο
