3888 5330
490 149 591 208 6H
815 129 818 132 i
1205 141 1600 201 FLODOARDI
1628 139 1950 200 CANONICI
1976 140 2322 199 REMENSIS
2350 141 2714 200 OPUSCULA
2753 139 3080 199 METRICA.

491 263 832 329 Gemensque
864 255 1027 312 temni
1058 271 1197 310 saeva
1223 264 1404 310 mente
1435 254 1661 308 verbera
1681 293 1698 320 ,

492 353 778 408 Perfundit
805 350 942 404 unda
973 347 1231 402 bnlliente
1262 347 1506 399 vulnera.

494 445 631 500 [line
661 451 873 512 torquet
904 455 1198 510 appensum
1229 454 1323 492 ora
1362 439 1590 491 tondens
1621 451 1913 504 marmore,

492 532 931 598 Gravissimoque
964 529 1090 583 ferri
1117 538 1367 582 onustum
1400 527 1658 596 pondere,

492 623 547 678 In
574 623 683 677 ima
715 619 916 676 claudit
940 619 1175 674 carceris
1207 618 1491 681 teterrimi,

490 713 768 783 Lignoque
801 719 1010 764 tensum
1048 709 1162 779 lege
1189 708 1325 761 dura
1359 706 1596 761 coniicit.

493 803 782 859 Hominum
817 800 1035 855 relictus
1070 799 1156 853 hic
1183 797 1398 867 quidem
1431 795 1644 860 solatio,

495 893 601 948 Sed
629 891 937 963 angelorum
963 893 1206 960 pascitur
1234 886 1477 952 cibario;

491 986 561 1040 Et
599 1001 664 1040 ne
691 992 908 1056 putetur
941 981 1060 1035 vilis
1087 988 1356 1034 astrorum
1388 977 1628 1043 Arhltro,

493 1079 656 1134 Pastu
689 1077 894 1148 potitur
931 1074 1241 1145 angelorum
1283 1072 1333 1125 in
1364 1070 1580 1140 publico
1609 1081 1626 1123 :

494 1168 796 1224 Productus
823 1174 942 1218 atro
972 1164 1084 1219 sole
1109 1171 1305 1232 quarto
1334 1173 1555 1215 carcere

496 1259 723 1313 Vinetus
749 1255 956 1313 catenis
984 1255 1290 1310 exsulatum
1333 1253 1593 1313 mittitur;

494 1350 629 1404 Tres
659 1358 847 1419 sponte
877 1346 1000 1400 navi
1029 1362 1086 1402 se
1117 1345 1434 1399 invehentes
1461 1341 1645 1397 clerici

494 1444 660 1514 Opem
691 1441 904 1511 benigni
937 1439 1352 1495 subministrant
1377 1435 1590 1490 ferculi.

494 1537 805 1592 Turbantur
835 1535 1110 1605 indignata
1140 1533 1298 1586 rebus
1325 1543 1545 1598 azquora

497 1630 607 1684 Viri
639 1628 861 1685 moleste
899 1626 1150 1697 injuriam
1181 1623 1430 1687 ferentia,

494 1721 840 1792 lniquitatem
873 1719 1152 1772 vindicare
1175 1715 1422 1786 parantia
1459 1730 1471 1765 :

495 1813 666 1871 Ferus
694 1811 1019 1882 profundum
1048 1809 1223 1864 sidera
1250 1815 1441 1877 petens
1467 1804 1686 1869 vertice,

496 1905 716 1975 Imaque
745 1917 942 1974 gurges
975 1901 1227 1971 panditur
1252 1900 1537 1971 voragine;

494 1994 649 2050 Nune
676 1994 866 2064 pnppis
896 1993 1001 2046 alta
1030 1993 1227 2047 scindit
1253 1993 1412 2046 undis
1443 1989 1642 2054 nubila,

497 2085 646 2139 Nune
677 2085 819 2154 lapsa
849 2083 1026 2153 pulsat
1056 2083 1160 2137 ima
1192 2095 1428 2152 praeceps
1465 2093 1734 2134 marmora
1770 2096 1784 2164 ς

493 2175 765 2245 Compage
792 2173 947 2228 navis
986 2173 1246 2228 dissoluta
1280 2172 1504 2242 suscipit

496 2267 713 2322 llostem
742 2282 1013 2331 severum,
1042 2267 1184 2322 salsa
1210 2266 1436 2321 sorbens
1469 2263 1692 2328 crerula;

495 2361 680 2415 Rimas
715 2377 809 2430 per
836 2375 1025 2414 einnes
1056 2375 1202 2413 mors
1241 2368 1491 2430 penetrat
1518 2359 1741 2424 lcrvida,

495 2451 681 2506 Saevos
708 2459 1058 2521 sequestrans
1087 2463 1115 2503 a
1144 2449 1353 2519 piorum
1385 2448 1586 2519 gloria;

494 2542 642 2610 Quos
677 2541 879 2596 ultione
904 2539 1116 2594 subruit
1145 2541 1481 2609 dignissime,

497 2634 567 2692 Ut
592 2635 718 2688 dum
749 2633 968 2688 beatum
1002 2647 1190 2686 arcere
1216 2631 1431 2686 Patrem
1457 2629 1648 2699 pat‘rire

495 2726 765 2791 Tendunt,
801 2723 900 2778 soli
928 2731 1222 2777 arceantur
1258 2721 1400 2776 omni
1431 2720 1627 2791 patria.

495 2817 810 2885 Merguntur
835 2813 911 2868 illi
943 2813 1186 2868 devorati
1224 2811 1506 2878 ﬂuctibus;

497 2908 795 2962 Servantur
822 2904 966 2959 arvis
993 2914 1048 2958 at
1073 2905 1144 2974 pii
1173 2903 1526 2959 clementibus
1559 2921 1572 2957 τ

501 2995 616 3048 Scit
647 2995 878 3048 liberare
901 2993 1079 3062 justus
1104 3008 1287 3062 aequos
1319 2995 1541 3058 arbiter,

494 3085 756 3153 Justaque
794 3084 896 3138 scit
932 3095 1159 3138 censura
1190 3083 1402 3152 iniquos
1430 3082 1681 3153 perdere;

499 3176 569 3232 Ut
595 3175 787 3230 liberat
815 3173 1068 3228 vernulos
1111 3171 1365 3243 Egyptio
1732 3163 1737 3170 ’

497 3265 776 3334 Quondam
803 3264 956 3335 jugo,
993 3278 1088 3333 per
1116 3263 1222 3318 alta
1251 3264 1497 3333 praebens
1526 3277 1743 3333 :equora

497 3356 748 3427 Profugis
775 3355 1024 3420 salutem,
1053 3362 1434 3424 persequentes
1457 3353 1712 3409 obruens.

495 3450 822 3520 Apollinaris
850 3465 970 3502 cum
1001 3448 1263 3504 ministris
1292 3449 1587 3505 commodis

499 3544 810 3598 Desiderata
839 3541 1019 3596 salvus
1049 3539 1215 3594 intrat
1245 3540 1456 3605 littora;

497 3636 641 3690 Duos
669 3633 828 3690 saluti
859 3634 993 3698 dans
1024 3632 1182 3686 simul
1211 3631 1491 3696 satellites,

497 3727 642 3794 Quos
671 3726 813 3780 vellit
841 3725 998 3787 undis
1024 3723 1183 3779 funus
1213 3723 1569 3778 inferentibus

495 3817 756 3886 Lavitque
783 3817 1012 3888 lymphis
1039 3831 1202 3887 regna
1231 3817 1354 3871 vitae
1380 3817 1651 3870 dantibus.

495 3912 818 3980 Progressus
846 3910 969 3963 inde
999 3925 1126 3964 rura
1154 3909 1347 3964 lustrat
1378 3910 1595 3964 Isthmia
1630 3927 1642 3962 :

497 4003 632 4055 Tum
665 4011 785 4070 post
811 4001 1428 4056 Corinthumtransiens
1453 4003 1503 4056 in
1536 4001 1798 4067 Messium,

497 4091 688 4146 Cutem
719 4091 911 4162 leprosi
946 4101 1098 4162 turpe
1129 4108 1306 4147 nazvos
1337 4093 1589 4162 squallidi

500 4183 706 4238 Dccore
732 4198 970 4246 comens,
1003 4184 1286 4239 sanitatem
1329 4185 1593 4250 reddidit;

499 4273 756 4342 Maiorem
790 4283 844 4330 et
871 4273 1072 4329 addens
1103 4273 1226 4330 huic
1246 4291 1425 4346 opem,
1458 4291 1617 4345 quem
1653 4290 1880 4346 corpore

499 4367 759 4432 Salvavit,
788 4366 952 4421 etiam
983 4375 1164 4423 mente
1193 4365 1366 4421 salvat
1389 4377 1544 4423 eruta

497 4458 580 4512 Ah
605 4456 939 4512 ethnicarum
970 4454 1210 4510 foeditate
1237 4456 1500 4523 sordium,

498 4545 746 4599 Animam
771 4544 1000 4598 lavando
1022 4541 1297 4598 ablutione
1331 4545 1597 4615 corporis.

501 4635 798 4704 Ripamque
835 4635 901 4688 ad
931 4633 1052 4687 lstri
1091 4635 1397 4704 demigrans
1426 4637 1622 4693 multos
1653 4636 1755 4694 sibi

500 4725 784 4780 Connectit
812 4726 951 4779 alma
980 4726 1264 4782 roboratos
1290 4728 1342 4781 in
1377 4727 1479 4783 fide
1503 4746 1516 4796 ;

502 4816 705 4872 Neeare
743 4831 900 4885 quem
936 4818 1059 4871 dum
1091 4819 1325 4888 gestiunt
1353 4819 1632 4883 increduli,

502 4904 694 4960 Partes
721 4905 956 4973 capessit
995 4906 1331 4974 praedicando
1360 4907 1604 4963 Thracia:
1633 4924 1646 4962 :

502 4995 796 5051 Terrentur
819 4995 906 5050 hic
933 5009 998 5050 eo
1029 5006 1270 5051 morante
1300 4999 1590 5065 drcntones,

505 5086 722 5158 Serapis
747 5087 862 5156 ejus
890 5089 1088 5144 obticet
1111 5091 1392 5158 praesentia

503 5179 775 5250 Responsa
806 5178 946 5235 ferre
974 5195 1072 5235 nec
1095 5181 1237 5236 valet
1266 5182 1606 5251 rogantibus;

503 5267 738 5325 Tandem
767 5280 987 5325 vocatus
1026 5271 1128 5326 hoc
1157 5273 1386 5330 remugit
1421 5273 1643 5330 Spiritus
1671 5290 1684 5326 :

2089 245 2136 300 Λ
2167 253 2441 330 Responsa
2467 257 2620 310 vobis
2647 272 2752 310 non
2781 256 3022 312 valemus
3058 255 3302 312 reddere.
3335 275 3355 311 ι

2171 343 2251 398 Ad
2280 342 2442 415 ﬂagra
2469 352 2690 399 sanctus
2719 345 3036 414 perferenda
3064 348 3357 416 qumritur;

2171 435 2440 506 Repertus
2471 439 2645 508 aspris
2672 439 2995 494 verberatur
3020 439 3277 495 fustibus.

2172 525 2243 582 Ut
2281 537 2471 582 censet
2497 539 2680 584 autem
2706 529 2956 584 Christus
2981 531 3099 586 urbi
3131 531 3358 586 reddere

2171 614 2325 670 llune
2353 617 2631 673 destinatae
2661 619 2728 674 ab
2754 619 2980 674 arbitrio
3010 621 3322 690 provinciae,

2169 705 2302 762 Navi
2330 724 2492 780 super
2520 711 2721 781 petenti
2748 711 2955 765 Italiam
2983 712 3221 781 ponitur,

2172 797 2347 855 Sociis
2371 802 2607 872 gregalis
2642 802 2863 872 insuper
2893 803 2994 859 sibi
3027 805 3297 860 omnibus.

2173 889 2358 944 Divina
2393 891 2592 960 passim
2632 893 2711 946 sic
2739 907 3044 965 propagans
3075 895 3284 950 semina

2169 977 2328 1034 Anno
2357 981 2541 1036 revisit
2576 990 2686 1036 tum
2722 983 3032 1039 Ravennam
3069 987 3248 1041 tertio.

2171 1067 2365 1132 Paucis
2391 1071 2580 1127 diebus
2610 1073 2697 1128 hic
2737 1075 2966 1128 tumultu
3003 1087 3192 1145 postea

2172 1161 2326 1228 Orto,
2357 1165 2599 1234 profanis
2633 1169 2830 1236 impetu
2863 1171 3145 1226 ruentibus

2172 1253 2376 1310 Vinclis
2412 1257 2638 1312 adactus
2667 1259 2718 1312 in
2748 1258 2924 1314 forum
2952 1263 3283 1330 perducitur.

2173 1343 2271 1400 Hic
2293 1356 2547 1407 caesuset
2581 1357 2804 1404 cruenta
2835 1366 3026 1420 passus
3055 1354 3302 1423 vulnera,

2175 1433 2318 1489 Sinit
2347 1437 2564 1507 superbi
2595 1437 2844 1495 ﬂamines
2873 1442 3123 1512 Capitolii

2176 1525 2360 1582 Sacris
2396 1543 2517 1584 eum
2555 1546 2662 1601 quo
2700 1544 2989 1604 suggerant
3022 1537 3315 1606 Apollinis;

2094 1612 2144 1674 B
2172 1616 2285 1670 lluc
2313 1619 2505 1674 ductus
2539 1629 2775 1676 actutum
2799 1639 2988 1694 preces
3013 1636 3072 1679 ut
3108 1629 3286 1699 erigit,

2175 1705 2475 1765 Simulacra
2505 1711 2692 1768 Phoebi
2723 1715 2982 1771 dissoluta
3009 1717 3196 1785 diruit,

2172 1797 2501 1871 Vanumque.
2519 1818 2726 1859 numen
2766 1808 3114 1864 comminutis
3144 1811 3443 1880 exprimit;

2171 1887 2238 1944 Et
2267 1906 2333 1944 ne
2363 1891 2570 1947 feratur
2599 1893 2651 1949 id
2683 1909 2895 1964 parum,
2930 1897 3038 1952 fani
3070 1901 3251 1956 omnia

2171 1975 2359 2034 Fundo
2391 1979 2646 2037 fatiscunt
2678 1984 2933 2054 dissipata
2960 1989 3178 2044 moenia.

2171 2068 2358 2124 lsthzec
2395 2080 2605 2129 tuentes
2631 2075 3192 2147 obstrepuntfanalici

2173 2157 2369 2215 Senem
2399 2160 2692 2219 frementes
2721 2167 2921 2237 stragis
2948 2167 3106 2237 hujus
3142 2171 3390 2242 impium,

2171 2252 2339 2318 Quem
2377 2263 2551 2311 morte
2575 2271 2712 2311 saeva
2741 2259 3069 2328 puniendum
3097 2266 3394 2333 postulant,

2171 2342 2518 2415 Traduntque
2558 2345 2734 2401 Tauro
2765 2348 2982 2417 (nomen
3013 2351 3152 2407 istud
3174 2352 3390 2430 judici).

2170 2431 2307 2488 lluic
2335 2449 2510 2491 caecus
2536 2436 2664 2491 olim
2699 2441 2887 2496 matris
2915 2441 3035 2497 alvo
3066 2443 3228 2511 filius,

2169 2521 2268 2578 Cui
2299 2523 2499 2581 Christi
2528 2528 2862 2598 Apollinaris
2892 2533 3001 2588 alto
3036 2537 3257 2595 nomine

2171 2615 2373 2672 Lumen
2404 2619 2641 2676 refundit
2665 2623 2935 2692 invocato,
2967 2627 3212 2696 plurimis

2171 2706 2402 2777 Stupore
2435 2712 2630 2768 mentis
2657 2728 2769 2768 rem
2797 2731 2992 2771 novam
3024 2719 3382 2790 volventibus,

2168 2799 2248 2855 Ac
2272 2802 2485 2857 veritati
2514 2805 2676 2860 corda
2717 2808 3184 2878 submittentibus;

2174 2891 2474 2964 Mansitque
2504 2893 2666 2953 Tauri
2688 2900 2929 2969 praesidis
2956 2903 3038 2957 vir
3060 2906 3260 2974 pra-dio

2099 2959 2143 3020 Ο
2173 2985 2373 3042 Beatus
2401 2989 2558 3044 annis
2584 3005 2737 3045 sacra
2767 2994 2985 3050 tradens
3016 3006 3293 3066 quattuor,

2173 3080 2339 3136 Sexto
2372 3091 2611 3138 remotus
2641 3083 2786 3141 Urbe
2822 3087 3094 3144 milliario.

2171 3170 2308 3226 llinc
2343 3171 2633 3229 Christiani
2663 3187 3027 3235 commeantes
3056 3181 3245 3250 pocula

2170 3264 2307 3319 Vitae
2339 3280 2531 3321 serena
2561 3267 2885 3326 hauriebant
2914 3271 3194 3343 dogmata;

2169 3356 2461 3429 Virtusque
2501 3360 2661 3414 tantis
2701 3362 2825 3416 trita
2850 3365 3211 3433 passionibns,

2169 3447 2484 3504 Aromatum
2513 3451 2578 3506 de
2609 3466 2758 3508 more
2787 3454 2866 3509 vel
2898 3456 3335 3527 medicaminum,

2169 3538 2420 3595 Excrevit
2448 3541 2605 3612 hujus
2633 3543 2772 3599 facta
2802 3545 2880 3602 sic
2909 3547 3190 3613 ditissima,

2170 3627 2488 3686 lnflrmitate
2517 3647 2623 3701 qun
2654 3633 2934 3689 subactum
2965 3638 3207 3707 qualibet

2170 3719 2401 3774 Ductum
2430 3722 2529 3776 sibi
2563 3739 2684 3778 mox
2713 3727 2927 3781 sanitati
2969 3730 3233 3785 redderet.

2169 3807 2423 3863 Cucurrit
2452 3821 2630 3866 antem
2660 3812 2997 3871 fraudulenta
3027 3819 3216 3874 relatio

2171 3901 2323 3957 Orsis
2353 3904 2690 3961 inimicorum
2723 3908 2788 3962 ad
2822 3909 2994 3979 ipsum
3023 3911 3310 3980 Czesarem,

2171 3992 2372 4048 Contra
2411 3996 2626 4052 beatum
2655 3999 2790 4055 falsa
2830 4011 3050 4072 portans
3081 4008 3393 4076 przesulem,

2171 4086 2345 4142 Edicit
2371 4088 2459 4143 ille
2488 4090 2572 4145 vel
2611 4092 2726 4147 deis
2765 4096 3055 4152 temerario

2171 4175 2304 4243 Quis
2343 4193 2437 4233 ore
2465 4189 2644 4249 portat
2672 4182 3048 4252 exprobrando
3078 4187 3357 4258 injuriam,

2094 4302 2149 4364 Β
2175 4264 2358 4320 Faciat
2385 4270 2535 4334 satis,
2563 4270 2645 4324 vel
2672 4273 2803 4327 urbe
2831 4273 3060 4344 pellatur
3087 4278 3233 4332 data.

2173 4357 2450 4414 Perfertur
2479 4362 2594 4416 hree
2619 4363 2960 4422 Demostheni
2988 4370 3296 4440 praeceptio,

2175 4448 2388 4507 Honore
2416 4453 2590 4509 dictus
2613 4465 2697 4510 est
2725 4457 2887 4513 Pater
2913 4461 3002 4530 qui
3025 4460 3221 4520 civium

2171 4541 2504 4598 Crudelitate
2525 4559 2837 4616 persecutor
2872 4551 3080 4606 mitium
3108 4571 3122 4607 :

2170 4631 2534 4701 Apollinarem
2568 4636 2654 4690 hic
2682 4638 2923 4694 exhiberi
2953 4644 3217 4713 prmcipit.

2173 4723 2465 4794 Validoque
2496 4726 2658 4782 fixum
2688 4745 2871 4786 amore
2898 4731 3114 4790 Christo
3149 4737 3421 4804 sentiens,

2171 4814 2306 4868 Dum
2337 4816 2538 4886 cogitat
2565 4833 2671 4886 quo
2699 4821 2887 4888 perdat
2915 4833 3093 4877 actum
3123 4826 3376 4894 tormine,

2171 4905 2285 4961 V’iri
2317 4907 2488 4961 fidelis
2521 4909 2791 4979 mancipat
2821 4913 3076 4969 custodia:
3104 4931 3120 4980 ;

2172 4997 2280 5053 Nec
2310 4998 2676 5054 Christiaumn
2703 5002 3004 5072 suspicatus
3034 5006 3174 5061 hunc
3204 5006 3342 5075 fore,

2172 5089 2340 5156 Quem
2368 5091 2541 5146 noctis
2567 5083 2900 5162 intempesta:
2928 5095 2974 5150 is
3000 5096 3050 5150 in
3072 5097 3284 5153 silentio

2170 5182 2250 5235 Ad
2280 5181 2611 5236 edocendum
2643 5195 2790 5255 gesta
2821 5184 3018 5242 Christi
3048 5188 3300 5260 insignia,

2171 5276 2460 5330 Permittit.
2487 5277 2594 5330 imo
2616 5279 2778 5330 cogit.
2821 5279 2898 5330 ire
2929 5279 3174 5330 lihernm.
