3888 5330
86 164 169 221 615
658 162 747 220 DE
774 161 1045 220 CIIIIISTI
1077 159 1453 220 TRIUMPHIS
1495 159 1682 218 APUD
1710 159 1992 217 ITALIAII
2017 157 2196 215 LIBRI
2229 153 2370 215 XIV.
2410 186 2483 199 —
2508 156 2637 214 LIB.
2666 157 2728 214 II.
3226 155 3340 218 θη

85 274 284 345 Fugisse
309 273 466 330 deses
497 289 567 330 ne
598 283 818 345 putetur
843 275 1048 345 prmlia,
1663 259 1713 319 Α
1748 272 1986 329 Ventura
2018 272 2154 326 bella
2181 270 2262 325 vel
2286 273 2585 332 triumphos
2614 286 2978 342 przemonens,

88 365 270 418 Tenent
302 373 604 418 morantem
635 373 1036 434 consequentes
1064 363 1287 426 ethnici,
1751 366 2078 436 Apollinaris
2109 368 2213 418 line
2245 365 2394 418 claro
2424 365 2683 435 fungitur.

86 454 432 523 Prensumque
462 455 676 510 caedunt
704 465 1041 510 macerantes
1067 456 1310 510 verbere.
1752 460 2000 529 Capessit
2028 459 2228 512 almum
2259 467 2401 511 terra
2430 472 2643 527 corpus,
2675 473 2838 513 saxea

89 546 202 600 Dum
233 553 415 601 rentur
442 547 584 600 inter
610 545 776 618 nigra
809 548 943 601 dura
973 556 1268 608 mortuum.
1752 549 2004 602 Clausum
2037 549 2138 602 sub
2167 563 2317 610 arca,
2346 555 2502 601 extra
2536 547 2802 602 Ravenuzc
2833 549 3054 617 muenia,

91 638 354 706 Linquunt,
387 637 618 693 latenter
641 654 801 708 quem
835 639 1063 694 ministri
1089 639 1366 708 colligunt,
1753 637 1923 702 Quam
1952 638 2087 692 rexit
2115 638 2302 691 urbem
2331 637 2527 690 missus
2554 637 2656 690 huc
2685 655 2712 690 a
2738 639 2978 708 principe

91 728 386 800 Tulluntque
425 732 656 800 quodam
698 732 1060 788 Subvebentcs
1087 731 1318 800 praedio;
1753 730 2132 799 Apostolorum
2166 729 2233 783 ab
2264 730 2396 783 urbe
2425 727 2596 783 Roma
2628 729 2889 798 pontifex.

92 820 390 889 Septemque
417 822 507 889 qui
539 830 815 890 superstes
846 823 1050 876 advivit
1080 821 1220 888 dies,
1753 821 1842 874 Bis
1872 832 2103 888 quatuor
2131 821 2314 875 decem
2344 835 2442 889 per
2467 835 2638 874 annos
2665 821 2960 890 praesidens

90 909 272 979 lugiter
298 910 483 964 ﬁdeles
511 926 578 964 ne
609 911 712 966 [ide
741 912 1081 965 discederent
1753 913 2083 981 Vespasiano
2116 927 2240 981 rege
2271 927 2482 980 passus,
2512 911 2698 964 ultima

92 999 305 1064 Iloneus,
335 999 560 1069 profatis
588 1002 805 1055 instruit
830 1002 1176 1066 cmlestibus;
1751 1001 1857 1057 Pro
1890 1003 2132 1057 veritatis
2169 1001 2325 1056 laude
2357 1002 2569 1057 scandit
2597 1003 2826 1057 mthera.

94 1090 164 1144 Sic
187 1091 444 1160 gloriosus
473 1093 628 1147 laude
653 1093 854 1149 Christi
884 1095 1159 1164 prwditus,

1065 1205 1410 1262 INCIPIUNT
1440 1201 1786 1260 CAPITULA
1827 1200 2008 1256 LIBRI
2048 1199 2364 1257 SECUNDI.

94 1295 254 1352 Ctr.I.
289 1326 362 1339 —
394 1296 472 1350 De
501 1309 682 1352 sancto
722 1297 1004 1353 Clemente.

212 1367 270 1422 II.
307 1397 380 1406 —
417 1368 496 1422 De
521 1383 702 1422 sancto
736 1371 940 1423 Joanne
975 1367 1232 1437 apostolo.

314 1467 389 1478 —-
430 1439 503 1509 με
525 1440 848 1506 confessione
873 1434 1281 1509 propinquorum
1308 1436 1506 1491 Christi
1532 1452 1708 1490 coram
1735 1434 2058 1488 Domitiano.

211 1506 293 1562 IV.
317 1538 385 1547 —
420 1507 497 1562 De
527 1509 720 1563 ultione
749 1506 990 1564 secundo:
1017 1506 1406 1578 persecutionis.

213 1577 272 1632 ν.
303 1608 376 1618 -
413 1577 490 1632 De
515 1580 682 1633 reditu
709 1581 876 1634 sancti
903 1577 1126 1634 Joannis
1154 1580 1502 1648 evangelium.

210 1648 290 1702 Vl.
332 1679 406 1688 ——
447 1648 519 1702 De
539 1650 722 1702 exsilio
746 1661 1047 1704 sanctorum
1080 1647 1237 1702 Nerei
1263 1647 1310 1703 et
1339 1647 1575 1703 Achillei.

210 1717 314 1772 VII.
350 1747 426 1758 —-
461 1719 664 1772 Relatio
695 1721 861 1773 sancti
889 1719 1124 1773 Marcelli
1152 1720 1217 1773 de
1255 1719 1525 1774 miraculis
1552 1717 1723 1772 sancti
1757 1713 1921 1771 Petri.

215 1787 341 1843 VIII.
369 1818 443 1830 -—
472 1789 547 1843 De
574 1802 756 1844 sancta
783 1789 1100 1844 I’etronilla.

215 1858 298 1914 IX.
340 1889 412 1899 —
450 1859 529 1912 De
553 1871 734 1913 sancta
766 1859 1027 1914 Felicula.

213 1927 276 1982 Χ.
315 1959 387 1970 —
426 1929 503 1982 De
535 1942 714 1984 sancto
749 1930 1057 1985 Nicomede.

215 1997 295 2054 XI.
336 2028 410 2040 —
448 1999 526 2052 De
547 2002 798 2069 martyrio
818 2011 1120 2054 sanctorum
1153 1999 1316 2055 Nerei
1340 2010 1388 2055 et
1415 1999 1656 2055 Achillei.

217 2069 320 2122 XII.
362 2101 436 2112 —
471 2069 549 2122 De
575 2072 769 2125 sanctis
798 2071 1005 2135 Eutice,
1053 2070 1318 2125 Victurnio
1342 2083 1389 2125 et
1422 2071 1694 2126 Seuerino.

215 2137 342 2211 lilii.
387 2171 459 2180 -—-
496 2139 574 2211 l_)e
596 2152 778 2194 sancta
805 2140 1100 2205 Domitilla,
1130 2140 1381 2194 Marcello
1404 2157 1626 2211 quoque,
1653 2149 1699 2193 et
1724 2137 2221 2211 Apuleio,7$ulpitio
2258 2148 2308 2194 et
2339 2139 2654 2198 Serviliam.

215 2207 345 2264 XIV.
387 2241 459 2251 —
495 2209 574 2263 De
600 2211 862 2278 doctrina,
892 2213 1164 2265 miraculis
1187 2221 1234 2264 et
1256 2207 1699 2281 passione'sancti
1737 2207 2037 2265 Clementis.

867 2363 1335 2454 INCIPIT
1391 2361 1756 2449 LIBER
1815 2359 2471 2450 SECUNDUS.

1389 2511 1610 2569 (ΖΑΡυῖ
1651 2507 1944 2565 PRIMUM.

1338 2605 1415 2660 De
1462 2613 1645 2659 sancto
1691 2602 1978 2658 Clemente.

106 2727 278 2784 Ianitor
306 2728 598 2792 aethereus,
629 2723 754 2780 divo
780 2723 1150 2779 moderamine
1179 2720 1368 2786 fretus,
1685 2708 1731 2768 B
1760 2717 1876 2774 Non
1900 2719 1953 2773 in
1981 2718 2251 2789 subjectos
2278 2719 2450 2776 belva:
2473 2720 2691 2778 feritate
2717 2727 2942 2781 moveri.
2971 2744 2992 2780 ι

106 2818 255 2873 Firma
280 2819 463 2874 locans
487 2816 626 2872 aula:
654 2826 845 2870 cautus
876 2814 1186 2868 fundamina
1215 2813 1372 2868 celsa:
1399 2811 1567 2885 (I70),
1759 2809 1889 2864 Tam
1918 2812 2176 2879 praecelsa
2200 2827 2402 2881 pavens
2427 2812 2544 2883 ejus
2573 2816 2796 2886 vestigia
2820 2817 3069 2875 Clemens

110 2907 168 2965 Iit
191 2909 278 2968 sibi
311 2908 575 2980 persentit
605 2905 941 2962 contermina
975 2915 1214 2974 tempora
1249 2911 1406 2958 meta:
1755 2900 1997 2971 Appetit,
2024 2916 2293 2957 excusans
2319 2905 2450 2960 tanti
2481 2920 2538 2961 se
2565 2907 2803 2976 pondere
2826 2909 3070 2966 honoris.

110 2999 411 3072 Siderczeque
440 3002 646 3056 instare
676 2999 793 3062 viae,
825 2998 1132 3066 coelumque
1161 3005 1368 3066 patere,
1756 2993 1853 3047 Cui
1885 2993 2070 3047 senior
2095 3009 2110 3046 :
2145 3011 2164 3045 ι
2193 2993 2272 3050 Ne
2300 3009 2386 3050 me
2412 2998 2686 3068 superbis
2711 2992 2974 3066 oraveris,
2999 3002 3198 3075 inquit,

109 3091 155 3147 In
175 3094 330 3150 medio
353 3094 492 3149 situs
531 3091 811 3156 Ecclesiae,
837 3091 1073 3162 stipante
1097 3099 1338 3153 caterva,
1756 3081 1886 3150 Qua:
1912 3083 2128 3138 decreta
2162 3084 2235 3139 ita
2265 3094 2412 3152 sunt,
2445 3088 2732 3157 potiusque
2761 3090 3016 3150 videbere
3043 3092 3241 3166 dignus

108 3182 469 3254 Clementisque
496 3180 658 3238 manu
687 3197 883 3253 prensa
919 3183 997 3237 sic
1030 3181 1246 3235 inchoat
1271 3194 1394 3234 orsa
1421 3196 1435 3232 :
1757 3172 1873 3240 Quo
1898 3174 2070 3229 vitare
2095 3176 2279 3245 cupis;
2312 3191 2410 3231 nec
2432 3177 2577 3231 cnim
2608 3178 2708 3234 ista
2740 3181 2999 3237 cathedra
3024 3185 3254 3254 requirit

113 3291 131 3324 ι
154 3274 386 3330 Conservi
414 3275 718 3344 fratresque
745 3274 874 3340 mei,
907 3287 1026 3328 mea
1053 3272 1248 3327 sumite
1273 3271 1433 3325 verba
1460 3287 1473 3324 :
1759 3264 1936 3329 Ultro,
1965 3267 2099 3334 petit
2126 3267 2276 3335 sequi
2304 3268 2616 3335 abdentem,
2640 3270 2769 3339 quin
2794 3273 3035 3328 moribus
3055 3289 3292 3347 aequum.

110 3361 428 3420 Prxmonitus
451 3367 708 3435 quoniam
741 3363 972 3435 propria:
993 3362 1103 3432 jam
1136 3371 1346 3431 tempus
1371 3361 1560 3416 adesse
1757 3353 1909 3420 000d
1935 3357 1979 3410 Si
2004 3369 2204 3426 pI'IBSIO
2228 3357 2357 3411 mihi
2387 3359 2578 3414 melior
2600 3368 2651 3414 le
2676 3360 2925 3430 prmiorct
2951 3361 3106 3429 alter,

113 3453 336 3511 Mercedis
363 3458 544 3522 video,
572 3456 788 3512 Christo
821 3464 1155 3511 monstrante
1187 3456 1470 3526 magistro,
1611 3463 1616 3465 ’

1758 3443 1814 3499 Si
1839 3445 1962 3515 quis
1981 3455 2037 3500 et
2065 3445 2283 3516 adjutor
2312 3457 2418 3501 tam
2444 3447 2663 3502 sedulus
2688 3459 2851 3519 atque
2881 3451 3160 3518 minister;

112 3545 388 3604 Pontilicem
418 3551 572 3605 vobis
597 3550 930 3605 Clementem
963 3549 1105 3602 hunc
1134 3548 1323 3602 ordine
1360 3562 1647 3614 summum,

1516 3562 1652 3614 ιιιηι,
1759 3534 1816 3590 Si
1839 3536 1962 3605 quis
1991 3545 2098 3590 tam
2127 3536 2256 3593 celsi
2279 3538 2537 3592 subiisset
2564 3540 2827 3609 dogmatis
2850 3555 3051 3607 arcem,

113 3635 222 3693 Huic
242 3656 416 3695 coram
447 3641 654 3712 positus
679 3641 937 3695 doctrina:
967 3639 1122 3693 trado
1151 3638 1489 3702 cathedram,

1757 3626 2014 3684 Ecclesiae
2042 3628 2314 3696 specimen
2341 3629 2482 3683 serie
2505 3630 2794 3699 disponere
2819 3647 3052 3688 noscens

111 3726 188 3792 Qui
213 3730 336 3786 mihi
357 3731 626 3802 principio
649 3745 829 3785 comes
851 3728 1102 3784 omnibus
1129 3729 1338 3784 exstitit
1365 3729 1521 3794 actis,
1757 3720 1890 3775 Tam
1916 3731 2090 3784 recta.
2117 3731 2168 3776 te
2191 3737 2296 3776 non
2324 3738 2542 3793 agerem
2570 3723 2672 3778 hoc
2700 3726 2994 3796 sumpsisse
3023 3736 3247 3800 coacto;

112 3819 285 3891 Quique
311 3824 432 3879 boni
456 3824 645 3878 docilis
671 3837 788 3876 mea
814 3823 1064 3892 dogmata
1093 3821 1236 3890 cepit
1270 3822 1338 3876 ad
1379 3835 1612 3892 unguem
1636 3837 1652 3887 ;
1758 3813 2011 3879 Quaerere
2037 3827 2270 3884 namque
2295 3814 2458 3867 alium
2489 3828 2634 3869 cura:
2663 3825 2943 3884 reputatur
2971 3819 3139 3887 inani,

112 3912 265 3970 Omnis
288 3916 607 3987 participem
639 3914 768 3968 mihi
797 3929 956 3983 quem
983 3914 1207 3968 tentatio
1233 3913 1421 3978 sensit,
1757 3904 1890 3959 Cum
1923 3915 1974 3960 lc
1998 3905 2266 3977 primitias
2296 3904 2456 3974 hujus
2477 3915 2531 3960 et
2555 3907 2734 3976 gentis
2760 3916 2816 3962 et
2842 3909 2989 3964 urbis

113 3998 253 4066 Quem
305 4004 551 4059 stabilem
605 4003 818 4068 inveni,
871 4003 1177 4072 fidumque,
1225 4001 1505 4072 Deumque
1561 4016 1654 4058 co-
1756 3997 2052 4053 Obtulerim
2079 3997 2335 4061 Domino;
2367 3998 2498 4068 quin
2530 3999 2795 4068 perspice,
2822 4000 2971 4054 freira
2995 4001 3180 4060 subire

1334 4073 1578 4144 [ίθῐιιειηι
1679 4079 1723 4140 C
1755 4086 1854 4153 Qui
1878 4086 2018 4158 fugis
2040 4087 2310 4154 Ecclesiaa,
2343 4089 2487 4144 velut
2517 4089 2625 4145 alta
2657 4092 2869 4162 pericul:

1679 4079 1723 4140 C
1755 4086 1854 4153 Qui
1878 4086 2018 4158 fugis
2040 4087 2310 4154 Ecclesiaa,
2343 4089 2487 4144 velut
2517 4089 2625 4145 alta
2657 4092 2894 4162 pericula
2920 4095 3132 4166 puppis,

113 4158 208 4217 Prae
227 4139 435 4235 reliquis
467 4164 666 4220 fratres
692 4163 873 4219 studio
901 4163 1119 4232 pietatis
1147 4139 1444 4228 amantem,
1566 4139 1569 4140 ⁷
1696 4139 1707 4140 ί
1756 4139 2326 4246 δετιηέιίιηδζςίζῖίᾘε
2356 4139 2961 4250 ,;;.};,“,;;,;,;;i;;,;hzj

114 4251 296 4312 Discere
315 4257 637 4320 ferventem,
661 4265 1001 4326 castumque,
1025 4256 1304 4325 piumque,
1327 4255 1649 4321 modestum,

1591 4273 1652 4321 :n,
1755 4263 1856 4330 Qui
1880 4265 2080 4335 popqu
2108 4265 2319 4321 Domini
2351 4268 2530 4338 posito
2553 4273 2704 4340 quasi
2730 4270 2982 4330 ﬂuctibus
3003 4275 3126 4331 altis

111 4341 288 4402 Iustitia
315 4359 546 4414 rectum,
573 4349 844 4420 patienter
865 4347 1010 4402 ferre
1039 4347 1300 4402 scientem
1403 4401 1406 4404 .

1755 4354 1891 4411 Cum
1926 4357 2102 4426 possis
2126 4359 2406 4428 prodesse,
2435 4361 2599 4432 fugis,
2626 4371 2713 4416 tua
2746 4367 3029 4421 commoda
3057 4375 3268 4427 tantum

113 4433 302 4527 Carteia
326 4442 615 4498 stultorum
645 4439 809 4495 fatum
836 4439 1192 4495 blateramina
1225 4438 1441 4509 lingua,
1758 4443 2032 4501 Sollicitus
2066 4462 2334 4516 quaerens,
2369 4465 2601 4507 renuens
2630 4467 2919 4510 commune
2940 4457 3231 4527 jnvamen;

113 4523 352 4614 Cordaque
373 4533 680 4588 discentum
713 4532 874 4602 digno
900 4545 1224 4599 componere
1242 4528 1367 4598 jure
1395 4546 1409 4582 :
1757 4535 1815 4590 Si
1843 4545 2026 4591 certus
2056 4536 2229 4606 plebis
2259 4537 2351 4592 tibi
2384 4555 2576 4610 magna
2611 4557 2831 4599 manere
2858 4523 3075 4614 pericla,

112 4612 223 4674 Huic
241 4624 509 4679 committo
539 4632 889 4694 potestatem,
916 4637 1074 4692 quam
1103 4621 1363 4693 prompsit
1388 4619 1458 4675 ab
1482 4620 1595 4692 ipso
1755 4623 1865 4678 Nec
1886 4625 2102 4680 dubites
2129 4636 2327 4680 memet
2356 4643 2453 4696 pro
2475 4639 2525 4684 te
2545 4642 2760 4685 certare
2782 4612 3086 4704 precando;

111 4705 334 4767 tlollatam
365 4714 589 4770 Domino
617 4715 862 4769 solvendi
890 4714 1003 4768 sive
1031 4713 1255 4782 ligandi.
1756 4712 1919 4770 Ocius
1954 4730 2018 4769 ac
2043 4722 2246 4783 quanlo
2279 4718 2409 4772 mihi
2437 4722 2730 4776 connivere
2759 4727 3000 4794 parabis,

111 4795 341 4857 Iudicium
371 4807 564 4861 stabile
598 4805 772 4876 ipsius
794 4819 958 4874 super
980 4813 1121 4859 astra
1147 4803 1376 4867 residat;
1758 4804 1930 4858 Tanta
1965 4819 2048 4858 me
2076 4805 2236 4860 citius
2260 4823 2390 4863 cura
2421 4826 2486 4866 ac
2512 4827 2713 4882 angore
2739 4814 2963 4874 levabis.

114 4885 355 4979 Innodahit
382 4899 526 4952 enim
558 4897 705 4966 quod
737 4906 985 4962 oporteat
1014 4911 1133 4951 esse
1163 4895 1407 4965 ligatum,
1757 4893 1889 4948 Novi
1918 4905 1968 4948 te
1995 4894 2190 4950 taedere
2212 4897 2431 4965 quidem
2459 4904 2700 4974 perferre
2722 4911 2956 4979 superba

114 4978 165 5072 Iit
186 4984 328 5040 simul
353 4991 593 5046 absolvet
619 4990 767 5060 quod
795 4999 1056 5059 congruet
1077 5003 1196 5044 esse
1220 4988 1471 5054 solutum,
1759 4983 2020 5055 Obloquia
2051 4984 2280 5040 indoctae
2311 4989 2506 5060 plebis,
2534 4995 2681 5048 rudis
2713 4978 2815 5055 ora
2846 5000 3058 5072 pnpelli,

115 5067 330 5164 licclesia:
351 5081 508 5136 veluti
537 5080 747 5150 liquido
776 5079 862 5132 cui
895 5081 1071 5150 regula
1105 5087 1250 5132 nota.
1759 5077 1889 5146 Qua:
1919 5088 1968 5133 te
1996 5076 2138 5131 ferre
2163 5084 2342 5134 tamen
2371 5095 2685 5141 constanter
2711 5098 2766 5141 et
2795 5067 2996 5164 optime
3024 5091 3171 5162 novi,

113 5157 275 5220 Audite
293 5184 413 5240 ergo
435 5173 607 5241 ipsum
634 5169 860 5226 Christo
883 5183 1110 5237 peccare
1140 5168 1418 5234 timentes;
1760 5169 2080 5226 Ceruentem
2111 5169 2203 5224 tibi
2234 5187 2355 5242 quze
2381 5180 2642 5248 patientia
2673 5157 2898 5240 munera
2931 5193 3130 5240 servet.

117 5249 294 5312 Ductori
316 5277 435 5317 vero
461 5264 622 5320 fuerit
651 5261 965 5330 quicunque
991 5260 1266 5322 molestus,
1758 5262 1830 5316 At
1855 5262 1976 5316 volo
2001 5270 2049 5315 te
2069 5259 2215 5330 justa
2240 5279 2454 5325 mecum
2486 5271 2691 5326 ratione
2725 5270 2930 5330 librare
3021 5322 3033 5330 .
