3888 5330
542 341 648 399 615
1243 334 1632 395 FLODOARDI
1663 332 1980 391 CAKONICI
2021 332 2363 391 RERENSIS
2401 331 2765 390 OPUSCULA
2795 331 3120 395 METRICA.
3681 337 3763 392 (iiii

544 458 654 513 Aut
675 455 765 510 ubi
795 452 1073 509 victricem
1104 450 1253 507 soliis
1279 450 1559 507 admiserit
1587 449 1734 514 altis,

547 546 772 614 Quando
796 541 1150 613 triumphanti
1177 540 1333 596 cedet
1361 541 1512 594 labor
1539 539 1717 595 omnis
1742 546 1794 592 et
1821 538 2016 606 hostis,

547 635 680 701 Quis
705 632 898 688 modici
924 631 1116 685 saltem
1150 645 1343 684 sensus
1373 628 1532 684 modo
1564 630 1769 683 nesciat
1795 643 1914 684 esse

549 721 805 792 Tempus,
833 736 939 790 quo
963 720 1222 774 Dominus
1251 717 1548 773 certamina
1571 726 1754 772 sancta
1782 715 2040 786 requirit?

551 813 729 869 Mente
760 813 924 883 igitur
953 819 1063 867 tota
1094 811 1369 880 surgentia
1403 810 1625 878 concipe
1654 807 1812 872 bella,

549 909 726 976 Atque
749 919 910 973 opera
938 917 1146 957 summa
1171 901 1460 970 praesentia
1487 900 1627 954 seria
1654 908 1848 964 tracta,

550 995 827 1051 Auxilium
857 1003 1111 1061 satagens
1141 991 1474 1047 certantibus
1502 990 1698 1044 addere
1725 998 2057 1061 promptum,

555 1087 778 1143 Praemia
808 1099 1002 1155 magna
1033 1092 1346 1152 recepturus
1373 1089 1496 1152 post
1519 1081 1656 1136 bella
1684 1082 2054 1150 triumphans;

551 1176 799 1233 Ofﬁcium
828 1189 957 1243 ergo
978 1174 1149 1228 libens
1173 1187 1314 1227 nunc
1338 1172 1552 1240 suscipe
1575 1170 1919 1238 pontificatus

557 1270 658 1325 Pro
688 1283 794 1333 me,
818 1267 1086 1339 praecipue
1109 1265 1320 1329 doctus,
1347 1265 1511 1318 decus
1539 1263 1745 1317 ordinis
1773 1261 1955 1332 hujus,

559 1359 628 1415 Ut
659 1359 803 1414 nullo
832 1368 1042 1414 terrore
1072 1356 1216 1411 salus
1238 1355 1447 1424 plebeia
1476 1353 1710 1418 vacillet,

554 1451 656 1506 Per
681 1461 731 1505 te
755 1449 982 1504 firmatis
1003 1462 1138 1518 quos
1167 1444 1530 1501 lucrifecimus
1563 1443 1736 1514 agnis.
1772 1461 1791 1494 ι

554 1543 908 1613 Prosequitur
930 1541 1124 1596 seriem
1153 1554 1260 1610 qua
1289 1539 1615 1609 dispensatio
1645 1546 1854 1592 cunctae

554 1634 769 1690 Clareat
789 1631 1047 1688 Ecclesia:
1073 1629 1291 1702 prtesul,
1316 1644 1476 1698 quam
1510 1636 1664 1682 cauta
1697 1634 1989 1695 sequatur;

467 1749 478 1760 ε
553 1724 738 1781 Rebus
762 1735 823 1779 ut
847 1723 1092 1779 externis
1113 1721 1329 1792 penitus
1357 1734 1417 1775 se
1445 1719 1747 1779 subtrahat,
1772 1716 1922 1772 omni

556 1817 627 1874 Se
653 1817 857 1874 dedens
885 1814 1064 1870 studio
1096 1813 1292 1868 mentis
1313 1811 1585 1881 verboque
1613 1809 1804 1866 salutis
1829 1822 1844 1863 :

553 1908 858 1982 Presbyteri
886 1907 1015 1978 qttid
1047 1913 1231 1976 agant,
1256 1903 1479 1976 vigilent
1515 1913 1570 1958 ut
1605 1917 1790 1957 amore
1816 1910 2066 1974 paterno,

556 2003 635 2058 Ac
659 2005 913 2057 studeant
936 1999 1140 2054 salvam
1169 1997 1320 2053 etelis
1345 1997 1600 2051 inducere
1629 1995 1871 2067 plebem;

557 2095 697 2164 Quid
718 2094 897 2150 clerus
925 2101 1107 2146 servet
1131 2091 1392 2160 reliquus,
1431 2091 1711 2161 sanctique
1740 2088 1995 2152 ministri,

556 2187 744 2245 (Status
771 2185 916 2256 quod
941 2184 1132 2248 laicus,
1153 2183 1238 2238 vel
1262 2183 1403 2251 quod
1429 2177 1756 2253 generaliter
1784 2197 1995 2237 omnes.

627 2275 724 2332 His
746 2276 818 2330 ita
843 2274 1141 2345 dispositis,
1175 2282 1323 2328 tanto
1357 2273 1728 2327 moderamine
1747 2273 1964 2341 dignum

560 2365 877 2422 Pontificem
904 2363 1169 2435 impositis
1201 2363 1450 2417 manibus
1481 2364 1778 2431 statuitque
1803 2362 2075 2430 dicatque,

560 2461 822 2517 Omnibus
847 2466 1010 2528 atque
1034 2458 1212 2528 palam
1242 2458 1515 2514 cathedrae
1539 2457 1793 2512 rubidmn
1818 2472 1914 2510 ora
1937 2454 2141 2526 pudore

561 2551 700 2607 lndit
728 2551 1056 2622 apostolicae,
1085 2549 1336 2620 cogitque
1360 2549 1551 2606 sedere
1579 2558 1875 2614 sacratum,

558 2645 810 2700 'l‘estibus
847 2644 973 2698 hinc
1006 2642 1216 2712 populis
1241 2659 1389 2713 papa:
1415 2642 1761 2711 mandatque,
1795 2650 2076 2712 rogatque,

562 2738 685 2794 Haac
704 2737 905 2793 Iacobo
924 2736 1181 2792 Solimam
1211 2737 1431 2792 mittens
1455 2737 1720 2806 descripta
1745 2736 1968 2802 revelet,

565 2829 749 2886 Debita
778 2845 837 2886 se
857 2839 1140 2900 postquam
1160 2831 1284 2883 vita:
1298 2827 1510 2897 jactura
1538 2828 1788 2895 resolvet,

563 2921 846 2976 lnsinuans
867 2921 1104 2976 breviter
1129 2920 1293 2975 vitam
1319 2928 1376 2974 ut
1403 2921 1707 2990 perceperit
1735 2918 1852 2988 ejus

560 3009 684 3077 Ore,
708 3026 891 3068 comes
912 3011 1016 3066 sibi
1042 3011 1134 3082 qui
1165 3011 1348 3075 fuerit,
1373 3027 1492 3081 qua:
1514 3011 1763 3082 dogmata
1787 3011 1854 3067 ab
1880 3010 1999 3081 ipso

563 3102 836 3168 Hauserit,
858 3111 914 3156 et
935 3102 1026 3171 qui
1053 3117 1110 3156 se
1140 3101 1262 3157 linis
1289 3100 1639 3171 deprenderit
1667 3100 1808 3166 illic;

565 3194 851 3250 Allirmans
878 3194 995 3250 fore
1021 3195 1069 3249 ei
1099 3194 1363 3250 solamina
1397 3193 1629 3248 maxima
1661 3193 1859 3248 mentis

564 3283 785 3340 Noverit
810 3297 868 3338 ut
888 3286 1124 3350 doctum,
1152 3285 1325 3339 sancti
1357 3299 1456 3339 nec
1475 3284 1616 3354 juris
1642 3300 1894 3353 egenum,

569 3375 812 3430 Doctoris
837 3375 1067 3430 subiisse
1094 3375 1270 3429 locum
1295 3374 1550 3444 Petrique
1572 3374 1908 3428 cathedram.

567 3466 663 3521 Cui
689 3481 884 3535 parens
915 3466 1251 3536 implensque
1277 3466 1405 3522 boni
1433 3477 1702 3535 prmeepta
1734 3467 2002 3538 magistri,

571 3556 785 3626 Delegat
813 3555 1024 3610 Domini
1059 3556 1214 3611 fratri
1243 3555 1530 3628 quzejussa
1557 3558 1790 3628 benigna

569 3644 838 3715 Magnilici
869 3645 1098 3702 altisono
1123 3647 1267 3702 Petri
1295 3658 1610 3719 susceperat
1638 3663 1734 3702 ore
1759 3664 1773 3715 ;

568 3739 1005 3808 Cousectansque
1027 3739 1204 3795 Patris
1233 3755 1478 3794 normam
1503 3741 1645 3795 docti
1668 3749 1828 3810 atque
1852 3740 2107 3806 modesti,

571 3829 670 3894 Qui
701 3828 803 3883 sibi
827 3839 1133 3885 consortem
1159 3830 1348 3886 scribit
1374 3829 1633 3900 cmlisque
1660 3840 1925 3897 notatum,

569 3919 832 3975 Omnibus
848 3921 1027 3976 omnis
1057 3920 1136 3987 fit,
1167 3921 1344 3976 salvos
1366 3930 1424 3975 ut
1448 3921 1683 3991 praebeat
1707 3937 1916 3977 omnes.

569 4008 811 4064 Gentiles
834 4010 1096 4080 siquidem
1125 4011 1324 4080 liquida
1357 4011 1564 4066 ratione
1591 4011 1838 4076 docebat,

573 4097 645 4156 Ut
669 4099 848 4169 populi
885 4099 1045 4154 fallax
1069 4101 1313 4156 divorum
1347 4102 1628 4172 irrepserit
1658 4117 1834 4170 error,

577 4188 727 4244 Unde
750 4205 920 4259 genus
949 4191 1225 4245 hominum
1254 4207 1486 4260 quonam
1513 4192 1773 4248 defecerit
1807 4203 1949 4262 astu,

574 4278 819 4348 Vipereze
848 4278 1053 4334 fraudis
1075 4295 1388 4349 persuasum
1414 4281 1713 4339 haerescere
1737 4285 1908 4350 vanis,

571 4372 851 4424 Attestans
879 4370 1024 4440 ipsos
1054 4371 1211 4425 venia
1239 4372 1452 4441 vitaque
1472 4372 1751 4438 levandos,

573 4460 716 4515 ldola
748 4458 1052 4529 linquentes
1072 4460 1289 4516 Christo
1309 4463 1353 4516 si
1378 4463 1543 4518 corda
1568 4465 1830 4534 pararim.

571 4551 776 4608 .Ittdzeis
797 4553 1234 4623 patriarcharum
1260 4570 1356 4624 pro
1380 4554 1536 4610 laude
1556 4556 1825 4625 placebat,

572 4644 839 4700 Attollens
868 4643 1040 4716 legem
1070 4661 1280 4701 sacram
1309 4655 1602 4716 patresque
1629 4645 1834 4711 beatos,

573 4737 721 4806 Ipsos
748 4747 1056 4793 sanctorum
1086 4754 1274 4809 genus,
1307 4753 1432 4794 arce
1461 4738 1648 4793 sedilia
1672 4739 1795 4793 cmli

571 4825 754 4881 Prima
776 4828 975 4884 docens
998 4837 1338 4898 accepturos,
1365 4831 1524 4884 modo
1550 4844 1707 4884 sacra
1732 4831 1944 4899 piorum

579 4919 724 4974 Dicta
749 4920 1132 4989 prophetarum
1160 4921 1212 4973 in
1251 4921 1466 4977 Christo
1496 4922 1765 4992 completa
1792 4932 2058 4978 tenerent.

579 5013 814 5069 Dilectus
837 5030 990 5080 mago
1018 5013 1371 5079 Christicolis,
1403 5024 1453 5070 et
1479 5016 1727 5070 amabilis
1754 5025 1878 5069 actu

2151 456 2199 511 Α
2232 447 2326 502 llis
2349 449 2571 523 sordere
2601 448 2806 502 inhibet
2827 448 3008 504 divino
3033 443 3182 505 fonte
3205 449 3400 520 piatos,

2227 538 2429 596 Omnes
2459 542 2674 596 assidue
2698 558 2988 614 properare
3007 546 3074 601 ad
3104 557 3292 601 sancta
3318 546 3588 612 monebat,

2226 628 2493 685 Absentes
2513 632 2749 703 scriptis,
2777 645 3068 704 praesentes
3091 636 3293 691 famine
3319 636 3576 692 formans.

2230 717 2481 774 Doctrina
2507 735 2640 789 ergo
2665 722 2850 776 nitens
2875 723 2988 789 tali,
3020 724 3322 794 populoque
3348 725 3560 795 Deoque

2227 807 2428 864 Gratus
2457 821 2609 878 erat;
2632 813 2725 866 sed
2766 829 2874 869 non
2904 814 3135 869 humiles
3158 815 3366 870 haerere
3391 817 3633 886 superbis

2232 896 2591 972 Sacrilegisve
2629 900 2839 972 placere
2865 904 2936 974 pii
2965 902 3248 960 dulcedine
3273 917 3523 976 possunt.

2233 988 2356 1045 Stat
2382 993 2576 1046 mentis
2601 1001 2778 1048 tamen
2809 993 3108 1064 intrepidus
3134 997 3305 1066 vigor,
3337 1007 3500 1066 atque
3523 997 3660 1052 beati

2232 1082 2498 1139 Terrores
2529 1085 2760 1139 trucium
2785 1086 2898 1140 tniti
2921 1087 3121 1156 pietate
3151 1087 3415 1142 refutans.

2235 1175 2370 1230 Hinc
2398 1176 2582 1232 mundi
2603 1177 2817 1231 culmen
2848 1179 3057 1233 Domini
3083 1180 3355 1248 postponit
3389 1180 3578 1234 honori

2233 1268 2506 1333 Clemens,
2545 1270 2635 1339 qui
2665 1269 2810 1325 celso
2838 1269 3163 1325 Domitillam
3193 1272 3459 1341 sanguine
3493 1271 3680 1326 claram

2237 1357 2486 1413 Sacravit
2505 1357 2749 1424 Christo,
2776 1376 2975 1431 sponso
2998 1360 3118 1415 tulit
3137 1360 3449 1416 Aureliano.

2237 1446 2476 1518 Virginis
2508 1449 2738 1503 eunuchi
2770 1449 3036 1520 siquidem
3072 1449 3277 1505 Nereus
3300 1460 3356 1504 et
3384 1451 3666 1516 Achilleus,

2236 1536 2491 1606 Discipuli
2521 1539 2665 1594 Petri
2695 1538 3002 1610 Christique
3025 1555 3120 1611 per
3139 1543 3319 1597 omnia
3347 1541 3514 1608 servi,

2236 1627 2566 1686 Clementem
2587 1645 2751 1701 super
2776 1631 2862 1687 his
2883 1633 3105 1699 adeunt,
3131 1634 3218 1689 cui
3248 1635 3371 1688 talia
3404 1635 3586 1689 fantur
3615 1649 3629 1688 :

2244 1737 2262 1772 ι
2290 1717 2472 1774 Gloria
2510 1728 2618 1776 tota
2656 1730 2759 1775 tute
2787 1721 3013 1777 Domino
3033 1724 3174 1793 quod
3194 1723 3423 1794 przedita
3460 1726 3649 1779 mentis

2165 1814 2212 1876 Β
2240 1809 2530 1876 Discimus,
2555 1825 2656 1866 nec
2683 1819 2736 1866 te
2760 1810 2827 1865 de
2848 1811 3131 1868 nobilitate
3154 1821 3462 1882 parentum,

2238 1901 2377 1970 Quin
2413 1904 2478 1960 de
2506 1903 2743 1960 cmlestis
2767 1904 3000 1976 gaudere
3028 1905 3322 1976 propagine
3349 1904 3547 1960 Patris.

2240 1999 2468 2054 Patruus
2504 1998 2617 2068 ipse
2647 2007 2770 2054 tuus
2788 1997 3055 2063 Clemens,
3087 1998 3214 2053 licet
3239 1998 3428 2052 ordine
3451 1995 3654 2062 consul,

2237 2092 2414 2162 Atque
2442 2091 2517 2146 tui
2550 2090 2712 2146 fuerit
2739 2105 3030 2162 germanus
3052 2090 3260 2160 origine
3287 2090 3482 2160 patris.

2243 2183 2410 2254 Hujus
2439 2199 2536 2239 nos
2559 2191 2798 2238 mercata
2827 2198 2983 2239 soror
3012 2181 3371 2238 subeuntibus
3391 2179 3550 2234 annis

2240 2276 2439 2332 IEtatis
2462 2291 2657 2346 parvos
2680 2284 2878 2329 tenerae
2902 2273 3151 2329 Plautilla
3175 2274 3394 2328 coemit.

2241 2368 2576 2438 Quandoque
2603 2365 2905 2438 percipiens
2928 2367 3091 2420 vitam
3116 2365 3409 2420 tribuentia
3441 2364 3601 2419 verba

2239 2454 2478 2514 Credidit
2501 2474 2594 2515 ore
2620 2455 2785 2525 Petri,
2808 2470 3070 2528 sacroque
3094 2469 3177 2513 est
3205 2455 3370 2512 tincta
3394 2457 3638 2522 lavacro;

2241 2549 2348 2604 Nos
2368 2548 2704 2620 simulatque
2729 2549 2846 2620 ejus
2873 2548 3088 2604 soboles
3113 2547 3383 2604 Domitilla
3412 2560 3682 2600 sacramur
3709 2562 3721 2598 :

2241 2639 2352 2694 lloc
2381 2655 2522 2694 anno
2543 2649 2598 2694 et
2620 2639 2869 2695 dominus
2897 2638 3089 2695 Petrus
3109 2639 3254 2694 subit
3282 2639 3489 2694 atthera
3531 2647 3732 2708 martyr,

2243 2736 2306 2789 lit
2329 2729 2570 2788 Plautilla
2593 2734 2680 2805 pio
2703 2743 2862 2805 pacto
2893 2743 3108 2790 terrena
3139 2735 3356 2805 reliquit

2240 2828 2310 2880 At
2337 2825 2630 2890 Domitilla,
2658 2825 2761 2880 viri
2787 2824 2916 2880 clari
2941 2839 3138 2896 sponsa
3167 2824 3472 2889 Aureliani,

2241 2918 2347 2974 Orc
2378 2927 2550 2973 satam
2583 2917 2781 2986 Cepha:
2801 2927 2988 2973 nostro
3031 2918 3202 2973 audiit
3227 2933 3322 2974 ore
3357 2918 3603 2979 salutem,

2244 3011 2407 3080 Virgo
2438 3010 2533 3064 Dei
2559 3010 2702 3080 quod
2724 3025 2910 3065 amore
2937 3025 3164 3065 manens
3189 3019 3464 3064 mereatur
3493 3008 3653 3078 apisci

2245 3100 2529 3156 Cuclestcm
2555 3116 2810 3169 sponsum
2833 3101 3202 3156 dominantem
3233 3101 3286 3155 in
3314 3101 3512 3156 saecula
3531 3099 3774 3168 Christus,

2171 3166 2214 3226 (ί
2249 3193 2382 3248 Cum
2413 3208 2521 3263 quo
2548 3166 2756 3248 deliciis
2785 3193 3016 3263 divoque
3039 3194 3248 3248 fruatur
3272 3193 3499 3258 honore,

2249 3280 2343 3336 llis
2375 3281 2600 3353 aliisque
2627 3281 2864 3337 animata
2893 3283 2990 3338 Dei
3019 3285 3085 3338 de
3114 3298 3338 3338 munere
3366 3283 3548 3349 dictis,

2251 3373 2356 3428 Per
2387 3385 2461 3441 te,
2490 3375 2663 3446 virgo,
2700 3376 2848 3446 cupit
2871 3375 3136 3432 velamina
3165 3391 3381 3431 sumere
3403 3377 3534 3432 voti.
3563 3393 3582 3427 ι

2248 3463 2444 3519 Rcddit
2477 3465 2544 3519 ad
2566 3465 2679 3522 haec
2704 3464 2988 3522 Clemens:
3020 3484 3038 3519 ι
3071 3466 3148 3520 En
3177 3467 3359 3522 debita
3397 3475 3630 3537 tempora
3653 3476 3779 3520 cem

2255 3573 2273 3606 ‹
2321 3553 2563 3628 Martyrii
2591 3556 2822 3626 palmam
2852 3558 3106 3628 quoniam
3133 3559 3347 3613 vacatio
3374 3560 3588 3622 tendat;

2257 3665 2274 3699 ‹
2326 3647 2457 3716 ηδε,
2489 3665 2748 3718 prensare
2773 3650 2882 3715 via,
2922 3650 3427 3716 Domitillatnitcre
3452 3667 3662 3707 corona.

2256 3761 2273 3792 ί
2322 3739 2428 3796 Sed
2449 3742 2574 3812 quia
2599 3741 2849 3796 mandato
2878 3751 3229 3798 contemnere
3261 3743 3646 3798 tnortiticantes

2255 3851 2272 3886 ι
2319 3833 2671 3902 Prrecipimur
2708 3833 2936 3897 Domini,
2966 3841 3268 3889 temnamus
3294 3845 3470 3889 morte
3493 3833 3701 3897 feroces.

2257 3945 2273 3977 ε
2311 3925 2496 3980 Mortis
2516 3935 2571 3980 et
2600 3925 2652 3979 in
2674 3925 2834 3980 simili
2861 3933 3062 3978 nostrte
3091 3925 3296 3981 ditione
3316 3925 3585 3994 jaccntes,

2256 4035 2273 4065 ε
2306 4015 2584 4085 Perpetua:
2615 4016 2735 4069 vita:
2764 4013 2896 4085 Regi
2933 4014 3138 4070 servire
3163 4016 3357 4085 parati.
3389 4034 3408 4068 ι

2254 4105 2363 4161 lloc
2391 4107 2552 4178 igitur
2571 4105 2821 4162 Clemens
2846 4106 3027 4162 animo
3059 4109 3312 4165 robustus
3338 4118 3395 4164 et
3419 4117 3546 4164 actu

2253 4196 2504 4252 Primatis
2531 4212 2786 4270 sponsam
2815 4199 2948 4271 Regi
2975 4200 3272 4270 despondet
3300 4198 3624 4260 habendam.

2252 4292 2543 4344 (Tonsecrat
2574 4299 2736 4360 atque
2760 4291 2848 4361 pio
2881 4301 3079 4348 tactam
3109 4301 3270 4362 caput
3290 4301 3457 4347 ornat
3487 4292 3692 4350 amictu.

2254 4383 2517 4451 Sponsus,
2545 4399 2728 4438 amore
2751 4385 2948 4456 gravis,
2981 4386 3274 4440 thalamum
3302 4385 3408 4439 sibi
3432 4380 3650 4455 virginis
3665 4387 3783 4436 om:

2262 4474 2493 4544 Despicit
2523 4475 2608 4528 illa
2633 4490 2845 4546 preces,
2867 4477 3050 4531 animo
3079 4476 3407 4547 rigidissima
3439 4476 3628 4530 durat:

2262 4565 2453 4620 Tendit
2492 4567 2576 4620 hic
2604 4567 2811 4623 insidiis
2833 4577 3039 4622 castam
3072 4583 3273 4623 vexare
3304 4567 3565 4637 puellam;

2261 4656 2520 4712 Nobilitas
2547 4658 2652 4711 vim
2689 4657 2829 4714 ferre
2850 4667 3020 4725 vetat,
3044 4669 3155 4714 tum
3179 4660 3440 4729 principis
3461 4673 3616 4714 aures

2259 4747 2600 4816 lnterpellat,
2631 4749 2682 4802 itt
2712 4750 2813 4806 hoc
2837 4766 2935 4806 nec
2965 4751 3206 4820 principe
3229 4750 3470 4804 vincitur
3495 4750 3602 4805 illa.

2263 4839 2495 4910 Virginis
2525 4841 2769 4895 exsilium
2803 4842 3042 4895 decernit
3061 4840 3423 4895 Domitianus.

2261 4931 2486 5000 Sprctus
2507 4931 2576 4986 ab
2599 4932 2722 4996 hac,
2761 4944 2914 4984 sacra
2943 4932 3212 5000 praecipue
3251 4930 3395 4999 quod
3412 4923 3787 4983 temnatahhor-

3609 5015 3735 5080 [reas
