3888 5330
151 318 238 374 Gl7
729 313 819 369 DE
849 311 1123 370 CHRISTI
1155 310 1532 368 TRIUMPHIS
1572 309 1758 365 APUD
1795 307 2075 364 lTALlAlll
2105 308 2281 364 LIBRI
2315 308 2453 364 XIV.
2497 341 2564 348 —
2591 307 2722 364 LlB.
2763 307 2826 364 11.
3293 304 3404 364 618

146 431 344 486 Ιτεῐειηάα
366 427 587 484 sceleris
614 441 898 483 successor
920 426 1342 488 thcomachiam,
1742 427 1790 485 Λ
1821 419 2243 488 Expositumque
2269 418 2384 473 salo
2404 417 2659 475 Pathmos
2689 419 2834 488 capit
2864 416 3037 474 insula
3068 417 3240 474 sa‘.~lo.

148 522 272 576 Bella
299 519 401 591 poli
431 519 658 574 Domino
689 518 954 581 indicens,
982 527 1308 585 sanctosque
1333 514 1628 579 trucidans,
1822 511 1918 565 llic
1947 523 2229 580 pt'ulttgtztn
2261 510 2460 564 mundo
2489 511 2672 566 mundi
2699 526 2796 566 nec
2818 509 3023 566 deserit
3045 521 3258 578 auctor,

150 611 551 681 Disquirensque
580 610 680 678 pia:
703 617 960 678 patronos
988 608 1179 678 plebis,
1212 615 1272 659 ut
1295 606 1446 659 audit
1823 600 2014 654 Visitat
2044 609 2340 662 extorrem,
2365 599 2595 668 emlique
2622 615 2818 655 arcana
2851 601 3111 664 recludit;

146 702 259 756 Post
284 699 514 769 reliquos
539 699 779 770 regimen
809 697 930 753 fidei
959 699 1224 753 mansisse
1250 696 1469 760 Joanui,
1822 690 2077 745 Orontate
2106 690 2298 748 illuslri
2328 692 2542 761 pulsum
2565 691 2768 747 solatur
2803 695 3057 760 amicum,

147 793 282 846 llunc
309 791 447 846 velut
479 790 734 845 Ecclesiae
757 789 1004 845 columen
1029 791 1165 859 petit
1205 789 1482 858 improbus
1507 801 1671 841 unum
1695 828 1711 854 ,
1820 783 2074 838 Ecclesiae
2099 784 2318 855 signans
2342 793 2485 840 tecto
2515 787 2614 840 sub
2653 787 2924 857 enigmate
2949 804 3180 858 pugnas.

144 883 388 952 Principis
418 892 479 937 ut
506 881 672 936 multa
700 883 906 936 socium
935 881 1270 952 disperderet
1295 894 1507 951 agmen.
1820 876 1995 944 Atque
2023 876 2418 944 triumphorum
2449 885 2660 933 secreto
2691 878 2968 945 schemate
2991 879 3222 948 palmas.

147 973 352 1027 Ducitur
374 987 504 1042 ergo
534 972 745 1042 Epheso
766 972 1015 1035 Romam,
1043 979 1096 1025 et
1123 979 1403 1039 spectante
1435 968 1639 1023 Senatu
1820 967 1968 1031 Post,
2001 969 2068 1022 ad
2097 969 2450 1036 apostolicum
2480 969 2601 1024 fidei
2634 971 2934 1026 constantis
2955 973 3236 1038 honorem,

144 1060 366 1117 Induitur
401 1061 560 1130 pleno
580 1061 846 1118 ferventis
869 1061 1014 1117 dolio
1043 1061 1207 1126 olivi;
1820 1058 1917 1112 ilic
1948 1059 2034 1113 ubi
2067 1059 2352 1114 candentis
2375 1059 2502 1114 vicit
2531 1060 2873 1131 pinguedinis
2899 1062 3069 1131 ignes,

145 1153 338 1223 integer
358 1163 410 1206 at
443 1155 616 1217 testis,
641 1155 839 1226 prodit,
866 1153 978 1222 jam
1001 1155 1138 1208 liber
1169 1155 1237 1208 ab
1263 1154 1406 1226 igne,
1815 1153 2100 1206 Basilicam
2134 1160 2383 1206 struxere
2407 1152 2480 1220 pii
2507 1161 2721 1222 portam
2743 1162 2870 1207 ante
2899 1153 3169 1217 Latinam,

145 1243 298 1309 Quam
329 1243 486 1298 nituit
515 1245 710 1299 caelebs
742 1246 1028 1316 omnisque
1055 1245 1295 1300 libidinis
1327 1260 1542 1315 expers.
1813 1243 1986 1310 Quam
2024 1243 2231 1296 clarum
2264 1243 2536 1296 redimivit
2563 1259 2699 1313 opus
2730 1244 3007 1313 generatio
3045 1244 3257 1310 Sancti;

145 1332 254 1401 Igne
274 1333 621 1405 triumphato,
651 1337 810 1390 terris
837 1337 1156 1408 propellitur
1177 1337 1348 1399 exsul,
1814 1332 1950 1389 llinc
1972 1349 2186 1403 quoque
2213 1333 2346 1387 festa
2374 1334 2487 1388 dies
2519 1334 2679 1403 digno
2709 1335 3044 1391 instauratur
3067 1335 3297 1393 honore.

1551 1487 1782 1544 CAPUT
1823 1485 1907 1542 ill.

968 1577 1046 1632 De
1067 1578 1391 1647 confessione
1420 1579 1834 1650 propinquorum
1865 1575 2063 1630 Christi
2096 1589 2273 1628 coram
2305 1570 2628 1626 Domitiano.
2667 1594 2673 1598 -

141 1681 369 1737 Ercctum
399 1683 537 1738 ultra
574 1686 849 1742 hominem
883 1687 1150 1744 meditans
1184 1689 1298 1744 fera
1334 1689 1510 1745 bellua
1550 1706 1704 1745 man-
1815 1686 1980 1742 Audit
2010 1702 2066 1740 re
2097 1695 2284 1740 tenues
2321 1703 2335 1739 :
2369 1659 2568 1740 Christi
2601 1700 2762 1756 quam
2793 1684 2924 1740 ditia
2948 1685 3150 1756 regna?

1523 1779 1641 1854 [dat
1742 1787 1786 1848 Β
1814 1777 2109 1852 Ιρεεηῳιὶε
2132 1777 2375 1847 inquirit,
2403 1776 2487 1831 vel
2516 1777 2751 1848 quando,
2792 1777 2878 1832 vel
2900 1778 3040 1832 unde

1783 1800 1786 1839 ι
1814 1777 2109 1852 Ιρεεηῳιὶε
2132 1777 2375 1847 inquirit,
2403 1776 2487 1831 vel
2516 1777 2751 1848 quando,
2792 1777 2878 1832 vel
2900 1778 3040 1832 unde
3069 1777 3318 1836 futurus?

141 1865 199 1920 Ut
226 1866 614 1940 Dominamque
638 1871 916 1943 Deumque
941 1873 1040 1928 coli
1067 1888 1124 1929 se
1149 1873 1507 1937 Domitianus,
1687 1868 1692 1872 ’
1815 1869 1878 1923 lli
1905 1869 2147 1924 referunt
2172 1867 2334 1936 hujus
2363 1867 2580 1924 Christo
2605 1883 2711 1923 non
2737 1869 2974 1924 culmina
3001 1870 3149 1940 regni

139 1955 320 2036 invidia
349 1958 476 2013 furit
502 1961 554 2014 in
585 1960 883 2027 Christum,
913 1965 1223 2034 sanctisque
1247 1965 1528 2036 prophetis
1814 1961 2040 2017 Tcrreni
2069 1961 2322 2031 rapienda
2359 1974 2481 2027 suo,
2517 1960 2760 2016 coelestia
2781 1976 2992 2016 summo

136 2044 376 2102 Credulus
399 2058 474 2114 ut,
506 2052 805 2122 metuitque
826 2054 1123 2108 etiamnum
1148 2055 1316 2125 stirpe
1336 2056 1631 2111 creandum
1817 2056 2043 2125 Sceptra
2067 2069 2285 2108 manere
2315 2055 2443 2120 Deo;
2472 2054 2746 2125 angelicos
2771 2069 2962 2124 parere
2990 2054 3288 2120 ministros,

135 2133 372 2200 Davitica,
400 2141 489 2209 qui
529 2151 745 2212 sceptra
772 2153 954 2216 regat;
988 2135 1218 2215 vestigat
1251 2147 1446 2202 acerbe
1815 2151 1912 2204 Cui
1939 2158 2150 2205 constet
2179 2163 2515 2220 regnumque
2541 2163 2756 2218 parare,
2785 2149 2838 2202 in
2871 2147 3057 2203 limine
3094 2147 3261 2212 smcli,

137 2225 330 2283 Davidis
368 2245 560 2300 genus,
590 2241 644 2286 et
675 2241 940 2289 tormenta
966 2250 1064 2304 per
1093 2235 1254 2305 impia
1281 2237 1450 2306 quaeri
1815 2239 1952 2293 Dum
1982 2241 2160 2294 veniet
2183 2238 2347 2308 iudex
2370 2239 2551 2296 divino
2577 2239 2744 2294 fultus
2767 2239 2997 2302 honore,

142 2321 658 2393 lnterimiquejubet;
680 2326 738 2379 lit
763 2327 992 2396 quaestio
1019 2328 1188 2382 cruda
1222 2330 1452 2399 tyranni.
1810 2327 2024 2385 Judicct
2047 2339 2105 2384 ut
2134 2331 2301 2395 vivos,
2325 2331 2517 2385 mortis
2539 2345 2754 2400 quoque
2790 2329 2908 2401 lege
2939 2331 3217 2395 subactos,

136 2412 441 2469 Restiterant
465 2417 684 2486 quidam
711 2415 863 2472 Iudae
893 2427 1020 2474 tunc
1052 2418 1190 2474 forte
1217 2429 1466 2489 nepotes,
1813 2419 1919 2475 Pro
1948 2421 2157 2475 meritis
2185 2430 2240 2475 et
2262 2421 2458 2490 cuique
2486 2421 2598 2476 suis
2622 2429 2681 2474 ut
2715 2421 2874 2491 digna
2902 2422 3184 2492 rependat.

141 2503 194 2556 lli
216 2520 420 2576 quoque
454 2507 640 2573 delati,
667 2509 885 2563 Christo
911 2510 1063 2580 quasi
1087 2526 1249 2566 carne
1274 2510 1590 2582 propinqui,
1811 2510 2038 2579 Despuit
2069 2509 2285 2566 inﬂatus
2309 2526 2570 2580 personas
2602 2511 2837 2580 tegmine
2859 2511 3027 2576 viles;

139 2595 397 2652 Ducuntur
424 2599 537 2670 regi
562 2616 577 2664 ;
603 2601 803 2672 rogitat
829 2602 936 2656 sint
958 2603 1218 2674 sanguine
1241 2604 1376 2658 creti
1812 2599 1924 2656 Nec
1947 2600 2176 2671 dignans
2200 2602 2413 2670 punire,
2442 2617 2569 2657 suos
2601 2601 2823 2656 dimittit
2851 2601 3001 2656 abire
3028 2618 3042 2654 :

136 2680 387 2740 Davitico?
427 2687 725 2754 Promunt;
758 2699 913 2760 rogat
953 2690 1038 2745 his
1083 2707 1246 2762 quam
1295 2707 1489 2764 magna
1531 2691 1703 2747 facul-
1814 2689 1961 2746 Missi
1991 2693 2364 2763 magnanimos
2391 2693 2661 2763 przuconia
2693 2692 2834 2748 celsa
2859 2693 3120 2760 fatentur,

1481 2779 1633 2854 itas?
1811 2783 2179 2852 Εοοιρδῑίοςιιιθ
2203 2783 2367 2839 dure;
2390 2785 2538 2854 pacis
2567 2793 2686 2854 post
2716 2795 2958 2855 tempore
2984 2786 3190 2840 vivunt.

1548 2938 1777 2996 CAPUT
1818 2939 1905 2994 lV.

1250 3027 1330 3083 De
1354 3028 1549 3084 ultione
1571 3032 1816 3088 secunde:
1844 3032 2243 3103 persccmionis.

133 3138 449 3197 Domitianus
476 3142 568 3213 qui
601 3142 783 3212 plures
804 3151 1082 3200 exemerat
1108 3145 1256 3201 arvis
1730 3151 1775 3211 Ο
1808 3148 2021 3202 Elatura
2047 3146 2292 3217 proprias
2316 3127 2801 3215 perscrutaban‘tur
2834 3147 2886 3201 in
2915 3147 3082 3212 :edcs,

133 3231 464 3289 Christicolas
496 3237 757 3306 propriis,
789 3237 843 3291 in
874 3237 1116 3292 fautores
1139 3237 1252 3292 fera
1282 3240 1450 3295 vertit
1811 3237 2082 3293 Pellentes
2107 3237 2304 3294 misera
2339 3235 2591 3291 vindicta:
2621 3237 2738 3308 lege
2761 3249 3077 3306 pretervos:

131 3321 302 3379 ludii-ii
331 3327 552 3382 decreta
581 3328 792 3393 trucis;
823 3328 1100 3398 pelluntur
1124 3330 1192 3384 ab
1221 3330 1353 3398 ipsis
1811 3327 2076 3381 Omnibus
2108 3326 2352 3382 infensus
2384 3326 2498 3381 fera
2529 3327 2757 3397 pessima
2787 3329 3146 3396 Domitianus,

131 3410 390 3480 Militibus,
422 3416 548 3486 quis
574 3426 903 3472 consuerant
931 3417 1055 3472 caali
1091 3418 1305 3486 agmina
1337 3418 1459 3488 pelli
1497 3437 1509 3473 :
1810 3418 1854 3472 A
1887 3419 2120 3490 propriis
2151 3418 2366 3474 famulis
2391 3419 2619 3489 lldisque
2652 3430 2962 3491 peremptus
2989 3421 3221 3478 alumnis

129 3502 374 3575 lrrcptant
395 3517 792 3578 penetrantque
815 3508 1023 3572 domos,
1039 3509 1393 3579 dominosque
1409 3511 1701 3578 lacessunt,
1810 3513 2006 3567 Omnia
2033 3511 2271 3567 crudelis
2302 3513 2602 3570 crudeliter
2624 3513 3006 3582 exanimatur;

131 3594 525 3670 Exturbantque
554 3600 667 3655 suis
692 3599 895 3655 similes
924 3600 1294 3670 penetralibus
1319 3603 1449 3657 olim
1813 3600 2103 3672 Sandapila
2131 3612 2350 3658 evectus
2391 3617 2603 3672 quoque
2631 3604 3035 3672 vespillonibus,
3065 3615 3222 3662 antro

131 3687 329 3764 Egypti
361 3694 512 3750 ranis
535 3693 792 3765 pOpulum
819 3709 938 3764 quse
969 3703 1152 3765 strage
1179 3695 1418 3749 secunda
1812 3692 2068 3764 Turpiter
2099 3693 2362 3764 ingestus,
2393 3692 2636 3762 populari
2668 3695 2928 3765 mergitur
2956 3711 3110 3750 urna.

1589 3849 1817 3906 CAPUT
1859 3848 1924 3902 Υ.

1258 3937 1336 3993 De
1365 3940 1534 3995 reditu
1554 3943 1723 3995 sancti
1749 3941 1973 3995 Joannis
2004 3938 2251 4008 apostoli.

132 4048 244 4106 Post
267 4065 427 4121 quem
465 4050 638 4105 Nerva
667 4066 832 4106 senex
864 4051 1158 4120 'l‘rajanum
1183 4051 1354 4106 lectus
1385 4052 1635 4121 adoptat,
1815 4053 1979 4108 Liber
2005 4052 2074 4106 ab
2103 4051 2299 4107 exsilio
2329 4053 2474 4124 (l7l)
2503 4069 2727 4124 magnus
2751 4054 2951 4124 pietate
2975 4052 3214 4110 Joannes

133 4138 554 4213 Participemque
581 4141 712 4195 facit
740 4142 946 4208 fastus;
977 4150 1266 4197 eassantur
1293 4150 1347 4195 et
1373 4151 1527 4196 actus
1816 4145 2140 4216 ltegreditur
2165 4144 2422 4199 doctrina:
2446 4144 2714 4214 Ephesum
2744 4146 3030 4213 repetendo
3053 4147 3391 4202 cathedram.

130 4229 565 4294 Prmdccessoris,
595 4232 806 4303 prolugi
842 4242 1192 4296 revocantur,
1224 4246 1397 4302 eaque
3171 4234 3174 4238 ’

1569 4388 1796 4444 CAPUT
1837 4388 1921 4443 Vl.

1193 4475 1271 4529 De
1292 4478 1477 4532 exsilio
1503 4489 1807 4534 sanctorum
1839 4477 1999 4532 Nerei
2029 4487 2077 4532 et
2119 4476 2356 4531 Achillei.
2399 4549 2413 4566 ς

130 4583 338 4640 Athleta:
359 4585 593 4651 Christi,
622 4584 909 4640 Domitillae
944 4586 1011 4640 ad
1041 4585 1177 4641 bella
1209 4588 1476 4657 magistri,
1736 4575 1787 4634 D
1815 4588 2077 4644 Praefecto
2102 4588 2379 4660 genitum?
2405 4617 2474 4627 —
2500 4587 2632 4656 Quis
2655 4588 2799 4642 hunc
2831 4589 2918 4642 hic
2942 4587 3176 4642 nesciatl
3212 4607 3230 4640 ι
3260 4589 3338 4644 illi
3370 4609 3386 4646 :

130 4677 300 4736 Pontia
326 4684 418 4736 dat
445 4683 648 4752 quibus
679 4681 995 4750 hospitium,
1031 4683 1157 4735 dum
1191 4697 1421 4738 noscere
1443 4692 1637 4738 curant
1815 4697 1835 4730 ‹
1879 4679 2192 4734 Attrihuitis
2213 4679 2334 4732 eine
2372 4677 2530 4731 fidem
2556 4675 2701 4731 Petri
2735 4677 3037 4731 Simonisve

129 4769 296 4837 Qualis
321 4773 546 4839 humus,
580 4772 738 4840 cujus
769 4772 891 4828 fidei
918 4772 1176 4842 qualesve
1202 4774 1401 4840 coloni,
1810 4770 1995 4826 Laude
2027 4770 2228 4842 super?
2251 4799 2320 4809 —-
2344 4767 2578 4823 Nimium
2605 4767 2810 4836 rigidus
2831 4770 2919 4838 qui
2944 4768 3167 4824 credere
3193 4780 3398 4826 temnat

132 4861 259 4918 Bella
285 4868 420 4922 viris
459 4866 746 4921 tractanda
771 4865 876 4934 piis
905 4874 1048 4921 terra
1078 4867 1287 4938 hospita
1321 4877 1522 4939 portat.
1809 4861 2083 4924 Personae,
2116 4859 2378 4921 referunt,
2417 4866 2604 4923 tantae,
2636 4869 2743 4911 tam
2777 4858 3036 4929 sanguine
3064 4859 3250 4916 clarae.

132 4949 314 5026 Nempe
343 4956 546 5012 schola:
575 4955 819 5010 Simonis
853 4957 1072 5026 quidam
1102 4957 1455 5012 inveniuntur
1479 4960 1659 5015 alumn

1812 4953 1877 5007 Et
1906 4952 2079 5006 sancti
2113 4970 2124 5004 :
2168 4970 2187 5003 ‹
2216 4949 2448 5004 Tantum
2482 4951 2533 5005 id
2559 4949 2792 5020 propria:
2823 4957 3078 5021 pratstate
3107 4941 3290 5020 saluti,

132 5041 333 5099 Artibus
361 5045 655 5115 indigenas
688 5042 800 5100 fere
832 5046 1163 5102 subvertisse
1191 5047 1462 5117 profanis,
1811 5046 1855 5098 A
1883 5041 2035 5097 nobis
2068 5043 2248 5113 apices
2279 5043 2452 5098 donec
2486 5043 2771 5113 capiatque
2799 5040 3080 5110 feratque,
