3888 5330
490 226 615 298 sta

510 335 777 413 Marcello~
796 336 1163 426 condiscipulo
1192 369 1289 426 per
1310 353 1467 410 stccla
1493 353 1742 409 salutem.

505 447 732 504 Pontica
761 445 1048 518 propulsos
1078 460 1202 500 cum
1226 460 1328 501 nos
1348 445 1623 516 ergastula
1653 454 1927 516 pressent,

506 537 738 594 Nomine
769 551 870 609 pro
899 534 1112 591 Domini
1140 535 1438 606 gaudemus
1464 534 1587 589 talia
1615 535 1782 604 passi.

504 627 764 700 Discipuli
795 626 1034 681 Simonis
1060 626 1153 681 sed
1179 625 1372 696 gaudia
1400 636 1585 679 nostra
1610 624 1835 695 fatigant
1859 666 1873 688 ,

502 719 700 776 Furius
722 726 779 775 et
805 717 1025 774 Priscus
1049 717 1261 788 profugi
1287 732 1384 788 pro
1411 715 1598 771 fraude
1626 716 1867 788 magistri
1893 733 1907 783 ;

498 816 787 869 Assertant
813 810 1014 867 etenim
1037 809 1330 865 innocuum
1360 809 1561 863 vixisse
1591 807 1892 874 Simonem,

494 896 764 974 Buncque
785 901 928 958 odiis
953 900 1343 957 insectatussit
1363 900 1556 955 Petrus
1587 899 1818 969 iniquis;

1222 238 1611 298 FLODOARDI
1638 239 1962 299 CANONICI
2010 240 2356 299 REMENSIS
2387 240 2747 301 OPUSCULA
2785 242 3109 303 METRlCA.
3542 243 3553 247 ”
3667 246 3746 309 620

2132 361 2175 420 Α
2204 352 2448 422 Cumque
2472 370 2897 426 repugnaremus
2923 358 3001 411 eis
3032 373 3100 412 ne
3130 356 3377 413 crederet
3404 357 3566 421 nllus,

2201 446 2430 515 Dignum
2458 447 2581 501 hinc
2612 456 2662 502 te
2686 448 2850 503 certis
2880 449 3212 504 astruximus
3239 465 3361 504 esse
3388 449 3596 516 relatis,

2120 601 2132 612 ο
2197 536 2501 592 lnformare
2541 538 2649 593 tuis
2680 540 2859 608 possis
2884 540 2974 609 qui
3004 539 3204 595 falibus
3228 540 3368 605 illos,

2194 626 2324 696 Ejus
2354 643 2475 683 cum
2502 629 2670 684 vitam
2700 630 2998 685 dismssius
3029 632 3141 701 ipse
3166 633 3437 701 probaris,

2195 719 2498 789 Discipulus
2524 719 2715 786 fueris,
2748 730 2977 799 cunctos
3003 723 3291 792 agnoveris
3328 733 3520 787 actus;

2192 807 2270 865 Ne
2291 811 2491 882 pigeat,
2523 813 2776 882 petimus,
2808 813 2893 868 bis
2922 815 3184 877 scribere.
3222 831 3475 885 promere
3504 832 3683 873 verum

2193 901 2439 959 lnsontes
2466 904 2602 960 solvi
2637 914 2694 959 ut
2716 908 2931 961 valeant
2965 908 3244 964 erroribus
3275 909 3492 964 borum.
3537 929 3555 963 ι

1957 1052 2185 1111 CAPUT
2223 1053 2337 1110 VII.

1565 1141 1771 1201 Relatio
1814 1144 2055 1201 Marcelli
2081 1148 2145 1203 de
2172 1148 2443 1203 miraculis
2470 1146 2638 1201 sancti
2674 1144 2846 1201 Petri.

497 1268 626 1326 Haec
661 1280 875 1339 quoque
897 1262 1151 1321 rescribit
1183 1262 1355 1319 solers
1380 1259 1667 1315 Marcellus
1694 1259 1760 1314 ad
1793 1259 1896 1315 ista
1926 1278 1939 1314 :

500 1378 520 1412 ι
560 1358 794 1417 Almilici
824 1355 1038 1411 Domini
1068 1352 1196 1408 Jesu
1226 1352 1310 1422 pia
1338 1351 1511 1422 gratia
1545 1359 1742 1404 tecum.

495 1451 780 1509 Marcellus
805 1464 977 1521 prono
1002 1446 1205 1503 Christi
1236 1444 1514 1500 molimine
1548 1457 1739 1499 servus

493 1544 669 1603 Nereo
690 1553 744 1599 et
762 1540 1008 1598 Achilleo
1030 1538 1373 1610 praeconibus
1396 1535 1554 1591 almis

491 1637 901 1696 Grammatibus
929 1633 1127 1690 vestris
1148 1632 1236 1703 pia
1275 1629 1486 1701 gaudeo
1520 1629 1718 1701 gaudia
1750 1628 1927 1693 lectis,

486 1726 814 1788 Constantes
841 1725 1110 1796 siquidem
1138 1737 1236 1778 vos
1261 1734 1495 1791 corpore
1523 1719 1701 1774 sentio
1728 1728 1783 1774 et
1809 1731 1937 1782 ore,

485 1820 838 1890 Sollicitoque
863 1815 1031 1887 proba
1061 1829 1160 1885 pro
1188 1827 1321 1869 vero
1349 1812 1604 1866 insistere
1636 1822 1812 1880 pugna
1838 1825 1853 1860 :

482 1912 766 1983 Objectum
796 1910 891 1966 sed
915 1907 1060 1963 enim
1093 1905 1382 1969 innocuum
1406 1902 1533 1972 quia
1567 1900 1704 1955 forte
1735 1899 2015 1955 Simonem

482 2000 927 2069 Promitis,'ltinc
955 1996 1134 2066 aliqua
1160 1995 1408 2067 qutcdatn
1434 2007 1532 2071 pro
1561 2000 1712 2063 parte
1739 1989 1985 2055 fatebor,

480 2099 527 2154 E
556 2095 744 2169 paucis
763 2106 996 2165 pensare
1027 2090 1134 2146 cati
1167 2103 1277 2159 quo
1303 2085 1535 2157 plurima
1573 2083 1775 2139 norint.

480 2188 658 2258 Ipsius
685 2182 950 2241 asseclam
978 2180 1097 2236 fore
1125 2192 1212 2234 me
1244 2192 1371 2233 nam
1401 2175 1633 2247 contigit
1654 2174 1782 2231 olim
1814 2189 1825 2226 ς

481 2281 656 2347 Quem
696 2276 825 2331 dum
857 2273 1106 2329 fictorem
1153 2278 1320 2340 atque
1361 2281 1576 2338 magum
1608 2305 1622 2333 ,
1655 2278 1860 2336 perque
1891 2261 2073 2317 omnia

1693 2356 1722 2429 1
1751 2372 2002 2425 nequam,

477 2464 859 2533 infantumque
887 2467 1228 2523 occatorem,
1260 2455 1547 2525 dirumque
1575 2451 1890 2522 probassem
1913 2489 1930 2517 ,

480 2555 731 2620 Deserui,
759 2554 1032 2623 Petroque
1067 2551 1214 2605 viam
1244 2546 1562 2618 complexus
1585 2542 1811 2598 adluesi.

479 2651 635 2706 Hunc
668 2649 1054 2704 Zoroastreum
1084 2646 1352 2697 memorat
1381 2638 1509 2692 dum
1542 2634 1960 2698 Samaritanus,

475 2742 643 2813 Inque
662 2739 844 2795 odium
873 2733 1056 2807 populi
1087 2739 1296 2787 mentes
1323 2728 1648 2784 accenderet
1674 2725 1814 2794 ejus,

474 2836 617 2891 Ecce
647 2837 869 2901 repente
899 2827 988 2881 ubi
1018 2825 1293 2880 sincerum
1324 2819 1585 2890 carpebat
1612 2817 1848 2886 iniquus,

474 2925 658 2982 Turba
683 2921 859 2993 ampla
889 2918 1125 2989 stipante
1152 2914 1355 2978 virum,
1386 2910 1655 2967 transibat
1677 2906 1878 2962 amaris

470 3018 801 3073 Lamentans
829 3008 1088 3080 lacrymis
1118 3005 1307 3061 orbata
1334 3012 1391 3058 ut
1428 3000 1647 3065 femina,
1679 2997 1836 3067 cujus

473 3107 681 3164 Unicus
708 3102 982 3160 occiderat
1005 3105 1221 3170 gnatus,
1254 3108 1561 3163 nomenque
1584 3089 1826 3161 parentis

469 3197 783 3255 Abstulerat
805 3193 1002 3257 viduae,
1029 3189 1246 3260 gemino
1269 3201 1389 3256 qua:
1417 3182 1681 3253 squallida
1712 3181 1892 3235 busto.

472 3290 572 3345 llic
599 3286 812 3357 Cephas
841 3284 1050 3340 Simoni
1079 3289 1327 3337 assuetos
1358 3277 1555 3333 affatur
1591 3275 1798 3329 amicos
1831 3288 1846 3327 :

475 3400 493 3433 ι
536 3379 635 3445 lte,
656 3376 786 3442 viri,
817 3389 1053 3447 praesens
1075 3375 1279 3428 feretro
1305 3370 1505 3425 nudate
1530 3368 1779 3430 cadaver,

460 3491 494 3524 οι
541 3471 741 3541 Sicque
766 3469 994 3540 probate
1021 3465 1180 3521 fidem
1211 3480 1224 3517 :
1252 3462 1338 3518 cui
1365 3476 1533 3527 mors,
1560 3458 1748 3514 audire
1777 3464 1985 3527 parata,

471 3582 491 3614 ι
537 3559 850 3616 Reddiderit
882 3556 1145 3628 praedam,
1175 3552 1467 3621 invitisque
1494 3546 1769 3604 remiserit
1797 3545 1988 3600 antris.
2031 3565 2050 3599 ι

469 3655 589 3722 Quo
618 3652 766 3707 dicto
790 3649 979 3721 Magus
1000 3647 1251 3716 erigitur;
1281 3643 1619 3711 nimiumque
1648 3638 1881 3709 superbe
1908 3655 1920 3692 :

473 3766 492 3799 ι
527 3747 692 3803 Istum
723 3759 822 3815 ego
848 3743 893 3798 si
926 3743 1167 3796 functum
1203 3735 1394 3792 vinclis
1424 3732 1709 3789 absolvero
1740 3730 1892 3796 lethi,

468 3857 489 3891 ι
526 3839 680 3894 Hunc
701 3837 925 3891 Petrum
952 3839 1268 3888 nostrumne
1298 3825 1597 3882 necabitis?
1634 3825 1781 3880 ilicet
1808 3824 2018 3877 hostem

472 3951 491 3983 ι
532 3929 721 3985 Vivum
752 3926 933 3998 (turba
960 3922 1164 3994 fremit)
1193 3920 1424 3976 flammis
1457 3917 1781 3972 torrebimus
1810 3913 1975 3969 atris?
2003 3933 2022 3965 ι

467 4020 688 4075 lnvocat
710 4017 897 4072 illusos
921 4013 1177 4069 callentes
1202 4009 1391 4065 fraude
1422 4008 1721 4071 ministros,

464 4109 794 4180 Atracioque
819 4103 1121 4161 ministerio
1151 4110 1330 4156 motus
1355 4099 1530 4169 quatit
1558 4107 1741 4163 artus;

464 4200 582 4267 Quo
608 4199 725 4254 viso
753 4196 932 4269 populi
964 4194 1172 4248 laudem
1194 4190 1407 4259 jactare
1433 4188 1691 4254 Simonis,

463 4288 767 4344 l’ernicicm
799 4285 942 4341 Petri
972 4283 1170 4339 stolido
1200 4281 1393 4336 saavire
1427 4279 1676 4333 tumultu.

469 4383 535 4436 At
561 4381 745 4435 senior
769 4384 1045 4442 constans,
1075 4373 1231 4429 turba
1264 4371 1351 4426 vix
1381 4368 1661 4441 pacifit-ata
1690 4387 1715 4449 :_

467 4491 487 4524 ι
525 4471 581 4527 Si
616 4470 796 4527 reduci
824 4467 1038 4524 fervore
1068 4464 1231 4530 calet,
1260 4463 1518 4533 vivitque,
1548 4460 1820 4531 loquatur,
1857 4480 1875 4513 ο

456 4562 641 4637 lnquit
669 4583 688 4617 ι
720 4570 774 4618 et
803 4559 1036 4625 incedat,
1070 4555 1337 4621 comedat,
1372 4569 1466 4608 sua
1499 4560 1639 4607 tecta
1671 4553 1906 4617 revisat;

464 4676 483 4709 ι
521 4656 578 4713 Si
607 4671 737 4713 vero
768 4655 875 4711 ista
898 4652 1108 4724 nequit,
1141 4650 1248 4704 falli
1278 4663 1376 4703 vos
1403 4658 1520 4703 arte
1547 4646 1771 4717 probate
1797 4663 1810 4699 :
1850 4664 1870 4696 ι

455 4734 737 4804 Acclamat
761 4746 954 4817 vulgus
985 4743 1283 4799 connivens
1309 4747 1491 4795 mente
1515 4747 1753 4808 recepta,

455 4841 552 4896 Sin
582 4854 738 4894 secus
766 4838 911 4892 bunc
937 4835 1213 4890 Simonem
1240 4831 1387 4887 Petri
1418 4840 1683 4884 tormenta
1717 4828 1965 4900 fatigent.

450 4932 595 4984 Iram
624 4927 711 4983 fur
738 4927 997 4984 simulans
1018 4924 1155 4996 petit
1185 4929 1499 4991 argumenta
1528 4919 1750 4985 latendi,

451 5020 835 5089 Secedensque
858 5017 1004 5088 fuga,
1033 5016 1263 5085 capitur,
1286 5014 1533 5082 foedeque
1567 5020 1796 5075 tenetur,

451 5113 820 5183 Servaturque
846 5124 1068 5182 pavens,
1097 5109 1269 5163 donec
1296 5107 1487 5161 Petrus
1513 5106 1614 5159 ista
1637 5111 1876 5174 perorat,

450 5206 719 5254 Exnansis
742 5204 880 5254 cmlo
904 5202 1152 5254 manibus
1176 5218 1189 5254 :
1225 5218 1242 5252 ι
1271 5199 1588 5253 Dominator
1615 5197 1758 5254 lesu.

2108 1677 2157 1738 B

2194 1279 2213 1314 ι
2243 1248 2352 1343 Qui
2380 1270 2503 1316 cum
2530 1258 2693 1314 Patre
2724 1268 2814 1314 tuo
2842 1258 3048 1324 vivens,
3090 1267 3145 1316 et
3175 1258 3421 1319 Flamlnc
3446 1274 3627 1320 sancto
3647 1305 3664 1330 ,

2193 1371 2213 1406 ε
2249 1354 2385 1409 Vitae
2413 1356 2576 1424 regna
2606 1361 2777 1420 tenes,
2807 1362 2863 1409 et
2891 1352 2945 1410 in
2974 1355 3153 1410 omnia
3186 1357 3382 1412 saecula
3413 1373 3622 1429 regnas.
3661 1369 3678 1411 ι

2163 1448 2312 1519 ,ιιωο
2334 1449 2404 1504 ad
2429 1457 2551 1503 vota
2580 1449 2735 1519 niger
2758 1448 2958 1521 Stygiis
2979 1450 3264 1505 adducitur
3292 1449 3502 1504 umbris

2165 1527 2606 1612 ~Exsurgensque
2636 1540 2781 1595 Petri
2811 1542 3035 1609 vestigia
3061 1557 3263 1609 pronus
3291 1542 3520 1597 adorat:

2190 1650 2209 1684 ι
2244 1630 2389 1701 Vidi,
2423 1633 2594 1697 aiens,
2629 1631 2915 1686 Dominum
2945 1630 3127 1687 Jesum
3155 1633 3413 1687 mandare
3438 1630 3693 1686 ministris

2189 1738 2208 1773 ε
2246 1721 2322 1776 De
2353 1736 2438 1776 me
2462 1720 2746 1787 coelicolis,
2775 1736 2836 1777 ac
2865 1720 2988 1776 talia
3020 1720 3168 1790 jussa
3194 1723 3459 1777 ferentem
3484 1739 3500 1776 :

2188 1831 2207 1865 ι
2247 1813 2352 1870 Pro
2379 1814 2521 1870 votis
2548 1814 2716 1880 Petri,
2750 1814 2919 1869 nostri
2948 1815 3253 1870 constantis
3279 1815 3465 1882 amici,

2186 1922 2205 1956 ι
2240 1903 2520 1959 Reddatur
2546 1905 2704 1959 matri
2737 1905 2912 1960 vidua:
2942 1920 3074 1974 puer
3100 1906 3294 1961 unicus
3322 1907 3444 1961 iste.
3480 1923 3503 1960 ι

2179 1995 2225 2050 lt
2252 1995 2391 2051 caelo
2421 2000 2632 2051 sonitus
2658 1994 3014 2062 clamantum,
3050 2013 3117 2052 ac
3144 2013 3277 2053 voce
3308 1998 3547 2053 virorum
3577 2016 3591 2051 :

2185 2106 2203 2141 ι
2238 2088 2337 2145 llic
2366 2090 2508 2145 Deus
2539 2099 2622 2144 est
2648 2090 2795 2145 solus
2827 2090 2973 2145 Petri
2996 2106 3158 2163 quem
3189 2091 3450 2160 praedicat
3475 2101 3644 2146 actus.
3672 2108 3695 2144 ι

2175 2179 2409 2251 Angitur
2432 2179 2644 2235 illector
2666 2188 2827 2250 caput
2858 2179 3184 2250 indutusque
3214 2179 3433 2234 molossi

2174 2269 2396 2340 Appetit
2420 2268 2698 2340 effugium,
2732 2270 2979 2338 sequitur
3004 2271 3240 2324 clamore
3269 2277 3515 2333 caterva,

2173 2361 2461 2418 Arctatutn
2494 2370 2660 2428 tenet,
2694 2361 2922 2417 ultorem
2950 2375 3167 2432 quoque
3195 2368 3471 2432 praeparat
3500 2363 3683 2431 ignem.

2173 2455 2516 2527 Approperat
2539 2455 2753 2525 Cepltas
2779 2470 2961 2511 acrem
2989 2456 3182 2511 sedare
3214 2455 3505 2509 tumultum

2173 2545 2299 2601 Haec
2324 2546 2575 2602 inhibens
2605 2555 2661 2601 et
2693 2546 2783 2601 tali
2813 2547 3025 2603 animos
3053 2545 3312 2601 affamine
3335 2545 3617 2602 mulcens:

2177 2659 2196 2692 ι
2230 2639 2425 2696 Noster
2449 2655 2550 2695 nos
2581 2640 2762 2695 docuit
2785 2640 3053 2711 patientes
3083 2640 3264 2694 vivere
3291 2639 3485 2694 doctor

2177 2750 2196 2784 ‹
2226 2730 2336 2787 Nec
2351 2730 2489 2786 mala
2514 2730 2655 2786 ferre
2667 2730 2842 2797 malis,
2861 2730 2987 2801 quin
3011 2729 3206 2784 blanda
3223 2728 3521 2799 rependere
3536 2725 3695 2783 savis.
3714 2742 3733 2777 ι

2170 2823 2281 2880 Hoc
2311 2823 2425 2880 sale
2456 2824 2685 2892 respersi
2718 2824 2896 2878 dirum
2928 2823 3127 2878 misere
3149 2822 3428 2886 caninum,

2169 2916 2269 2984 Qui
2299 2916 2543 2971 bonitate
2569 2915 2716 2970 Petri
2745 2915 2904 2981 liber,
2933 2915 3028 2970 sed
3053 2916 3296 2971 dmmone
3321 2913 3558 2978 vinctus,

2089 3037 2135 3100 ο
2168 3006 2251 3062 Me
2280 3008 2433 3078 petit,
2467 3006 2721 3077 ignorare
2745 3016 2945 3076 putans
2969 3022 3090 3076 qua:
3117 3013 3267 3075 gesta
3296 3005 3576 3076 patebant,
3650 3044 3657 3051 .

2164 3098 2573 3167 immanemque
2597 3114 2788 3154 canem
2821 3099 2911 3153 vix
2940 3096 3114 3154 ferrea
3145 3097 3322 3153 vincla
3351 3103 3659 3167 sequentem

2163 3190 2345 3246 Vincit
2372 3190 2426 3245 in
2459 3190 2741 3261 ingressu:
2777 3209 2795 3243 α
2833 3190 3117 3245 liideamus
3143 3190 3187 3244 si
3218 3188 3643 3258 Petrus,'aiens,

2167 3300 2185 3333 ι
2218 3281 2335 3336 lluc
2364 3288 2416 3335 te
2441 3281 2732 3337 sollicitare
2758 3281 2938 3337 solens
2972 3282 3179 3335 intrare
3204 3280 3427 3336 valebit.
3465 3298 3486 3334 ι

2157 3370 2230 3425 At
2262 3370 2456 3439 Petrus
2485 3372 2799 3435 adveniens,
2827 3371 3044 3442 longum
3070 3386 3245 3440 neque
3266 3371 3462 3425 deinde
3490 3376 3733 3435 moratus,

2159 3463 2363 3519 Ferrea
2391 3480 2529 3519 nexa
2559 3464 2689 3520 fera:
2716 3464 2896 3519 crucis
2923 3463 2987 3517 ad
3017 3463 3295 3534 signacula
3320 3462 3504 3528 solvit,

2157 3553 2500 3625 lnjungitqu--
2532 3555 2653 3610 cani
2685 3554 2938 3609 mandata
2968 3551 3191 3608 ferenda
3219 3552 3440 3617 canino,

2159 3643 2228 3699 Ut
2255 3659 2415 3699 sensu
2445 3654 2659 3715 captum
2690 3643 2868 3698 valeat
2895 3644 3094 3714 quibus
3123 3643 3367 3711 increpet
3394 3641 3555 3697 orsis.

2155 3734 2304 3792 Vade
2331 3735 2545 3801 lubens,
2574 3735 2781 3791 Simoni
2814 3734 3013 3790 furiato
3041 3734 3167 3789 talia
3192 3736 3374 3804 perfer
3398 3753 3412 3787 :

2161 3845 2181 3878 ι
2220 3827 2415 3882 Desine
2440 3827 2741 3882 daemonica
2774 3826 3033 3896 populum
3068 3826 3330 3880 seducere
3360 3823 3568 3886 fraude,

2158 3938 2178 3972 ι
2220 3918 2435 3976 Vivifici
2464 3935 2564 3990 pro
2580 3914 2702 3990 quo
2732 3918 2935 3974 Christi
2963 3918 3089 3974 data
3117 3918 3399 3989 sanguinis
3428 3919 3582 3972 unda.
3614 3934 3635 3967 ι

2152 4011 2506 4087 Conspiciens
2532 4028 2632 4083 ego
2665 4020 2816 4066 tanta
2844 4012 2942 4066 Dei
2975 4011 3259 4076 miracula,
3283 4023 3471 4074 curro,

2150 4103 2520 4172 Asternorque
2545 4101 2693 4157 Petri
2720 4101 2970 4173 pedibus,
2998 4101 3336 4172 genibusque
3367 4100 3587 4154 volutor.

2151 4193 2549 4264 Excipiensquc
2580 4195 2739 4249 domo
2762 4194 3085 4265 probrosum
3114 4193 3337 4248 climino
3366 4201 3680 4249 monstrum.

2149 4284 2222 4339 At
2247 4285 2400 4340 canis
2426 4283 2649 4339 effectus
2677 4285 2887 4340 cunctis
2918 4284 3259 4349 mitissimus,
3287 4300 3455 4339 unum

2071 4396 2123 4455 ι)
2149 4375 2459 4446 Insequitur
2480 4377 2779 4439 Simonem.
2796 4377 3127 4447 pedibusque
3151 4377 3507 4448 subopprimit
3529 4383 3720 4430 actum.

2144 4468 2562 4539 Accurrensque
2592 4468 2680 4538 pio
2708 4468 3008 4538 proclamat
3041 4469 3321 4538 apostolus
3344 4483 3439 4523 ore
3463 4486 3477 4522 :

2151 4578 2170 4613 ι
2209 4559 2436 4617 Nomine
2463 4561 2718 4631 praecipio
2746 4560 2950 4616 Christi
2979 4574 3047 4614 ne
3075 4562 3284 4615 viscera
3317 4568 3496 4615 morsu

2148 4672 2166 4704 α
2200 4651 2526 4722 Contigeris,
2556 4650 2768 4707 lanians
2796 4666 2901 4708 neu
2934 4649 3117 4706 ﬂxeris
3145 4653 3372 4707 artubus
3399 4664 3559 4705 arma.
3588 4665 3605 4698 ι

2143 4742 2243 4809 Qui
2271 4751 2540 4812 praecepta
2562 4756 2816 4813 sequens,
2829 4743 3115 4812 vitansque
3142 4742 3443 4811 irrumpere
3467 4738 3721 4801 membra,

2143 4831 2411 4887 Dilacerat
2438 4841 2665 4897 vestem,
2693 4831 2837 4886 nulla
2867 4832 3135 4902 permittit
3160 4842 3406 4902 opertam

2049 4975 2052 4978 .
2139 4923 2299 4978 Parte
2326 4938 2550 4978 manere
2579 4931 2779 4989 cutem,
2813 4924 2991 4993 carpit
3020 4922 3323 4993 retegitque
3346 4922 3615 4977 latronem.

2139 5012 2294 5069 Hunc
2322 5014 2552 5084 pupulus
2584 5021 2889 5082 nostraeque
2916 5014 3109 5068 domus
3142 5002 3240 5083 per
3268 5012 3495 5083 compita
3516 5022 3721 5069 vernae.

2141 5105 2277 5160 Cum
2305 5119 2441 5160 cane
2468 5113 2795 5175 procurrunt
2819 5102 3034 5158 Satanae
3058 5112 3308 5174 portenta
3338 5103 3592 5174 fugantes,

2136 5194 2318 5254 Atuue
2346 5196 2524 5254 lunum
2556 5196 2754 5249 mentis
2784 5194 3047 5254 vellentes
3072 5196 3344 5251 moenibus
3372 5195 3532 5251 urbis.
