3888 5330
94 217 195 274 621

88 328 344 386 Posthac
371 342 402 384 a
432 327 665 386 Domino
691 330 933 385 munitur
961 328 1238 401 aposwlus
1267 329 1387 383 istis

87 418 202 475 Per
227 418 407 474 visum
439 417 622 474 dictis.
658 438 679 472 ι
712 417 852 475 Nero
883 419 1001 474 labe
1029 419 1324 488 Simonque
1356 417 1545 487 repleti

96 528 119 561 ι
152 509 232 564 Te
256 516 447 565 contra
476 507 696 565 fraudes
724 510 952 582 agitant,
987 510 1083 565 tibi
1115 510 1212 565 sed
1242 510 1404 565 timor
1428 510 1591 577 absit,

94 620 120 656 ι
158 602 367 674 Nempe
390 618 492 674 ego
518 618 637 659 sum
667 612 848 659 tecum
878 602 1070 658 valida:
1096 603 1396 659 munimine
1421 618 1645 674 parma),

101 714 123 746 ι
162 696 347 766 Atque
376 696 481 751 mei
510 695 655 752 servi
686 696 780 751 tibi
809 697 878 752 do
904 695 1098 752 solatia
1126 696 1307 763 Pauli;
1526 695 1693 770 [retis

94 805 116 838 ς
154 786 295 843 Cras
338 787 566 844 Romam
613 789 945 860 ingreditur,
993 805 1217 857 cernes,
1256 788 1564 862 bellumque
1602 804 1694 860 ge-

97 898 121 931 σ
156 879 410 938 Perversi
442 892 633 938 contra
667 882 908 939 Simonis
934 883 1165 939 ludibria
1194 883 1371 954 nigra.
1518 879 1690 953 [mis,

94 987 121 1021 ς
155 970 332 1038 Quem
366 971 572 1045 Stygiis
608 980 894 1044 postquam
938 972 1136 1030 dabitis
1176 973 1278 1030 sub
1306 981 1512 1029 tartara
1541 971 1694 1028 llam-

667 194 767 273 .DE
799 212 1079 273 CHRISTI
1115 213 1497 272 TRIUMPIISS
1538 212 1724 269 APUD
1763 211 2045 269 ITALIAM
2083 211 2263 270 LIBRI
2294 211 2436 271 XIV.
2466 244 2537 255 —
2561 213 2691 270 LIB.
2734 214 2799 271 Il.

3268 213 3381 273 6ὶὶ

1715 335 1767 395 Α
1802 345 1821 379 ι
1857 306 2196 382 Victoresad
2224 342 2308 382 me
2335 327 2540 398 pariter
2569 328 2841 384 scandetis
2873 326 2923 383 in
2957 335 3141 383 astra:
3182 348 3201 380 ι

1796 418 1905 475 Nec
1931 435 2104 486 mora,
2131 421 2271 476 dicta
2294 430 2509 492 patent;
2537 422 2763 478 Paulum
2785 423 2875 478 lux
2896 424 3130 480 crastina
3153 420 3379 495 praebet.

1797 513 1869 569 Ut
1888 514 1989 569 sibi
2019 515 2316 585 conspecti,
2345 527 2469 587 post
2497 532 2619 572 cum
2651 516 2858 574 latrone
2885 519 3191 591 palmstram

1796 604 1971 672 Quam
1999 605 2240 672 tulerint,
2276 605 2501 664 Phaabcs
2528 618 2735 680 septem
2763 610 3096 666 discursibus
3120 611 3291 681 actis,

1797 697 1990 752 Omnia
2020 709 2319 769 prtescntes
2345 715 2470 757 cum
2502 717 2598 757 vos
2628 703 2829 759 vidisse
2854 714 3121 776 patescat.

1796 787 1973 843 Futile
2001 791 2252 861 perspexi
2279 807 2378 848 vos
2402 792 2518 848 haec
2550 802 2656 847 tam
2690 804 2814 849 nota
2843 796 3059 864 docere,

1797 874 1932 931 Cum
1957 877 2129 935 Linus
2156 879 2281 936 an:
2308 881 2563 938 Ecclesiae.
2588 899 2839 940 sermone
2860 884 3085 959 Pelasgo

1797 965 2003 1025 [lorum
2030 972 2357 1044 conspicuos
2379 974 2643 1031 bellorum
2672 978 2931 1035 evolvcrit
2960 989 3134 1036 actus.

1516 1145 1746 1204 CAPUT
1783 1147 1914 1205 VIII.

1464 1261 1542 1319 De
1570 1272 1753 1318 sancta
1795 1259 2112 1317 I’etrou'lt‘a.

94 1415 118 1450 ι
152 1396 234 1453 De
262 1395 464 1452 domini
492 1395 638 1452 Petri
675 1393 966 1451 Petronilla
993 1393 1143 1465 prole
1169 1392 1349 1448 beata.

96 1488 232 1558 Ejus
261 1502 368 1558 quo
399 1487 564 1545 fuerit
586 1487 885 1543 certamine
918 1494 1061 1540 meta
1095 1484 1266 1540 labori

95 1578 298 1633 Paucis
324 1579 604 1650 expediam
632 1578 838 1648 jussus,
867 1592 987 1649 qua:
1012 1577 1207 1633 clinica
1239 1575 1382 1632 facta
1412 1585 1516 1643 est,

92 1668 167 1725 Ut
193 1670 386 1735 nostis,
415 1685 515 1740 pro
541 1669 679 1725 velle
701 1669 898 1733 Patris,
930 1669 1181 1740 interque
1215 1669 1384 1726 fuisse

90 1760 205 1817 Vos
232 1763 455 1817 memini
485 1762 688 1833 plures,
720 1762 861 1833 apud
893 1762 1037 1818 hunc
1065 1778 1189 1819 cum
1215 1761 1602 1833 discipulorum

97 1852 335 1907 Prandia
359 1862 619 1910 consuete
640 1854 850 1927 gemina
878 1868 1196 1925 caperemus
1223 1853 1292 1909 ab
1322 1869 1466 1919 esca,

94 1942 237 1998 Dum
259 1945 634 2014 prandendum
659 1946 802 2000 inter
827 1944 1096 2001 seniorem
1124 1945 1196 1999 ita
1227 1945 1382 2000 Titus
1406 1945 1670 2002 adorsus:

98 2049 121 2083 ε
152 2030 291 2087 Cum
319 2049 418 2105 per
443 2042 496 2089 te
521 2034 704 2090 cuncti
736 2036 941 2091 morbis
971 2044 1296 2106 vegetentur
1322 2034 1522 2103 anheli,

104 2140 124 2174 α
162 2121 278 2179 Cur
304 2126 605 2198 paralytica
636 2126 931 2199 negligitur
953 2126 1247 2183 Petronilla
1276 2127 1507 2198 jacere?

93 2243 166 2257 ——
195 2236 217 2270 ι
256 2217 509 2291 Expedit,
541 2218 737 2290 inquit,
764 2219 813 2274 ei
844 2219 1053 2285 Petrus,
1085 2219 1178 2275 sed
1210 2234 1277 2274 ne
1307 2218 1593 2274 videamur

104 2326 123 2359 ι
156 2307 433 2364 Excusare
470 2309 856 2379 impossibilem
885 2325 1138 2365 sermone
1169 2308 1462 2375 medelam,

105 2414 125 2447 ι
162 2395 505 2468 Surge,rape
526 2398 760 2453 olIicium
783 2398 996 2466 celeris,
1028 2398 1347 2466 Petronilla,
1375 2398 1692 2454 ministram

103 2487 289 2561 Surgit
313 2498 368 2544 at
396 2490 509 2546 hanc
540 2491 692 2563 virgo
718 2492 1004 2548 incolumis
1020 2493 1371 2564 gaudensque
1399 2493 1693 2561 ministrat;

102 2577 375 2649 Obsequio
404 2581 667 2653 explicito
694 2584 974 2654 preprium
1002 2584 1071 2641 de
1100 2599 1251 2641 more
1282 2585 1571 2657 grabatum

103 2668 422 2741 Pracipitur
458 2680 708 2742 repetens
734 2672 893 2730 solito
922 2674 1182 2747 languore
1211 2684 1517 2747 gravescat.

105 2756 231 2826 Quae
257 2769 547 2831 postquam
573 2777 695 2818 esse
723 2763 819 2819 Dei
852 2766 1014 2836 cmpit
1044 2764 1287 2837 perfecta
1314 2767 1510 2822 timore

107 2845 319 2918 Optime
347 2865 482 2905 sana
509 2852 678 2922 viget,
707 2854 927 2909 morbos
954 2854 1084 2925 quin
1115 2854 1363 2925 pluribus
1388 2863 1559 2909 arcet.

108 2937 229 2996 llaec
253 2941 510 3010 quoniam
543 2941 683 2997 facie
708 2943 935 2998 nimium
971 2945 1216 3015 speciosa
1245 2944 1484 3010 nitebat,

109 3029 330 3088 Flaccus
355 3047 478 3088 eam
505 3047 693 3089 comes
722 3049 949 3090 uxorem
981 3035 1035 3089 vi
1065 3035 1264 3089 ducere
1298 3042 1503 3101 tentat;

110 3120 271 3191 Quem
296 3139 423 3181 cum
451 3125 718 3182 militibus
752 3127 1055 3183 venientem
1087 3126 1161 3181 ita
1191 3125 1327 3181 ludit
1353 3136 1411 3182 et
1433 3124 1602 3180 armis

1799 1392 1966 1464 Virgo
1996 1391 2113 1456 Dei,
2142 1391 2318 1462 patrio
2342 1389 2478 1445 lucis
2501 1397 2770 1460 praecauta
2799 1386 2984 1443 favore
3008 1404 3023 1441 :

1802 1502 1822 1536 ι
1856 1484 2085 1537 Arman
2113 1481 2284 1537 facilis
2310 1496 2484 1537 cuneo
2509 1480 2650 1551 petis
2676 1490 2831 1533 antra
2869 1477 3056 1549 puella:
3078 1477 3103 1533 τ

1803 1594 1822 1627 ι
1857 1572 1914 1630 Si
1942 1590 2027 1630 me
2057 1574 2313 1645 legitimis
2345 1574 2439 1629 tibi
2465 1572 2548 1627 vis
2577 1570 2904 1642 conjungere
2934 1570 3107 1634 taedis,

1801 1682 1821 1717 ι
1860 1662 2156 1730 Matronas,
2186 1663 2329 1718 clara
2357 1676 2575 1733 quoque
2601 1662 2909 1733 virginitate
2937 1659 3183 1731 puellas,

1802 1773 1822 1808 ι
1854 1754 1985 1811 Post
2008 1765 2118 1810 tres
2142 1755 2296 1810 mitte
2318 1754 2457 1819 dies,
2482 1768 2603 1808 cum
2625 1754 2780 1822 queis
2804 1761 2891 1806 tua
2920 1751 3119 1807 moenia
3143 1750 3334 1807 visam.
3357 1767 3380 1803 ι

1725 1837 1774 1899 Β
1801 1846 2036 1903 Obtento
2063 1847 2217 1916 virgo
2244 1846 2347 1901 hoc
2373 1845 2572 1914 spatio,
2595 1844 2812 1899 virtutis
2838 1844 3044 1899 honore

1799 1940 1933 1997 Sese
1960 1939 2268 2012 prtemunit,
2293 1939 2568 2009 castisque
2597 1938 2886 1993 monilibus
2914 1945 3097 2001 ornat,

1796 2034 2096 2090 Continuas
2118 2046 2282 2087 orans
2304 2030 2507 2101 jejunia
2539 2030 2690 2084 ducit
2719 2029 2771 2084 in
2802 2028 2985 2084 horas.

1796 2125 2048 2197 Jungitur
2073 2125 2200 2180 huic
2224 2123 2438 2179 Domini
2469 2122 2705 2179 Felicnla
2734 2122 2878 2178 clara
2910 2122 3108 2176 timore

1798 2215 1971 2288 llujus
1996 2224 2150 2288 grata
2180 2229 2363 2271 comes
2390 2229 2487 2270 ceu
2519 2214 2851 2270 collactanea
2879 2214 3053 2285 virgo.

1799 2308 1982 2365 Tertia
2017 2307 2107 2361 lux
2137 2305 2301 2362 rutilo
2331 2305 2620 2375 spargebat
2646 2303 2847 2358 lumine
2872 2311 3067 2368 terras,

1798 2400 1867 2456 Et
1902 2399 2209 2455 Nicomedis
2234 2399 2388 2454 adest
2415 2397 2725 2453 Petrouilla:
2750 2397 3050 2468 presbyter,
3082 2405 3245 2467 atque

1800 2492 1967 2549 Sacra
1998 2490 2086 2562 pio
2121 2489 2360 2545 celebrat
2389 2489 2495 2544 ritu
2524 2490 2778 2560 mysteria
2810 2487 3033 2542 Christi.

1799 2582 1964 2654 Virgo
1996 2580 2085 2636 ubi
2116 2580 2357 2637 caelestis
2382 2581 2568 2636 divino
2607 2592 2831 2634 munere
2859 2586 3039 2648 pasta,

1797 2676 2061 2729 Aversata
2093 2682 2292 2739 torum,
2324 2672 2618 2743 astrigeros
2645 2669 2965 2726 conscendit
2999 2670 3052 2723 in
3083 2683 3234 2723 axes.

1799 2764 2037 2833 Contigit
2064 2772 2169 2830 ast,
2198 2762 2414 2817 Domini
2446 2762 2569 2817 divo
2597 2758 2966 2816 moderamine
2995 2768 3224 2830 gestum,

1806 2854 1874 2910 Ut
1903 2854 2101 2909 chorus
2133 2854 2391 2925 innuptus
2422 2863 2901 2921 matronarumque
2935 2859 3154 2905 caterva

1799 2947 1844 3000 A
1876 2946 2071 3000 Flacco
2098 2945 2165 2999 ad
2194 2946 2383 3010 tardas,
2415 2960 2446 2999 a
2477 2943 2694 2998 Christo
2720 2944 2786 2997 ad
2819 2943 3011 2997 funera
3040 2942 3225 3007 ducta,

1802 3034 2038 3108 Virginis
2070 3034 2263 3090 illustri
2299 3020 2589 3104 eivseqnias
2616 3032 2916 3089 celebraret
2943 3032 3172 3091 honore.

1572 3214 1801 3272 CAPUT
1852 3213 1942 3269 IX.

1477 3323 1555 3381 Dc
1583 3317 1767 3381 sancta
1798 3322 2089 3379 Felicula.’

116 3457 134 3491 ι
164 3440 231 3495 At
256 3453 464 3506 comes,
494 3447 749 3496 avertens
772 3438 1034 3506 animum,
1068 3438 1261 3494 solatia
1291 3437 1486 3495 saltem

113 3526 343 3601 Virginis
368 3543 638 3600 usurpare
665 3528 824 3598 petit,
860 3545 879 3579 ι
913 3527 1175 3593 Felicula,
1206 3527 1413 3593 dicens,

120 3636 138 3672 ι
168 3620 350 3677 Rebus
376 3621 444 3677 de
470 3621 702 3693 geminis
731 3620 826 3675 tibi
853 3620 1025 3690 delige
1054 3618 1353 3690 quamlibet
1381 3635 1576 3687 unam;

120 3730 137 3764 ι
169 3714 274 3769 Aut
296 3730 420 3770 mea
450 3714 529 3770 sis
557 3714 778 3789 conjnx,
810 3721 907 3768 aut
935 3713 1017 3769 dls
1046 3712 1303 3768 libamina
1337 3712 1501 3769 funde
1535 3733 1581 3766 ι.

116 3806 198 3861 Illa
223 3824 238 3862 :
273 3826 293 3859 ι
320 3805 435 3862 Nec
459 3822 601 3861 uxor
627 3821 723 3862 ero
751 3815 860 3872 tua,
891 3822 1010 3861 sum
1038 3806 1163 3877 quia
1191 3821 1344 3860 sacra
1377 3805 1629 3871 Tonanti,

123 3912 142 3946 ι
172 3896 278 3952 Nec
299 3897 483 3953 libabo
509 3898 650 3964 deis,
680 3897 807 3967 quia
836 3912 956 3952 sum
982 3896 1270 3951 vernacula
1298 3895 1523 3951 Christi.
1569 3915 1587 3948 ο

118 3985 358 4043 Carniﬁci
386 3986 618 4043 Flaccus
648 3986 1004 4057 torquendam
1036 3986 1201 4039 tradit
1225 3986 1417 4052 atroci,

122 4076 325 4135 Mandat
344 4088 402 4135 et
432 4078 635 4134 includi
669 4077 941 4134 tenebrosi
979 4078 1030 4132 in
1061 4077 1297 4132 claustra
1330 4077 1544 4133 cubilis.

123 4167 398 4242 Linquitur
426 4172 519 4226 hic
541 4180 751 4241 septem
782 4169 989 4240 absque
1015 4169 1137 4224 cibo
1169 4179 1413 4240 perstare
1440 4170 1655 4237 diebus,

124 4259 172 4315 In
201 4279 362 4334 quam
389 4262 677 4319 custodum
700 4259 935 4333 perﬂant
963 4259 1189 4331 hujusce
1217 4261 1425 4315 maritae
1449 4279 1463 4315 :

130 4374 145 4407 ι
173 4356 320 4414 Heu!
354 4362 456 4415 cur
481 4365 660 4413 morte
683 4356 824 4412 mala
851 4370 1117 4428 properas
1145 4355 1408 4410 decedere
1432 4354 1578 4409 vita?

132 4469 148 4500 ι
173 4450 331 4507 Sume
340 4453 519 4508 virum
535 4448 1185 4519 celebremjuvenemquc
1201 4456 1255 4504 et
1268 4448 1428 4503 rebus
1440 4447 1698 4519 opimum,

137 4557 155 4591 ‹
182 4542 532 4610 Formosum,
572 4541 941 4612 comitemque
975 4548 1251 4611 potentem
1298 4547 1353 4593 et
1392 4539 1533 4609 regis
1563 4537 1700 4593 anti-

1393 4628 1570 4701 [cum.
1607 4648 1627 4680 ι

131 4721 207 4776 ιιι..
230 4724 363 4780 nihil
390 4733 584 4783 contra
608 4724 712 4780 nisi
746 4730 955 4779 tantttm
983 4722 1100 4779 haec
1128 4719 1290 4776 edere
1314 4728 1508 4775 curat:

1727 3426 1773 3487 C
1805 3429 2182 3505 llcbdontada,
2219 3438 2451 3511 impuris
2482 3439 2705 3497 minime
2736 3440 2997 3497 suadetur
3028 3455 3217 3498 eorum

1805 3527 2055 3583 Serviliis
2084 3527 2254 3583 libare
2281 3529 2496 3596 cibum;
2531 3530 2881 3600 suspenditur
2910 3547 3042 3604 ergo

1804 3619 2134 3686 Tormentis,
2161 3619 2507 3691 clamatque:
2549 3607 2774 3678 (Aleum
2807 3626 2969 3679 modo
2998 3640 3225 3682 cernere
3255 3629 3393 3697 coepi

1811 3729 1829 3763 ι
1866 3709 2116 3766 Sobrium
2159 3702 2459 3767 amatorem
2495 3712 2805 3783 Christum,
2845 3732 2997 3773 tuens
3039 3726 3123 3774 est
3153 3733 3305 3773 amor
3340 3721 3396 3775 in

2356 3864 2361 3873 .
2388 3866 2399 3876 .
2456 3798 2457 3801 Ἴ
3181 3807 3323 3883 [quo

1811 3911 1829 3944 ι
1869 3892 2063 3959 Fixus;
2102 3904 2157 3948 at
2183 3895 2404 3967 hostiles
2435 3896 2683 3967 frendcnl
2721 3898 3093 3971 blaterantqne
3124 3901 3395 3960 ministri:

1809 4005 1828 4038 ι
1861 3986 2241 4041 Christicolam
2274 3997 2325 4043 te
2353 4000 2405 4043 te
2436 4004 2555 4044 esse
2586 4006 2743 4059 nega,
2774 4007 3073 4063 pcrgesque
3109 3993 3299 4049 soluta.
3346 3997 3396 4065 »ι

1804 4076 2011 4131 Clamat
2040 4094 2052 4130 :
2100 4097 2118 4128 ι
2146 4078 2483 4146 Amatorem,
2512 4079 2662 4145 felix,
2704 4095 2988 4152 nunquanr
3014 4084 3125 4153 ipsa
3157 4084 3363 4156 negabo

1810 4186 1828 4219 ι
1863 4166 2030 4238 Capta
2062 4184 2265 4236 meum,
2298 4187 2385 4225 ine
2413 4172 2483 4225 sit
2506 4183 2727 4243 propter
2751 4190 2871 4229 cum
2906 4174 3029 4232 felle
3057 4176 3287 4243 cibatus,

1809 4279 1827 4312 ‹
1863 4261 2039 4331 Atque
2065 4273 2358 4319 coronatus
2389 4264 2580 4334 spinis,
2615 4276 2833 4337 potatus
2861 4278 3038 4335 aceto,

1809 4369 1827 4403 ‹
1869 4350 2183 4424 Allixusquc
2209 4354 2379 4410 cruci.
2406 4374 2426 4407 ι
2460 4354 2590 4412 Post
2617 4358 2734 4413 lucc
2765 4360 3108 4415 sanctissima
3138 4358 3321 4427 verba,

1805 4442 2067 4500 Sordibus
2095 4445 2336 4514 injicitur
2364 4463 2576 4518 spurcae
2605 4459 2877 4520 vastzeque
2908 4450 3125 4516 cloacm,

1804 4533 2026 4606 Ilacque
2054 4538 2198 4607 capit
2229 4546 2370 4593 meta
2394 4538 2517 4593 coeli
2550 4538 2785 4594 Felicula
2819 4556 3002 4611 regna.

1802 4628 1859 4683 In
1892 4628 2126 4699 speculis
2154 4630 2360 4700 positus
2385 4628 2696 4686 Nicomedis
2723 4639 2781 4686 ut
2812 4635 3005 4703 aSpicit
3030 4632 3251 4698 isthaec,
3288 4664 3291 4671 η

1806 4720 1974 4778 Nocte
1999 4721 2147 4777 venit
2178 4722 2361 4787 tacita,
2397 4723 2721 4793 rapiensque
2745 4738 2856 4779 sua:
2885 4740 3006 4782 ossa
3038 4722 3274 4792 casellar,

137 4830 153 4863 ι
181 4812 335 4888 Virgo
352 4816 572 4887 quidem
602 4814 807 4872 Christi
832 4830 976 4880 sum,
1001 4811 1207 4869 nullum
1234 4819 1430 4881 prater
1450 4810 1699 4868 eumdem
1730 4796 1781 4856 D
1808 4812 2089 4870 Curriculo
2117 4813 2287 4882 ducit,
2318 4816 2609 4887 conditque
2640 4815 2721 4870 via
2749 4815 3042 4873 Ardeatina
3064 4857 3079 4880 ,

138 4923 153 4954 ι
179 4904 398 4965 Omnino
425 4909 656 4979 accipio.
692 4927 712 4961 ι
747 4906 923 4963 Vesta:
951 4912 1075 4975 post
1101 4905 1261 4960 ducta
1292 4900 1522 4957 fovenda

136 4993 439 5071 Virginibus,
472 5000 714 5074 gaudens
739 4997 845 5053 alia
875 4998 1071 5053 durare
1099 4997 1218 5054 sine
1243 5009 1368 5051 esca

1809 4901 1955 4959 Urbe
1983 4902 2169 4974 procul
2196 4911 2402 4974 septem
2432 4902 2543 4958 fere
2571 4902 2828 4959 millibus.
2868 4905 2999 4977 Ejus
3026 4902 3227 4959 ibidem

1810 4994 2163 5052 Fructiﬁcant
2193 4994 2261 5050 ad
2285 5004 2409 5049 vota
2438 5010 2629 5066 preces
2655 5003 2774 5068 post
2802 5004 3048 5070 tempore
3077 5003 3320 5058 cuncto.

1586 5127 1822 5185 CAPUT
1860 5129 1929 5186 Χ.

1496 5239 1575 5295 De
1601 5249 1785 5295 sancto
1826 5238 2131 5298 Nicomede.
