3888 5330
508 272 620 327 623
1186 268 1581 326 FLODOARDI
1617 266 1939 324 CANONICI
1980 267 2327 327 REMENSIS
2365 268 2727 328 OPUSCULA
2767 258 3112 328 METRICA:
3471 274 3477 283 ’
3670 271 3753 326 6ῖῶ

514 382 708 439 Evolat
737 381 804 437 ad
830 380 1146 447 Dominum;
1179 380 1362 438 Tiberi
1394 381 1477 452 pia
1512 381 1754 437 membra
1784 379 2051 436 feruntur.
2132 386 2179 443 Λ
2209 379 2375 465 Inque
2399 381 2485 435 via
2517 380 2854 465 Nomentana
2882 383 3024 439 locat
3051 397 3175 439 ossa
3198 380 3390 446 beata;

512 474 755 530 Clericus
782 474 950 545 ipsius
979 473 1135 529 factis
1161 482 1216 528 et
1248 474 1466 529 nomine
1488 473 1677 540 Justus

510 562 683 621 Undis
709 564 943 635 eripiens
974 579 1169 634 corpus
1200 564 1453 635 producit
1478 564 1544 618 ad
1570 565 1783 617 hortum

513 653 572 708 1η
595 652 773 710 hiroto
802 652 1101 726 proprium,
1133 663 1189 709 ct
1220 654 1426 709 tumulo
1454 668 1621 725 prope
1653 653 1851 709 moenia
1885 654 2065 708 condit
2087 694 2101 719 ,

2208 462 2414 542 llicque
2444 472 2612 527 Deum
2639 462 2863 529 orantes
2892 483 3120 545 poscunt
3145 490 3265 544 qua:
3295 474 3454 545 digna
3490 485 3738 531 mereatur

2206 561 2460 634 Martyris
2488 565 2711 620 obtentu
2744 569 2886 637 passi
2916 583 3015 637 pro
3046 567 3263 621 nomine
3292 566 3522 630 Christi,

2205 654 2340 710 Cum
2370 654 2527 711 Patre
2554 657 2645 728 qui
2668 671 2884 729 semper
2909 666 3103 713 sancto
3124 668 3180 714 et
3201 657 3511 729 Spiramine
3539 667 3756 732 regnat.)

1992 804 2223 862 CAPUT
2279 805 2373 861 Xl.

1601 898 1679 953 De
1706 899 1958 968 martyrio
1978 908 2279 953 sanctorum
2309 895 2471 953 Nerei
2501 907 2550 952 et
2571 897 2811 951 Achillei.

510 1013 607 1068 llis
635 1014 706 1067 ita
737 1012 1000 1082 decursis,
1038 1013 1153 1067 lucc
1182 1012 1555 1067 rescrilnmtur
1581 1013 1648 1066 ad
1678 1012 1779 1066 ista
1813 1029 1825 1064 :

507 1103 743 1173 Eutyces
771 1101 1083 1157 Victorinus
1114 1100 1300 1156 Marco
1327 1102 1394 1157 ad
1423 1101 1602 1156 omnia
1632 1100 1797 1155 servi.

509 1195 611 1263 Qui
642 1194 850 1249 Domini
878 1191 1004 1248 Jesu
1032 1192 1284 1249 Marcello
1307 1200 1607 1264 grammata
1635 1192 1799 1247 missa

510 1288 602 1342 Sic
633 1295 721 1341 tua
753 1293 1019 1340 venerunt
1048 1285 1283 1352 sanctis;
1315 1284 1535 1355 triginta
1564 1283 1675 1339 dies
1699 1283 1813 1355 jam

512 1374 869 1429 Transierant
894 1382 1180 1443 postquam
1207 1372 1274 1427 ad
1306 1373 1556 1427 meritam
1589 1387 1787 1426 venere
1817 1385 2095 1425 coronam.

506 1464 689 1520 Flavia
716 1463 972 1534 praeclara
1003 1471 1057 1517 et
1085 1460 1303 1517 Christo
1336 1460 1667 1516 vinctissima
1699 1460 1868 1530 virgo,

510 1556 676 1611 Docta
705 1571 802 1627 per
826 1553 1106 1610 eunuchos
1131 1551 1303 1608 Nerea
1336 1561 1391 1608 et
1417 1551 1660 1608 Achillea
1687 1551 1865 1605 claros

506 1649 673 1719 Virgo
702 1662 946 1711 manere,
978 1647 1087 1702 Deo
1117 1660 1371 1716 supremo
1398 1644 1622 1701 credere
1648 1644 1895 1709 Christo;

506 1744 730 1813 Objecto
755 1741 883 1798 Jesu
911 1741 1067 1797 titulo
1097 1740 1201 1797 sibi
1227 1739 1483 1805 nominis,
1515 1739 1694 1794 isthuc

506 1832 767 1888 Truditur
792 1830 860 1885 ab
886 1844 1106 1900 sponso,
1138 1844 1300 1900 quem
1332 1835 1648 1897 tempserat,
1670 1825 1991 1889 Aureliano;

508 1922 720 1992 Quique
745 1934 977 1990 sequens
1000 1907 1373 1975 cunuchorum
1408 1926 1618 1972 tentare
1647 1916 1858 1986 piorum

507 2012 835 2085 Aggreditur
863 2019 1122 2076 mentem,
1155 2025 1251 2081 per
1278 2024 1372 2065 eos
1399 2008 1502 2063 sibi
1533 2007 1756 2078 virginis
1780 2014 1974 2074 optans

508 2105 817 2163 Conciliare
845 2104 1088 2157 animum
1118 2121 1131 2156 ε
1171 2109 1487 2173 spernentes
1516 2114 1742 2154 munera
1778 2098 1950 2153 sancti

508 2201 568 2255 ln
597 2196 813 2253 Christo
843 2193 1059 2248 ﬁrmare
1087 2193 1245 2248 fidem
1272 2191 1527 2246 studuere
1561 2189 1782 2260 puellae;

512 2289 668 2345 Unde
704 2285 974 2340 attrectati
1009 2299 1105 2356 per
1130 2298 1387 2354 sponsum
1417 2281 1640 2336 verbere
1669 2279 1789 2334 diro

510 2380 751 2454 Depositi
784 2376 1151 2445 Terracinam,
1182 2376 1431 2448 Rufoque
1460 2373 1686 2431 necandi

2213 1008 2500 1080 Snppliciis
2532 1009 2757 1072 dantur;
2787 1024 2925 1078 quos
2951 1008 3122 1066 Rufus
3338 1011 3460 1083 igne
3486 1012 3635 1088 (172)

2208 1103 2492 1173 Appensos
2519 1102 2769 1156 crucians
2802 1101 3020 1157 molitur
3046 1117 3240 1174 cogere
3271 1105 3472 1169 sacris;

2208 1194 2453 1261 Dumque
2480 1191 2717 1245 fatentur
2742 1191 3034 1261 apostolico
3064 1192 3385 1263 baptismate
3408 1196 3546 1249 lotos

2209 1281 2364 1336 Nulla
2396 1296 2631 1351 unquam
2663 1294 2721 1335 se
2745 1282 3080 1351 sculptilibus
3100 1284 3313 1339 ratione
3341 1284 3519 1350 litare,

2211 1371 2391 1427 Pnuiti
2422 1371 2617 1425 inuicta
2647 1371 2839 1439 capitis
2873 1385 3037 1440 super
3064 1381 3208 1427 astra
3242 1377 3522 1429 recedunt.

2207 1461 2495 1531 Auspicius
2516 1475 2746 1531 quorum
2780 1463 2954 1531 rapuit
2979 1477 3135 1517 sacra
3159 1478 3387 1533 corpora
3424 1474 3612 1529 noctu,

2208 1551 2513 1621 Discipnlus
2546 1551 2696 1621 felix,
2719 1567 2825 1621 quo
2859 1551 3044 1607 Flavia
3073 1553 3245 1608 crevit
3269 1553 3508 1618 alumno,

2207 1643 2575 1714 Naviculaque
2612 1645 2813 1700 vehens
2844 1644 3132 1700 Domitillae
3163 1645 3218 1700 in
3250 1646 3449 1715 praedia
3471 1647 3646 1712 duxit,

2205 1737 2285 1791 Ac
2310 1744 2513 1791 sancta:
2531 1735 2684 1806 juxta
2714 1735 3022 1791 Petroniilze
3047 1736 3204 1791 busta
3236 1736 3458 1804 locavit,

2129 1849 2177 1908 Β
2206 1825 2348 1880 Mille
2376 1833 2433 1881 et
2455 1827 2767 1896 quingentis
2803 1827 3064 1883 distantia
3096 1829 3347 1899 passibus
3372 1827 3540 1895 Urbe,

2206 1917 2336 1984 Quze
2364 1932 2483 1981 nos,
2515 1918 2768 1989 AUSpicio
2794 1928 3071 1987 narrante,
3095 1921 3405 1991 accepimus
3433 1930 3579 1977 acta.

2206 2005 2426 2062 Floreat
2453 2022 2584 2079 ergo
2609 2017 2714 2063 tua:
2742 2008 2898 2064 nobis
2925 2009 3144 2065 dilectio
3166 2026 3335 2075 curze.

2205 2098 2533 2170 Mittereque
2557 2101 2832 2157 arceleres
2857 2102 2948 2172 qui
2975 2102 3133 2158 nobis
3161 2112 3341 2157 vestra
3375 2102 3573 2158 revelet
3597 2143 3613 2170 ,

2203 2186 2399 2244 Nostra
2429 2189 2549 2256 tibi,
2586 2189 2826 2246 fraterna
2856 2191 3001 2247 salus
3030 2192 3266 2248 illustret
3288 2201 3579 2264 utrosque,

2202 2279 2403 2337 Laetior
2432 2280 2658 2339 allectus
2688 2282 2965 2354 tripotenti
2993 2284 3112 2341 luce
3133 2296 3403 2341 coruscet.

1954 2528 2184 2585 CAPUT
2216 2530 2330 2587 XII.

1512 2626 1583 2676 De
1612 2623 1807 2676 sanctis
1843 2622 2098 2694 Eutyche,
2135 2622 2409 2684 Victorino
2435 2638 2483 2683 et
2526 2627 2793 2685 Seuerino.

504 2745 749 2805 lndiculo
775 2746 879 2801 hoc
905 2752 1143 2813 sumpto.
1177 2740 1416 2795 Marcum
1447 2737 1731 2793 Marcellus
1753 2739 1820 2793 ad
1852 2738 1996 2808 ipsos

506 2841 839 2899 Germanum
873 2836 1037 2891 mittit
1062 2834 1175 2905 qui.
1209 2829 1612 2888 confessorihus
1649 2843 1792 2883 anno

507 2932 644 2990 Cum
678 2930 883 2986 sanctis
912 2928 1123 2990 habito,
1148 2924 1389 2989 rediens,
1414 2923 1513 2978 hos
1552 2921 1788 2992 prodidit
1811 2931 1983 2975 actus.

507 3024 648 3079 Dum
675 3029 797 3093 post
824 3019 1141 3091 martyrium
1172 3012 1330 3070 Nerei
1359 3013 1651 3085 fratrisque
1672 3022 1951 3083 perat-tum

507 3113 831 3170 Aurelianus
859 3110 971 3181 agit
996 3106 1287 3163 Domitillae
1314 3119 1535 3160 assensa
1565 3104 1748 3160 suh'rre
1772 3121 1787 3165 ;

506 3202 692 3256 Audiit
715 3202 858 3256 hanc
891 3200 1080 3252 eadem
1108 3194 1267 3251 dictis
1303 3192 1579 3249 consortia
1611 3194 1813 3249 sanctis

506 3293 763 3364 Jungere,
791 3295 1037 3346 saerarat
1066 3301 1186 3356 quae
1213 3284 1644 3355 prteceptoribus
1670 3283 1823 3349 olim,

504 3388 821 3460 Donarique
840 3386 978 3457 petit
1005 3383 1108 3438 sibi
1134 3396 1273 3450 quos
1294 3394 1323 3433 a
1345 3378 1593 3448 principe
1616 3377 1814 3443 Nerva,

508 3484 695 3543 Sacris
731 3483 778 3538 si
805 3481 1057 3551 fugerent
1076 3473 1386 3531 simulacris
1412 3472 1742 3527 sacriﬁcare.

505 3576 640 3642 Hos,
663 3574 789 3631 dum
817 3568 1117 3644 persistunt
1145 3565 1326 3620 animo
1354 3564 1549 3618 durare
1580 3562 1743 3630 virili,

507 3669 901 3738 Carniﬁcisque
930 3663 1107 3720 minas
1127 3668 1252 3716 voto
1279 3657 1491 3714 calcare
1518 3656 1682 3720 fideli,

504 3760 614 3817 Per
636 3773 735 3814 sua
774 3753 1053 3826 depositos
1079 3750 1186 3805 alto
1217 3749 1366 3805 ferus
1393 3763 1521 3802 arva
1552 3755 1893 3818 sequestrat;

504 3852 806 3923 Eutychem
834 3864 928 3904 sex
960 3856 1123 3923 atque
1154 3843 1340 3901 decem
1373 3842 1459 3896 via
1491 3840 1726 3896 millibus
1766 3839 1911 3896 Urbe

504 3944 843 4000 Nomentana
869 3938 1082 4011 procul,
1113 3935 1559 4002 Victorinumque
1588 3930 1759 3987 saliua

508 4035 801 4107 Sexaginta
828 4033 971 4101 capit
1000 4028 1284 4093 dirimens,
1315 4026 1429 4081 haec
1453 4025 1566 4095 ipsa
1589 4022 1865 4077 Maronem

508 4125 778 4183 Maznihus
806 4124 859 4177 in
889 4129 1108 4176 centum
1139 4117 1470 4187 trigintaque
1498 4113 1733 4167 millibus
1756 4112 1953 4166 aufert.

509 4218 616 4272 Per
647 4221 816 4269 totum
845 4224 975 4281 ergo
998 4209 1139 4261 diem
1164 4205 1357 4260 rastris
1380 4203 1633 4259 insistere
1663 4202 1884 4255 mandat

513 4304 747 4360 Sanctos
773 4315 970 4357 censor
1005 4304 1186 4360 atrox,
1229 4304 1284 4349 et
1312 4294 1533 4349 catabra
1564 4291 1683 4366 (sic)
1711 4307 1932 4361 vespere
1958 4305 2099 4361 prae-

1893 4380 2024 4452 [beL

2202 2740 2418 2796 invidus
2446 2757 2575 2814 ergo
2599 2744 2727 2798 boni
2758 2751 2993 2799 mentem
3021 2742 3196 2815 replet
3223 2744 3532 2811 Aureliani;

2201 2831 2375 2902 Erigit
2404 2832 2484 2886 ira
2516 2832 2744 2897 animos,
2776 2841 3013 2889 tortores
3034 2833 3250 2889 mittere
3272 2835 3488 2901 suadet,

2204 2922 2479 2995 Legantttr
2509 2924 2633 2979 lanii
2659 2925 2838 2982 varias
2861 2925 3106 2996 inﬂigere
3134 2940 3360 2997 poenas;

2204 3013 2443 3069 Caeditur
2475 3014 2748 3085 Eutyches
2776 3022 2887 3071 tota
2909 3024 3193 3085 spectante
3214 3017 3417 3088 platea.

2124 3133 2170 3196 ε
2207 3104 2341 3160 Dum
2365 3106 2500 3176 petit
2522 3107 2814 3162 aetlteream
2838 3121 2992 3163 mens
3021 3108 3205 3165 sedem
3231 3109 3398 3182 ﬂagra
3430 3110 3758 3182 triumpham,

2206 3197 2440 3254 Devotus
2469 3199 2631 3270 digno
2659 3201 2958 3256 temnentia
2985 3203 3230 3257 membra
3257 3203 3513 3260 lanistam

2200 3287 2451 3359 Eripiens
2480 3289 2710 3360 populus
2732 3299 2987 3362 properat
3013 3293 3294 3350 cumulare
3323 3295 3546 3359 decore,

2203 3377 2598 3449 Sacratumque
2624 3393 2787 3450 super
2812 3379 3030 3437 Christo
3056 3394 3213 3453 parat
3248 3385 3412 3441 edere.
3437 3386 3700 3456 templum.

2201 3467 2433 3523 Mittitur
2468 3484 2786 3539 oppressum
2810 3485 2951 3528 servo
2977 3480 3195 3544 turgere
3232 3474 3506 3531 Maronem

2202 3558 2433 3631 Turgius
2459 3559 2700 3627 inﬂatus,
2722 3576 2855 3617 saxo
2890 3563 2980 3632 qui
3009 3572 3256 3620 sternere
3285 3567 3467 3622 nitens

2202 3648 2372 3717 Quem
2398 3656 2609 3707 terrore
2632 3652 2855 3724 nequit;
2884 3654 3183 3723 praegrandi
3216 3657 3458 3725 pondere
3490 3672 3665 3727 rupem

2200 3744 2480 3799 Trochleis
2506 3745 2702 3800 librare
2726 3746 2975 3801 homines
2996 3744 3161 3817 quam
3184 3749 3524 3820 septuaginta

2203 3831 2304 3888 \‘ix
2332 3835 2576 3903 quihant,
2600 3835 2755 3906 jubet
2789 3836 3023 3903 advolvi,
3055 3849 3415 3909 sanctumque
3440 3841 3679 3903 onerari;

2202 3926 2413 3996 Quique
2439 3927 2587 3982 leves
2617 3928 2800 3999 paleas
2829 3944 2927 3987 ceu
2954 3946 3051 4003 per
3084 3933 3191 3987 duo
3227 3934 3391 3987 millia
3425 3933 3574 3990 laetus

2201 4019 2410 4085 Gestat,
2441 4034 2613 4090 eoque
2639 4019 2755 4077 loco
2775 4022 2969 4078 solitus
2996 4040 3104 4095 quo
3132 4024 3358 4081 fundere
3387 4036 3511 4083 vota

2201 4112 2609 4183 Sarcophagum
2636 4113 2799 4180 locat,
2827 4115 3027 4172 illzesns
3058 4133 3274 4189 quoque
3303 4120 3537 4188 pondere
3555 4129 3757 4192 perstat.

2201 4202 2444 4275 Totaque
2474 4206 2709 4277 repletur
2735 4208 2875 4263 miro
2898 4211 3177 4279 provincia
3206 4213 3377 4276 facto;

2198 4296 2521 4352 Acceleraut
2548 4299 2767 4371 purgari
2800 4299 3016 4366 animm,
3051 4290 3418 4376 sanctumque
3437 4305 3697 4362 lavacrum

2199 4385 2472 4442 Affectans
2504 4389 2755 4459 populus,
2777 4389 3050 4447 larvarum
3072 4395 3400 4452 exterminat
3427 4412 3563 4452 aras.

442 4460 451 4465 λ
514 4483 621 4540 Sed
653 4481 828 4537 bonus
856 4478 943 4533 hic
981 4476 1239 4532 Dominus
1263 4470 1512 4545 proprios
1543 4486 1649 4527 non
1694 4469 1889 4541 linquit
1917 4471 2095 4525 alum-
2129 4484 2175 4545 ι)
2203 4477 2333 4530 Atta
2363 4478 2622 4548 piijudex
2644 4482 2930 4536 annuntiat
2951 4483 3266 4551 Aureliano,

1879 4560 2023 4635 μσς,

510 4665 751 4724 Rnribos
772 4665 934 4735 inque
960 4658 1263 4732 peregrinis
1292 4660 1413 4713 data
1438 4656 1608 4727 gratia
1628 4653 1810 4723 justis.

510 4760 791 4834 Eutyches
821 4756 1026 4827 prolem
1063 4768 1187 4809 nam
1223 4749 1573 4807 conductoris
1596 4749 1776 4818 agelli.

513 4851 766 4905 Dacmone
798 4846 1042 4916 depulso,
1072 4846 1320 4914 patrique
1341 4843 1552 4911 sibique
1579 4841 1812 4909 reponit.

512 4943 586 4996 At
615 4939 926 4994 Victorinus
956 4935 1157 4991 domini
1185 4937 1304 4989 vice
1334 4951 1457 4988 rura
1480 4943 1773 5006 regentem,

516 5030 762 5070 'l‘mmnp.
783 5041 954 5070 annus
978 5024 1120 5070 lenm
1145 5023 1439 5070 naralvlica
1470 5026 1713 5070 memhra
1743 5023 2038 5070 fnventem.

2203 4567 2641 4639 Concessamque
2675 4570 2789 4626 fero
2819 4573 3057 4643 praedam
3090 4584 3331 4632 mactare
3368 4578 3697 4650 propinquat.

2201 4656 2496 4715 Credentcs
2526 4661 2754 4732 lapidem
2782 4664 2989 4733 populi,
3022 4665 3109 4736 pia
3138 4668 3398 4737 pondera,
3424 4668 3547 4740 justi

2204 4748 2315 4803 lloc
2337 4750 2452 4819 ipso
2481 4751 2664 4820 gerula
2689 4767 2813 4808 ossa
2836 4753 3015 4810 locant
3038 4757 3419 4829 tumulantque
3451 4769 3664 4823 cavato,

2205 4843 2445 4917 Desuper
2468 4846 2667 4903 excelsi
2707 4849 3001 4905 condentes
3026 4852 3271 4907 muneris
3301 4853 3478 4909 aulam

2205 4937 2263 4992 ln
2292 4954 2396 5008 qua
2424 4937 2564 4993 dona
2593 4938 2688 4995 Dei
2721 4924 2933 4997 meritis
2963 4952 3294 5011 praestantur
3322 4941 3533 5000 alumni.

2280 5031 2364 5070 Itch
2390 5030 2539 5070 lnnllc
2570 5029 2749 5070 lanna:
2771 5032 2987 5070 millnnc
3011 5033 3311 5070 cnirnminn
3332 5043 3488 5070 lnlmc
