3888 5330
124 418 221 476 625
707 416 799 474 DE
834 413 1110 474 CHRISTI
1148 414 1525 476 'I'IIIUMI‘IIIS
1565 416 1749 473 APUD
1784 416 2065 472 ITALIAM
2096 416 2274 472 LIBRI
2314 415 2675 472 δίη-ιω.
2716 416 2780 473 II.
3287 416 3393 474 626

126 536 319 604 Corpus
348 531 513 587 humo
540 529 813 602 prohibet,
843 538 1044 604 terram
1078 538 1226 583 vetat
1252 528 1449 583 abiere
1478 538 1668 590 terr-.e;
1730 535 1777 594 Α
1805 528 1874 582 At
1903 528 2048 584 velut
2072 530 2296 599 antiquo
2324 529 2641 599 praecellens
2671 530 2863 586 roborc
2890 546 3145 601 quercus,

126 627 211 682 Ast
226 603 324 679 ubi
350 622 593 678 membra
610 620 797 692 iacent
817 603 1115 684 incondita,
1142 620 1257 676 sole
1285 631 1521 685 incaute,

127 713 388 769 Accedunt
414 709 845 774 Amiternenses,
881 710 1210 781 rapiuntque
1233 708 1379 766 beati

127 802 363 860 Praesulis
389 816 514 857 ossa
540 799 649 866 sui,
678 799 940 866 referunt,
967 800 1313 870 conduntque
1338 801 1614 855 decenter.

128 899 264 956 Επειί
275 904 453 955 terant
478 895 731 967 equidem
760 897 890 953 bino
911 896 1174 954 solamine
1197 897 1417 964 fratres,

128 990 220 1043 Iste
253 987 516 1044 Severino
545 984 857 1043 Victorinus
887 986 1059 1059 magis
1082 995 1308 1054 auctus,

131 1078 292 1134 llunia
323 1086 450 1148 post
479 1076 688 1134 obitum
716 1078 910 1134 dantes
938 1077 1149 1135 alterna
1171 1088 1484 1151 parentum,

127 1167 532 1237 Przebeutesque
558 1167 659 1222 sibi
690 1168 918 1238 gemime
941 1167 1195 1240 suffragia
1224 1184 1396 1236 curae;

129 1262 336 1316 Alterno
362 1259 745 1318 submittentes
772 1275 833 1316 se
859 1260 1203 1332 discipulam,

128 1352 443 1422 Alternoque
471 1350 786 1424 magisterio
813 1352 915 1407 sibi
930 1350 1056 1422 jura
1078 1353 1357 1419 ferentes;

128 1445 328 1504 diluuia
362 1445 574 1502 servitii
604 1445 865 1502 dedentes
891 1460 1118 1502 munera
1155 1448 1342 1518 digni;

135 1540 249 1598 Vera
276 1524 649 1610 probabilibus
680 1538 899 1594 dilectio
927 1548 1177 1594 creverat
1210 1539 1348 1594 actis
1366 1579 1381 1603 ,

130 1630 544 1700 Obtulerautque
582 1627 693 1684 Deo
718 1638 894 1684 semet
916 1630 1039 1684 viva
1068 1630 1245 1685 hostia
1273 1630 1434 1695 facti;

129 1719 534 1790 Perfectumque
561 1727 754 1789 petens
779 1719 957 1775 virtus
986 1736 1242 1792 germana
1267 1720 1452 1776 subire

130 1810 307 1866 Tendit
328 1810 386 1865 in
410 1810 464 1865 id
492 1824 590 1866 sua
614 1812 758 1881 quod
783 1812 976 1868 dantes
1001 1813 1109 1867 sint
1146 1814 1307 1869 rebus
1346 1811 1523 1883 egeni.

131 1903 372 1959 libertate
396 1902 508 1974 poli
535 1902 697 1967 dites,
726 1903 925 1973 quibus
951 1904 1133 1958 omnia
1165 1904 1453 1967 Christus;

132 1991 365 2048 Libertas
391 1992 608 2057 eadem,
636 1992 947 2061 imperium,
976 2001 1164 2064 gratus
1185 1991 1482 2049 famulatus
1508 2033 1524 2059 ,

131 2080 201 2137 Nil
223 2083 432 2149 deerat,
457 2097 584 2138 cum
612 2082 689 2137 nil
717 2082 903 2137 mundi
931 2084 1196 2155 pompalis
1224 2083 1508 2141 baberent.

130 2174 192 2230 At
210 2171 518 2230 Victorinus
552 2189 650 2245 spe
677 2176 942 2231 scandere
966 2176 1166 2232 celsius
1185 2178 1385 2233 ardens
1402 2219 1417 2243 ,

130 2267 198 2323 Ac
216 2277 471 2338 reputans
501 2266 881 2338 imperfectum
912 2283 1105 2338 parere
1132 2270 1396 2336 vicissim,

132 2355 228 2412 Nec
243 2358 377 2413 satis
396 2371 520 2412 esse
550 2364 743 2413 tenens
764 2358 873 2412 utri
907 2358 1177 2414 deserviat
1204 2358 1364 2424 alter,

134 2446 183 2502 Si
206 2447 329 2517 quid
362 2447 415 2501 in
457 2446 724 2503 alterutro
748 2447 909 2504 liceat
936 2458 1260 2519 praestanter
1281 2450 1520 2521 utrique,

132 2539 445 2611 Aggrediens
463 2554 729 2606 eremum,
754 2540 916 2596 celsa:
943 2541 1080 2612 petit
1102 2542 1273 2597 ardua
1314 2544 1484 2616 rupis,

134 2629 429 2700 Spelazoque
452 2631 608 2686 sedet
637 2630 741 2686 sub
769 2646 878 2700 quo
900 2631 1238 2702 prmteriluus
1269 2634 1448 2690 amnis

134 2723 420 2795 Abruptum
448 2724 602 2781 bifidi
623 2724 814 2781 lateris
840 2726 1084 2797 signarat
1110 2726 1368 2796 utrinque

134 2813 222 2867 \‘ix
246 2814 337 2868 uni
363 2813 659 2884 hospitium
688 2824 853 2895 queat
877 2827 937 2872 ut
956 2817 1195 2874 dormire
1216 2819 1457 2876 sedendo
1487 2840 1498 2874 :

136 2902 184 2958 Si
210 2906 413 2960 socium
438 2905 642 2977 capiat,
665 2907 895 2979 vigilans
917 2909 1099 2964 orabit
1123 2918 1177 2964 et
1203 2919 1423 2978 astans;

136 2993 294 3052 Edidit
321 2996 579 3053 ostiolum
607 2997 756 3055 lento
781 3000 915 3056 dans
942 2999 1144 3056 vimine
1169 3001 1489 3066 claustrum,

133 3088 375 3145 Assiduus
403 3089 574 3156 lectu,
606 3091 971 3162 precibusque
1011 3094 1241 3148 vacabat
1270 3095 1520 3151 anhelus.

134 3177 233 3235 Non
258 3181 376 3237 tulit
407 3182 524 3239 hac
550 3197 783 3240 cernens
805 3184 1022 3254 pietatis
1047 3185 1244 3242 lividus
1282 3187 1487 3253 hostis,

134 3268 494 3343 Aﬂiugensque
523 3271 731 3341 dolum,
761 3282 962 3330 tenera:
992 3276 1168 3331 induit
1194 3291 1290 3331 ora
1318 3277 1533 3347 puellae,

134 3362 257 3417 Ante
282 3361 535 3434 foresque
562 3363 666 3419 vini
692 3364 1029 3437 ingeminans
1056 3366 1319 3422 ululantia
1350 3369 1515 3423 terim
1546 3386 1559 3421 :

140 3468 156 3501 ι
188 3450 293 3507 IIeu
320 3457 435 3508 met
471 3452 612 3519 infit,
640 3453 919 3521 miseram,
952 3454 1125 3522 silvis,
1158 3471 1367 3521 errore,
1397 3457 1637 3513 tenebris

134 3539 447 3614 Solivagam,
475 3543 832 3615 ignaramque
856 3544 961 3601 loci
990 3547 1254 3617 callisque
1276 3547 1493 3618 negati,

133 3629 366 3702 Quisquis
385 3648 447 3689 es
471 3634 632 3691 istius
654 3636 985 3693 venerabilis
1007 3638 1187 3694 incola
1220 3638 1391 3694 saltus
1411 3679 1426 3705 ,

133 3717 386 3776 Virtutum
410 3722 615 3778 famam
637 3723 797 3794 polus
822 3726 1081 3796 undique,
1112 3735 1168 3781 et
1192 3727 1434 3796 undique
1461 3727 1634 3792 silvai,

133 3806 495 3881 Eximiumque
524 3812 823 3882 loquuntur
846 3829 1005 3884 opus,
1038 3815 1414 3872 frondentibus
1451 3817 1598 3887 apris

134 3899 279 3973 Eripe
298 3920 404 3969 tne,
432 3905 789 3976 trucibusque
817 3906 959 3977 lupis
983 3916 1036 3963 ct
1068 3908 1349 3964 hiantibus
1370 3909 1543 3974 ursis;

136 3992 270 4058 Quod
301 3998 530 4063 victura,
559 4005 736 4063 tuum,
767 3999 974 4054 moriar
999 3999 1045 4053 si
1074 3998 1333 4069 denique,
1368 3999 1422 4055 id
1461 3999 1669 4071 ipsum;

137 4082 322 4154 ﬁatque
347 4085 452 4156 legi
482 4085 619 4141 mihi
646 4083 878 4143 sulliciet
903 4087 986 4144 vel
1009 4087 1196 4143 limine
1219 4090 1373 4155 tecti;

137 4168 237 4225 Non
264 4171 515 4229 diuturna
536 4182 664 4244 peto
688 4177 982 4243 consortia,
1008 4179 1185 4233 noctis
1207 4176 1394 4232 haberi

136 4256 325 4332 Hospes
350 4272 402 4318 et
428 4262 617 4319 unius.
649 4283 668 4316 ι
703 4263 898 4320 Pandit
922 4267 1238 4334 miseratus,
1263 4276 1316 4323 et
1344 4269 1551 4323 hostem

134 4350 461 4420 Compatiens
491 4353 675 4409 dirum
707 4354 876 4425 capit,
904 4355 1249 4427 admittitque
1270 4356 1557 4413 latronem.

136 4436 293 4495 Unius
314 4443 548 4514 spatium
574 4443 666 4499 vix
690 4444 1078 4502 intercesserat
1102 4448 1271 4513 horae,

135 4528 255 4586 bum
286 4537 462 4592 crebri
485 4538 855 4594 membrorum
884 4539 1027 4595 inter
1052 4540 1329 4595 molimina
1354 4550 1559 4611 gestus,

133 4618 279 4678 lilicis
312 4625 515 4699 effigies
541 4630 775 4685 monstri
800 4630 939 4699 pede
966 4631 1195 4702 contigit
1217 4631 1442 4697 almum,

135 4709 347 4786 Ilusque
368 4719 665 4789 Cupidinea
691 4721 957 4794 transﬁgit
986 4724 1152 4779 corda
1175 4724 1369 4794 sagitta
1395 4740 1411 4790 ;

135 4801 320 4859 litanda
347 4807 524 4864 dolttm
548 4811 849 4878 ctunnlant,
885 4813 1038 4882 ignes
1068 4812 1319 4867 aﬂamina
1352 4812 1591 4880 suillam,

138 4891 245 4948 Urit
272 4907 453 4967 pectus
479 4918 652 4970 amor,
689 4903 900 4959 facinus
924 4904 1039 4959 loca
1069 4904 1186 4960 sola
1225 4904 1484 4971 suadent;

1799 622 1980 692 Atque
2010 621 2184 677 solum
2213 621 2386 676 firmis
2411 631 2703 688 penetrans
2725 624 2997 679 radicibus
3032 626 3222 692 altun,

1799 711 2092 782 Montivagi
2122 725 2384 767 succensa
2416 710 2536 766 foco
2569 714 2832 782 pecudum
2866 715 3042 781 ducis,
3085 726 3212 788 apta

1799 800 2016 872 Ignibus
2047 810 2131 855 est
2158 800 2377 857 inventa
2404 802 2622 871 quidem
2646 801 2690 857 si
2722 802 2862 859 forte
2895 820 3151 871 caverna,

1800 891 2019 948 Interno
2047 890 2280 948 flammis
2302 901 2623 962 consumpto
2654 894 2849 949 robore
2871 897 3039 961 victa,

1801 984 2045 1049 Labitur,
2074 993 2236 1055 atque
2262 985 2351 1040 diu
2377 986 2534 1040 tectis
2563 984 2761 1041 coelum
2793 986 3027 1057 applicat
3057 990 3225 1046 arvis.

1800 1076 1922 1133 Alta
1946 1079 2196 1132 columna
2231 1075 2362 1141 ruit,
2399 1092 2575 1132 caecus
2598 1076 2776 1133 scelus
2798 1078 2960 1135 eﬂicit
2985 1083 3150 1136 artior
3175 1101 3188 1136 :

1802 1166 2082 1221 Exclamat
2109 1165 2287 1223 victor
2307 1167 2419 1238 jam
2445 1182 2578 1223 voce
2606 1165 2859 1224 inimicus
2888 1180 3074 1239 aperta
3102 1188 3117 1225 :

1807 1276 1826 1309 ι
1859 1257 2030 1315 licus!
2060 1258 2189 1329 quid
2215 1258 2349 1329 agis,
2373 1258 2502 1329 quid
2536 1258 2671 1330 agis,
2697 1259 2781 1314 vir
2802 1259 3237 1332 perfectissime?
3259 1263 3392 1318 Fra-

3219 1353 3326 1427 [ιρι-

1804 1438 1900 1495 Cui
1933 1439 2117 1511 gravis
2143 1441 2452 1507 exstiterat,
2484 1442 2776 1513 peregrino
2791 1440 3039 1514 iungeris
3061 1444 3084 1498 ?
3103 1444 3265 1513 Ecce,

1804 1529 2061 1586 Germani
2092 1531 2253 1587 odisti
2280 1531 2369 1602 qui
2398 1531 2750 1588 contubernia
2785 1532 2997 1589 ferre...

1804 1622 1883 1677 En
1915 1621 2044 1691 quid
2076 1622 2192 1693 agis
2221 1622 2313 1692 qui
2354 1622 2548 1691 dogma
2594 1638 2789 1678 uorum
2816 1622 2968 1678 silvis
2999 1624 3340 1694 scopulisque

1804 1713 2180 1778 Constituens,
2208 1729 2369 1783 rupes
2397 1713 2763 1770 moderamina
2792 1724 2947 1771 casta
2982 1716 3351 1772 docebas-‘3...»

1806 1802 1932 1859 “1120
1961 1803 2241 1858 insultanti
2266 1803 2523 1875 iactando
2549 1805 2794 1860 diabolus
2815 1822 2932 1872 ore,

1733 1890 1780 1950 Β
1809 1892 2030 1964 Decepti
2049 1909 2117 1949 ex
2147 1892 2317 1949 oculis
2344 1895 2480 1949 abiit
2504 1910 2603 1950 ceu
2633 1894 2814 1951 fumus
2842 1897 2895 1951 in
2921 1914 3108 1952 auras.

1807 1991 1877 2044 At
1901 1990 1996 2061 qui
2028 1999 2337 2053 corruerat,
2365 1992 2532 2048 tacuit
2562 1993 2715 2060 quasi
2738 1992 2987 2063 Gorgone
3013 1996 3123 2049 visa

1805 2084 2046 2143 Artubus
2077 2084 2394 2155 exsanguis,
2426 2084 2528 2140 sibi
2553 2086 2643 2155 qui
2673 2086 2998 2155 quandoque
3023 2102 3293 2149 reversus,

1808 2172 2098 2243 Egreditur
2128 2174 2304 2239 silvis,
2336 2183 2585 2245 repetens
2614 2174 2805 2231 solatia
2832 2173 3051 2244 fratris;

1805 2264 2071 2335 Ilnicque,
2100 2266 2304 2337 pudore
2328 2266 2416 2322 diu
2441 2282 2729 2337 suppressa
2755 2283 2906 2334 voce,
2936 2268 3163 2324 silcntcr

1804 2356 2101 2422 Assistens,
2132 2371 2354 2412 causam
2394 2359 2610 2429 stupido
2642 2361 2858 2414 tandem
2892 2360 3082 2415 ordine
3110 2360 3324 2430 pandit;

1805 2447 1925 2518 Ipse
1954 2448 2057 2503 sibi
2087 2462 2304 2518 poenam
2332 2459 2597 2513 statuens,
2627 2465 2862 2518 namque
2886 2450 3082 2504 arbore
3112 2451 3307 2515 scissa,

1806 2541 2011 2611 Ingerit
2034 2541 2374 2611 inSertatque
2402 2558 2616 2606 manus,
2652 2543 2946 2613 cuneisque
2969 2543 3201 2598 cicatrix

1807 2628 2125 2701 Stringitur,
2150 2632 2396 2689 arborea:
2423 2643 2617 2686 coeunt
2645 2630 2815 2701 plaga:
2836 2631 3093 2701 undique.
3127 2632 3353 2687 Summo

1804 2721 2055 2779 Pontiﬁci
2078 2722 2250 2781 frater
2270 2723 2457 2780 fratris
2490 2733 2705 2794 patrata
2746 2723 2978 2791 revelat;
3016 2787 3024 2793 ,

1804 2816 1906 2883 Qui
1936 2816 2161 2874 veniens
2188 2818 2366 2887 primo
2391 2827 2621 2872 conatur
2648 2816 2859 2873 solvere
2885 2832 3106 2872 nexum:

1806 2906 1983 2979 thue
2006 2906 2362 2965 reluctantem
2386 2908 2581 2970 cernit,
2613 2906 2904 2975 beuetlicit,
2934 2916 2988 2963 et
3016 2923 3183 2965 orans

1804 2999 2168 3071 Compatitur,
2197 2999 2435 3067 refovet;
2467 3002 2663 3065 nmnit,
2688 3001 2894 3057 solatur
2919 3002 3156 3072 abitquc.

1804 3091 1874 3145 At
1905 3092 1987 3146 vir
2010 3093 2340 3162 pervalidus,
2377 3101 2529 3149 tanto
2558 3092 2851 3148 vinciminc
2882 3092 3043 3156 finis,

1809 3182 1971 3237 l’anis
1998 3184 2263 3239 duntaxat
2289 3182 2560 3238 modicum
2589 3182 2930 3254 lymphaeque
2952 3182 3217 3250 liquorem

1807 3273 2153 3330 llcbdomade
2180 3273 2355 3345 prima
2389 3273 2662 3343 capiebat,
2694 3273 2864 3326 fratre
2885 3282 3129 3338 coaetus,

1809 3364 1911 3430 Qui
1942 3365 2087 3419 victu
2122 3364 2285 3419 simili
2309 3363 2517 3435 jejunia
2550 3366 2708 3435 longa
2740 3361 2979 3426 levabat,

1806 3455 1911 3510 Pro
1942 3454 2126 3512 fratris
2164 3455 2315 3526 lapsu
2340 3453 2501 3525 parili
2520 3468 2683 3508 cruce
2710 3462 2885 3509 semet
2904 3452 3195 3523 adurgens.

1808 3548 2099 3604 \‘olventes
2123 3547 2330 3603 hiemes
2364 3546 2522 3616 hujus
2562 3556 2674 3601 tres
2700 3545 2939 3616 puridcre
2967 3545 3149 3599 niultze

1806 3630 1945 3691 Ilinc
1971 3636 2230 3692 Victorini
2269 3636 2396 3689 dum
2420 3635 2535 3705 jam
2568 3635 2827 3706 patientia
2852 3644 3077 3689 cunctos

1806 3728 2054 3793 lullectit,
2082 3726 2299 3781 rediens
2330 3724 2526 3793 praesul
2552 3725 2642 3779 vix
2669 3741 2865 3797 c0gcre
2898 3725 3065 3780 vincit

1804 3817 2074 3873 Carnibus
2102 3818 2406 3889 absumptis
2434 3818 2578 3874 sinat
2604 3826 2660 3871 ut
2688 3825 2957 3873 tormenta
2990 3816 3187 3871 resolvi

1805 3909 1938 3977 Quis
1965 3924 2023 3964 se
2048 3909 2241 3981 judicii
2265 3910 2488 3965 dederat
2510 3925 2719 3966 memcr
2751 3909 2866 3978 ipse
2893 3909 3177 3964 tremendi.

1804 4000 1853 4054 ls
1879 4016 2040 4071 quam
2067 4012 2187 4071 post
2212 4011 2433 4056 sanctus
2463 4000 2650 4065 nituit,
2678 4016 2839 4071 quam
2866 3999 3003 4054 mira
3034 4009 3284 4070 potenter

1803 4091 2009 4161 Egerit,
2034 4091 2282 4145 lmmame
2311 4105 2421 4145 non
2448 4099 2533 4144 est
2558 4090 2794 4161 expletio
2822 4089 3044 4161 liugum;

1804 4181 2016 4251 Quique
2043 4181 2397 4236 Amiterninae
2422 4188 2618 4237 cuncto
2641 4181 2880 4237 delectus
2913 4181 2982 4236 ab
3022 4180 3175 4236 urbis

1805 4271 2046 4342 Erigitur
2077 4270 2274 4342 praesul
2297 4269 2518 4343 populo,
2546 4286 2654 4340 quo
2679 4280 2919 4343 martyre
2938 4269 3154 4325 tierent.

1803 4361 1996 4417 Frater
2018 4371 2072 4417 ct
2105 4363 2219 4434 ipse
2249 4360 2564 4426 Severinus,
2592 4364 2895 4420 commilito
2915 4362 3107 4418 fratris

1805 4451 2163 4524 Sectatorque
2193 4468 2380 4525 sagax,
2401 4462 2523 4525 post
2550 4453 2782 4523 plurima
2814 4454 2954 4508 mira
2984 4456 3233 4509 datarum

1724 4583 1779 4646 Ι)
1803 4532 2099 4608 Virtutum,
2131 4550 2319 4598 sancta
2361 4541 2601 4611 locuples
2623 4542 2823 4611 pietate
2855 4542 3059 4613 quievit

1804 4631 2116 4700 Coufessor,
2144 4633 2469 4705 functusque
2489 4635 2608 4688 loco
2631 4633 2845 4705 legatur
2866 4635 3058 4689 eodem

1805 4724 1924 4794 Quo
1951 4728 2117 4781 vitam
2148 4728 2281 4782 mire
2306 4727 2508 4799 degens
2537 4727 2833 4781 abstemius
2863 4728 2974 4799 egit

1806 4817 1952 4873 Luce
1976 4819 2127 4887 prius
2147 4818 2345 4888 pracsul
2378 4833 2535 4889 quam
2561 4818 2967 4889 pra-eligeretur
2991 4816 3247 4883 honesta;

1807 4907 1978 4974 Quem
2002 4905 2108 4961 ritu
2134 4906 2324 4963 recolit
2347 4906 2617 4978 Campana
2645 4908 2896 4978 Neapolis
2920 4907 3080 4963 almo.

1596 5057 1779 5115 APUT
1827 5059 1968 5115 XIII.

1596 5060 1779 5116 APUT
1880 5060 1968 5116 Ill.

638 5146 718 5201 De
753 5156 939 5201 sancta
958 5142 1252 5211 Domitilla,
1285 5060 1767 5226 Μηνεειίοῗμιοιμιε
1798 5061 1878 5213 εἷς
1890 5154 2132 5226 Apuleio,
2155 5150 2387 5224 Snlpitio
2412 5166 2460 5211 et
2484 5153 2803 5211 Serviliano.
