3888 5330
496 200 599 272 627
1102 266 1109 273 .
1174 218 1564 278 FLODOARDI
1599 222 1916 282 CANONICI
1957 225 2300 284 REllENSlS
2332 227 2693 287 oruscuu
2740 224 3070 288 uerutus.
3639 225 3728 287 σεε

496 330 613 386 Non
645 332 859 403 quimus
880 332 1083 389 servire
1108 334 1219 390 Deo
1248 350 1357 406 quo
1385 337 1509 393 talia
1542 339 1788 394 tractas?
1825 358 1845 391 ι
2099 326 2148 383 Α
2181 340 2489 412 Virginibus
2515 346 2665 401 ttcdte
2696 348 2901 412 tribus;
2927 355 2981 401 at
3008 348 3093 418 pia
3123 345 3461 404 Servilianus

494 423 634 477 llla':
672 443 693 477 ι
728 424 870 480 Viris
896 425 1058 479 claris
1092 425 1372 496 desponsa:
1397 428 1499 482 rite
1525 428 1750 495 nitetis;
2175 431 2580 504 Sulpiciusque,
2615 436 2706 490 Dei
2740 437 2996 492 miracula
3026 437 3168 493 facta
3201 441 3478 507 videntes,

497 514 754 572 Obscura:
780 516 824 571 si
846 532 943 572 vos
968 517 1161 588 aliqua:
1195 518 1447 574 divellere
1473 520 1664 574 malint
2173 521 2598 595 Credentesque,
2628 527 2731 597 pia:
2761 527 2884 582 fidei
2908 543 3003 584 sua
3033 538 3254 599 pectora
3284 531 3562 586 subdunt:

494 611 575 679 ᾼα
601 607 806 665 vincire
826 610 928 664 sibi
962 625 1229 679 persona),
1260 625 1478 666 assensa
1509 612 1760 682 negatis?
1788 632 1806 663 ι
2172 611 2496 669 Aurelianus
2524 615 2606 670 eis
2633 631 2862 686 sponsas
2882 619 3009 673 dum
3040 621 3239 676 dueere
3261 615 3482 687 'suadet,

494 730 566 742 —
601 719 620 753 ς
650 699 874 755 Avertat
904 702 1047 756 Deus
1075 716 1105 754 a
1138 702 1343 756 nostris
1365 701 1469 757 hoc
1497 702 1797 764 mentibus,
1835 722 1853 753 υ
1884 702 2007 757 illm.
2176 702 2241 758 lli
2269 704 2500 761 Domino
2526 707 2658 764 ferri
2690 725 2854 779 super
2883 711 2968 766 his
2995 712 3290 768 hortantur
3306 712 3590 781 honorem,

495 792 680 847 Flavia
702 794 781 847 sic
807 811 819 847 :
856 810 875 844 ι
916 792 976 847 Et
1009 802 1188 847 mente
1215 808 1334 847 mea
1360 808 1479 863 qum
1513 794 1719 864 gaudeo
1744 809 1943 865 sponso
2176 796 2340 862 Queis
2373 797 2662 855 manifesta
2689 800 2786 856 Dei
2820 800 2992 858 virtus
3019 804 3330 858 radiaverat
3353 805 3509 860 actis.

494 884 643 956 Rege
672 885 765 941 Dei
786 883 998 947 Genito,
1030 885 1169 941 cado
1190 887 1281 955 qui
1311 886 1457 941 venit
1485 885 1552 940 ab
1578 885 1719 950 alto,
2175 888 2268 943 ille
2291 903 2392 945 nec
2412 891 2707 949 admittens
2734 894 2996 960 animum,
3030 910 3132 951 nec
3156 895 3363 951 famina
3395 912 3606 962 curans,

494 981 671 1050 Atque
695 980 978 1049 spopondit
1010 980 1059 1035 ei
1082 989 1363 1035 servantes
1389 990 1603 1049 pectora
1629 988 1777 1035 casta
2176 976 2340 1049 Septa
2364 978 2518 1048 jubet
2546 984 2762 1052 capiant
2790 984 3123 1039 Domitillam
3149 1001 3348 1041 arcana
3378 986 3596 1051 cubilis,

498 1075 738 1143 Sponsas
764 1087 884 1128 esse
911 1071 1037 1138 sibi,
1069 1073 1179 1126 vita
1205 1072 1406 1127 donare
1433 1071 1685 1141 perenni;
2177 1069 2392 1140 Speque
2421 1080 2544 1126 actu
2579 1071 2783 1141 majora
2806 1076 2963 1145 petit,
2989 1076 3068 1131 sic
3091 1076 3285 1147 gaudia
3319 1076 3526 1131 ducens

497 1163 717 1218 Scilicet
745 1171 801 1217 ut
832 1171 956 1234 post
985 1163 1128 1217 hunc
1151 1178 1343 1218 cursus
1369 1164 1653 1235 prmsentis
1683 1178 1909 1235 agonem
2174 1160 2331 1216 ViCta
2363 1162 2637 1231 pudicitia:
2666 1164 2832 1219 veluti
2855 1165 2969 1237 jam
2995 1167 3159 1237 regna
3190 1166 3450 1232 domarit,

491 1252 719 1308 lnducat
744 1250 995 1309 thalamis
1023 1261 1225 1309 teterna
1255 1254 1374 1309 luce
1405 1255 1668 1319 venustis,
2175 1248 2509 1322 Captivoque
2535 1253 2719 1308 datum
2744 1253 2886 1310 foret
2908 1256 3172 1311 insultare
3195 1256 3415 1327 pudori;

491 1345 754 1417 Angelico
781 1362 995 1418 semper
1017 1347 1259 1402 tribuens
1279 1349 1513 1418 gaudere
1541 1348 1757 1410 decore,
2177 1342 2422 1413 Dumque
2450 1345 2593 1401 inter
2619 1346 2871 1404 thalamis
2899 1348 3291 1419 applaudeutes
3317 1349 3442 1402 salit
3463 1363 3656 1411 amens.

490 1438 570 1491 Ae
595 1438 932 1507 paradisiaco
962 1436 1151 1493 ﬂorum
1186 1454 1413 1492 vernare
1443 1438 1640 1500 nitore,
2176 1430 2435 1501 Corporis
2459 1442 2514 1489 et
2534 1443 2723 1506 gestus
2749 1436 2944 1492 habitu
2977 1438 3249 1494 convolvit
3277 1438 3496 1509 iniquo;

492 1527 645 1583 Finis
675 1537 733 1583 ut
755 1529 958 1599 absque
985 1539 1126 1584 metu
1154 1528 1393 1583 illustres
1414 1528 1702 1598 epulentur
1740 1528 1790 1583 in
1821 1545 1994 1586 terunt
2022 1545 2027 1583 :

1908 1545 1994 1585 υιιι
2022 1545 2039 1583 ε
2177 1521 2427 1591 Nescius,
2461 1525 2669 1594 infelix,
2703 1528 2818 1584 haec
2848 1527 3161 1587 inconcessa
3189 1532 3443 1602 petendo,

490 1617 662 1674 Filius
691 1620 793 1674 ista
817 1619 910 1675 Dei
938 1620 1211 1690 spondens
1238 1620 1363 1676 dum
1392 1616 1616 1676 credere
1648 1620 1779 1675 vidit
2108 1686 2137 1690 _,
2177 1612 2345 1669 Insita
2380 1630 2654 1674 concessae
2680 1618 2815 1674 solvi
2836 1619 2940 1676 sibi
2967 1619 3171 1677 foedera
3201 1624 3349 1689 vitae.

491 1710 595 1766 Vix
621 1711 807 1778 ullum,
840 1686 1059 1776 firmare
1090 1713 1247 1767 [idem
1281 1728 1386 1768 non
1414 1713 1621 1768 distulit
1650 1714 1806 1778 actis,
2104 1686 2151 1746 Β
2182 1701 2504 1775 Sanguineis
2527 1708 2705 1762 anima
2728 1717 2812 1764 est
2835 1709 2963 1764 dum
2983 1709 3096 1779 jam
3126 1686 3418 1781 repetenda
3453 1712 3675 1780 latebris.

493 1804 643 1859 Dans
664 1803 823 1859 caecis
849 1802 1049 1872 lumen,
1078 1803 1323 1875 leprosos
1347 1806 1545 1859 famine
1574 1804 1864 1872 mundans,

2182 1793 2438 1864 Exspirat
2467 1798 2667 1864 subito,
2699 1801 2976 1869 vitamque
3004 1809 3060 1857 et
3085 1800 3291 1856 ludicra
3323 1803 3511 1857 mittit.

490 1896 814 1968 Functaque
844 1905 1161 1954 restaurans
1192 1899 1406 1954 amissae
1441 1914 1665 1970 corpora
1694 1900 1841 1964 vita},
2183 1885 2277 1941 llis
2308 1889 2535 1944 comites
2564 1890 2693 1945 visis
2726 1891 2943 1947 Christo
2964 1907 3024 1948 se
3049 1893 3248 1949 dedere
3275 1901 3519 1961 certant;

494 1986 661 2054 Queis
687 1988 971 2043 Dominum
1001 1986 1157 2044 factis
1183 1989 1366 2045 docuit
1389 2005 1449 2046 se
1474 1999 1528 2045 et
1552 2004 1677 2046 vera
1700 1991 1881 2046 fateri.
1922 2008 1940 2043 ι
2182 1979 2454 2037 Ῑλῖιιυνῖυε
2483 1983 2618 2037 "mli
2650 1982 2822 2040 frater
2846 1994 2970 2056 ροει
3001 1984 3146 2041 faeta
3176 1989 3415 2057 tyranni.

494 2077 781 2135 Theodora
812 2096 825 2133 :
863 2097 882 2131 ι
918 2079 1178 2146 llcrodes,
1203 2080 1302 2146 ait,
1332 2089 1416 2135 est
1443 2080 1626 2137 Romae
1654 2082 1782 2136 mihi
1805 2080 2007 2149 frater,
2183 2074 2225 2128 Τ
2233 2090 2259 2128 Γ
2260 2073 2475 2143 alanum
2509 2085 2781 2146 repetens:
2804 2080 3139 2135 άοηιῖηθιιιῖιι
3167 2081 3346 2151 Ροεοίι
3372 2082 3425 2136 in
3451 2082 3613 2149 ἰδίως

494 2170 718 2228 Munere
737 2175 1009 2243 praeterito
1042 2184 1229 2245 captus
1256 2176 1347 2247 qui
1378 2175 1599 2232 luminis
1626 2193 1795 2233 anno:
2182 2164 2330 2232 QUOS
2358 2167 2518 2221 Sim"!
2546 2170 2798 2226 Oblcmos
2823 2170 3038 2247 diversa
3071 2173 3218 2227 cattle
3263 2174 3516 2229 trucidat.

490 2261 624 2318 lllud
655 2273 960 2321 reataurato
993 2266 1065 2321 tui
1092 2267 1193 2322 sub
1225 2269 1440 2324 nomine
1462 2269 1690 2336 Christi,
2185 2258 2482 2330 Sulpicium
2507 2261 2774 2319 illustrem
2797 2264 2949 2320 claro
2977 2279 3099 2320 cum
3137 2265 3441 2322 Serviliam

493 2354 576 2409 Ex
599 2355 715 2425 ipso
737 2357 895 2412 nobis
917 2358 961 2413 si
991 2359 1242 2430 dogmata
1274 2376 1401 2415 vera
1436 2362 1620 2417 tulisti.
1660 2382 1681 2416 ι

2182 2348 2448 2406 Praefecto
2480 2352 2696 2407 tradens
2723 2353 2955 2422 Aniaao,
2983 2365 3204 2411 accusat
3230 2356 3450 2427 iniquus

493 2446 853 2519 Euphrosyna
880 2451 978 2505 sub
1005 2451 1158 2506 hrec:
1196 2472 1213 2504 ι
1254 2452 1501 2509 Fratrem
1534 2454 1757 2525 liquisse
1787 2456 1974 2513 lateris

2183 2439 2508 2499 Christiana:
2539 2442 2770 2501 famulos
2791 2446 2939 2513 ﬁdei,
2964 2448 3247 2517 defertque
3270 2448 3559 2504 necandos.

498 2533 574 2591 Te
601 2535 786 2593 Roma:
807 2553 1034 2608 caecum,
1081 2545 1177 2598 sed
1202 2542 1311 2597 filia
1338 2534 1487 2600 muta
1516 2548 1746 2602 nutricis

2190 2531 2495 2605 Virginibus
2525 2537 2772 2606 posthac,
2806 2538 2949 2593 trino
2976 2538 3309 2595 charismate
3337 2540 3511 2606 nexis,

492 2624 635 2682 Ecce
663 2641 799 2682 meae
830 2644 1059 2696 mecum,
1091 2650 1110 2683 ι
1142 2647 1305 2702 quam
1333 2634 1582 2706 praecipit
1609 2636 1754 2693 illico
1778 2638 1920 2694 sisti.
2184 2625 2445 2698 ΟΡΡοείιο
2472 2629 2634 2684 rideri
2666 2630 2733 2685 ab
2763 2630 2843 2686 eis
2870 2633 3092 2702 Βεηιίιῖθ
3120 2647 3275 2688 530m
3294 2673 3311 2698 ο

491 2718 566 2772 At
590 2718 861 2776 Domitilla
893 2738 1105 2794 preces,
1137 2725 1358 2798 longum
1382 2727 1537 2794 ﬂens,
1561 2737 1753 2797 strata,
1781 2730 2077 2802 profundit,
2184 2718 2292 2774 Res
2314 2719 2563 2775 αάίηιθηε
2582 2719 2771 2776 “idus
2797 2722 3027 2778 ιθῐτθηίε
3056 2723 3243 2778 “Silius
3268 2732 3446 2793 aptas.

494 2807 936 2882 Exsurgensque,
970 2828 1164 2870 manus
1190 2818 1434 2887 pandens
1464 2820 1529 2874 ad
1560 2817 1738 2878 sidera
1769 2822 1953 2878 fatur:
2182 2810 2399 2880 lenibus
2419 2810 2649 2881 Ῐηὶθειίει
2681 2814 2924 2883 Pellemil
2958 2823 3169 2870 59mm
3200 2816 3377 2872 bealis

502 2919 521 2949 ι
564 2899 779 2956 Christe
807 2904 967 2969 Deus,
997 2906 1089 2976 qui
1119 2907 1388 2979 pollicitus
1417 2918 1467 2967 te
1489 2926 1706 2982 semper
1731 2914 1925 2970 adesse
2024 2981 2026 2983 ,

2186 2902 2339 2969 Quod
2368 2904 2529 2960 dabat
2551 2905 2815 2975 aguahus,
2849 2905 3081 2961 ﬂammis
3110 2906 3353 2964 incendit
3381 2907 3620 2963 adactis:

495 2987 794 3047 Finetenus
832 2994 1010 3062 nobis,
1059 3012 1179 3067 qua:
1210 3006 1380 3053 testor
1407 3016 1531 3055 vera
1563 3004 1811 3071 probato.
1844 3023 1863 3058 ι

2113 3059 2156 3072 _
2184 2995 2478 3052 Prostratte
2505 2997 2559 3053 in
2584 2997 2753 3054 facies
2783 2997 2908 3065 illae,
2937 2999 3331 3070 Dominumque
3358 3009 3619 3072 rogantes,

497 3081 631 3136 Cum
662 3084 826 3152 dicto,
854 3096 1017 3143 mutae
1045 3090 1256 3160 signum
1288 3094 1465 3149 crucis
1497 3059 1701 3152 addidit
1727 3100 1830 3163 ori,

2137 3059 2156 3121 ἶ
2186 3085 2333 3143 Inter
2354 3095 2478 3142 vota
2505 3103 2803 3159 precesque
2829 3090 3039 3145 animas
3068 3104 3231 3160 super
3243 3059 3456 3147 aether;
3485 3089 3672 3145 tollunt.

503 3193 524 3226 ι
556 3174 615 3230 In
643 3191 857 3233 summo
883 3180 1095 3238 Domini
1125 3183 1363 3254 loquere,
1384 3185 1554 3254 aiens,
1573 3191 1793 3245 nomine
1822 3191 2076 3258 Christi;t
2186 3178 2373 3233 Αίῑθτθ
2403 3180 2593 3250 soPili!"
2617 3181 3056 3260 Pandebalﬂlam
3086 3182 3281 3237 Τανίυίε

497 3264 647 3349 Muta
679 3269 858 3324 statim
891 3286 1076 3327 vocem
1106 3272 1346 3329 clamans
1376 3279 1625 3349 prorupit
1649 3280 1702 3333 in
1739 3281 1893 3335 istam
1925 3300 1938 3336 :
2189 3269 2513 3326 salicum"!
2539 3273 2760 3327 l‘llli'um
2790 3288 3020 3345 surgens
3054 3288 3250 3329 aurora
3289 3273 3643 3344 ιτῖιιηιρδυως

503 3377 524 3412 ι
560 3360 656 3417 Est
685 3375 865 3429 verus,
894 3362 1186 3432 Domitilla,
1215 3367 1357 3424 Deus
1385 3376 1537 3438 tuus;
1577 3373 1758 3427 omnia
1781 3388 1904 3428 vera

1887 3390 1904 3428 α
2184 3357 2563 3430 Cmsariusque
2589 3361 2777 3416 adiens
2801 3360 2963 3416 levita
2997 3362 3235 3433 tepentia
3257 3370 3422 3427 tecta,

501 3452 641 3508 Sunt
675 3454 855 3510 verbis
873 3456 1082 3526 prolata
1114 3459 1236 3515 tuis.
1276 3479 1295 3512 ι
1333 3459 1485 3517 Tunc
1509 3478 1566 3518 se
1591 3462 1757 3533 ipsius
1779 3466 1950 3520 ambae
2184 3448 2395 3506 Ῑθνθηίι
2419 3451 2649 3506 “Melas
2680 3459 2831 3507 1³ηιο
2854 3451 3068 3509 fervore
3098 3455 3321 3509 b63135:

497 3545 799 3600 Asternunt
827 3548 1074 3618 pedibus,
1105 3553 1352 3619 credunt,
1387 3555 1667 3626 sacrisque
1696 3557 1962 3613 dicantur.

1922 3574 1962 3613 Γ,
2187 3539 2271 3594 Nil
2299 3540 2353 3594 in
2375 3556 2470 3597 eas
2496 3540 2708 3595 ﬂamma
2737 3550 2982 3598 vestesve
3005 3543 3238 3597 audente
3266 3541 3457 3612 rogali.

500 3633 801 3693 Tlteodora:
829 3654 974 3695 caeco
999 3643 1293 3711 perductus
1320 3646 1537 3703 tramite
1567 3647 1765 3716 frater,
2189 3630 2327 3687 Tum
2377 3646 2537 3688 sacra
2581 3632 2827 3689 membra
2881 3648 3021 3689 “0"0
3066 3632 3340 3689 ῑυῐῦυιθηε
3383 3638 3729 3689 raucum“

500 3725 764 3797 Donatur,
795 3734 1046 3802 precibus
1071 3734 1377 3805 Domitillae,
1413 3739 1617 3798 lumine
1643 3753 1873 3814 utroque
2198 3812 2213 3814 ξ
3038 3760 3041 3763 λ
3482 3726 3676 3799 inruas

500 3819 758 3892 Corporis
788 3833 951 3897 atque
978 3828 1170 3885 anima:
1194 3832 1437 3888 renitens
1463 3833 1752 3904 splendore
1774 3852 2027 3908 superne.

2190 3812 2564 3887 Sarcophago,
2587 3815 2795 3887 pariter
2820 3815 3025 3873 claudit
3047 3825 3305 3888 terraque
3338 3817 3593 3873 recondit.

502 3911 658 4000 Tunc
688 3918 777 3987 qui
811 3921 1037 3989 gentiles
1062 3923 1287 3979 aderant
1309 3942 1376 3980 ex
1411 3903 1575 3995 Urbe,
1614 3903 1902 4000 novantur,

2190 3903 2489 3976 Sulpicium
2520 3906 2806 3976 praefectus
2837 3907 2948 3979 agit
2973 3923 3096 3963 cum
3127 3906 3438 3964 Serviliano

500 3999 796 4058 Credentes
825 4004 1062 4073 Christo,
1088 4008 1288 4077 liquida
1313 4011 1655 4083 baptismatis
1683 4019 1855 4086 unda;
1888 3996 1897 4000 ’
2188 3997 2281 4053 Dis
2307 3996 2504 4064 “belli;
2529 3997 2731 4053 09'8le
2761 4013 2931 4069 nuper
2959 3999 3051 4068 Ψιῖ
3086 3997 3311 4083 “limine
3342 3997 3564 4053 “"mdos

502 4088 631 4145 llaec
659 4092 955 4164 eademque
983 4096 1173 4153 domus
1197 4100 1436 4158 Ecclesia
1476 4114 1660 4160 sane",
1693 4108 1919 4165 renidet.
2069 4088 2071 4090 ’
2189 4090 2264 4145 Se
2291 4090 2592 4161 perhibent,
2625 4089 2787 4146 foedis
2815 4091 3011 4146 iterum
3044 4106 3145 4172 nec
3174 4091 3426 4146 sordibus
3461 4089 3602 4153 addi;

507 4182 738 4241 Sanctus
765 4183 1073 4244 Marcellum
1104 4203 1391 4263 postquam
1424 4194 1569 4252 ferus
1596 4198 1921 4256 Aurelianus
2189 4180 2436 4251 Βυιιιίιυθ
2461 4181 2547 4235 Via
2575 4189 2851 4251 ne‘1“eum
2885 4180 3028 4251 adigi
3056 4181 3190 4235 δίτίε
3222 4180 3418 4235 Vilibus
3442 4180 3564 4243 “"3.

504 4274 637 4347 Ejus
662 4276 1054 4352 Apuleiumque
1080 4280 1262 4338 schola
1285 4286 1384 4342 sub
1412 4296 1640 4358 utraque
1662 4289 1898 4345 sodalem
1923 4307 1938 4358 ;
2190 4270 2419 4328 Sumere
2445 4270 2718 4326 submissa
2745 4272 2981 4343 gladium
3009 4273 3227 4328 cervice
3244 4271 3522 4339 jubentur.

507 4365 619 4424 llos
647 4369 810 4425 etiam
837 4380 1052 4442 prteter,
1085 4375 1311 4433 Domino
1332 4393 1430 4448 pro
1459 4381 1635 4437 caelite
1661 4381 1844 4453 plures

2107 4399 2163 4460 Ι)
2191 4362 2334 4434 Agro
2363 4363 2604 4419 membra
2643 4378 2742 4419 suo
2764 4365 3002 4434 ipsorum
3034 4377 3267 4433 posuere
3298 4361 3501 4429 ﬁdeles,

499 4463 673 4521 Clarae
690 4465 816 4538 jure
847 4468 996 4526 necis
1028 4486 1191 4542 regna
1220 4472 1286 4528 ad
1315 4473 1557 4530 coelestia
1584 4452 1762 4542 misit,

2108 4452 2154 4460 ”
2191 4452 2335 4509 Moto
2359 4454 2505 4509 mille
2528 4455 2612 4509 via
2639 4455 2721 4510 bis
2745 4455 2992 4524 passibus
3029 4454 3175 4510 Urbe
3209 4453 3428 4518 Latina,

502 4555 715 4629 organa
744 4558 868 4617 1mm
889 4563 1050 4631 cap“,
1078 4562 1267 4620 Μριίεο
1293 4564 1593 4621 assuname
1614 4568 1794 4635 nemo,
2052 4564 2055 4565 ν
2193 4543 2544 4615 Martyriiqne
2570 4544 2690 4599 loco
2716 4556 2814 4614 per
2848 4554 3089 4614 tempora
3121 4552 3321 4599 cuncta
3354 4542 3539 4598 deinde

501 4648 583 4709 Ac
605 4651 750 4706 venit
779 4660 836 4705 ut
865 4651 1072 4708 niteant
1099 4655 1258 4710 unius
1286 4655 1404 4711 lucc
1433 4657 1540 4712 dici
2191 4635 2396 4692 norum
2426 4635 2669 4707 largiﬂue
2697 4636 2870 4691 Vinus
2896 4635 3161 4690 exuberat
3189 4635 3329 4705 ipso‘

1936 4812 2165 4871 CAPUT
2203 4808 2345 4866 XIV.

1374 4899 1451 4952 De
1470 4899 1729 4964 doctrina,
1767 4902 2037 4960 miraculis
2073 4915 2121 4960 et
2147 4902 2391 4976 passione
2417 4897 2585 4952 sancti
2607 4894 2909 4950 Clementis.

502 5010 715 5066 Interea
745 5006 995 5064 Clemens
1030 5008 1220 5063 aeterni
1248 5008 1452 5070 semina
1490 5011 1638 5065 verbi
2195 5011 2495 5082 Belligione
2523 5025 2620 5079 per
2641 5009 2786 5064 hunc
2822 5005 3077 5063 informat
3099 5006 3274 5062 Roma
3310 5005 3637 5068 Corinthum,

505 5100 792 5162 insistente
824 5113 1009 5154 serens
1040 5097 1161 5153 fidei
1191 5098 1404 5155 fervore
1425 5116 1689 5171 superum,
2195 5103 2453 5159 Decernit
2476 5103 2683 5157 scribas
2709 5103 3020 5174 regionibus
3046 5103 3237 5157 ordine
3278 5111 3431 5171 gesta

507 5192 721 5251 Evolvit
739 5193 942 5264 plures,
971 5194 1277 5248 veneranda
1299 5191 1595 5258 volumina,
1622 5193 1805 5260 libi-ot,
2194 5191 2296 5257 Qui
2319 5190 2641 5245 bellatorum
2672 5199 2920 5261 satagant
2945 5205 3267 5261 expromere
3296 5189 3536 5253 Christi;

505 5284 799 5330 Instittmns
823 5284 1003 5330 varias
1025 5281 1207 5330 divino
1228 5282 1434 5330 lumine
1456 5292 1663 5330 gentes-
2194 5281 2420 5330 Ordinat
2444 5289 2497 5330 et
2523 5280 2746 5330 clerum.
2778 5281 2974 5330 diversi
2998 5281 3230 5330 culmine
3261 5280 3470 5330 fastus:
