  <div class='ocr_page' id='page_1' title='image "/cluster/home/n/w/nwhite01/storage/ocr_20150623/135/hvd.32044015471758/324.png"; bbox 0 0 3888 5330; ppageno 0'>
   <div class='ocr_carea' id='block_1_1' title="bbox 129 357 3393 425">
    <p class='ocr_par' dir='ltr' id='par_1_1' title="bbox 129 357 3393 425">
     <span class='ocr_line' id='line_1_1' title="bbox 129 357 3393 425; baseline -0.002 0"><span class='ocrx_word' id='word_1_1' title='bbox 129 364 227 425; x_wconf 71' lang='lat'><strong>635</strong></span> <span class='ocrx_word' id='word_1_2' title='bbox 687 365 778 421; x_wconf 81' lang='lat' dir='ltr'><strong>DE</strong></span> <span class='ocrx_word' id='word_1_3' title='bbox 803 361 1077 421; x_wconf 77' lang='lat' dir='ltr'><strong>CIlIlIS‘I&#39;I</strong></span> <span class='ocrx_word' id='word_1_4' title='bbox 1105 362 1480 420; x_wconf 74' lang='lat' dir='ltr'><strong>TRIUMPIIIS</strong></span> <span class='ocrx_word' id='word_1_5' title='bbox 1515 362 1701 419; x_wconf 84' lang='lat' dir='ltr'><strong>APUD</strong></span> <span class='ocrx_word' id='word_1_6' title='bbox 1740 361 2017 418; x_wconf 71' lang='lat' dir='ltr'><strong>ITALIAM</strong></span> <span class='ocrx_word' id='word_1_7' title='bbox 2056 359 2237 417; x_wconf 79' lang='lat' dir='ltr'><strong>LIBRI</strong></span> <span class='ocrx_word' id='word_1_8' title='bbox 2264 357 2406 416; x_wconf 79' lang='lat' dir='ltr'><strong>XIV.</strong></span> <span class='ocrx_word' id='word_1_9' title='bbox 2435 390 2505 403; x_wconf 90' lang='lat'><strong>--</strong></span> <span class='ocrx_word' id='word_1_10' title='bbox 2531 359 2661 416; x_wconf 82' lang='lat' dir='ltr'><strong>LIII.</strong></span> <span class='ocrx_word' id='word_1_11' title='bbox 2704 359 2790 416; x_wconf 91' lang='lat' dir='ltr'><strong>III.</strong></span> <span class='ocrx_word' id='word_1_12' title='bbox 3286 361 3393 418; x_wconf 61' lang='lat'><strong>63‘</strong></span> 
     </span>
    </p>
   </div>
   <div class='ocr_carea' id='block_1_2' title="bbox 129 464 3309 552">
    <p class='ocr_par' dir='ltr' id='par_1_2' title="bbox 129 464 3309 552">
     <span class='ocr_line' id='line_1_2' title="bbox 129 464 3309 552; baseline -0.003 -16"><span class='ocrx_word' id='word_1_13' title='bbox 129 478 364 551; x_wconf 62' lang='lat' dir='ltr'><strong>Equore</strong></span> <span class='ocrx_word' id='word_1_14' title='bbox 395 494 521 534; x_wconf 89' lang='lat' dir='ltr'><strong>nam</strong></span> <span class='ocrx_word' id='word_1_15' title='bbox 559 488 839 552; x_wconf 85' lang='lat' dir='ltr'><strong>retegente</strong></span> <span class='ocrx_word' id='word_1_16' title='bbox 876 480 1046 547; x_wconf 85' lang='lat' dir='ltr'><strong>viam,</strong></span> <span class='ocrx_word' id='word_1_17' title='bbox 1082 479 1254 551; x_wconf 88' lang='lat' dir='ltr'><strong>prima</strong></span> <span class='ocrx_word' id='word_1_18' title='bbox 1282 477 1494 549; x_wconf 87' lang='lat' dir='ltr'><strong>impetit</strong></span> <span class='ocrx_word' id='word_1_19' title='bbox 1525 475 1699 548; x_wconf 81' lang='lat' dir='ltr'><strong>algas,</strong></span> <span class='ocrx_word' id='word_1_20' title='bbox 1732 464 1775 519; x_wconf 80' lang='grc' dir='ltr'>Λ</span> <span class='ocrx_word' id='word_1_21' title='bbox 1806 473 2239 544; x_wconf 88' lang='lat' dir='ltr'><strong>Defunctumque</strong></span> <span class='ocrx_word' id='word_1_22' title='bbox 2268 482 2484 544; x_wconf 89' lang='lat' dir='ltr'><strong>putans,</strong></span> <span class='ocrx_word' id='word_1_23' title='bbox 2516 480 2775 543; x_wconf 89' lang='lat' dir='ltr'><strong>properat</strong></span> <span class='ocrx_word' id='word_1_24' title='bbox 2801 471 3007 528; x_wconf 86' lang='lat' dir='ltr'><strong>lectura</strong></span> <span class='ocrx_word' id='word_1_25' title='bbox 3031 474 3309 528; x_wconf 84' lang='lat' dir='ltr'><strong>cadaver:</strong></span> 
     </span>
    </p>
   </div>
   <div class='ocr_carea' id='block_1_3' title="bbox 129 563 3397 642">
    <p class='ocr_par' dir='ltr' id='par_1_3' title="bbox 129 563 3397 642">
     <span class='ocr_line' id='line_1_3' title="bbox 129 563 3397 642; baseline -0.002 -17"><span class='ocrx_word' id='word_1_26' title='bbox 129 569 462 634; x_wconf 70' lang='lat' dir='ltr'><strong>Praecelerat,</strong></span> <span class='ocrx_word' id='word_1_27' title='bbox 496 571 815 642; x_wconf 71' lang='lat' dir='ltr'><strong>cunctisque</strong></span> <span class='ocrx_word' id='word_1_28' title='bbox 842 571 993 642; x_wconf 83' lang='lat' dir='ltr'><strong>prior</strong></span> <span class='ocrx_word' id='word_1_29' title='bbox 1018 571 1263 641; x_wconf 86' lang='lat' dir='ltr'><strong>pervadit</strong></span> <span class='ocrx_word' id='word_1_30' title='bbox 1285 583 1511 633; x_wconf 83' lang='lat' dir='ltr'><strong>arenas;</strong></span> <span class='ocrx_word' id='word_1_31' title='bbox 1811 567 2073 623; x_wconf 88' lang='lat' dir='ltr'><strong>Somnum</strong></span> <span class='ocrx_word' id='word_1_32' title='bbox 2108 566 2294 622; x_wconf 88' lang='lat' dir='ltr'><strong>elIIare</strong></span> <span class='ocrx_word' id='word_1_33' title='bbox 2313 567 2571 637; x_wconf 85' lang='lat' dir='ltr'><strong>probans.</strong></span> <span class='ocrx_word' id='word_1_34' title='bbox 2597 563 2792 621; x_wconf 87' lang='lat' dir='ltr'><strong>celeris</strong></span> <span class='ocrx_word' id='word_1_35' title='bbox 2813 566 2974 637; x_wconf 84' lang='lat' dir='ltr'><strong>rapit,</strong></span> <span class='ocrx_word' id='word_1_36' title='bbox 2998 566 3206 622; x_wconf 75' lang='lat' dir='ltr'><strong>excitat</strong></span> <span class='ocrx_word' id='word_1_37' title='bbox 3233 563 3397 633; x_wconf 75' lang='lat' dir='ltr'><strong>ulnis,</strong></span> 
     </span>
    </p>
   </div>
   <div class='ocr_carea' id='block_1_4' title="bbox 129 658 3240 732">
    <p class='ocr_par' dir='ltr' id='par_1_4' title="bbox 129 658 3240 732">
     <span class='ocr_line' id='line_1_4' title="bbox 129 658 3240 732; baseline -0.001 -17"><span class='ocrx_word' id='word_1_38' title='bbox 129 659 426 730; x_wconf 80' lang='lat' dir='ltr'><strong>Insequitur</strong></span> <span class='ocrx_word' id='word_1_39' title='bbox 449 659 666 724; x_wconf 87' lang='lat' dir='ltr'><strong>fluctus,</strong></span> <span class='ocrx_word' id='word_1_40' title='bbox 698 660 1026 732; x_wconf 82' lang='lat' dir='ltr'><strong>fugientibus</strong></span> <span class='ocrx_word' id='word_1_41' title='bbox 1054 661 1303 715; x_wconf 80' lang='lat' dir='ltr'><strong>imminet</strong></span> <span class='ocrx_word' id='word_1_42' title='bbox 1333 658 1490 713; x_wconf 87' lang='lat' dir='ltr'><strong>undis</strong></span> <span class='ocrx_word' id='word_1_43' title='bbox 1515 675 1529 710; x_wconf 91' lang='lat'><strong>:</strong></span> <span class='ocrx_word' id='word_1_44' title='bbox 1807 660 2135 716; x_wconf 82' lang='lat' dir='ltr'><strong>Incolumem</strong></span> <span class='ocrx_word' id='word_1_45' title='bbox 2163 659 2324 724; x_wconf 84' lang='lat' dir='ltr'><strong>levat,</strong></span> <span class='ocrx_word' id='word_1_46' title='bbox 2356 668 2412 714; x_wconf 89' lang='lat' dir='ltr'><strong>et</strong></span> <span class='ocrx_word' id='word_1_47' title='bbox 2439 658 2634 730; x_wconf 82' lang='lat' dir='ltr'><strong>populo</strong></span> <span class='ocrx_word' id='word_1_48' title='bbox 2660 668 2943 728; x_wconf 88' lang='lat' dir='ltr'><strong>spectante</strong></span> <span class='ocrx_word' id='word_1_49' title='bbox 2975 667 3240 728; x_wconf 74' lang='lat' dir='ltr'><strong>reportat.</strong></span> 
     </span>
    </p>
   </div>
   <div class='ocr_carea' id='block_1_5' title="bbox 128 741 3255 822">
    <p class='ocr_par' dir='ltr' id='par_1_5' title="bbox 128 741 3255 822">
     <span class='ocr_line' id='line_1_5' title="bbox 128 741 3255 822; baseline -0.001 -17"><span class='ocrx_word' id='word_1_50' title='bbox 128 750 294 805; x_wconf 79' lang='lat' dir='ltr'><strong>Prima</strong></span> <span class='ocrx_word' id='word_1_51' title='bbox 319 750 461 819; x_wconf 84' lang='lat' dir='ltr'><strong>petit</strong></span> <span class='ocrx_word' id='word_1_52' title='bbox 489 750 768 821; x_wconf 85' lang='lat' dir='ltr'><strong>templum,</strong></span> <span class='ocrx_word' id='word_1_53' title='bbox 800 752 1130 821; x_wconf 86' lang='lat' dir='ltr'><strong>ingreditur,</strong></span> <span class='ocrx_word' id='word_1_54' title='bbox 1173 749 1539 822; x_wconf 83' lang='lat' dir='ltr'><strong>prosternitur</strong></span> <span class='ocrx_word' id='word_1_55' title='bbox 1568 741 1699 814; x_wconf 72' lang='lat' dir='ltr'><strong>arae,</strong></span> <span class='ocrx_word' id='word_1_56' title='bbox 1809 751 1985 806; x_wconf 78' lang='lat' dir='ltr'><strong>Matre</strong></span> <span class='ocrx_word' id='word_1_57' title='bbox 2010 760 2234 821; x_wconf 78' lang='lat' dir='ltr'><strong>rogante</strong></span> <span class='ocrx_word' id='word_1_58' title='bbox 2262 750 2483 806; x_wconf 79' lang='lat' dir='ltr'><strong>ubinam</strong></span> <span class='ocrx_word' id='word_1_59' title='bbox 2513 747 2677 804; x_wconf 88' lang='lat' dir='ltr'><strong>fuerit</strong></span> <span class='ocrx_word' id='word_1_60' title='bbox 2714 757 2796 803; x_wconf 92' lang='lat' dir='ltr'><strong>tot</strong></span> <span class='ocrx_word' id='word_1_61' title='bbox 2821 748 3074 802; x_wconf 85' lang='lat' dir='ltr'><strong>ductibus</strong></span> <span class='ocrx_word' id='word_1_62' title='bbox 3100 747 3255 813; x_wconf 90' lang='lat' dir='ltr'><strong>anni,</strong></span> 
     </span>
    </p>
   </div>
   <div class='ocr_carea' id='block_1_6' title="bbox 129 836 3069 912">
    <p class='ocr_par' dir='ltr' id='par_1_6' title="bbox 129 836 3069 912">
     <span class='ocr_line' id='line_1_6' title="bbox 129 836 3069 912; baseline -0 -20"><span class='ocrx_word' id='word_1_63' title='bbox 129 840 404 909; x_wconf 78' lang='lat' dir='ltr'><strong>Esplicitis</strong></span> <span class='ocrx_word' id='word_1_64' title='bbox 426 842 607 911; x_wconf 83' lang='lat' dir='ltr'><strong>surgit</strong></span> <span class='ocrx_word' id='word_1_65' title='bbox 637 842 911 912; x_wconf 83' lang='lat' dir='ltr'><strong>precibus,</strong></span> <span class='ocrx_word' id='word_1_66' title='bbox 946 842 1259 907; x_wconf 86' lang='lat' dir='ltr'><strong>divertitur,</strong></span> <span class='ocrx_word' id='word_1_67' title='bbox 1288 841 1416 912; x_wconf 80' lang='lat' dir='ltr'><strong>:egri</strong></span> <span class='ocrx_word' id='word_1_68' title='bbox 1807 843 1860 899; x_wconf 91' lang='lat' dir='ltr'><strong>Is</strong></span> <span class='ocrx_word' id='word_1_69' title='bbox 1886 843 2100 898; x_wconf 86' lang='lat' dir='ltr'><strong>nescire</strong></span> <span class='ocrx_word' id='word_1_70' title='bbox 2130 841 2301 896; x_wconf 78' lang='lat' dir='ltr'><strong>refert</strong></span> <span class='ocrx_word' id='word_1_71' title='bbox 2325 839 2470 896; x_wconf 91' lang='lat' dir='ltr'><strong>ducti</strong></span> <span class='ocrx_word' id='word_1_72' title='bbox 2508 847 2623 895; x_wconf 88' lang='lat' dir='ltr'><strong>rota</strong></span> <span class='ocrx_word' id='word_1_73' title='bbox 2653 836 2872 892; x_wconf 74' lang='lat' dir='ltr'><strong>fluxerit</strong></span> <span class='ocrx_word' id='word_1_74' title='bbox 2899 837 3069 904; x_wconf 85' lang='lat' dir='ltr'><strong>orbis,</strong></span> 
     </span>
    </p>
   </div>
   <div class='ocr_carea' id='block_1_7' title="bbox 129 928 3330 1003">
    <p class='ocr_par' dir='ltr' id='par_1_7' title="bbox 129 928 3330 1003">
     <span class='ocr_line' id='line_1_7' title="bbox 129 928 3330 1003; baseline 0 -21"><span class='ocrx_word' id='word_1_75' title='bbox 129 928 288 985; x_wconf 78' lang='lat' dir='ltr'><strong>Imbro</strong></span> <span class='ocrx_word' id='word_1_76' title='bbox 316 931 497 1003; x_wconf 85' lang='lat' dir='ltr'><strong>rigata</strong></span> <span class='ocrx_word' id='word_1_77' title='bbox 544 948 713 1001; x_wconf 81' lang='lat' dir='ltr'><strong>genas</strong></span> <span class='ocrx_word' id='word_1_78' title='bbox 745 933 948 999; x_wconf 86' lang='lat' dir='ltr'><strong>cordis,</strong></span> <span class='ocrx_word' id='word_1_79' title='bbox 993 933 1207 988; x_wconf 88' lang='lat' dir='ltr'><strong>madida</strong></span> <span class='ocrx_word' id='word_1_80' title='bbox 1250 947 1347 988; x_wconf 89' lang='lat' dir='ltr'><strong>ora</strong></span> <span class='ocrx_word' id='word_1_81' title='bbox 1395 929 1699 997; x_wconf 82' lang='lat' dir='ltr'><strong>reﬂectens,</strong></span> <span class='ocrx_word' id='word_1_82' title='bbox 1812 934 1932 991; x_wconf 89' lang='lat' dir='ltr'><strong>Una</strong></span> <span class='ocrx_word' id='word_1_83' title='bbox 1957 934 2205 989; x_wconf 88' lang='lat' dir='ltr'><strong>hausisse</strong></span> <span class='ocrx_word' id='word_1_84' title='bbox 2241 941 2423 987; x_wconf 87' lang='lat' dir='ltr'><strong>tamen</strong></span> <span class='ocrx_word' id='word_1_85' title='bbox 2451 930 2710 986; x_wconf 86' lang='lat' dir='ltr'><strong>blandum</strong></span> <span class='ocrx_word' id='word_1_86' title='bbox 2754 946 2855 985; x_wconf 91' lang='lat' dir='ltr'><strong>ceu</strong></span> <span class='ocrx_word' id='word_1_87' title='bbox 2893 938 3049 984; x_wconf 87' lang='lat' dir='ltr'><strong>nocte</strong></span> <span class='ocrx_word' id='word_1_88' title='bbox 3080 943 3330 1000; x_wconf 78' lang='lat' dir='ltr'><strong>soporem</strong></span> 
     </span>
    </p>
   </div>
   <div class='ocr_carea' id='block_1_8' title="bbox 128 1018 3223 1098">
    <p class='ocr_par' dir='ltr' id='par_1_8' title="bbox 128 1018 3223 1098">
     <span class='ocr_line' id='line_1_8' title="bbox 128 1018 3223 1098; baseline 0 -23"><span class='ocrx_word' id='word_1_89' title='bbox 128 1022 322 1091; x_wconf 84' lang='lat' dir='ltr'><strong>Aspicit</strong></span> <span class='ocrx_word' id='word_1_90' title='bbox 354 1038 426 1079; x_wconf 86' lang='lat' dir='ltr'><strong>en</strong></span> <span class='ocrx_word' id='word_1_91' title='bbox 449 1026 689 1096; x_wconf 68' lang='lat' dir='ltr'><strong>genitum</strong></span> <span class='ocrx_word' id='word_1_92' title='bbox 718 1027 875 1082; x_wconf 89' lang='lat' dir='ltr'><strong>cunis</strong></span> <span class='ocrx_word' id='word_1_93' title='bbox 899 1043 1005 1098; x_wconf 88' lang='lat' dir='ltr'><strong>qua</strong></span> <span class='ocrx_word' id='word_1_94' title='bbox 1032 1035 1188 1097; x_wconf 85' lang='lat' dir='ltr'><strong>parte</strong></span> <span class='ocrx_word' id='word_1_95' title='bbox 1213 1026 1458 1094; x_wconf 89' lang='lat' dir='ltr'><strong>relictus,</strong></span> <span class='ocrx_word' id='word_1_96' title='bbox 1810 1023 2069 1095; x_wconf 67' lang='lat' dir='ltr'><strong>Exponit,</strong></span> <span class='ocrx_word' id='word_1_97' title='bbox 2105 1022 2430 1094; x_wconf 82' lang='lat' dir='ltr'><strong>stupidoque</strong></span> <span class='ocrx_word' id='word_1_98' title='bbox 2468 1020 2651 1076; x_wconf 88' lang='lat' dir='ltr'><strong>ferens</strong></span> <span class='ocrx_word' id='word_1_99' title='bbox 2691 1018 3002 1089; x_wconf 87' lang='lat' dir='ltr'><strong>spectacula</strong></span> <span class='ocrx_word' id='word_1_100' title='bbox 3044 1019 3223 1088; x_wconf 76' lang='lat' dir='ltr'><strong>vulgo,</strong></span> 
     </span>
    </p>
   </div>
   <div class='ocr_carea' id='block_1_9' title="bbox 128 1109 3167 1190">
    <p class='ocr_par' dir='ltr' id='par_1_9' title="bbox 128 1109 3167 1190">
     <span class='ocr_line' id='line_1_9' title="bbox 128 1109 3167 1190; baseline 0 -25"><span class='ocrx_word' id='word_1_101' title='bbox 128 1111 358 1172; x_wconf 70' lang='lat' dir='ltr'><strong>Nondum</strong></span> <span class='ocrx_word' id='word_1_102' title='bbox 386 1119 631 1174; x_wconf 86' lang='lat' dir='ltr'><strong>continui</strong></span> <span class='ocrx_word' id='word_1_103' title='bbox 657 1119 871 1189; x_wconf 90' lang='lat' dir='ltr'><strong>rupisse</strong></span> <span class='ocrx_word' id='word_1_104' title='bbox 895 1120 1107 1176; x_wconf 85' lang='lat' dir='ltr'><strong>silentia</strong></span> <span class='ocrx_word' id='word_1_105' title='bbox 1133 1122 1340 1190; x_wconf 87' lang='lat' dir='ltr'><strong>somni;</strong></span> <span class='ocrx_word' id='word_1_106' title='bbox 1812 1117 2146 1173; x_wconf 87' lang='lat' dir='ltr'><strong>Cunctorum</strong></span> <span class='ocrx_word' id='word_1_107' title='bbox 2177 1113 2371 1170; x_wconf 82' lang='lat' dir='ltr'><strong>matris</strong></span> <span class='ocrx_word' id='word_1_108' title='bbox 2403 1111 2641 1183; x_wconf 84' lang='lat' dir='ltr'><strong>duplicat</strong></span> <span class='ocrx_word' id='word_1_109' title='bbox 2669 1110 2757 1181; x_wconf 90' lang='lat' dir='ltr'><strong>pia</strong></span> <span class='ocrx_word' id='word_1_110' title='bbox 2788 1110 2982 1182; x_wconf 85' lang='lat' dir='ltr'><strong>gaudia</strong></span> <span class='ocrx_word' id='word_1_111' title='bbox 3005 1109 3167 1166; x_wconf 86' lang='lat' dir='ltr'><strong>votis.</strong></span> 
     </span>
    </p>
   </div>
   <div class='ocr_carea' id='block_1_10' title="bbox 1374 1269 2227 1353">
    <p class='ocr_par' dir='ltr' id='par_1_10' title="bbox 1374 1269 2227 1353">
     <span class='ocr_line' id='line_1_10' title="bbox 1374 1269 2227 1353; baseline -0.014 -16"><span class='ocrx_word' id='word_1_112' title='bbox 1374 1278 1573 1337; x_wconf 75' lang='lat' dir='ltr'><strong>CAPIT</strong></span> <span class='ocrx_word' id='word_1_113' title='bbox 1584 1279 1719 1335; x_wconf 75' lang='lat' dir='ltr'><strong>ULA</strong></span> <span class='ocrx_word' id='word_1_114' title='bbox 1757 1275 1937 1353; x_wconf 74' lang='lat' dir='ltr'><strong>LIBRI</strong></span> <span class='ocrx_word' id='word_1_115' title='bbox 1974 1269 2227 1329; x_wconf 77' lang='lat' dir='ltr'><strong>TERTII.</strong></span> 
     </span>
    </p>
   </div>
   <div class='ocr_carea' id='block_1_11' title="bbox 322 1385 1593 1449">
    <p class='ocr_par' dir='ltr' id='par_1_11' title="bbox 322 1385 1593 1449">
     <span class='ocr_line' id='line_1_11' title="bbox 322 1385 1593 1449; baseline 0.007 -9"><span class='ocrx_word' id='word_1_116' title='bbox 322 1385 455 1441; x_wconf 64' lang='lat' dir='ltr'><strong>Car.</strong></span> <span class='ocrx_word' id='word_1_117' title='bbox 473 1386 510 1441; x_wconf 93' lang='lat' dir='ltr'><strong>I.</strong></span> <span class='ocrx_word' id='word_1_118' title='bbox 548 1419 617 1429; x_wconf 88' lang='lat'><strong>-—</strong></span> <span class='ocrx_word' id='word_1_119' title='bbox 656 1388 733 1444; x_wconf 86' lang='lat' dir='ltr'><strong>De</strong></span> <span class='ocrx_word' id='word_1_120' title='bbox 755 1392 951 1446; x_wconf 80' lang='lat' dir='ltr'><strong>sanctis</strong></span> <span class='ocrx_word' id='word_1_121' title='bbox 979 1393 1229 1448; x_wconf 79' lang='lat' dir='ltr'><strong>Anaclcto</strong></span> <span class='ocrx_word' id='word_1_122' title='bbox 1254 1404 1302 1448; x_wconf 92' lang='lat' dir='ltr'><strong>et</strong></span> <span class='ocrx_word' id='word_1_123' title='bbox 1327 1394 1593 1449; x_wconf 74' lang='lat' dir='ltr'><strong>Evaristo.</strong></span> 
     </span>
    </p>
   </div>
   <div class='ocr_carea' id='block_1_12' title="bbox 475 1458 1911 1534">
    <p class='ocr_par' dir='ltr' id='par_1_12' title="bbox 475 1458 1911 1534">
     <span class='ocr_line' id='line_1_12' title="bbox 475 1458 1911 1534; baseline 0.003 -22"><span class='ocrx_word' id='word_1_124' title='bbox 576 1490 648 1499; x_wconf 90' lang='lat'><strong>—</strong></span> <span class='ocrx_word' id='word_1_125' title='bbox 688 1461 764 1534; x_wconf 83' lang='lat' dir='ltr'><strong>D_c</strong></span> <span class='ocrx_word' id='word_1_126' title='bbox 788 1476 972 1534; x_wconf 74' lang='lat' dir='ltr'><strong>sancto</strong></span> <span class='ocrx_word' id='word_1_127' title='bbox 1014 1465 1314 1534; x_wconf 68' lang='lat' dir='ltr'><strong>Aleamttdro</strong></span> <span class='ocrx_word' id='word_1_128' title='bbox 1339 1482 1478 1533; x_wconf 82' lang='lat' dir='ltr'><strong>papa</strong></span> <span class='ocrx_word' id='word_1_129' title='bbox 1506 1476 1555 1519; x_wconf 90' lang='lat' dir='ltr'><strong>et</strong></span> <span class='ocrx_word' id='word_1_130' title='bbox 1594 1465 1750 1520; x_wconf 89' lang='lat' dir='ltr'><strong>sociis</strong></span> <span class='ocrx_word' id='word_1_131' title='bbox 1774 1464 1911 1534; x_wconf 83' lang='lat' dir='ltr'><strong>ejus.</strong></span> 
     </span>
    </p>
   </div>
   <div class='ocr_carea' id='block_1_13' title="bbox 480 1526 2194 1604">
    <p class='ocr_par' dir='ltr' id='par_1_13' title="bbox 480 1526 2194 1604">
     <span class='ocr_line' id='line_1_13' title="bbox 480 1526 2194 1604; baseline -0.004 -15"><span class='ocrx_word' id='word_1_132' title='bbox 606 1559 676 1569; x_wconf 90' lang='grc'><strong><em>-</em></strong></span> <span class='ocrx_word' id='word_1_133' title='bbox 710 1529 790 1604; x_wconf 59' lang='lat' dir='ltr'><strong>pe</strong></span> <span class='ocrx_word' id='word_1_134' title='bbox 814 1532 1079 1604; x_wconf 48' lang='lat' dir='ltr'><strong>relatione</strong></span> <span class='ocrx_word' id='word_1_135' title='bbox 1098 1532 1284 1599; x_wconf 81' lang='lat' dir='ltr'><strong>Plinii,</strong></span> <span class='ocrx_word' id='word_1_136' title='bbox 1305 1526 1353 1590; x_wconf 78' lang='lat' dir='ltr'><strong>et</strong></span> <span class='ocrx_word' id='word_1_137' title='bbox 1380 1526 1579 1590; x_wconf 68' lang='lat' dir='ltr'><strong>ultione</strong></span> <span class='ocrx_word' id='word_1_138' title='bbox 1602 1535 1770 1590; x_wconf 85' lang='lat' dir='ltr'><strong>tertia:</strong></span> <span class='ocrx_word' id='word_1_139' title='bbox 1793 1526 2194 1604; x_wconf 63' lang='lat' dir='ltr'><strong>persecutionis.</strong></span> 
     </span>
    </p>
   </div>
   <div class='ocr_carea' id='block_1_14' title="bbox 476 1597 1382 1674">
    <p class='ocr_par' dir='ltr' id='par_1_14' title="bbox 476 1597 1382 1674">
     <span class='ocr_line' id='line_1_14' title="bbox 476 1597 1382 1674; baseline 0.01 -24"><span class='ocrx_word' id='word_1_140' title='bbox 603 1629 675 1639; x_wconf 91' lang='lat'><strong><em>—</em></strong></span> <span class='ocrx_word' id='word_1_141' title='bbox 701 1600 792 1674; x_wconf 36' lang='lat' dir='ltr'><strong>‘Dc</strong></span> <span class='ocrx_word' id='word_1_142' title='bbox 816 1613 1004 1657; x_wconf 87' lang='lat' dir='ltr'><strong>sancto</strong></span> <span class='ocrx_word' id='word_1_143' title='bbox 1023 1602 1193 1674; x_wconf 81' lang='lat' dir='ltr'><strong>_Si:rto</strong></span> <span class='ocrx_word' id='word_1_144' title='bbox 1221 1597 1382 1674; x_wconf 80' lang='lat' dir='ltr'><strong>papa.</strong></span> 
     </span>
    </p>
   </div>
   <div class='ocr_carea' id='block_1_15' title="bbox 474 1668 2008 1734">
    <p class='ocr_par' dir='ltr' id='par_1_15' title="bbox 474 1668 2008 1734">
     <span class='ocr_line' id='line_1_15' title="bbox 474 1668 2008 1734; baseline 0.003 -11"><span class='ocrx_word' id='word_1_145' title='bbox 474 1668 541 1724; x_wconf 72' lang='grc' dir='ltr'><strong>Υ.</strong></span> <span class='ocrx_word' id='word_1_146' title='bbox 576 1699 649 1710; x_wconf 90' lang='lat'><strong>—-</strong></span> <span class='ocrx_word' id='word_1_147' title='bbox 684 1670 765 1725; x_wconf 88' lang='lat' dir='ltr'><strong>De</strong></span> <span class='ocrx_word' id='word_1_148' title='bbox 785 1674 980 1727; x_wconf 78' lang='lat' dir='ltr'><strong>sanctis</strong></span> <span class='ocrx_word' id='word_1_149' title='bbox 1007 1668 1240 1734; x_wconf 60' lang='lat' dir='ltr'><strong>Cetulio,</strong></span> <span class='ocrx_word' id='word_1_150' title='bbox 1273 1668 1520 1728; x_wconf 78' lang='lat' dir='ltr'><strong>Amantio</strong></span> <span class='ocrx_word' id='word_1_151' title='bbox 1551 1686 1598 1731; x_wconf 91' lang='lat' dir='ltr'><strong>et</strong></span> <span class='ocrx_word' id='word_1_152' title='bbox 1625 1673 1780 1730; x_wconf 85' lang='lat' dir='ltr'><strong>sociis</strong></span> <span class='ocrx_word' id='word_1_153' title='bbox 1804 1688 2008 1728; x_wconf 79' lang='lat' dir='ltr'><strong>eorum.</strong></span> 
     </span>
    </p>
   </div>
   <div class='ocr_carea' id='block_1_16' title="bbox 480 1738 1647 1812">
    <p class='ocr_par' dir='ltr' id='par_1_16' title="bbox 480 1738 1647 1812">
     <span class='ocr_line' id='line_1_16' title="bbox 480 1738 1647 1812; baseline 0.009 -22"><span class='ocrx_word' id='word_1_154' title='bbox 604 1769 678 1781; x_wconf 95' lang='lat'><strong>—</strong></span> <span class='ocrx_word' id='word_1_155' title='bbox 717 1740 794 1812; x_wconf 81' lang='lat' dir='ltr'><strong>De</strong></span> <span class='ocrx_word' id='word_1_156' title='bbox 823 1745 1019 1798; x_wconf 81' lang='lat' dir='ltr'><strong>sanctis</strong></span> <span class='ocrx_word' id='word_1_157' title='bbox 1057 1742 1316 1812; x_wconf 75' lang='lat' dir='ltr'><strong>Seraphin</strong></span> <span class='ocrx_word' id='word_1_158' title='bbox 1346 1756 1394 1799; x_wconf 79' lang='lat' dir='ltr'><strong>et</strong></span> <span class='ocrx_word' id='word_1_159' title='bbox 1423 1744 1647 1801; x_wconf 83' lang='lat' dir='ltr'><strong>Sabina.</strong></span> 
     </span>
    </p>
   </div>
   <div class='ocr_carea' id='block_1_17' title="bbox 471 1808 1346 1869">
    <p class='ocr_par' dir='ltr' id='par_1_17' title="bbox 471 1808 1346 1869">
     <span class='ocr_line' id='line_1_17' title="bbox 471 1808 1346 1869; baseline 0.007 -7"><span class='ocrx_word' id='word_1_160' title='bbox 471 1808 582 1864; x_wconf 78' lang='lat' dir='ltr'><strong>VII.</strong></span> <span class='ocrx_word' id='word_1_161' title='bbox 621 1841 695 1851; x_wconf 97' lang='lat'><strong>—</strong></span> <span class='ocrx_word' id='word_1_162' title='bbox 730 1811 807 1865; x_wconf 90' lang='lat' dir='ltr'><strong>Dc</strong></span> <span class='ocrx_word' id='word_1_163' title='bbox 832 1825 1013 1868; x_wconf 88' lang='lat' dir='ltr'><strong>sancto</strong></span> <span class='ocrx_word' id='word_1_164' title='bbox 1040 1808 1346 1869; x_wconf 73' lang='lat' dir='ltr'><strong>Eustochio.</strong></span> 
     </span>
    </p>
   </div>
   <div class='ocr_carea' id='block_1_18' title="bbox 474 1879 1665 1941">
    <p class='ocr_par' dir='ltr' id='par_1_18' title="bbox 474 1879 1665 1941">
     <span class='ocr_line' id='line_1_18' title="bbox 474 1879 1665 1941; baseline 0.004 -7"><span class='ocrx_word' id='word_1_165' title='bbox 474 1879 609 1936; x_wconf 74' lang='lat' dir='ltr'><strong>VIII.</strong></span> <span class='ocrx_word' id='word_1_166' title='bbox 639 1912 711 1921; x_wconf 93' lang='lat'><strong>—</strong></span> <span class='ocrx_word' id='word_1_167' title='bbox 747 1881 826 1935; x_wconf 83' lang='lat' dir='ltr'><strong>De</strong></span> <span class='ocrx_word' id='word_1_168' title='bbox 852 1885 1048 1937; x_wconf 83' lang='lat' dir='ltr'><strong>sanctis</strong></span> <span class='ocrx_word' id='word_1_169' title='bbox 1070 1881 1377 1939; x_wconf 79' lang='lat' dir='ltr'><strong>Eleutherio</strong></span> <span class='ocrx_word' id='word_1_170' title='bbox 1401 1895 1449 1939; x_wconf 89' lang='lat' dir='ltr'><strong>et</strong></span> <span class='ocrx_word' id='word_1_171' title='bbox 1478 1886 1665 1941; x_wconf 78' lang='lat' dir='ltr'><strong>Ancia.</strong></span> 
     </span>
    </p>
   </div>
   <div class='ocr_carea' id='block_1_19' title="bbox 472 1948 2543 2024">
    <p class='ocr_par' dir='ltr' id='par_1_19' title="bbox 472 1948 2543 2024">
     <span class='ocr_line' id='line_1_19' title="bbox 472 1948 2543 2024; baseline 0.001 -20"><span class='ocrx_word' id='word_1_172' title='bbox 472 1948 563 2024; x_wconf 72' lang='lat' dir='ltr'><strong>IX.</strong></span> <span class='ocrx_word' id='word_1_173' title='bbox 601 1981 675 1991; x_wconf 98' lang='lat'><strong><em>—</em></strong></span> <span class='ocrx_word' id='word_1_174' title='bbox 708 1951 786 2024; x_wconf 81' lang='lat' dir='ltr'><strong>_De</strong></span> <span class='ocrx_word' id='word_1_175' title='bbox 806 1952 1049 2024; x_wconf 67' lang='lat' dir='ltr'><strong>apologia</strong></span> <span class='ocrx_word' id='word_1_176' title='bbox 1081 1955 1341 2020; x_wconf 81' lang='lat' dir='ltr'><strong>Quadrati</strong></span> <span class='ocrx_word' id='word_1_177' title='bbox 1369 1967 1415 2008; x_wconf 85' lang='lat' dir='ltr'><strong>ct</strong></span> <span class='ocrx_word' id='word_1_178' title='bbox 1446 1958 1714 2023; x_wconf 77' lang='lat' dir='ltr'><strong>Aristidis,</strong></span> <span class='ocrx_word' id='word_1_179' title='bbox 1742 1965 1789 2011; x_wconf 92' lang='lat' dir='ltr'><strong>et</strong></span> <span class='ocrx_word' id='word_1_180' title='bbox 1817 1954 2122 2009; x_wconf 83' lang='lat' dir='ltr'><strong>remissione</strong></span> <span class='ocrx_word' id='word_1_181' title='bbox 2147 1952 2543 2024; x_wconf 84' lang='lat' dir='ltr'><strong>persecutionis.</strong></span> 
     </span>
    </p>
   </div>
   <div class='ocr_carea' id='block_1_20' title="bbox 473 2020 1624 2096">
    <p class='ocr_par' dir='ltr' id='par_1_20' title="bbox 473 2020 1624 2096">
     <span class='ocr_line' id='line_1_20' title="bbox 473 2020 1624 2096; baseline 0.005 -22"><span class='ocrx_word' id='word_1_182' title='bbox 473 2020 544 2096; x_wconf 46' lang='grc' dir='ltr'><strong>ξς</strong></span> <span class='ocrx_word' id='word_1_183' title='bbox 583 2051 655 2063; x_wconf 90' lang='lat'><strong>——</strong></span> <span class='ocrx_word' id='word_1_184' title='bbox 696 2021 770 2096; x_wconf 85' lang='lat' dir='ltr'><strong>D_e</strong></span> <span class='ocrx_word' id='word_1_185' title='bbox 802 2020 1114 2096; x_wconf 35' lang='lat' dir='ltr'><strong>Telesphore</strong></span> <span class='ocrx_word' id='word_1_186' title='bbox 1136 2042 1277 2096; x_wconf 81' lang='lat' dir='ltr'><strong>papa</strong></span> <span class='ocrx_word' id='word_1_187' title='bbox 1307 2035 1356 2078; x_wconf 92' lang='lat' dir='ltr'><strong>et</strong></span> <span class='ocrx_word' id='word_1_188' title='bbox 1391 2024 1624 2096; x_wconf 79' lang='lat' dir='ltr'><strong>Hygino.</strong></span> 
     </span>
    </p>
   </div>
   <div class='ocr_carea' id='block_1_21' title="bbox 476 2090 1383 2150">
    <p class='ocr_par' dir='ltr' id='par_1_21' title="bbox 476 2090 1383 2150">
     <span class='ocr_line' id='line_1_21' title="bbox 476 2090 1383 2150; baseline 0.001 -2"><span class='ocrx_word' id='word_1_189' title='bbox 476 2092 571 2150; x_wconf 87' lang='lat' dir='ltr'><strong>XI.</strong></span> <span class='ocrx_word' id='word_1_190' title='bbox 608 2122 679 2133; x_wconf 90' lang='lat'>—</span> <span class='ocrx_word' id='word_1_191' title='bbox 715 2092 797 2146; x_wconf 86' lang='lat' dir='ltr'><strong>De</strong></span> <span class='ocrx_word' id='word_1_192' title='bbox 819 2090 1026 2148; x_wconf 78' lang='lat' dir='ltr'><strong>Novato</strong></span> <span class='ocrx_word' id='word_1_193' title='bbox 1049 2104 1096 2147; x_wconf 91' lang='lat' dir='ltr'><strong>et</strong></span> <span class='ocrx_word' id='word_1_194' title='bbox 1123 2090 1383 2149; x_wconf 74' lang='lat' dir='ltr'><strong>Pudente.</strong></span> 
     </span>
    </p>
   </div>
   <div class='ocr_carea' id='block_1_22' title="bbox 474 2162 1745 2221">
    <p class='ocr_par' dir='ltr' id='par_1_22' title="bbox 474 2162 1745 2221">
     <span class='ocr_line' id='line_1_22' title="bbox 474 2162 1745 2221; baseline 0.002 -2"><span class='ocrx_word' id='word_1_195' title='bbox 474 2164 589 2219; x_wconf 82' lang='lat' dir='ltr'><strong>XII.</strong></span> <span class='ocrx_word' id='word_1_196' title='bbox 629 2193 699 2203; x_wconf 90' lang='lat'><strong>——</strong></span> <span class='ocrx_word' id='word_1_197' title='bbox 738 2162 815 2216; x_wconf 79' lang='lat' dir='ltr'><strong>De</strong></span> <span class='ocrx_word' id='word_1_198' title='bbox 842 2166 1037 2218; x_wconf 85' lang='lat' dir='ltr'><strong>sanctis</strong></span> <span class='ocrx_word' id='word_1_199' title='bbox 1071 2163 1313 2219; x_wconf 78' lang='lat' dir='ltr'><strong>Praxede</strong></span> <span class='ocrx_word' id='word_1_200' title='bbox 1336 2177 1383 2219; x_wconf 84' lang='lat' dir='ltr'><strong>et</strong></span> <span class='ocrx_word' id='word_1_201' title='bbox 1408 2164 1745 2221; x_wconf 86' lang='lat' dir='ltr'><strong>Potentiana.</strong></span> 
     </span>
    </p>
   </div>
   <div class='ocr_carea' id='block_1_23' title="bbox 471 2233 2015 2306">
    <p class='ocr_par' dir='ltr' id='par_1_23' title="bbox 471 2233 2015 2306">
     <span class='ocr_line' id='line_1_23' title="bbox 471 2233 2015 2306; baseline 0.003 -20"><span class='ocrx_word' id='word_1_202' title='bbox 471 2233 612 2306; x_wconf 66' lang='lat' dir='ltr'><strong>XIII.</strong></span> <span class='ocrx_word' id='word_1_203' title='bbox 650 2264 723 2273; x_wconf 97' lang='lat'><strong>—</strong></span> <span class='ocrx_word' id='word_1_204' title='bbox 761 2233 839 2306; x_wconf 79' lang='lat' dir='ltr'><strong>l_)e</strong></span> <span class='ocrx_word' id='word_1_205' title='bbox 862 2244 1048 2288; x_wconf 80' lang='lat' dir='ltr'><strong>sancto</strong></span> <span class='ocrx_word' id='word_1_206' title='bbox 1085 2235 1389 2306; x_wconf 64' lang='lat' dir='ltr'><strong>Alexandro</strong></span> <span class='ocrx_word' id='word_1_207' title='bbox 1413 2237 1655 2306; x_wconf 81' lang='lat' dir='ltr'><strong>episcopo</strong></span> <span class='ocrx_word' id='word_1_208' title='bbox 1685 2248 1733 2289; x_wconf 93' lang='lat' dir='ltr'><strong>et</strong></span> <span class='ocrx_word' id='word_1_209' title='bbox 1763 2247 2015 2301; x_wconf 76' lang='lat' dir='ltr'><strong>morture.</strong></span> 
     </span>
    </p>
   </div>
   <div class='ocr_carea' id='block_1_24' title="bbox 471 2303 1767 2378">
    <p class='ocr_par' dir='ltr' id='par_1_24' title="bbox 471 2303 1767 2378">
     <span class='ocr_line' id='line_1_24' title="bbox 471 2303 1767 2378; baseline 0.002 -20"><span class='ocrx_word' id='word_1_210' title='bbox 651 2332 723 2344; x_wconf 88' lang='lat'>—</span> <span class='ocrx_word' id='word_1_211' title='bbox 749 2303 837 2378; x_wconf 84' lang='lat' dir='ltr'><strong>_De</strong></span> <span class='ocrx_word' id='word_1_212' title='bbox 856 2314 1039 2358; x_wconf 85' lang='lat' dir='ltr'><strong>sancta</strong></span> <span class='ocrx_word' id='word_1_213' title='bbox 1067 2303 1355 2378; x_wconf 61' lang='lat' dir='ltr'><strong>felicitate</strong></span> <span class='ocrx_word' id='word_1_214' title='bbox 1386 2303 1451 2360; x_wconf 73' lang='lat' dir='ltr'><strong>ac</strong></span> <span class='ocrx_word' id='word_1_215' title='bbox 1475 2303 1602 2375; x_wconf 72' lang='lat' dir='ltr'><strong>ﬁliis</strong></span> <span class='ocrx_word' id='word_1_216' title='bbox 1630 2306 1767 2378; x_wconf 80' lang='lat' dir='ltr'><strong>ejus.</strong></span> 
     </span>
    </p>
   </div>
   <div class='ocr_carea' id='block_1_25' title="bbox 472 2374 1372 2433">
    <p class='ocr_par' dir='ltr' id='par_1_25' title="bbox 472 2374 1372 2433">
     <span class='ocr_line' id='line_1_25' title="bbox 472 2374 1372 2433; baseline 0.003 -3"><span class='ocrx_word' id='word_1_217' title='bbox 472 2374 590 2431; x_wconf 81' lang='lat' dir='ltr'><strong>XV.</strong></span> <span class='ocrx_word' id='word_1_218' title='bbox 626 2404 699 2416; x_wconf 91' lang='lat'><strong>—</strong></span> <span class='ocrx_word' id='word_1_219' title='bbox 738 2374 812 2427; x_wconf 88' lang='lat' dir='ltr'><strong>De</strong></span> <span class='ocrx_word' id='word_1_220' title='bbox 841 2384 1025 2428; x_wconf 81' lang='lat' dir='ltr'><strong>sancto</strong></span> <span class='ocrx_word' id='word_1_221' title='bbox 1054 2374 1372 2433; x_wconf 82' lang='lat' dir='ltr'><strong>Concordia.</strong></span> 
     </span>
    </p>
   </div>
   <div class='ocr_carea' id='block_1_26' title="bbox 472 2444 1417 2501">
    <p class='ocr_par' dir='ltr' id='par_1_26' title="bbox 472 2444 1417 2501">
     <span class='ocr_line' id='line_1_26' title="bbox 472 2444 1417 2501; baseline -0.001 -1"><span class='ocrx_word' id='word_1_222' title='bbox 472 2444 613 2500; x_wconf 78' lang='lat' dir='ltr'><strong>XVI.</strong></span> <span class='ocrx_word' id='word_1_223' title='bbox 653 2474 723 2484; x_wconf 92' lang='lat'>—</span> <span class='ocrx_word' id='word_1_224' title='bbox 755 2444 834 2501; x_wconf 86' lang='lat' dir='ltr'><strong>De</strong></span> <span class='ocrx_word' id='word_1_225' title='bbox 862 2460 1045 2499; x_wconf 87' lang='lat' dir='ltr'><strong>sancto</strong></span> <span class='ocrx_word' id='word_1_226' title='bbox 1074 2445 1417 2501; x_wconf 87' lang='lat' dir='ltr'><strong>Potentiano.</strong></span> 
     </span>
    </p>
   </div>
   <div class='ocr_carea' id='block_1_27' title="bbox 470 2513 1732 2586">
    <p class='ocr_par' dir='ltr' id='par_1_27' title="bbox 470 2513 1732 2586">
     <span class='ocr_line' id='line_1_27' title="bbox 470 2513 1732 2586; baseline 0.002 -17"><span class='ocrx_word' id='word_1_227' title='bbox 470 2513 635 2586; x_wconf 68' lang='lat' dir='ltr'><strong>XVII.</strong></span> <span class='ocrx_word' id='word_1_228' title='bbox 674 2545 747 2555; x_wconf 89' lang='lat'><strong><em>—</em></strong></span> <span class='ocrx_word' id='word_1_229' title='bbox 784 2514 862 2586; x_wconf 74' lang='lat' dir='ltr'><strong>De</strong></span> <span class='ocrx_word' id='word_1_230' title='bbox 888 2515 1082 2586; x_wconf 84' lang='lat' dir='ltr'><strong>ultione</strong></span> <span class='ocrx_word' id='word_1_231' title='bbox 1103 2526 1307 2586; x_wconf 66' lang='lat' dir='ltr'><strong>quartae</strong></span> <span class='ocrx_word' id='word_1_232' title='bbox 1335 2517 1732 2586; x_wconf 84' lang='lat' dir='ltr'><strong>persecutionis.</strong></span> 
     </span>
    </p>
   </div>
   <div class='ocr_carea' id='block_1_28' title="bbox 467 2584 2754 2658">
    <p class='ocr_par' dir='ltr' id='par_1_28' title="bbox 467 2584 2754 2658">
     <span class='ocr_line' id='line_1_28' title="bbox 467 2584 2754 2658; baseline -0.001 -16"><span class='ocrx_word' id='word_1_233' title='bbox 467 2585 656 2642; x_wconf 80' lang='lat' dir='ltr'><strong>XVIII.</strong></span> <span class='ocrx_word' id='word_1_234' title='bbox 694 2615 764 2627; x_wconf 89' lang='lat'>-</span> <span class='ocrx_word' id='word_1_235' title='bbox 799 2584 879 2639; x_wconf 86' lang='lat' dir='ltr'><strong>De</strong></span> <span class='ocrx_word' id='word_1_236' title='bbox 907 2585 1089 2656; x_wconf 78' lang='lat' dir='ltr'><strong>pluria</strong></span> <span class='ocrx_word' id='word_1_237' title='bbox 1115 2584 1163 2640; x_wconf 84' lang='lat' dir='ltr'><strong>et</strong></span> <span class='ocrx_word' id='word_1_238' title='bbox 1194 2584 1413 2642; x_wconf 80' lang='lat' dir='ltr'><strong>victoria</strong></span> <span class='ocrx_word' id='word_1_239' title='bbox 1443 2588 1697 2643; x_wconf 80' lang='lat' dir='ltr'><strong>militibus</strong></span> <span class='ocrx_word' id='word_1_240' title='bbox 1732 2605 1826 2658; x_wconf 80' lang='lat' dir='ltr'><strong>per</strong></span> <span class='ocrx_word' id='word_1_241' title='bbox 1852 2585 2235 2642; x_wconf 76' lang='lat' dir='ltr'><strong>invocationem</strong></span> <span class='ocrx_word' id='word_1_242' title='bbox 2260 2585 2459 2642; x_wconf 80' lang='lat' dir='ltr'><strong>Christi</strong></span> <span class='ocrx_word' id='word_1_243' title='bbox 2484 2602 2754 2641; x_wconf 82' lang='lat' dir='ltr'><strong>concessa.</strong></span> 
     </span>
    </p>
   </div>
   <div class='ocr_carea' id='block_1_29' title="bbox 997 2759 2537 2851">
    <p class='ocr_par' dir='ltr' id='par_1_29' title="bbox 997 2759 2537 2851">
     <span class='ocr_line' id='line_1_29' title="bbox 997 2759 2537 2851; baseline -0.003 -4"><span class='ocrx_word' id='word_1_244' title='bbox 997 2759 1465 2851; x_wconf 83' lang='lat' dir='ltr'><strong>INCIPIT</strong></span> <span class='ocrx_word' id='word_1_245' title='bbox 1536 2760 1899 2851; x_wconf 74' lang='lat' dir='ltr'><strong>LIBER</strong></span> <span class='ocrx_word' id='word_1_246' title='bbox 1979 2759 2537 2851; x_wconf 79' lang='lat' dir='ltr'><strong>TERTIUS.</strong></span> 
     </span>
    </p>
   </div>
   <div class='ocr_carea' id='block_1_30' title="bbox 1464 2955 2024 3014">
    <p class='ocr_par' dir='ltr' id='par_1_30' title="bbox 1464 2955 2024 3014">
     <span class='ocr_line' id='line_1_30' title="bbox 1464 2955 2024 3014; baseline -0.005 0"><span class='ocrx_word' id='word_1_247' title='bbox 1464 2955 1693 3014; x_wconf 83' lang='lat' dir='ltr'><strong>CAPUT</strong></span> <span class='ocrx_word' id='word_1_248' title='bbox 1731 2955 2024 3012; x_wconf 69' lang='lat' dir='ltr'><strong>PRIMUM.</strong></span> 
     </span>
    </p>
   </div>
   <div class='ocr_carea' id='block_1_31' title="bbox 1363 3070 2084 3128">
    <p class='ocr_par' dir='ltr' id='par_1_31' title="bbox 1363 3070 2084 3128">
     <span class='ocr_line' id='line_1_31' title="bbox 1363 3070 2084 3128; baseline 0.004 -3"><span class='ocrx_word' id='word_1_249' title='bbox 1363 3070 1440 3127; x_wconf 81' lang='lat' dir='ltr'><strong>De</strong></span> <span class='ocrx_word' id='word_1_250' title='bbox 1467 3071 1718 3127; x_wconf 81' lang='lat' dir='ltr'><strong>Anacleto</strong></span> <span class='ocrx_word' id='word_1_251' title='bbox 1744 3082 1795 3128; x_wconf 89' lang='lat' dir='ltr'><strong>et</strong></span> <span class='ocrx_word' id='word_1_252' title='bbox 1817 3072 2084 3128; x_wconf 80' lang='lat' dir='ltr'><strong>anristo.</strong></span> 
     </span>
    </p>
   </div>
   <div class='ocr_carea' id='block_1_32' title="bbox 41 3192 3170 3281">
    <p class='ocr_par' dir='ltr' id='par_1_32' title="bbox 41 3192 3170 3281">
     <span class='ocr_line' id='line_1_32' title="bbox 41 3192 3170 3281; baseline 0.001 -21"><span class='ocrx_word' id='word_1_253' title='bbox 41 3206 47 3225; x_wconf 84' lang='lat'><strong>&#39;</strong></span> <span class='ocrx_word' id='word_1_254' title='bbox 134 3206 378 3264; x_wconf 67' lang='lat' dir='ltr'><strong>Ecclesiae</strong></span> <span class='ocrx_word' id='word_1_255' title='bbox 403 3206 664 3265; x_wconf 83' lang='lat' dir='ltr'><strong>Clemens</strong></span> <span class='ocrx_word' id='word_1_256' title='bbox 685 3206 945 3263; x_wconf 84' lang='lat' dir='ltr'><strong>Anacleto</strong></span> <span class='ocrx_word' id='word_1_257' title='bbox 962 3207 1206 3280; x_wconf 81' lang='lat' dir='ltr'><strong>regmina</strong></span> <span class='ocrx_word' id='word_1_258' title='bbox 1236 3208 1423 3263; x_wconf 71' lang='lat' dir='ltr'><strong>Roma:</strong></span> <span class='ocrx_word' id='word_1_259' title='bbox 1737 3192 1783 3252; x_wconf 76' lang='grc' dir='ltr'>Β</span> <span class='ocrx_word' id='word_1_260' title='bbox 1812 3208 1947 3265; x_wconf 89' lang='lat' dir='ltr'><strong>Ortu</strong></span> <span class='ocrx_word' id='word_1_261' title='bbox 1976 3208 2122 3265; x_wconf 82' lang='lat' dir='ltr'><strong>clara</strong></span> <span class='ocrx_word' id='word_1_262' title='bbox 2153 3207 2246 3265; x_wconf 89' lang='lat' dir='ltr'><strong>Dei</strong></span> <span class='ocrx_word' id='word_1_263' title='bbox 2271 3208 2513 3280; x_wconf 71' lang='lat' dir='ltr'><strong>prtebent</strong></span> <span class='ocrx_word' id='word_1_264' title='bbox 2541 3222 2701 3281; x_wconf 86' lang='lat' dir='ltr'><strong>quem</strong></span> <span class='ocrx_word' id='word_1_265' title='bbox 2728 3208 2930 3264; x_wconf 64' lang='lat' dir='ltr'><strong>moenia</strong></span> <span class='ocrx_word' id='word_1_266' title='bbox 2964 3208 3170 3276; x_wconf 75' lang='lat' dir='ltr'><strong>Romae,</strong></span> 
     </span>
    </p>
   </div>
   <div class='ocr_carea' id='block_1_33' title="bbox 134 3295 3049 3372">
    <p class='ocr_par' dir='ltr' id='par_1_33' title="bbox 134 3295 3049 3372">
     <span class='ocr_line' id='line_1_33' title="bbox 134 3295 3049 3372; baseline 0.001 -22"><span class='ocrx_word' id='word_1_267' title='bbox 134 3295 387 3367; x_wconf 87' lang='lat' dir='ltr'><strong>Liquerat,</strong></span> <span class='ocrx_word' id='word_1_268' title='bbox 413 3314 446 3352; x_wconf 88' lang='lat' dir='ltr'><strong>a</strong></span> <span class='ocrx_word' id='word_1_269' title='bbox 484 3297 647 3354; x_wconf 88' lang='lat' dir='ltr'><strong>Petro</strong></span> <span class='ocrx_word' id='word_1_270' title='bbox 678 3298 769 3368; x_wconf 85' lang='lat' dir='ltr'><strong>qui</strong></span> <span class='ocrx_word' id='word_1_271' title='bbox 797 3309 1152 3355; x_wconf 83' lang='lat' dir='ltr'><strong>consecratus</strong></span> <span class='ocrx_word' id='word_1_272' title='bbox 1185 3298 1389 3353; x_wconf 83' lang='lat' dir='ltr'><strong>honore</strong></span> <span class='ocrx_word' id='word_1_273' title='bbox 1507 3296 1704 3371; x_wconf 90' lang='lat' dir='ltr'><strong>[crum,</strong></span> <span class='ocrx_word' id='word_1_274' title='bbox 1815 3300 2154 3363; x_wconf 75' lang='lat' dir='ltr'><strong>Presbvteris</strong></span> <span class='ocrx_word' id='word_1_275' title='bbox 2180 3302 2362 3358; x_wconf 87' lang='lat' dir='ltr'><strong>titulos</strong></span> <span class='ocrx_word' id='word_1_276' title='bbox 2392 3318 2585 3372; x_wconf 83' lang='lat' dir='ltr'><strong>magna</strong></span> <span class='ocrx_word' id='word_1_277' title='bbox 2610 3301 2794 3357; x_wconf 80' lang='lat' dir='ltr'><strong>divisit</strong></span> <span class='ocrx_word' id='word_1_278' title='bbox 2817 3301 2871 3355; x_wconf 93' lang='lat' dir='ltr'><strong>in</strong></span> <span class='ocrx_word' id='word_1_279' title='bbox 2893 3301 3049 3366; x_wconf 91' lang='lat' dir='ltr'><strong>urbe,</strong></span> 
     </span>
    </p>
   </div>
   <div class='ocr_carea' id='block_1_34' title="bbox 130 3382 3232 3466">
    <p class='ocr_par' dir='ltr' id='par_1_34' title="bbox 130 3382 3232 3466">
     <span class='ocr_line' id='line_1_34' title="bbox 130 3382 3232 3466; baseline 0.003 -28"><span class='ocrx_word' id='word_1_280' title='bbox 130 3382 428 3458; x_wconf 77' lang='lat' dir='ltr'><strong>Presbyter,</strong></span> <span class='ocrx_word' id='word_1_281' title='bbox 460 3396 625 3442; x_wconf 87' lang='lat' dir='ltr'><strong>ornat</strong></span> <span class='ocrx_word' id='word_1_282' title='bbox 674 3388 1031 3459; x_wconf 87' lang='lat' dir='ltr'><strong>apostolicum</strong></span> <span class='ocrx_word' id='word_1_283' title='bbox 1079 3386 1299 3442; x_wconf 68' lang='lat' dir='ltr'><strong>fabrica:</strong></span> <span class='ocrx_word' id='word_1_284' title='bbox 1346 3398 1464 3443; x_wconf 83' lang='lat' dir='ltr'><strong>arte</strong></span> <span class='ocrx_word' id='word_1_285' title='bbox 1526 3388 1706 3458; x_wconf 88' lang='lat' dir='ltr'><strong>sepul-</strong></span> <span class='ocrx_word' id='word_1_286' title='bbox 1814 3392 2133 3453; x_wconf 79' lang='lat' dir='ltr'><strong>Pontiﬁcem</strong></span> <span class='ocrx_word' id='word_1_287' title='bbox 2162 3395 2355 3450; x_wconf 87' lang='lat' dir='ltr'><strong>statuit</strong></span> <span class='ocrx_word' id='word_1_288' title='bbox 2382 3404 2589 3466; x_wconf 86' lang='lat' dir='ltr'><strong>septem</strong></span> <span class='ocrx_word' id='word_1_289' title='bbox 2618 3410 2902 3450; x_wconf 76' lang='lat' dir='ltr'><strong>asservare</strong></span> <span class='ocrx_word' id='word_1_290' title='bbox 2931 3393 3232 3460; x_wconf 85' lang='lat' dir='ltr'><strong>ministros,</strong></span> 
     </span>
    </p>
   </div>
   <div class='ocr_carea' id='block_1_35' title="bbox 131 3474 2977 3551">
    <p class='ocr_par' dir='ltr' id='par_1_35' title="bbox 131 3474 2977 3551">
     <span class='ocr_line' id='line_1_35' title="bbox 131 3474 2977 3551; baseline 0.004 -23"><span class='ocrx_word' id='word_1_291' title='bbox 131 3474 436 3533; x_wconf 78' lang='lat' dir='ltr'><strong>Pontificum</strong></span> <span class='ocrx_word' id='word_1_292' title='bbox 472 3478 735 3534; x_wconf 86' lang='lat' dir='ltr'><strong>membris</strong></span> <span class='ocrx_word' id='word_1_293' title='bbox 759 3479 893 3534; x_wconf 86' lang='lat' dir='ltr'><strong>dans</strong></span> <span class='ocrx_word' id='word_1_294' title='bbox 919 3476 1208 3533; x_wconf 68' lang='lat' dir='ltr'><strong>mausolaza</strong></span> <span class='ocrx_word' id='word_1_295' title='bbox 1232 3477 1506 3543; x_wconf 80' lang='lat' dir='ltr'><strong>locandis;</strong></span> <span class='ocrx_word' id='word_1_296' title='bbox 1817 3486 1951 3541; x_wconf 85' lang='lat' dir='ltr'><strong>Dum</strong></span> <span class='ocrx_word' id='word_1_297' title='bbox 1981 3487 2229 3543; x_wconf 70' lang='lat' dir='ltr'><strong>rationali</strong></span> <span class='ocrx_word' id='word_1_298' title='bbox 2259 3488 2406 3543; x_wconf 81' lang='lat' dir='ltr'><strong>verbi</strong></span> <span class='ocrx_word' id='word_1_299' title='bbox 2443 3487 2535 3542; x_wconf 84' lang='lat' dir='ltr'><strong>dat</strong></span> <span class='ocrx_word' id='word_1_300' title='bbox 2559 3488 2766 3543; x_wconf 76' lang='lat' dir='ltr'><strong>semina</strong></span> <span class='ocrx_word' id='word_1_301' title='bbox 2792 3497 2977 3551; x_wconf 69' lang='lat' dir='ltr'><strong>terrm;</strong></span> 
     </span>
    </p>
   </div>
   <div class='ocr_carea' id='block_1_36' title="bbox 133 3563 1668 3650">
    <p class='ocr_par' dir='ltr' id='par_1_36' title="bbox 133 3563 1610 3641">
     <span class='ocr_line' id='line_1_36' title="bbox 133 3563 1610 3641; baseline 0.001 -22"><span class='ocrx_word' id='word_1_302' title='bbox 133 3563 319 3636; x_wconf 84' lang='lat' dir='ltr'><strong>Hicque</strong></span> <span class='ocrx_word' id='word_1_303' title='bbox 340 3583 509 3625; x_wconf 87' lang='lat' dir='ltr'><strong>secus</strong></span> <span class='ocrx_word' id='word_1_304' title='bbox 532 3584 788 3641; x_wconf 67' lang='lat' dir='ltr'><strong>magunum</strong></span> <span class='ocrx_word' id='word_1_305' title='bbox 814 3568 1041 3623; x_wconf 88' lang='lat' dir='ltr'><strong>sortitur</strong></span> <span class='ocrx_word' id='word_1_306' title='bbox 1076 3568 1236 3622; x_wconf 87' lang='lat' dir='ltr'><strong>busta</strong></span> <span class='ocrx_word' id='word_1_307' title='bbox 1268 3568 1610 3639; x_wconf 81' lang='lat' dir='ltr'><strong>magistrum.</strong></span> 
     </span>
    </p>
   </div>
   <div class='ocr_carea' id='block_1_37' title="bbox 1550 3563 3085 3650">
    <p class='ocr_par' dir='ltr' id='par_1_37' title="bbox 1554 3576 3085 3650">
     <span class='ocr_line' id='line_1_37' title="bbox 1554 3576 3085 3650; baseline -0.002 -18"><span class='ocrx_word' id='word_1_308' title='bbox 1554 3582 1610 3621; x_wconf 81' lang='grc' dir='ltr'><strong>η·</strong></span> <span class='ocrx_word' id='word_1_309' title='bbox 1816 3576 2183 3650; x_wconf 80' lang='lat' dir='ltr'><strong>Martyrioqne</strong></span> <span class='ocrx_word' id='word_1_310' title='bbox 2211 3589 2505 3634; x_wconf 90' lang='lat' dir='ltr'><strong>coronatus</strong></span> <span class='ocrx_word' id='word_1_311' title='bbox 2535 3578 2669 3649; x_wconf 85' lang='lat' dir='ltr'><strong>petit</strong></span> <span class='ocrx_word' id='word_1_312' title='bbox 2696 3588 2843 3633; x_wconf 86' lang='lat' dir='ltr'><strong>astra</strong></span> <span class='ocrx_word' id='word_1_313' title='bbox 2874 3578 3085 3642; x_wconf 89' lang='lat' dir='ltr'><strong>beatus,</strong></span> 
     </span>
    </p>
   </div>
   <div class='ocr_carea' id='block_1_38' title="bbox 130 3655 3121 3739">
    <p class='ocr_par' dir='ltr' id='par_1_38' title="bbox 130 3655 3121 3739">
     <span class='ocr_line' id='line_1_38' title="bbox 130 3655 3121 3739; baseline 0.002 -26"><span class='ocrx_word' id='word_1_314' title='bbox 130 3655 284 3725; x_wconf 84' lang='lat' dir='ltr'><strong>Quem</strong></span> <span class='ocrx_word' id='word_1_315' title='bbox 311 3669 441 3732; x_wconf 80' lang='lat' dir='ltr'><strong>post</strong></span> <span class='ocrx_word' id='word_1_316' title='bbox 462 3660 724 3717; x_wconf 73' lang='lat' dir='ltr'><strong>Ecclesite</strong></span> <span class='ocrx_word' id='word_1_317' title='bbox 751 3661 1067 3717; x_wconf 79' lang='lat' dir='ltr'><strong>cathedram</strong></span> <span class='ocrx_word' id='word_1_318' title='bbox 1099 3660 1379 3716; x_wconf 84' lang='lat' dir='ltr'><strong>Evaristus</strong></span> <span class='ocrx_word' id='word_1_319' title='bbox 1402 3660 1653 3730; x_wconf 88' lang='lat' dir='ltr'><strong>adeptus,</strong></span> <span class='ocrx_word' id='word_1_320' title='bbox 1815 3667 1980 3738; x_wconf 81' lang='lat' dir='ltr'><strong>cujus</strong></span> <span class='ocrx_word' id='word_1_321' title='bbox 2011 3668 2319 3739; x_wconf 73' lang='lat' dir='ltr'><strong>apostolica:</strong></span> <span class='ocrx_word' id='word_1_322' title='bbox 2345 3669 2628 3725; x_wconf 82' lang='lat' dir='ltr'><strong>sociantur</strong></span> <span class='ocrx_word' id='word_1_323' title='bbox 2654 3670 2879 3739; x_wconf 78' lang='lat' dir='ltr'><strong>pignora</strong></span> <span class='ocrx_word' id='word_1_324' title='bbox 2906 3667 3121 3722; x_wconf 78' lang='lat' dir='ltr'><strong>tumbae.</strong></span> 
     </span>
    </p>
   </div>
   <div class='ocr_carea' id='block_1_39' title="bbox 1591 3865 1925 3923">
    <p class='ocr_par' dir='ltr' id='par_1_39' title="bbox 1591 3865 1925 3923">
     <span class='ocr_line' id='line_1_39' title="bbox 1591 3865 1925 3923; baseline -0.009 0"><span class='ocrx_word' id='word_1_325' title='bbox 1591 3865 1821 3923; x_wconf 81' lang='lat' dir='ltr'><strong>CAPUT</strong></span> <span class='ocrx_word' id='word_1_326' title='bbox 1859 3866 1925 3921; x_wconf 94' lang='lat' dir='ltr'><strong>II.</strong></span> 
     </span>
    </p>
   </div>
   <div class='ocr_carea' id='block_1_40' title="bbox 1132 3977 2332 4051">
    <p class='ocr_par' dir='ltr' id='par_1_40' title="bbox 1132 3977 2332 4051">
     <span class='ocr_line' id='line_1_40' title="bbox 1132 3977 2332 4051; baseline -0.003 -17"><span class='ocrx_word' id='word_1_327' title='bbox 1132 3978 1208 4035; x_wconf 90' lang='lat' dir='ltr'><strong>De</strong></span> <span class='ocrx_word' id='word_1_328' title='bbox 1233 3991 1414 4035; x_wconf 68' lang='lat' dir='ltr'><strong>sancio</strong></span> <span class='ocrx_word' id='word_1_329' title='bbox 1445 3979 1749 4035; x_wconf 72' lang='lat' dir='ltr'><strong>Alexandro</strong></span> <span class='ocrx_word' id='word_1_330' title='bbox 1777 3998 1915 4051; x_wconf 82' lang='lat' dir='ltr'><strong>papa</strong></span> <span class='ocrx_word' id='word_1_331' title='bbox 1944 3988 1992 4033; x_wconf 86' lang='lat' dir='ltr'><strong>et</strong></span> <span class='ocrx_word' id='word_1_332' title='bbox 2019 3978 2173 4033; x_wconf 89' lang='lat' dir='ltr'><strong>sociis</strong></span> <span class='ocrx_word' id='word_1_333' title='bbox 2196 3977 2332 4047; x_wconf 82' lang='lat' dir='ltr'><strong>ejus.</strong></span> 
     </span>
    </p>
   </div>
   <div class='ocr_carea' id='block_1_41' title="bbox 133 4109 3398 4188">
    <p class='ocr_par' dir='ltr' id='par_1_41' title="bbox 133 4109 3398 4188">
     <span class='ocr_line' id='line_1_41' title="bbox 133 4109 3398 4188; baseline -0.002 -17"><span class='ocrx_word' id='word_1_334' title='bbox 133 4114 272 4172; x_wconf 66' lang='lat' dir='ltr'><strong>Sedis</strong></span> <span class='ocrx_word' id='word_1_335' title='bbox 299 4116 614 4172; x_wconf 78' lang='lat' dir='ltr'><strong>Alexander</strong></span> <span class='ocrx_word' id='word_1_336' title='bbox 638 4124 760 4187; x_wconf 89' lang='lat' dir='ltr'><strong>post</strong></span> <span class='ocrx_word' id='word_1_337' title='bbox 796 4116 895 4171; x_wconf 87' lang='lat' dir='ltr'><strong>hos</strong></span> <span class='ocrx_word' id='word_1_338' title='bbox 935 4116 1308 4171; x_wconf 76' lang='lat' dir='ltr'><strong>moderamina</strong></span> <span class='ocrx_word' id='word_1_339' title='bbox 1334 4116 1524 4185; x_wconf 72' lang='lat' dir='ltr'><strong>prima:</strong></span> <span class='ocrx_word' id='word_1_340' title='bbox 1808 4117 2079 4188; x_wconf 52' lang='lat' dir='ltr'><strong>Praecipiti</strong></span> <span class='ocrx_word' id='word_1_341' title='bbox 2123 4130 2412 4187; x_wconf 87' lang='lat' dir='ltr'><strong>properus,</strong></span> <span class='ocrx_word' id='word_1_342' title='bbox 2459 4114 2804 4183; x_wconf 80' lang='lat' dir='ltr'><strong>Romamque</strong></span> <span class='ocrx_word' id='word_1_343' title='bbox 2848 4118 3069 4182; x_wconf 90' lang='lat' dir='ltr'><strong>repente</strong></span> <span class='ocrx_word' id='word_1_344' title='bbox 3110 4109 3398 4182; x_wconf 83' lang='lat' dir='ltr'><strong>perinlrat.</strong></span> 
     </span>
    </p>
   </div>
   <div class='ocr_carea' id='block_1_42' title="bbox 127 4202 3212 4278">
    <p class='ocr_par' dir='ltr' id='par_1_42' title="bbox 127 4202 3212 4278">
     <span class='ocr_line' id='line_1_42' title="bbox 127 4202 3212 4278; baseline -0.002 -15"><span class='ocrx_word' id='word_1_345' title='bbox 127 4204 235 4263; x_wconf 64' lang='lat' dir='ltr'><strong>Evi</strong></span> <span class='ocrx_word' id='word_1_346' title='bbox 261 4209 610 4273; x_wconf 89' lang='lat' dir='ltr'><strong>immaturus,</strong></span> <span class='ocrx_word' id='word_1_347' title='bbox 639 4216 885 4261; x_wconf 83' lang='lat' dir='ltr'><strong>maturus</strong></span> <span class='ocrx_word' id='word_1_348' title='bbox 918 4215 1120 4272; x_wconf 83' lang='lat' dir='ltr'><strong>mente,</strong></span> <span class='ocrx_word' id='word_1_349' title='bbox 1148 4208 1408 4278; x_wconf 87' lang='lat' dir='ltr'><strong>capessit.</strong></span> <span class='ocrx_word' id='word_1_350' title='bbox 1809 4208 2036 4278; x_wconf 82' lang='lat' dir='ltr'><strong>Augusti</strong></span> <span class='ocrx_word' id='word_1_351' title='bbox 2067 4206 2215 4262; x_wconf 84' lang='lat' dir='ltr'><strong>velut</strong></span> <span class='ocrx_word' id='word_1_352' title='bbox 2242 4206 2520 4277; x_wconf 84' lang='lat' dir='ltr'><strong>Augustus</strong></span> <span class='ocrx_word' id='word_1_353' title='bbox 2549 4219 2733 4263; x_wconf 86' lang='lat' dir='ltr'><strong>comes</strong></span> <span class='ocrx_word' id='word_1_354' title='bbox 2754 4202 2900 4259; x_wconf 91' lang='lat' dir='ltr'><strong>Urbe</strong></span> <span class='ocrx_word' id='word_1_355' title='bbox 2934 4211 3212 4271; x_wconf 83' lang='lat' dir='ltr'><strong>receptus;</strong></span> 
     </span>
    </p>
   </div>
   <div class='ocr_carea' id='block_1_43' title="bbox 129 4293 3189 4369">
    <p class='ocr_par' dir='ltr' id='par_1_43' title="bbox 129 4293 3189 4369">
     <span class='ocr_line' id='line_1_43' title="bbox 129 4293 3189 4369; baseline -0.005 -8"><span class='ocrx_word' id='word_1_356' title='bbox 129 4293 222 4352; x_wconf 77' lang='lat' dir='ltr'><strong>PI‘O</strong></span> <span class='ocrx_word' id='word_1_357' title='bbox 240 4299 414 4353; x_wconf 66' lang='lat' dir='ltr'><strong>SBWIS</strong></span> <span class='ocrx_word' id='word_1_358' title='bbox 445 4297 662 4354; x_wconf 75' lang='lat' dir='ltr'><strong>Domini</strong></span> <span class='ocrx_word' id='word_1_359' title='bbox 692 4313 845 4352; x_wconf 72' lang='lat' dir='ltr'><strong>Sacra</strong></span> <span class='ocrx_word' id='word_1_360' title='bbox 874 4297 967 4369; x_wconf 84' lang='lat' dir='ltr'><strong>qui</strong></span> <span class='ocrx_word' id='word_1_361' title='bbox 1001 4297 1257 4367; x_wconf 71' lang='lat' dir='ltr'><strong>mysteria</strong></span> <span class='ocrx_word' id='word_1_362' title='bbox 1284 4297 1429 4366; x_wconf 71' lang='lat' dir='ltr'><strong>passi</strong></span> <span class='ocrx_word' id='word_1_363' title='bbox 1812 4302 2135 4359; x_wconf 83' lang='lat' dir='ltr'><strong>Pontificum</strong></span> <span class='ocrx_word' id='word_1_364' title='bbox 2162 4301 2353 4356; x_wconf 85' lang='lat' dir='ltr'><strong>insano</strong></span> <span class='ocrx_word' id='word_1_365' title='bbox 2379 4298 2583 4369; x_wconf 88' lang='lat' dir='ltr'><strong>petitur</strong></span> <span class='ocrx_word' id='word_1_366' title='bbox 2612 4297 2872 4369; x_wconf 85' lang='lat' dir='ltr'><strong>plangore</strong></span> <span class='ocrx_word' id='word_1_367' title='bbox 2892 4295 3189 4360; x_wconf 89' lang='lat' dir='ltr'><strong>furentum,</strong></span> 
     </span>
    </p>
   </div>
   <div class='ocr_carea' id='block_1_44' title="bbox 129 4387 3150 4459">
    <p class='ocr_par' dir='ltr' id='par_1_44' title="bbox 129 4387 3150 4459">
     <span class='ocr_line' id='line_1_44' title="bbox 129 4387 3150 4459; baseline -0 -16"><span class='ocrx_word' id='word_1_368' title='bbox 129 4388 288 4444; x_wconf 85' lang='lat' dir='ltr'><strong>Corde</strong></span> <span class='ocrx_word' id='word_1_369' title='bbox 311 4390 501 4459; x_wconf 77' lang='lat' dir='ltr'><strong>colens</strong></span> <span class='ocrx_word' id='word_1_370' title='bbox 527 4389 714 4445; x_wconf 90' lang='lat' dir='ltr'><strong>humili</strong></span> <span class='ocrx_word' id='word_1_371' title='bbox 735 4388 890 4458; x_wconf 88' lang='lat' dir='ltr'><strong>jubet</strong></span> <span class='ocrx_word' id='word_1_372' title='bbox 917 4391 1029 4444; x_wconf 66' lang='lat' dir='ltr'><strong>hare</strong></span> <span class='ocrx_word' id='word_1_373' title='bbox 1052 4388 1387 4444; x_wconf 87' lang='lat' dir='ltr'><strong>solemnibus</strong></span> <span class='ocrx_word' id='word_1_374' title='bbox 1412 4388 1546 4455; x_wconf 90' lang='lat' dir='ltr'><strong>indi,</strong></span> <span class='ocrx_word' id='word_1_375' title='bbox 1812 4396 1975 4451; x_wconf 72' lang='lat' dir='ltr'><strong>Millia</strong></span> <span class='ocrx_word' id='word_1_376' title='bbox 2004 4393 2282 4449; x_wconf 66' lang='grc' dir='ltr'><strong>Βοιιιιιιθω</strong></span> <span class='ocrx_word' id='word_1_377' title='bbox 2317 4408 2348 4447; x_wconf 81' lang='lat' dir='ltr'><strong>a</strong></span> <span class='ocrx_word' id='word_1_378' title='bbox 2378 4392 2551 4449; x_wconf 83' lang='lat' dir='ltr'><strong>sacris</strong></span> <span class='ocrx_word' id='word_1_379' title='bbox 2582 4392 2819 4446; x_wconf 86' lang='lat' dir='ltr'><strong>descisse</strong></span> <span class='ocrx_word' id='word_1_380' title='bbox 2837 4387 3150 4458; x_wconf 81' lang='lat' dir='ltr'><strong>phalangis;</strong></span> 
     </span>
    </p>
   </div>
   <div class='ocr_carea' id='block_1_45' title="bbox 129 4477 1664 4554">
    <p class='ocr_par' dir='ltr' id='par_1_45' title="bbox 129 4477 1528 4551">
     <span class='ocr_line' id='line_1_45' title="bbox 129 4477 1528 4551; baseline 0.001 -19"><span class='ocrx_word' id='word_1_381' title='bbox 129 4477 268 4535; x_wconf 85' lang='lat' dir='ltr'><strong>Ilaud</strong></span> <span class='ocrx_word' id='word_1_382' title='bbox 294 4482 473 4550; x_wconf 88' lang='lat' dir='ltr'><strong>impar</strong></span> <span class='ocrx_word' id='word_1_383' title='bbox 499 4480 686 4546; x_wconf 86' lang='lat' dir='ltr'><strong>Elisei,</strong></span> <span class='ocrx_word' id='word_1_384' title='bbox 713 4480 891 4551; x_wconf 84' lang='lat' dir='ltr'><strong>spargi</strong></span> <span class='ocrx_word' id='word_1_385' title='bbox 923 4481 1045 4534; x_wconf 34' lang='lat' dir='ltr'><strong>sale.</strong></span> <span class='ocrx_word' id='word_1_386' title='bbox 1062 4480 1306 4549; x_wconf 64' lang='lat' dir='ltr'><strong>praecipit</strong></span> <span class='ocrx_word' id='word_1_387' title='bbox 1333 4479 1528 4546; x_wconf 88' lang='lat' dir='ltr'><strong>undas,</strong></span> 
     </span>
    </p>
   </div>
   <div class='ocr_carea' id='block_1_46' title="bbox 1761 4477 3296 4554">
    <p class='ocr_par' dir='ltr' id='par_1_46' title="bbox 1761 4478 3296 4554">
     <span class='ocr_line' id='line_1_46' title="bbox 1761 4478 3296 4554; baseline -0.007 -14"><span class='ocrx_word' id='word_1_388' title='bbox 1761 4488 1780 4549; x_wconf 75' lang='grc' dir='ltr'>ζ</span> <span class='ocrx_word' id='word_1_389' title='bbox 1812 4486 1945 4554; x_wconf 85' lang='lat' dir='ltr'><strong>Quis</strong></span> <span class='ocrx_word' id='word_1_390' title='bbox 1981 4486 2207 4540; x_wconf 87' lang='lat' dir='ltr'><strong>Ilermes</strong></span> <span class='ocrx_word' id='word_1_391' title='bbox 2238 4493 2294 4539; x_wconf 87' lang='lat' dir='ltr'><strong>et</strong></span> <span class='ocrx_word' id='word_1_392' title='bbox 2319 4483 2628 4539; x_wconf 75' lang='lat' dir='ltr'><strong>Alexander</strong></span> <span class='ocrx_word' id='word_1_393' title='bbox 2657 4480 2800 4535; x_wconf 89' lang='lat' dir='ltr'><strong>foret</strong></span> <span class='ocrx_word' id='word_1_394' title='bbox 2829 4478 3050 4533; x_wconf 89' lang='lat' dir='ltr'><strong>ausibus</strong></span> <span class='ocrx_word' id='word_1_395' title='bbox 3080 4484 3296 4542; x_wconf 66' lang='lat' dir='ltr'><strong>auctor;</strong></span> 
     </span>
    </p>
   </div>
   <div class='ocr_carea' id='block_1_47' title="bbox 130 4568 2957 4645">
    <p class='ocr_par' dir='ltr' id='par_1_47' title="bbox 130 4568 2957 4645">
     <span class='ocr_line' id='line_1_47' title="bbox 130 4568 2957 4645; baseline -0.006 -8"><span class='ocrx_word' id='word_1_396' title='bbox 130 4570 278 4637; x_wconf 72' lang='lat' dir='ltr'><strong>lineis</strong></span> <span class='ocrx_word' id='word_1_397' title='bbox 304 4581 669 4645; x_wconf 63' lang='lat' dir='ltr'><strong>aspergantur</strong></span> <span class='ocrx_word' id='word_1_398' title='bbox 692 4571 994 4628; x_wconf 78' lang='lat' dir='ltr'><strong>benedictis</strong></span> <span class='ocrx_word' id='word_1_399' title='bbox 1020 4582 1160 4628; x_wconf 73' lang='lat' dir='ltr'><strong>lecta</strong></span> <span class='ocrx_word' id='word_1_400' title='bbox 1189 4572 1423 4642; x_wconf 79' lang='lat' dir='ltr'><strong>piorum.</strong></span> <span class='ocrx_word' id='word_1_401' title='bbox 1811 4578 2045 4635; x_wconf 84' lang='lat' dir='ltr'><strong>Attritos</strong></span> <span class='ocrx_word' id='word_1_402' title='bbox 2070 4577 2273 4633; x_wconf 82' lang='lat' dir='ltr'><strong>sedisse</strong></span> <span class='ocrx_word' id='word_1_403' title='bbox 2304 4574 2455 4638; x_wconf 88' lang='lat' dir='ltr'><strong>deos,</strong></span> <span class='ocrx_word' id='word_1_404' title='bbox 2486 4571 2709 4627; x_wconf 89' lang='lat' dir='ltr'><strong>delubra</strong></span> <span class='ocrx_word' id='word_1_405' title='bbox 2748 4568 2957 4623; x_wconf 84' lang='lat' dir='ltr'><strong>relicta.</strong></span> 
     </span>
    </p>
   </div>
   <div class='ocr_carea' id='block_1_48' title="bbox 130 4658 1665 4741">
    <p class='ocr_par' dir='ltr' id='par_1_48' title="bbox 130 4659 1351 4733">
     <span class='ocr_line' id='line_1_48' title="bbox 130 4659 1351 4733; baseline 0.001 -17"><span class='ocrx_word' id='word_1_406' title='bbox 130 4659 355 4718; x_wconf 86' lang='lat' dir='ltr'><strong>Contulit</strong></span> <span class='ocrx_word' id='word_1_407' title='bbox 382 4662 580 4718; x_wconf 75' lang='lat' dir='ltr'><strong>all‘ectu</strong></span> <span class='ocrx_word' id='word_1_408' title='bbox 608 4663 789 4733; x_wconf 89' lang='lat' dir='ltr'><strong>populi</strong></span> <span class='ocrx_word' id='word_1_409' title='bbox 822 4664 908 4718; x_wconf 87' lang='lat' dir='ltr'><strong>cui</strong></span> <span class='ocrx_word' id='word_1_410' title='bbox 940 4664 1114 4733; x_wconf 83' lang='lat' dir='ltr'><strong>gratia</strong></span> <span class='ocrx_word' id='word_1_411' title='bbox 1146 4662 1351 4717; x_wconf 86' lang='lat' dir='ltr'><strong>Christi</strong></span> 
     </span>
    </p>
   </div>
   <div class='ocr_carea' id='block_1_49' title="bbox 1797 4658 3332 4741">
    <p class='ocr_par' dir='ltr' id='par_1_49' title="bbox 1812 4658 3332 4741">
     <span class='ocr_line' id='line_1_49' title="bbox 1812 4658 3332 4741; baseline -0.014 -14"><span class='ocrx_word' id='word_1_412' title='bbox 1812 4671 2130 4741; x_wconf 81' lang='lat' dir='ltr'><strong>Devincitur</strong></span> <span class='ocrx_word' id='word_1_413' title='bbox 2152 4666 2477 4729; x_wconf 76' lang='lat' dir='ltr'><strong>Alexander,</strong></span> <span class='ocrx_word' id='word_1_414' title='bbox 2509 4659 2856 4717; x_wconf 86' lang='lat' dir='ltr'><strong>contruditur</strong></span> <span class='ocrx_word' id='word_1_415' title='bbox 2894 4658 3143 4718; x_wconf 79' lang='lat' dir='ltr'><strong>Hermes,</strong></span> <span class='ocrx_word' id='word_1_416' title='bbox 3328 4712 3332 4717; x_wconf 18' lang='grc' dir='ltr'>ἶ</span> 
     </span>
    </p>
   </div>
   <div class='ocr_carea' id='block_1_50' title="bbox 130 4745 3333 4827">
    <p class='ocr_par' dir='ltr' id='par_1_50' title="bbox 130 4745 3333 4827">
     <span class='ocr_line' id='line_1_50' title="bbox 130 4745 3333 4827; baseline -0.002 -22"><span class='ocrx_word' id='word_1_417' title='bbox 130 4751 291 4823; x_wconf 80' lang='lat' dir='ltr'><strong>Atque</strong></span> <span class='ocrx_word' id='word_1_418' title='bbox 315 4764 635 4809; x_wconf 88' lang='lat' dir='ltr'><strong>senatorum</strong></span> <span class='ocrx_word' id='word_1_419' title='bbox 662 4753 918 4809; x_wconf 60' lang='lat' dir='ltr'><strong>Ecclesiae</strong></span> <span class='ocrx_word' id='word_1_420' title='bbox 948 4771 1148 4809; x_wconf 80' lang='lat' dir='ltr'><strong>ncxare</strong></span> <span class='ocrx_word' id='word_1_421' title='bbox 1178 4763 1455 4810; x_wconf 85' lang='lat' dir='ltr'><strong>catervam</strong></span> <span class='ocrx_word' id='word_1_422' title='bbox 1812 4760 1984 4827; x_wconf 86' lang='lat' dir='ltr'><strong>Quem</strong></span> <span class='ocrx_word' id='word_1_423' title='bbox 2013 4769 2197 4814; x_wconf 90' lang='lat' dir='ltr'><strong>custos</strong></span> <span class='ocrx_word' id='word_1_424' title='bbox 2224 4767 2527 4823; x_wconf 86' lang='lat' dir='ltr'><strong>suasorque</strong></span> <span class='ocrx_word' id='word_1_425' title='bbox 2551 4749 2810 4818; x_wconf 87' lang='lat' dir='ltr'><strong>Quirinus</strong></span> <span class='ocrx_word' id='word_1_426' title='bbox 2839 4748 3043 4801; x_wconf 81' lang='lat' dir='ltr'><strong>honore</strong></span> <span class='ocrx_word' id='word_1_427' title='bbox 3077 4745 3333 4800; x_wconf 82' lang='lat' dir='ltr'><strong>tribunus</strong></span> 
     </span>
    </p>
   </div>
   <div class='ocr_carea' id='block_1_51' title="bbox 131 4837 3101 4915">
    <p class='ocr_par' dir='ltr' id='par_1_51' title="bbox 131 4837 3101 4915">
     <span class='ocr_line' id='line_1_51' title="bbox 131 4837 3101 4915; baseline -0.001 -20"><span class='ocrx_word' id='word_1_428' title='bbox 131 4840 349 4900; x_wconf 82' lang='lat' dir='ltr'><strong>Ilermen</strong></span> <span class='ocrx_word' id='word_1_429' title='bbox 372 4844 689 4915; x_wconf 65' lang='lat' dir='ltr'><strong>praefectum</strong></span> <span class='ocrx_word' id='word_1_430' title='bbox 710 4847 776 4900; x_wconf 89' lang='lat' dir='ltr'><strong>ad</strong></span> <span class='ocrx_word' id='word_1_431' title='bbox 807 4846 1007 4915; x_wconf 78' lang='lat' dir='ltr'><strong>Regem</strong></span> <span class='ocrx_word' id='word_1_432' title='bbox 1038 4854 1361 4902; x_wconf 89' lang='lat' dir='ltr'><strong>convertere</strong></span> <span class='ocrx_word' id='word_1_433' title='bbox 1382 4860 1598 4913; x_wconf 85' lang='lat' dir='ltr'><strong>verum;</strong></span> <span class='ocrx_word' id='word_1_434' title='bbox 1707 4837 1711 4841; x_wconf 56' lang='grc'><strong><em>’</em></strong></span> <span class='ocrx_word' id='word_1_435' title='bbox 1812 4849 2117 4905; x_wconf 87' lang='lat' dir='ltr'><strong>Convenit:</strong></span> <span class='ocrx_word' id='word_1_436' title='bbox 2144 4844 2332 4915; x_wconf 84' lang='lat' dir='ltr'><strong>utquid</strong></span> <span class='ocrx_word' id='word_1_437' title='bbox 2359 4860 2422 4899; x_wconf 87' lang='lat' dir='ltr'><strong>se</strong></span> <span class='ocrx_word' id='word_1_438' title='bbox 2451 4851 2602 4899; x_wconf 89' lang='lat' dir='ltr'><strong>tanto</strong></span> <span class='ocrx_word' id='word_1_439' title='bbox 2628 4838 2868 4912; x_wconf 84' lang='lat' dir='ltr'><strong>patiatur</strong></span> <span class='ocrx_word' id='word_1_440' title='bbox 2895 4838 3101 4892; x_wconf 78' lang='lat' dir='ltr'><strong>honore</strong></span> 
     </span>
    </p>
   </div>
   <div class='ocr_carea' id='block_1_52' title="bbox 130 4926 3052 5010">
    <p class='ocr_par' dir='ltr' id='par_1_52' title="bbox 130 4926 3052 5010">
     <span class='ocr_line' id='line_1_52' title="bbox 130 4926 3052 5010; baseline -0.003 -23"><span class='ocrx_word' id='word_1_441' title='bbox 130 4932 288 4991; x_wconf 84' lang='lat' dir='ltr'><strong>Fonte</strong></span> <span class='ocrx_word' id='word_1_442' title='bbox 314 4947 499 4992; x_wconf 82' lang='lat' dir='ltr'><strong>sacrat</strong></span> <span class='ocrx_word' id='word_1_443' title='bbox 530 4937 687 4992; x_wconf 86' lang='lat' dir='ltr'><strong>simul</strong></span> <span class='ocrx_word' id='word_1_444' title='bbox 719 4954 968 5002; x_wconf 82' lang='lat' dir='ltr'><strong>uxorem,</strong></span> <span class='ocrx_word' id='word_1_445' title='bbox 1002 4939 1342 5010; x_wconf 82' lang='lat' dir='ltr'><strong>genitosque,</strong></span> <span class='ocrx_word' id='word_1_446' title='bbox 1371 4955 1637 5005; x_wconf 87' lang='lat' dir='ltr'><strong>sororem,</strong></span> <span class='ocrx_word' id='word_1_447' title='bbox 1812 4938 2042 5003; x_wconf 86' lang='lat' dir='ltr'><strong>Privari,</strong></span> <span class='ocrx_word' id='word_1_448' title='bbox 2071 4947 2178 4994; x_wconf 90' lang='lat' dir='ltr'><strong>tam</strong></span> <span class='ocrx_word' id='word_1_449' title='bbox 2205 4934 2381 4990; x_wconf 88' lang='lat' dir='ltr'><strong>vincla</strong></span> <span class='ocrx_word' id='word_1_450' title='bbox 2410 4933 2519 5006; x_wconf 80' lang='lat' dir='ltr'><strong>pati</strong></span> <span class='ocrx_word' id='word_1_451' title='bbox 2546 4929 2826 4987; x_wconf 88' lang='lat' dir='ltr'><strong>tolerabile</strong></span> <span class='ocrx_word' id='word_1_452' title='bbox 2858 4926 3052 4984; x_wconf 84' lang='lat' dir='ltr'><strong>ducat?</strong></span> 
     </span>
    </p>
   </div>
   <div class='ocr_carea' id='block_1_53' title="bbox 132 5020 3083 5102">
    <p class='ocr_par' dir='ltr' id='par_1_53' title="bbox 132 5020 3083 5102">
     <span class='ocr_line' id='line_1_53' title="bbox 132 5020 3083 5102; baseline -0.002 -24"><span class='ocrx_word' id='word_1_453' title='bbox 132 5024 260 5083; x_wconf 82' lang='lat' dir='ltr'><strong>Ilille</strong></span> <span class='ocrx_word' id='word_1_454' title='bbox 277 5031 479 5100; x_wconf 83' lang='lat' dir='ltr'><strong>jugans</strong></span> <span class='ocrx_word' id='word_1_455' title='bbox 505 5028 758 5092; x_wconf 86' lang='lat' dir='ltr'><strong>famulos.</strong></span> <span class='ocrx_word' id='word_1_456' title='bbox 790 5040 844 5085; x_wconf 91' lang='lat' dir='ltr'><strong>et</strong></span> <span class='ocrx_word' id='word_1_457' title='bbox 874 5030 1269 5102; x_wconf 78' lang='lat' dir='ltr'><strong>quinquaginta</strong></span> <span class='ocrx_word' id='word_1_458' title='bbox 1299 5032 1582 5097; x_wconf 77' lang='lat' dir='ltr'><strong>ducentos,</strong></span> <span class='ocrx_word' id='word_1_459' title='bbox 1812 5031 1863 5086; x_wconf 84' lang='lat' dir='ltr'><strong>Is</strong></span> <span class='ocrx_word' id='word_1_460' title='bbox 1896 5036 2134 5085; x_wconf 85' lang='lat' dir='ltr'><strong>mutasse</strong></span> <span class='ocrx_word' id='word_1_461' title='bbox 2157 5027 2339 5091; x_wconf 81' lang='lat' dir='ltr'><strong>decus,</strong></span> <span class='ocrx_word' id='word_1_462' title='bbox 2370 5042 2477 5080; x_wconf 91' lang='lat' dir='ltr'><strong>non</strong></span> <span class='ocrx_word' id='word_1_463' title='bbox 2502 5038 2561 5080; x_wconf 90' lang='lat' dir='ltr'><strong>se</strong></span> <span class='ocrx_word' id='word_1_464' title='bbox 2584 5021 2835 5077; x_wconf 90' lang='lat' dir='ltr'><strong>amisisse</strong></span> <span class='ocrx_word' id='word_1_465' title='bbox 2860 5020 3083 5081; x_wconf 87' lang='lat' dir='ltr'><strong>fatetur,</strong></span> 
     </span>
    </p>
   </div>
   <div class='ocr_carea' id='block_1_54' title="bbox 132 5111 2992 5192">
    <p class='ocr_par' dir='ltr' id='par_1_54' title="bbox 132 5111 2992 5192">
     <span class='ocr_line' id='line_1_54' title="bbox 132 5111 2992 5192; baseline -0.002 -22"><span class='ocrx_word' id='word_1_466' title='bbox 132 5114 453 5189; x_wconf 65' lang='lat' dir='ltr'><strong>(Icntjugibus</strong></span> <span class='ocrx_word' id='word_1_467' title='bbox 485 5121 772 5190; x_wconf 79' lang='lat' dir='ltr'><strong>gnatisque</strong></span> <span class='ocrx_word' id='word_1_468' title='bbox 802 5137 905 5174; x_wconf 90' lang='lat' dir='ltr'><strong>una</strong></span> <span class='ocrx_word' id='word_1_469' title='bbox 938 5122 1262 5192; x_wconf 83' lang='lat' dir='ltr'><strong>baptismate</strong></span> <span class='ocrx_word' id='word_1_470' title='bbox 1303 5122 1459 5189; x_wconf 86' lang='lat' dir='ltr'><strong>lotis;</strong></span> <span class='ocrx_word' id='word_1_471' title='bbox 1816 5120 2117 5175; x_wconf 88' lang='lat' dir='ltr'><strong>Terrenum</strong></span> <span class='ocrx_word' id='word_1_472' title='bbox 2143 5115 2256 5173; x_wconf 91' lang='lat' dir='ltr'><strong>tolli</strong></span> <span class='ocrx_word' id='word_1_473' title='bbox 2282 5115 2496 5172; x_wconf 85' lang='lat' dir='ltr'><strong>culmen</strong></span> <span class='ocrx_word' id='word_1_474' title='bbox 2520 5111 2781 5169; x_wconf 88' lang='lat' dir='ltr'><strong>mutabile</strong></span> <span class='ocrx_word' id='word_1_475' title='bbox 2811 5127 2992 5183; x_wconf 87' lang='lat' dir='ltr'><strong>posse,</strong></span> 
     </span>
    </p>
   </div>
   <div class='ocr_carea' id='block_1_55' title="bbox 133 5200 3054 5274">
    <p class='ocr_par' dir='ltr' id='par_1_55' title="bbox 133 5200 3054 5274">
     <span class='ocr_line' id='line_1_55' title="bbox 133 5200 3054 5274; baseline -0.006 -6"><span class='ocrx_word' id='word_1_476' title='bbox 133 5207 266 5268; x_wconf 84' lang='lat' dir='ltr'><strong>Quos</strong></span> <span class='ocrx_word' id='word_1_477' title='bbox 296 5210 536 5270; x_wconf 73' lang='lat' dir='ltr'><strong>gaudere</strong></span> <span class='ocrx_word' id='word_1_478' title='bbox 570 5212 722 5270; x_wconf 83' lang='lat' dir='ltr'><strong>nrius</strong></span> <span class='ocrx_word' id='word_1_479' title='bbox 741 5226 864 5266; x_wconf 88' lang='lat' dir='ltr'><strong>eum</strong></span> <span class='ocrx_word' id='word_1_480' title='bbox 891 5213 1159 5269; x_wconf 80' lang='lat' dir='ltr'><strong>libertatis</strong></span> <span class='ocrx_word' id='word_1_481' title='bbox 1182 5212 1394 5270; x_wconf 85' lang='lat' dir='ltr'><strong>honoro</strong></span> <span class='ocrx_word' id='word_1_482' title='bbox 1816 5210 2084 5272; x_wconf 73' lang='lat' dir='ltr'><strong>Perpetua</strong></span> <span class='ocrx_word' id='word_1_483' title='bbox 2104 5206 2398 5274; x_wconf 64' lang='lat' dir='ltr'><strong>prebibens</strong></span> <span class='ocrx_word' id='word_1_484' title='bbox 2418 5204 2634 5274; x_wconf 89' lang='lat' dir='ltr'><strong>fastigia</strong></span> <span class='ocrx_word' id='word_1_485' title='bbox 2661 5200 2787 5258; x_wconf 81' lang='lat' dir='ltr'><strong>diva</strong></span> <span class='ocrx_word' id='word_1_486' title='bbox 2810 5212 3054 5257; x_wconf 89' lang='lat' dir='ltr'><strong>manere.</strong></span> 
     </span>
    </p>
   </div>
  </div>
