3888 5330
513 251 620 308 653
1257 249 1655 308 FLODOARDI
1677 204 1997 308 CANONICI
2020 248 2365 307 REMENSIS
2399 248 2762 315 OPUSCULA
2794 252 3120 311 METRICA.
3182 274 3186 285 ι
3673 256 3763 317 ως

510 364 726 426 Limine
754 365 1076 433 Alexander,
1101 365 1390 420 vincimina
1420 366 1573 437 plura
1598 366 1953 436 triumphans.
2125 370 2176 427 Α
2205 364 2484 433 Distribui,
2506 377 2732 425 cunctos
2751 385 2965 441 quoque
2991 371 3240 429 libertate
3259 372 3467 441 levavi;

507 463 739 519 Hermes
769 446 1143 529 fit-manabit,
1174 460 1374 532 prodit,
1412 461 1800 531 triplicansque
1840 460 2095 529 Quirinus
2200 457 2257 513 Si
2284 473 2390 529 qua
2420 460 2801 531 superfuerunt
2829 479 2890 519 ea
2918 473 3042 540 post
3064 464 3292 536 largitus
3323 468 3532 539 egenis.

506 554 757 621 Pontiﬁci
786 569 978 617 nexus,
1006 553 1435 618 auctocustode,
1464 563 1665 609 tuetur.
2192 549 2263 603 At
2286 567 2427 608 nunc
2460 564 2707 610 exertum
2737 570 2837 612 nec
2868 556 3181 614 conliscatio
3213 567 3411 626 terret,

505 647 639 705 Orat
659 664 795 719 papa
830 648 961 704 ﬁdes
982 659 1138 719 pacto
1162 649 1401 705 claretur
1425 659 1484 704 ut
1508 650 1630 705 isto.

2192 638 2305 696 Nec
2327 653 2575 712 superest
2602 645 2837 703 hominis
2865 647 3111 703 morituri
3142 648 3346 705 oﬂ'ettsa
3378 651 3609 722 pavori;

506 737 735 797 .‘Ethera
770 748 895 795 vota
917 750 1127 810 petunt,
1158 740 1282 797 (mli
1315 741 1619 796 demittitur
1644 740 1835 806 astris;
2191 729 2520 803 Participem
2552 749 2638 791 me
2666 735 2771 791 illis
2796 738 3027 794 credens
3057 738 3149 808 qui
3178 740 3363 795 munia
3392 741 3523 798 fassi

504 830 663 898 Nam,
688 832 860 888 stellis
898 848 1141 888 convexa
1170 833 1278 903 poli
1314 832 1683 903 pingentibus,
1709 847 1838 886 ecce
2190 819 2414 889 Christi,
2438 826 2682 897 martyrii
2710 842 2956 883 meruere
2983 844 3268 900 capessere
3299 830 3559 901 palmam.

501 920 711 981 Parvus
736 924 893 979 adest
922 939 1075 994 puer,
1105 932 1158 980 et
1194 924 1425 979 rutilans
1452 923 1718 977 illuminat
1744 932 1918 977 atram
2190 914 2413 973 Famiue
2438 934 2728 991 suspensus
2751 922 3043 991 respondet
3065 924 3134 978 ad
3161 924 3263 978 ista
3288 925 3539 979 tribunus
3564 943 3578 980 :

502 1015 679 1072 Taedte
708 1016 830 1073 luce
860 1018 1103 1083 domum,
1137 1025 1298 1087 atque
1327 1016 1480 1087 sequi
1508 1032 1565 1071 se
1595 1014 1838 1085 prmcipit
1866 1014 2087 1070 almum.
2196 1028 2215 1062 ι
2251 1008 2358 1066 Per
2389 1027 2487 1066 vos
2518 1027 2606 1068 me
2632 1012 2882 1070 Christus
2913 1015 3016 1071 hac
3053 1017 3362 1073 conditione
3390 1017 3670 1074 lucretur:

499 1106 618 1173 Ille,
649 1106 830 1162 dolum
870 1090 1394 1180 metuens,°pucrum
1440 1105 1779 1175 l'aculamque
1808 1104 2038 1158 videndo
2073 1119 2087 1159 :
2190 1098 2401 1157 Nubilis
2424 1112 2507 1158 est
2531 1104 2661 1158 mihi
2694 1113 2841 1171 nata,
2869 1107 2987 1161 viro
3014 1121 3176 1175 quam
3210 1111 3423 1164 tradere
3444 1125 3631 1179 penso,

505 1217 528 1252 ι
566 1197 681 1254 Νοιι
710 1200 870 1255 simul
900 1200 1009 1260 ibo.
1039 1215 1176 1271 genu
1226 1215 1436 1254 meeum
1483 1197 1587 1253 nisi
1618 1196 1859 1262 ﬂexeris,
1890 1195 2087 1266 inquit,
2189 1189 2433 1263 Egregia:
2448 1192 2667 1249 decorat
2696 1194 2835 1251 hanc
2858 1195 3188 1265 indulgentia
3217 1196 3424 1259 formae,

500 1288 990 1345 Commemorando
1045 1304 1265 1360 precem
1324 1287 1542 1344 Christo
1598 1284 1841 1341 dictante
1897 1283 2087 1355 profu-
2187 1280 2408 1339 lnfamis
2428 1283 2623 1340 collum
2650 1293 2873 1358 torques
2902 1288 2997 1344 sed
3026 1297 3235 1344 struma
3260 1289 3491 1363 fatigat:

3826 4170 3829 4331 ι

1789 1374 1949 1448 [sam.
1990 1393 2010 1427 ι
2189 1372 2340 1431 Hauc
2372 1375 2621 1433 redimite
2652 1378 2848 1444 salute,
2873 1390 2928 1435 et
2954 1380 3002 1436 ei
3028 1397 3147 1437 mea
3178 1392 3372 1438 cuncta
3412 1383 3725 1454 relinquens,

495 1466 687 1539 Implet
712 1469 859 1542 iussa
896 1486 1051 1541 puer.
1079 1470 1438 1539 dextramque
1470 1467 1730 1524 antistitis
1760 1467 1873 1537 ipse
2186 1463 2421 1535 lugenua
2451 1466 2724 1524 Christum
2754 1470 3033 1526 vobiscum
3066 1480 3248 1529 mente
3277 1473 3511 1529 fatebor.
3552 1493 3571 1526 ι

494 1559 826 1632 Corripiens,
871 1578 969 1632 per
998 1562 1233 1618 claustra
1277 1562 1423 1632 rapit
1462 1562 1610 1617 velut
1647 1560 1784 1614 ostia
1816 1558 2084 1629 pandens,
2187 1551 2390 1608 Prsesul
2420 1573 2433 1609 :
2473 1573 2492 1607 ι
2530 1555 2678 1612 Vade
2706 1558 2851 1614 celer
2877 1568 2932 1613 et
2954 1559 3191 1616 claustra
3221 1562 3288 1633 ad
3316 1562 3555 1617 carceris
3577 1562 3712 1617 illam

490 1652 863 1724 Prmfeetoque
888 1656 1042 1726 jugat
1071 1654 1239 1710 clausi
1270 1656 1413 1709 intra
1445 1663 1597 1725 septa
1629 1652 1842 1708 euhilis.
2113 1712 2157 1726 κ
2187 1643 2322 1711 Duc.
2346 1645 2646 1718 lollcnsquc
2673 1665 2795 1704 meo
2822 1650 3009 1706 Boiam
3038 1666 3367 1721 componere
3399 1652 3539 1708 collo

491 1742 803 1814 Insequitur
830 1756 1149 1816 reseratque
1178 1747 1483 1820 irrumpens
1512 1745 1748 1800 claustra
1796 1743 2026 1811 Quiriuu

2016 1758 2078 1808 ιε,
2113 1712 2158 1771 Β
2186 1733 2391 1790 Matura
2418 1738 2631 1805 genitm,
2674 1739 2991 1811 salvamque
3016 1744 3278 1799 resumite
3305 1759 3484 1798 mane.
3533 1764 3551 1796 ι

490 1835 886 1907 Inveniensque
917 1839 1077 1894 simul
1114 1838 1345 1895 Domino
1366 1854 1465 1893 sua
1498 1846 1620 1893 vota
1649 1835 1903 1913 ferentes,
1930 1852 1935 1857 ’

2187 1821 2312 1877 Ille:
2352 1842 2370 1875 ι
2410 1825 2611 1883 Domus
2636 1828 2835 1883 habeat
2860 1846 2984 1884 cum
3012 1841 3065 1886 te
3095 1847 3239 1899 mea,
3271 1834 3363 1903 qui
3388 1833 3521 1888 mihi
3552 1848 3722 1888 carcer

492 1926 640 1994 Quos
667 1936 848 1983 trusos
875 1931 1045 1985 antris
1076 1931 1310 1985 statione
1339 1938 1645 1985 removerat
1677 1940 1868 1994 aucta;

2185 1910 2375 1969 Temet
2396 1915 2682 1971 restituet?
2712 1933 2962 1989 prOpera,
3002 1921 3199 1991 inquit,
3226 1938 3367 1994 papa
3391 1923 3577 1978 reduci

490 2018 719 2089 Λειυρει
747 2022 956 2076 amem;
982 2021 1192 2084 meum.
1216 2022 1488 2092 rebusque
1513 2000 1830 2088 ιηωεάάίε,
2183 2001 2313 2057 Illuc
2336 2021 2421 2060 me
2443 2006 2709 2076 siquidem
2736 2007 2899 2064 faciet
2932 2010 3022 2080 qui
3049 2013 3242 2067 detulit
3266 2013 3467 2069 isthuc.

490 2106 886 2179 propnsimque
919 2119 1105 2167 “more
1135 2112 1295 2167 ﬁdem
1324 2128 1544 2168 servare
1566 2112 1793 2183 petilus,
2132 2108 2135 2113 '
2182 2096 2350 2164 Quem
2366 2109 2697 2184 pergentem
2718 2111 2774 2156 et
2804 2102 2884 2157 eis
2912 2103 3182 2174 patefacta
3211 2104 3409 2161 cubilia
3431 2104 3648 2161 dantem

486 2199 711 2254 Artibus
735 2201 851 2257 haec
880 2201 1235 2258 Zoroastrmis
1255 2203 1559 2261 cunctando
1584 2204 1833 2274 rependit

2181 2186 2441 2259 intrepidi
2462 2206 2717 2261 proceres
2737 2194 2898 2251 solito
2926 2196 3248 2253 concludere
3274 2206 3508 2268 cogunt;

487 2286 786 2345 Praefectus
807 2303 1038 2348 contra:
1078 2312 1096 2345 ι
1133 2293 1385 2368 Nunquid
1413 2311 1512 2350 nos
1540 2295 1771 2366 legimus
1798 2296 1937 2349 ista?

2181 2280 2429 2352 Dumque
2457 2281 2712 2338 valedicil
2734 2286 3008 2354 precibus,
3045 2286 3149 2342 sibi
3179 2287 3391 2343 taedifer
3419 2296 3564 2343 astat

487 2379 649 2451 Optio
677 2385 826 2453 gesta
860 2395 947 2441 tua
991 2396 1094 2452 est,
1126 2387 1239 2458 jam
1287 2388 1510 2443 credere
1535 2388 1667 2444 cede
1697 2398 1950 2459 paratus;

2180 2373 2319 2428 Ecce
2351 2391 2503 2444 puer,
2530 2377 2825 2447 panditque
2844 2379 3071 2447 aditum,
3097 2388 3427 2451 revocatque
3464 2382 3565 2436 sub
3590 2396 3688 2436 uno

485 2470 669 2528 Nostri
702 2490 826 2530 nam
851 2476 1063 2531 Domini
1088 2478 1425 2548 permaxima
1455 2479 1594 2534 dona
1625 2487 1898 2546 tenentur,

2178 2462 2497 2520 Pontificem
2520 2476 2740 2538 puncto,
2770 2484 2895 2524 mox
2924 2470 3099 2526 vincla
3129 2472 3365 2541 reponit,
3394 2471 3629 2542 abitquc.

487 2561 591 2630 Qui
622 2562 772 2620 dedit
794 2568 1037 2621 auditum
1062 2568 1241 2622 surdis
1263 2579 1317 2623 et
1345 2568 1549 2623 lumina
1577 2570 1759 2635 cat-cis,

2180 2554 2309 2612 Post
2337 2558 2483 2612 horae
2516 2557 2801 2624 libramen,
2834 2561 2987 2616 adest
3015 2578 3139 2617 cum
3167 2563 3316 2632 prole
3341 2563 3622 2631 Quirinus.

483 2653 754 2725 Leprosos
779 2659 1071 2724 mundaus,
1096 2660 1391 2730 paralytica
1424 2660 1666 2716 membra
1714 2658 2017 2715 reformatis

2178 2648 2553 2720 Custodesque
2574 2650 2765 2707 videns
2790 2668 2928 2723 quos
2955 2653 3192 2725 liquerat
3228 2654 3612 2725 advigilantes,

483 2747 770 2803 Dremones
797 2749 1095 2819 expellens,
1129 2751 1416 2806 animabus
1438 2766 1666 2821 corpora
1704 2752 1965 2815 reddens;
2180 2740 2429 2796 Claustra
2454 2743 2610 2813 petit.
2637 2744 2846 2798 munita
2870 2746 3087 2815 probat.
3116 2747 3329 2817 signata
3356 2755 3622 2813 retentat;

483 2837 586 2905 Qui
614 2837 737 2893 tulit
758 2848 811 2893 et
836 2838 1081 2894 functum
1117 2841 1248 2896 mihi
1274 2840 1397 2920 vitae
1420 2841 1486 2895 ad
1513 2839 1697 2896 munia
1727 2848 1967 2910 gnatum,
2120 2902 2123 2903 ν
2178 2833 2367 2890 Cernit
2395 2834 2763 2891 Alexandrum
2793 2852 3045 2893 reserans
3074 2839 3305 2910 vestigia
3333 2855 3570 2910 pronus;

483 2928 653 2995 Quem
682 2930 939 3001 languore
959 2933 1161 2989 scholis
1185 2934 1588 3004 disciplinisque
1618 2944 1900 2988 vacantem
2178 2922 2466 2996 Aslringil.
2497 2925 2818 2995 veniamque
2839 2927 2995 2996 ρέῑῖί.
3017 2927 3103 2983 Ουί
3134 2927 3260 2982 “illa
3286 2929 3487 2999 Ρῐτεδιιι
3513 2947 3526 2981 ε

482 3016 807 3090 Correptum
837 3024 1092 3093 prmcclsa
1121 3025 1281 3080 deum
1310 3024 1573 3095 Capitolia
1598 3024 1757 3089 duxi;
2108 3084 2147 3095 Δ
2188 3036 2206 3071 t
2251 3018 2371 3075 Non
2401 3018 2659 3075 Dominus
2687 3028 2872 3075 noster
2901 3020 3252 3091 pessumdare
3274 3018 3565 3090 quemlibet
3592 3028 3732 3091 optat,

483 3084 728 3178 Dumque
756 3084 924 3183 fatigo
947 3101 1095 3185 gravi
1125 3117 1318 3171 surdos
1348 3084 1607 3173 libamine
1642 3084 1798 3171 divos

2101 3084 2148 3149 (ἶ
2177 3106 2432 3164 Converti
2458 3110 2588 3179 quin
2617 3119 2947 3180 peccantes;
2983 3110 3188 3166 etenim
3224 3111 3279 3165 in
3306 3127 3471 3167 cruce
3499 3111 3630 3166 ﬁxus

482 3202 883 3275 Pontiﬁcesque
910 3221 1125 3276 precor,
1151 3209 1415 3278 vanisque
1445 3208 1677 3263 refercio
1715 3206 1894 3274 donis,
2177 3197 2249 3254 Se
2277 3198 2687 3270 cruciﬁgentum
2711 3200 2868 3270 petiit
2898 3210 3117 3270 peccata
3154 3201 3382 3257 remitti.

481 3292 680 3359 Orhor,
712 3304 769 3351 et
795 3284 1047 3367 inemptis
1078 3300 1314 3355 animam
1339 3300 1532 3356 unicus
1557 3299 1700 3355 elilat
1724 3300 1793 3355 ab
1818 3298 1998 3355 anuis.

2173 3289 2326 3346 Tunc
2356 3292 2704 3361 praesentanti
2738 3293 3001 3363 genitam,
3034 3302 3168 3364 quot
3192 3309 3420 3352 carcere
3457 3292 3618 3350 clausi

481 3390 775 3457 Questibus
799 3391 1040 3462 ejusdem
1072 3409 1156 3449 me
1181 3403 1310 3449 tunc
1332 3395 1417 3451 his
1444 3408 1604 3449 urere
1635 3394 1856 3449 nutrix:

2173 3383 2491 3454 llincjubet
2516 3385 3002 3457 inquirat,Christi
3036 3403 3136 3457 pro
3158 3387 3379 3443 nomine
3412 3387 3456 3442 si
3480 3387 3585 3458 qui.

485 3500 506 3533 ι
537 3482 800 3540 Credulus
829 3486 976 3542 hunc
1004 3487 1179 3542 sancti
1200 3487 1345 3543 Petri
1381 3488 1424 3542 si
1459 3487 1525 3542 ad
1548 3487 1733 3542 limina
1764 3486 1961 3554 ferres,

1914 3504 1961 3554 ε,
2170 3474 2261 3531 Bis
2282 3474 2406 3530 deni
2432 3473 2762 3543 referuntur,
2790 3490 2992 3547 eosque
3012 3476 3271 3533 Eventius
3302 3477 3447 3533 inter

477 3572 846 3642 Prosperitate
878 3584 983 3631 tua:
1007 3577 1277 3647 gauderes
1299 3577 1465 3647 prolis
1496 3578 1711 3649 adepta.

2170 3568 2589 3639 Theodulusque
2613 3570 2798 3625 amicit
2818 3585 2954 3641 quos
2973 3570 3141 3642 gloria
3171 3572 3616 3643 presbyteratus;

476 3694 549 3704 -—
576 3663 709 3719 Cum
740 3665 950 3734 privata
980 3667 1125 3739 (ego)
1153 3669 1224 3724 sit
1246 3669 1380 3734 visu,
1415 3685 1590 3740 neque
1626 3670 1835 3726 reddita
1868 3668 1995 3733 luci,
2169 3660 2280 3716 H08
2300 3660 2401 3717 Sibi
2420 3661 2611 3716 dedUCi
2638 3661 2801 3733 digno
2823 3662 3085 3734 ρτωεθρίι
3110 3664 3342 3729 honore.

372 3822 382 3829 ‘
475 3751 802 3810 Incolumem
848 3771 1041 3813 narras
1066 3756 1187 3815 fore
1235 3759 1506 3829 quomodo
1530 3761 1600 3817 ob
1653 3760 1706 3814 id
1758 3759 1887 3814 mihi
1933 3774 2067 3829 gna-
2167 3752 2490 3823 lntereaquc
2510 3768 2663 3807 suam
2687 3752 2859 3808 soboli
2885 3761 3228 3808 transumere
3260 3752 3491 3809 Boiam:

1745 3852 1880 3924 [tum
1902 3850 1925 3903 ?
1971 3869 1989 3902 ι
2169 3840 2363 3898 Omnia
2390 3842 2648 3897 continuo
2670 3841 2972 3898 dissolvens
2994 3843 3168 3899 vincla
3196 3844 3467 3910 tribunus,

474 3935 569 3990 illa
603 3955 618 3992 :
662 3955 682 3989 ι
722 3939 885 3995 Vides
907 3955 976 3995 en
1006 3956 1093 3997 me
1128 3957 1354 4009 caecam,
1381 3943 1474 3998 sed
1498 3943 1719 3999 credere
1742 3942 1960 3996 Christo
2166 3933 2588 4004 Allambensque
2609 3935 2790 4006 pedes,
2814 3942 3060 4006 torquem
3089 3936 3285 4006 genitae
3307 3948 3457 4008 rogat
3485 3937 3619 3992 addi.

478 4023 535 4080 Si
561 4026 797 4094 mallem,
823 4038 1015 4083 exacto
1045 4028 1256 4085 fruerer
1278 4031 1389 4100 jam
1424 4031 1629 4085 lumine
1654 4031 1855 4094 lustro;
2166 4026 2419 4094 Additur,
2449 4037 2693 4099 urgetur,
2717 4038 2990 4101 properet,
3022 4030 3274 4103 virjussa
3298 4031 3557 4099 facessat;

472 4142 547 4157 ---
572 4114 594 4168 ι
616 4117 866 4182 credens,
900 4129 955 4172 et
974 4109 1280 4174 Aleiander
1311 4121 1406 4175 tibi
1434 4121 1659 4175 reddere
1688 4119 1870 4175 lumen
2167 4116 2285 4185 Quo
2320 4118 2613 4185 celerante,
2641 4135 2776 4191 puer
2803 4122 2955 4178 taeda:
2984 4121 3192 4194 fulgore
3211 4138 3474 4180 coruscus

477 4206 537 4261 Si
576 4208 769 4276 quihit,
802 4209 1019 4264 credam
1053 4211 1293 4266 sobolem
1323 4213 1452 4266 mihi
1494 4228 1655 4282 posse
1683 4213 1889 4283 reponi.
1935 4229 1955 4265 ι
2165 4211 2316 4268 Ilicet
2347 4211 2607 4285 etfulgens
2634 4215 2838 4271 salvam
2868 4218 3022 4289 jubet
3048 4234 3167 4274 esse
3188 4215 3453 4289 puellam,

475 4295 622 4351 liora
645 4296 824 4353 calore
854 4299 993 4353 diem
1023 4299 1337 4356 ﬂammabat
1374 4303 1563 4367 tertia;
1604 4304 1780 4371 pergit
2165 4302 2385 4359 Addcns
2416 4322 2430 4359 :
2463 4323 2481 4356 ι
2506 4306 2647 4377 Dege
2673 4314 2762 4361 tua
2786 4322 3001 4377 semper
3030 4324 3152 4364 cum
3184 4309 3513 4379 virginitate,

476 4382 655 4457 Seque
685 4385 852 4442 refert
869 4400 1046 4455 sexta,
1078 4380 1428 4463 gaudensque
1459 4392 1755 4461 vidensque
1787 4408 2059 4462 regressa,
2094 4434 2143 4496 Β
2168 4393 2519 4465 Eiliciamque
2547 4406 2695 4451 tuum
2724 4397 2779 4452 in
2806 4397 2960 4453 cadis
2984 4409 3036 4453 te
3063 4399 3238 4455 visere
3274 4399 3536 4470 Sponsum

472 4478 867 4551 lmponensque
896 4478 1138 4538 humeris
1169 4484 1452 4554 frigentem
1488 4485 1660 4539 currit
1685 4484 1991 4553 alumnum,
2094 4478 2141 4496 "
2168 4481 2340 4549 Quem
2364 4491 2473 4537 stat
2502 4499 2688 4540 amore
2712 4493 2805 4541 tuo
2829 4487 3104 4557 proprium
3136 4485 3341 4543 fudisse
3366 4500 3620 4543 cruorem.
3652 4504 3670 4537 ι

471 4570 861 4639 Praeeelerans,
887 4575 976 4628 vix
1002 4583 1060 4630 ut
1081 4576 1232 4645 pueri
1258 4575 1593 4646 juvenesqtte
1630 4587 1956 4648 sequantur,
2166 4569 2395 4627 Ethera
2425 4573 2668 4629 cmlicola
2692 4583 2814 4645 post
2841 4577 2957 4631 haec
2987 4586 3227 4647 repente,
3250 4576 3506 4644 Quirinus

470 4661 899 4735 Pontificemque
924 4666 1112 4721 videns
1136 4669 1203 4722 ad
1229 4682 1314 4722 me.
1346 4683 1453 4723 nox
1476 4668 1627 4737 pulsa
1658 4678 1924 4726 recurrat.

2165 4660 2506 4734 Presbyteris
2530 4665 2822 4721 comitatus
2848 4667 3021 4731 adest,
3045 4681 3283 4737 sanaque
3310 4678 3517 4739 reperta

478 4768 499 4802 ε
541 4751 636 4805 Ille
665 4753 825 4808 Erebi
851 4753 1097 4811 Christus
1124 4772 1349 4826 puerum
1379 4759 1459 4813 sic
1492 4758 1609 4826 lege
1641 4760 1899 4827 resolvet,
2163 4752 2344 4817 Pmle.
2372 4753 2584 4824 replens
2607 4755 2844 4812 clamore
2875 4757 3081 4813 locum:
3110 4756 3310 4814 «Prodi
3335 4760 3477 4825 hine,
3500 4755 3719 4822 αἱιιιίωθ

470 4838 618 4904 lulit,
650 4850 711 4895 ut
734 4857 766 4895 a
789 4840 918 4897 lethi
951 4845 1187 4921 tenebris
1217 4861 1351 4915 puer
1373 4848 1476 4901 iste
1506 4859 1752 4921 resurgat
2164 4844 2368 4901 Doctor
2394 4842 2843 4914 Alexander,’ne,
2875 4858 2927 4901 te
2953 4857 3060 4902 tam
3082 4849 3299 4919 indigna
3334 4850 3548 4909 ferente.

471 4924 546 4985 Ut
574 4930 743 4986 semel
772 4930 1038 4987 indultum
1071 4946 1285 4989 maneat
1312 4936 1407 4992 tibi
1438 4938 1621 4993 lumen
1654 4950 1925 5010 apertum.
1961 4964 1979 4998 ι

2159 4937 2387 4992 leitus
2413 4952 2732 5009 expressum
2764 4952 2850 4993 me
2872 4937 3074 4991 fulmen
3102 4939 3298 4993 adurat
3335 4939 3599 5007 iniquum;
3635 4955 3653 4986 ι

472 5021 567 5078 Sic
593 5022 728 5079 fusis
754 5024 991 5079 animum
1021 5028 1272 5103 precibus
1300 5043 1547 5103 remeare
1569 5032 1820 5089 medullis
2159 5028 2292 5096 Quae
2316 5027 2419 5083 sibi
2442 5028 2553 5082 sint
2574 5027 2881 5098 praestanda
2914 5026 3085 5096 magis
3115 5042 3250 5097 papa
3279 5027 3491 5097 ingerit,
3518 5039 3689 5081 omnes

469 5112 732 5178 Obtinuit,
756 5130 996 5185 sauoque
1033 5117 1101 5171 ad
1129 5133 1214 5172 me
1239 5110 1360 5172 eum
1388 5120 1615 5188 pignore
1638 5123 1815 5190 venit;
2161 5120 2393 5174 Sacratu
2427 5132 2658 5189 poscens
2681 5132 2940 5187 personas
2963 5131 3183 5172 carcere
3212 5115 3445 5174 clausas.

467 5201 621 5272 Ejus,
650 5222 757 5275 quo
777 5208 915 5270 viso,
946 5209 1169 5277 pedibus
1194 5204 1533 5279 prosternor,
1570 5220 1626 5266 et
1650 5229 1749 5269 oro
2161 5209 2526 5279 Conqueritur
2555 5217 2804 5263 sanctum
2828 5217 3010 5261 custos
3032 5207 3161 5277 quid
3189 5207 3362 5278 prosit
3396 5206 3601 5279 iniquis.

469 5291 670 5330 Ωιι-υἷειῖ
698 5312 817 5330 Innv
857 5296 971 5330 η...ιῖ
1000 5315 1216 5330 annona-
1244 5299 1370 5330 ιιῖηη
1407 5300 1586 5330 Inmrnn
1609 5302 1823 5330 PI._:-I-

2166 5304 2360 5330 Pnnl..-
2531 5303 2720 5330 -ΑΙΑη-ζι
2751 5302 2942 5330 “nomn-Il
2995 5318 3090 5330 ιιι-’Λ
3121 5302 3400 5330 ηΑι-ζιῖιι-ξι-
