3888 5330
137 412 279 470 ’637

163 528 516 597 Accelerent,
545 528 747 587 Christi
778 534 1000 604 cupiunt
1038 532 1130 604 qui
1166 546 1324 587 sacra
1351 529 1557 596 subire,

164 620 239 676 Et
267 621 527 693 baptizati
552 632 778 694 pergant
803 638 899 695 pro
923 623 1058 677 velle
1078 620 1260 679 soluti.

162 713 551 783 Approperant
578 714 743 784 igitur
772 713 896 770 tidei
918 730 977 771 sc
1002 715 1234 770 subdere
1260 715 1475 783 cuncti;

165 802 320 871 Quos
349 796 546 861 affatus
572 806 878 863 Alexander
897 808 1153 880 mysteria
1181 811 1380 880 promit

165 895 425 951 Caelestis
444 897 675 962 Domini,
699 898 895 953 coelum
926 907 1237 970 terramque
1263 897 1519 971 regentis,

165 986 367 1043 Omnia
398 996 705 1046 servantem
731 990 891 1046 terris
912 1000 971 1046 ut
999 992 1219 1069 mittere
1241 991 1476 1048 Gnatum

165 1075 394 1149 Virgine
418 1081 755 1151 progenitum
785 1080 931 1151 legit,
958 1096 1131 1151 genus
1152 1097 1313 1137 omne
1339 1082 1552 1137 vocavit

165 1166 385 1238 Quique
415 1169 694 1224 hominum
720 1170 893 1234 caelis,
924 1170 1148 1225 firmans
1170 1170 1419 1226 affamina
1441 1172 1628 1242 signis,

164 1256 242 1312 Ut
267 1258 479 1313 dederit
506 1259 694 1325 vitam,
734 1260 913 1315 tulerit
934 1269 1055 1331 post
1086 1262 1269 1316 omnia
1296 1271 1555 1329 mortem;

164 1352 341 1419 Quam
373 1360 500 1423 post
524 1352 784 1407 ealeatam
821 1369 1048 1424 surgens
1076 1356 1441 1424 penetraverit
1472 1356 1719 1421 aethram,

166 1447 553 1519 Subjectisque
574 1457 899 1518 potestatem
923 1448 1058 1504 dans
1082 1450 1216 1503 mira
1246 1448 1520 1519 patrandi,

164 1539 473 1594 Venturum
501 1555 561 1596 se
589 1540 885 1610 prodiderit
906 1541 1009 1596 sub
1041 1541 1210 1596 limite
1232 1541 1395 1607 saecli,

167 1631 239 1687 Ut
268 1631 409 1686 bona
432 1632 525 1687 det
545 1629 724 1700 justis,
752 1616 1158 1703 iujustis'digna
1197 1633 1474 1703 rependat.
1518 1648 1539 1684 ι

167 1722 479 1791 Subjiciunt
499 1738 687 1779 omnes
715 1724 829 1780 hinc
866 1724 934 1778 ad
963 1724 1287 1781 documenta
1319 1725 1510 1781 salutis

164 1817 378 1871 Auditae
403 1825 615 1872 mentes
644 1815 787 1881 fidei,
810 1818 1167 1889 manibusque
1187 1817 1358 1873 beatae

165 1907 481 1979 Presbyteri
512 1907 780 1978 impositis
801 1909 924 1964 vitm
947 1909 1031 1965 his
1054 1910 1347 1980 primordia
1370 1909 1570 1980 legant,

167 1997 298 2052 Cum
328 2000 515 2070 genita
544 1999 749 2069 pariter
772 1998 1034 2066 Balbina,‘
1053 2001 1308 2071 omnique
1343 1999 1601 2069 Quirinus

166 2091 339 2149 Fonte
368 2094 534 2149 domu
556 2103 767 2161 saneto,
798 2093 1111 2167 junctisque
1136 2104 1386 2151 sacratur
1406 2094 1651 2150 adauctis

168 2184 434 2240 Omnibus
467 2186 755 2241 ecclesiam
796 2187 950 2242 vicus
971 2187 1086 2258 (sic)
1118 2186 1211 2241 dat
1249 2202 1471 2242 carcere
1504 2184 1729 2241 abactis.

168 2276 476 2347 Compertis
495 2277 715 2347 quibus,
747 2278 918 2333 iratus
940 2278 1094 2350 jubet
1120 2278 1449 2334 Aurelianus

165 2368 401 2436 Adduei,
433 2369 576 2434 sisti,
607 2369 827 2424 ductum
855 2368 1158 2439 affaturque
1185 2368 1506 2436 Quirinum;

169 2459 408 2514 Dilectus
430 2460 534 2515 sibi
564 2475 687 2514 cum
718 2459 903 2527 fuerit,
941 2461 1085 2531 quod
1111 2447 1288 2515 riserit
1315 2460 1509 2529 ipsum.

169 2552 260 2608 Ille
284 2551 392 2607 sub
422 2554 537 2608 hzec
561 2567 576 2607 :
610 2571 629 2605 ι
668 2552 751 2629 Me
779 2553 1157 2608 Christicolum
1184 2553 1496 2623 pernoscite
1523 2548 1755 2618 factum;

170 2645 264 2700 Vis
297 2646 571 2709 occidere,
603 2644 687 2699 vis
713 2643 862 2699 duris
899 2643 1249 2698 substernere
1283 2642 1467 2713 lignis,

174 2739 346 2795 Urere
376 2755 470 2795 seu
498 2738 751 2804 ﬂammis,
781 2737 924 2792 aliud
946 2737 1059 2807 jam
1086 2753 1191 2792 non
1220 2752 1314 2794 ero
1337 2738 1481 2809 quod
1512 2754 1664 2805 sum;

170 2830 405 2887 Exhibui
428 2829 647 2887 Christo
675 2829 954 2885 devinctos
985 2844 1206 2885 carcere
1229 2838 1474 2894 cunctos,

172 2922 474 2993 Dimisique
505 2921 656 2976 exire
678 2935 826 2989 suos,
856 2921 950 2977 sed
978 2936 1205 2992 pergere
1237 2937 1503 2992 nusquam

173 3013 386 3078 Conati,
408 3022 636 3084 poscunt
656 3028 893 3083 pugnam
915 3027 1213 3085 pugnaeque
1242 3027 1522 3077 coronam,

171 3102 611 3174 Criminibusque
639 3103 739 3159 fuit
761 3105 887 3159 dum
916 3102 1055 3159 forte
1083 3103 1260 3174 perire
1285 3103 1539 3173 patratis,

174 3191 345 3261 Quam
371 3191 565 3249 melius
586 3201 836 3264 reputant
857 3193 1066 3249 animas
1092 3191 1367 3249 eﬂ'undere
1397 3190 1650 3258 Clnisto;

174 3284 271 3341 IIic
301 3285 532 3341 Hermes
557 3296 612 3341 et
635 3285 960 3351 Alexander,
986 3285 1224 3355 clarique
1249 3284 1452 3356 piique,

171 3377 432 3432 Esuriens
458 3376 688 3447 dapibus
709 3376 873 3431 veluti
902 3377 1137 3448 gaudere
1164 3376 1369 3447 paratis

174 3456 434 3540 Martyrio
462 3469 696 3541 cteliqne
720 3478 941 3525 manent
970 3470 1253 3541 splendere
1287 3470 1484 3524 nitore.
1521 3486 1541 3520 ι

176 3559 269 3615 llis
299 3559 386 3617 ille
415 3561 675 3630 acceptis,
707 3560 1018 3615 ﬂammante
1048 3559 1318 3614 incensior
1346 3559 1427 3613 ira

178 3650 307 3706 Tam
336 3651 521 3723 patulo
539 3667 723 3707 coram
760 3649 863 3705 fari
890 3665 1141 3706 sermone
1175 3648 1318 3720 quod
1345 3662 1480 3701 ausu

176 3741 290 3797 Non
322 3742 526 3805 timuit,
566 3741 829 3813 plectrum
853 3742 1007 3812 jubet
1030 3738 1382 3795 abscindatur
1411 3745 1470 3791 ut
1498 3735 1632 3802 oris,

176 3833 242 3888 Et
272 3848 472 3903 pensus
505 3832 677 3888 lanios
706 3842 1147 3905 spectatoresque
1170 3832 1376 3901 fatiget.

178 3924 275 3991 Qui
305 3940 521 3995 quoque
557 3925 879 3981 continuans
903 3926 1115 3997 probris
1147 3926 1354 3997 agitare
1379 3933 1689 3998 tyrannum,

178 4018 391 4074 Abseidi
423 4032 684 4071 mucrone
714 4032 1011 4089 manusque
1038 4016 1615 4088 pedesqucjuhcntur;

180 4106 309 4162 Tum
333 4106 529 4179 jugulo
554 4107 780 4178 espleri,
804 4108 1137 4179 canibusque
1161 4108 1432 4163 vorandus
1456 4106 1666 4170 omitti;

178 4199 269 4253 Cui
306 4200 389 4253 via
426 4208 697 4269 praerepto
720 4214 749 4253 a
774 4199 939 4270 justis
962 4200 1106 4254 dedit
1128 4198 1300 4269 Appia
1335 4198 1597 4254 tumbam.

176 4287 498 4359 Virginitate
527 4290 708 4343 nitens
739 4289 896 4360 hujus
927 4291 1052 4344 dum
1083 4290 1189 4345 lilia
1222 4305 1376 4345 sacra

178 4377 441 4435 Sanifera:
458 4379 652 4434 crebro
678 4381 977 4451 praefigeret
1000 4381 1182 4436 oscula
1214 4381 1380 4446 BUICC,

176 4466 412 4525 Sanctus
438 4468 986 4525 doctor-Alexander:
1012 4470 1141 4526 Sine
1164 4471 1373 4526 vincula
1404 4481 1589 4527 nostra

173 4559 461 4628 Lambere,
492 4576 613 4632 qua:
641 4563 839 4632 repetis
863 4561 986 4636 fma.
1019 4563 1074 4633 2,
1106 4580 1289 4636 quaere
1324 4565 1494 4641 Petri]
1528 4569 1759 4635 Domini,

1145 4652 1232 4729 [ac
1266 4658 1557 4714 vineimina
1588 4676 1761 4719 come.

179 4742 266 4799 Sic
294 4758 465 4817 opera
487 4754 699 4815 sumpta
731 4745 1017 4816 studioque
1046 4757 1302 4819 sequente
1323 4751 1554 4822 benigno

177 4833 388 4889 Invenit
412 4835 529 4891 haec
557 4838 757 4901 sancti,
795 4836 1067 4907 traditque
1096 4849 1309 4910 reperta
1340 4844 1513 4897 sorori

182 4924 479 4981 Theodorei:
509 4925 781 4981 Ilermetis
810 4927 1096 4997 probitatis
1133 4928 1337 4984 honore
1366 4932 1621 4996 colcndm,

181 5014 307 5079 Qua:
334 5014 586 5070 decollati
615 5017 826 5071 studuit
852 5017 983 5073 dare
1011 5020 1251 5074 membra
1280 5021 1528 5090 sepulcro

183 5104 457 5171 Germani,
484 5107 671 5175 procul
690 5108 792 5161 hac
820 5123 923 5163 nec
944 5109 1010 5162 ab
1033 5111 1164 5164 urbe
1195 5108 1401 5166 Salaria
1435 5115 1699 5189 sumpsit;

182 5195 298 5265 Ipsa
325 5196 415 5251 ubi
443 5200 744 5267 promeruit
765 5209 885 5268 post
907 5202 1255 5274 martyrizata
1284 5205 1383 5260 sub
1412 5207 1527 5278 ipso

188 5284 364 5314 ‘I..':Al\
389 5305 699 5314 ο.Λι.-ησι-Α....ο
735 5288 885 5314 ’.ρυλε-ξ
920 5306 941 5314 ρ.

754 416 843 476 DE
872 415 1149 477 CHRISTI
1185 412 1564 475 TRIUMPIIIS
1599 411 1787 471 APUD
1825 410 2105 468 ITALIAM
2146 412 2324 471 LIBRI
2363 415 2500 473 XIV.
2538 448 2610 459 —
2644 417 2775 475 LIB.
2803 420 2889 477 111.

1789 526 1841 589 Α
1870 524 2086 583 Mandat
2112 527 2497 598 Alexandrum,
2529 532 2693 588 lateat
2718 548 2838 604 qua:
2866 549 3027 591 causa
3060 520 3322 610 requirit~

1866 619 2020 686 Quod
2044 621 2217 691 magis
2238 623 2409 678 occidi
2434 623 2616 679 tendat
2646 639 2807 694 quam
2834 627 3097 684 absistere
3122 632 3337 702 emptis.

1871 729 1889 762 ι
1916 709 2194 777 Nonlicet,
2218 711 2974 783 inquitAlexander,canibus
2997 718 3126 774 dare
3139 729 3437 777 sauetuma

1865 799 2061 855 Fervet
2082 801 2148 856 ad
2176 802 2312 869 haec,
2343 817 2571 873 seseque
2601 819 2791 859 canem
2816 804 2945 861 furit
2974 807 3060 863 ille
3085 818 3353 865 vocatum.

1865 890 2083 945 Iudiciis
2112 892 2308 961 praesul
2336 894 2533 963 probat
2560 905 2619 949 ut
2646 910 2782 951 eane
2809 897 3033 967 nequior
3054 908 3264 965 exstet;

1864 981 1999 1037 Fixo
2027 982 2224 1038 divinis
2250 984 2486 1039 minatur
2511 984 2672 1056 ﬂagra
2697 998 2990 1058 tyrannus;

1865 1072 2104 1143 Despicit
2123 1076 2223 1131 iste
2249 1077 2423 1132 minas
2444 1076 2767 1146 jactautein,
2799 1082 3010 1152 spernit
3037 1082 3270 1139 honores

1863 1165 2180 1223 Punitorum
2211 1170 2280 1224 ab
2304 1186 2369 1225 eo
2398 1174 2572 1227 fastus
2596 1181 2649 1227 et
2671 1173 2904 1229 culmina
2933 1175 3174 1245 praefert.

1865 1260 2125 1317 Exsecrat
2154 1262 2452 1332 intrepidus
2481 1264 2726 1320 rabidum
2752 1267 3049 1337 temnitquc
3081 1267 3381 1337 furentem;

1864 1352 1962 1417 Qui
1986 1350 2134 1407 ferus
2160 1367 2453 1423 appensum
2484 1356 2718 1425 torqueri
2742 1357 2982 1427 praecipit
3004 1356 3229 1424 almum,

1866 1443 2145 1515 Unguibus
2164 1453 2218 1499 et
2249 1446 2386 1510 radi,
2427 1444 2545 1500 face
2578 1445 3022 1518 lampadibusque
3049 1434 3303 1504 cremari.

1864 1534 1970 1590 Ista
2000 1536 2088 1589 diu
2120 1551 2337 1606 passum
2367 1536 2508 1590 nulla
2537 1552 2794 1592 resonare
2816 1554 3039 1593 severus
3245 1522 3250 1528 ’

1864 1627 2010 1682 Voce
2037 1634 2215 1697 stupet
2241 1634 2505 1688 sanctum.
2546 1628 2850 1699 rogitatque
2878 1629 3089 1684 silentia
3118 1630 3287 1696 mira;

1863 1717 1958 1774 Ille
1982 1719 2093 1773 Deo
2119 1718 2219 1773 fari
2246 1734 2306 1774 se
2326 1718 2663 1788 depascenda
2693 1720 2793 1776 fate
2806 1730 2912 1787 tur,

1866 1812 2185 1882 lncrepatel
2206 1811 2460 1866 stolidum
2493 1815 2774 1869 tormentis
2798 1829 2951 1870 sacra
2983 1825 3260 1886 rogantem
3286 1833 3302 1872 :

1786 1892 1836 1954 Β
1860 1903 2139 1957 Annorum
2168 1912 2349 1958 monet
2383 1903 2473 1959 ille
2504 1903 2616 1960 fere
2648 1904 2863 1975 triginta
2888 1906 3147 1977 juventae,

1861 2000 2071 2071 COgitet
2103 1998 2363 2055 invictum
2397 2000 2626 2065 mentis,
2651 2001 2796 2056 hunc
2822 2001 2925 2057 iste
2949 2001 3121 2058 salute
3146 2001 3412 2075 (175-77).

1861 2090 2082 2163 Hocque
2111 2109 2307 2148 cruore
2332 2093 2626 2162 palaestrita
2656 2094 2781 2149 dum
2812 2094 3040 2149 sudatur
3066 2110 3256 2165 agone,

1860 2181 1987 2237 Dira
2012 2197 2072 2237 se
2100 2183 2394 2252 perhibetis
2420 2183 2745 2238 viduandam
2775 2193 2948 2237 morte
2975 2183 3153 2238 mariti
3180 2183 3351 2255 (I78),

1859 2270 2037 2327 Pilato
2065 2282 2125 2327 ut
2149 2272 2280 2328 visis
2305 2272 2434 2328 olim
2458 2275 2746 2344 perterrita
2780 2273 2997 2343 conjux,

1860 2361 2026 2416 Mittit
2052 2371 2107 2417 et
2137 2362 2340 2416 absolvi
2370 2364 2561 2418 suadet
2589 2362 2783 2418 fortem
2814 2380 2951 2418 uxor
2977 2364 3268 2430 athletam;

1862 2456 2041 2511 Verba
2072 2454 2223 2511 ferox
2254 2471 2517 2527 spernens
2544 2458 2720 2513 socios
2748 2466 3022 2513 certamen
3052 2459 3189 2515 inire

1864 2548 2085 2603 Mandat
2117 2548 2442 2615 Alexandri;
2474 2549 2723 2621 relegunt
2749 2544 2975 2620 vestigia
3004 2550 3130 2615 lmti,

1860 2644 2093 2714 Jamque
2119 2642 2298 2698 Patris
2328 2643 2535 2714 palmas
2564 2645 2740 2699 stadio
2771 2645 3086 2715 contingere
3110 2629 3269 2700 certi.

1862 2738 2081 2809 Ignibus
2111 2735 2295 2792 infelix
2329 2735 2535 2808 Stygiis
2563 2736 2806 2793 feraliter
2832 2739 3029 2793 ardens

1862 2829 1934 2886 Ut
1962 2829 2142 2900 prodit
2166 2829 2397 2885 invictos
2429 2839 2586 2900 urget
2615 2828 2826 2885 fervere
2855 2830 3162 2896 caminum;
3222 2886 3223 2889 η

1862 2920 2013 2976 Tunc
2046 2930 2124 2987 ut,
2154 2919 2480 2986 Alexander,
2508 2921 2682 2991 jubet,
2713 2930 2873 2991 atque
2901 2922 3176 2988 Eveutius,
3202 2935 3372 2977 annos

1862 3010 2149 3083 Octoginta
2174 3027 2390 3083 gerens,
2423 3012 2598 3067 aversi
2636 3012 2793 3066 dorsa
2828 3012 3094 3083 ligentur,

1860 3101 2235 3171 Candentique
2263 3101 2371 3155 dati
2403 3099 2636 3155 ﬂammis
2670 3101 2887 3156 fornace
2916 3110 3257 3168 crementur;

1861 3194 2400 3269 Astans'l‘hcodulus
2427 3208 2706 3263 pinnarum
2743 3193 2968 3249 horrore
2998 3202 3294 3266 prematur,

1786 3256 1831 3318 Ο
1860 3286 1933 3342 At
1961 3263 2199 3339 fornacis
2227 3256 2534 3339 Alexander
2563 3284 2850 3339 furibunda
2888 3256 3228 3357 triuinphans
3254 3304 3272 3341 ς

1867 3397 1886 3431 ι
1923 3375 2222 3442 Theodule,
2251 3374 2495 3430 accelera
2525 3375 2829 3441 nobiscum,
2861 3374 3054 3441 frater,
3083 3384 3139 3431 et
3169 3377 3321 3450 alge;

1862 3471 1955 3526 Ille
1985 3470 2185 3526 etenim
2218 3479 2330 3523 tres
2355 3468 2444 3538 qui
2476 3482 2671 3538 pueros
2701 3468 2951 3539 apparuit
2981 3468 3124 3523 inter

1864 3561 2119 3617 Hebraeos
2145 3569 2394 3631 quartus,
2428 3560 2706 3615 nobiscum
2738 3559 2969 3615 exsultet
2999 3568 3054 3615 et
3080 3559 3271 3627 isthic;
3304 3578 3326 3615 ι

1864 3652 2176 3708 Tlieodulus
2202 3651 2420 3705 ﬂamma
2450 3650 2758 3720 irrumpens
2785 3650 3082 3705 intersecat
3109 3652 3284 3722 ignes,

1864 3743 1999 3799 Cum
2027 3742 2301 3812 sociisque
2332 3741 2444 3795 Deo
2470 3750 2652 3809 grates
2676 3740 2972 3811 laudesque
3003 3744 3325 3812 rependens,

1864 3833 2152 3889 Concinit:
2192 3850 2211 3884 ι
2250 3832 2389 3887 Ecce
2421 3839 2542 3886 tuos
2571 3830 2838 3886 examinis
2866 3830 2988 3902 igne
3017 3833 3258 3902 probasti

1862 3922 1993 3990 Nos,
2021 3922 2207 3988 Pater,
2232 3921 2411 3987 istius,
2441 3920 2596 3976 nobis
2626 3936 2725 3975 nec
2751 3920 2992 3976 adhaeret
3022 3921 3289 3995 iniquum,

1864 4018 1993 4090 Igne
2023 4017 2211 4073 furens
2237 4017 2379 4071 victo
2403 4014 2712 4069 ﬂammatur
2741 4023 2920 4069 mente
2953 4023 3239 4086 tyrannus;

1864 4110 2059 4174 Etfert,
2085 4108 2359 4172 hortatur,
2389 4107 2659 4175 dubioque
2688 4105 2740 4159 in
2769 4105 2998 4160 crimine
3026 4105 3289 4174 pendens,

1864 4200 2209 4272 Presbyteris
2240 4199 2456 4255 tandem
2488 4196 2730 4252 cervices
2756 4196 2975 4250 demetit
3002 4210 3151 4250 ense.

1863 4293 1976 4349 Nec
2004 4301 2182 4347 tamen
2210 4291 2314 4346 hoc
2348 4291 2553 4361 patitur
2574 4304 2726 4360 papa:
2755 4287 2910 4342 finire
2936 4287 3239 4351 palmslram
3259 4326 3276 4350 .

1868 4383 2287 4453 Visceribusque
2317 4382 2552 4436 animam
2585 4380 2812 4433 rimatur
2838 4379 2891 4433 in
2919 4378 3168 4433 omnibus
3192 4377 3384 4445 altam,

1865 4475 2139 4531 Multifora
2172 4475 2455 4530 terebrans
2484 4472 2778 4527 fortissima
2806 4460 3029 4541 euSpide
3061 4469 3326 4536 membra,

1870 4567 1964 4625 Sic
1995 4568 2213 4622 decorat
2241 4565 2348 4621 triti
2379 4572 2525 4619 tanto
2560 4561 2836 4617 molimine
2864 4559 3012 4615 ﬂoris

1869 4657 2129 4729 Egregius
2152 4653 2370 4711 rutilum
2402 4652 2652 4707 meritam
2679 4651 2812 4720 petit
2841 4650 3045 4703 aethera
3070 4646 3278 4713 sedem,

1869 4749 2117 4819 Dumque
2143 4744 2366 4803 insultat
2396 4752 2453 4798 ut
2479 4742 2756 4812 implicitis
2781 4749 3059 4809 grassator
3081 4752 3321 4806 amarus,

1868 4841 1949 4896 Eu
1983 4839 2129 4894 visus
2148 4835 2365 4904 juvenis
2388 4833 2607 4906 gerulus
2641 4830 2957 4903 gestaminis
2987 4830 3110 4899 igne

1869 4928 2094 4986 Accensi
2121 4926 2362 4998 chalybis
2386 4926 2551 4997 virgae
2573 4923 2726 4995 quasi
2755 4937 2917 4992 quam
2941 4919 3072 4991 jaeit
3100 4924 3226 4972 ante

1871 5019 1997 5076 Ηωθ
2024 5012 2270 5071 addendo
2291 5017 2486 5086 pedes:
2523 5036 2540 5067 ι
2574 5013 2845 5078 Meritum,
2874 5010 3185 5074 Aureliane,
3208 5022 3468 5080 capesse,

1871 5110 2144 5166 Tartareae
2169 5107 2324 5177 nigra
2356 5122 2589 5178 namque
2618 5112 2803 5175 patent
2829 5104 2921 5159 tibi
2952 5108 3166 5175 guttura
3196 5111 3411 5171 portae,

1871 5205 1973 5261 Ast
2000 5200 2196 5273 quibus
2230 5196 2509 5257 infrendes
2540 5198 2778 5273 paradisi
2815 5207 3067 5270 aptantur
3094 5194 3368 5256 amoenis.
3404 5217 3425 5251 ι

1886 5299 1902 5314 Δ
1924 5305 1981 5314 ειν
2005 5291 2160 5314 οκδτιιε.
2205 5290 2358 5314 ..ἔμειτα
2426 5291 2700 5314 Ρ-.¹ξ..ίλκιιη
2729 5287 3044 5314 ΛΑΑΑ--Ᾰῖιιιν
3072 5280 3217 5314 :(IHD'

2548 5293 2700 5314 :An-un
2729 5287 3009 5314 ΛΑΑΑ--Ᾰῖιιι
