3888 5330
522 400 626 464 1ιύ
902 416 907 420 ’
1236 407 1629 467 ιτιοοοειιωι
1666 412 1984 471 CANONICI
2029 415 2057 469 ll

2231 413 2374 471 NSlS
2412 411 2774 472 OPUSCULA
2808 392 3134 468 uermes.
3675 415 3766 472 sto

512 523 685 592 lnque
704 522 789 579 via
812 523 1153 580 Nomentana
1182 524 1368 593 procul
1412 521 1555 578 Urbe
1583 527 1830 582 recondit
2135 534 2185 593 Α
2214 527 2476 599 Tegmine
2499 528 2722 600 einiphii
2747 543 2943 600 corpus
2971 538 3216 585 tenerum
3246 539 3459 601 asperat
3499 530 3655 597 hirci,

512 611 748 667 Millibus
768 622 826 667 ut
849 622 1077 683 septem,
1112 629 1235 667 cum
1269 628 1402 681 papa
1430 613 1686 669 Eveniius
1708 616 1818 670 illic
1840 657 1855 683 ,
2206 618 2384 688 Atque
2407 618 2687 673 beatorum
2713 617 2933 674 tumulis
2959 629 3161 675 astrata
3190 621 3490 684 recumbit;

505 702 865 783 'Sarcophago
896 713 955 758 ut
970 704 1146 775 juncti
1174 703 1408 759 ﬂammis
1430 704 1768 761 tumulentur
1796 707 1850 761 in
1881 723 2011 763 uno.
2208 706 2428 764 Obtinet
2452 726 2479 763 a
2511 718 2702 765 sancto
2724 711 2975 779 precibus
3003 712 3129 769 dum
3158 712 3386 783 praesule
3413 690 3569 781 Sion

514 788 854 852 Theodulum
880 796 1072 864 recipit
1100 795 1261 850 modo
1288 810 1517 866 corpore
1548 798 1731 853 tumba
1759 812 2033 865 seorsum;
2210 799 2335 854 llaec
2364 800 2418 855 in
2446 816 2572 856 rura
2602 800 2722 858 loco
2753 811 3001 858 sacretnr
3035 803 3321 875 episcopus
3351 804 3443 858 illo

517 881 752 952 Spiritus
774 902 804 940 a
835 886 998 943 sociis
1021 895 1072 940 at
1103 902 1210 941 non
1242 887 1569 941 discernitur
1598 889 1790 943 aethra.
2214 890 2542 962 Martyribus
2571 892 2790 965 dignum
2820 903 2942 964 post
2962 893 3303 950 exhibiturus
3332 894 3629 961 honorem;

517 973 883 1034 Membrorum
904 978 1071 1034 Imma
1102 979 1529 1050 triumphantum
1554 980 1744 1036 devota
1774 982 2036 1052 scpultrix
2211 984 2532 1042 Pontiﬁcem
2555 987 2634 1043 sic
2659 987 2782 1044 inde
2806 986 2959 1044 locus
2981 996 3274 1044 consuetus
3300 987 3522 1044 habere.

1978 1134 2206 1191 CAPUT
2256 1136 2340 1190 111.

1450 1239 1529 1294 De
1561 1238 1814 1298 relatione
1850 1242 2006 1299 Plinii
2031 1256 2078 1300 et
2115 1247 2308 1302 ultione
2345 1250 2513 1302 tertiae
2537 1248 2932 1319 persecutionis.

515 1352 846 1423 Denique-et
873 1350 959 1407 hic
985 1352 1168 1422 plures
1188 1352 1357 1408 variis
1374 1362 1430 1409 et
1453 1355 1700 1424 partibus
1725 1360 1873 1413 orbis
2212 1361 2350 1417 Dum
2377 1361 2504 1417 cmli
2526 1360 2781 1428 ﬂammis,
2819 1364 3030 1420 cineres
3056 1364 3297 1420 consedit
3323 1366 3375 1419 in
3407 1365 3563 1422 imos.

519 1443 864 1515 Tempestate
895 1440 994 1500 sub
1022 1446 1124 1501 hac
1149 1446 1426 1501 terrestria
1459 1462 1621 1517 regna
1651 1449 2013 1520 trimnphant;
2212 1452 2332 1506 Mox
2363 1451 2590 1519 ltotnani
2616 1453 2765 1508 orbis
2789 1451 2906 1508 loca
2934 1454 3142 1510 telluris
3173 1455 3273 1510 tria
3305 1457 3552 1525 quaedam

520 1535 823 1591 Funeribus
844 1552 1075 1606 quarunt
1107 1547 1382 1608 permotus
1414 1540 1619 1596 Plinius
1651 1559 1788 1597 unus
2212 1542 2475 1598 Funditus
2503 1543 2762 1599 absiliunt
2790 1543 2931 1599 Asia:
2958 1560 3219 1601 concussa
3254 1555 3521 1613 tremore;

519 1625 773 1700 Ecclesia:
795 1638 1128 1684 vastatorum
1157 1628 1260 1683 fert
1280 1638 1494 1700 sceptra
1517 1633 1724 1701 regenti
2213 1631 2477 1699 Quattuor
2497 1648 2793 1704 exmquans
2821 1633 2981 1689 tellus
3004 1634 3104 1690 sibi
3132 1635 3345 1691 subruit
3369 1635 3549 1692 urbes.

516 1719 747 1791 Trajano
770 1723 1008 1779 monitus
1041 1740 1055 1778 :
1098 1741 1119 1774 ι
1156 1722 1443 1779 llominum
1471 1724 1755 1780 mitissima
1788 1741 1929 1781 san-0
2137 1753 2183 1814 Β
2212 1721 2420 1778 Griecia
2448 1738 2555 1792 quo
2580 1724 2824 1794 geminas
2854 1733 3024 1788 motu,
3053 1740 3161 1795 quo
3185 1723 3358 1781 Gallia
3385 1725 3584 1795 perdit.

518 1809 673 1869 Omni
704 1828 842 1884 pene
869 1814 954 1869 die
984 1824 1201 1869 merent
1232 1824 1289 1869 ut
1320 1814 1483 1869 millia
1516 1813 1660 1870 ferro
2138 1809 2172 1814 ⁷
2214 1812 2577 1884 Antiochique
2608 1812 2761 1886 Syra:
2787 1830 2916 1886 pars
2945 1816 3182 1870 maxima
3210 1816 3449 1871 concidit
3478 1816 3648 1872 urbis.

515 1901 602 1958 Nil
631 1912 821 1958 contra
853 1903 998 1975 leges
1025 1903 1376 1973 Romanaque
1397 1901 1520 1971 jura
1547 1915 1851 1975 gerentum,
2143 1912 2149 1922 '
2213 1901 2324 1958 Nec
2346 1903 2520 1959 solum
2552 1904 2666 1960 haec
2690 1904 2961 1971 homines,
2984 1906 3115 1974 quin
3149 1904 3378 1976 perculit
3403 1905 3539 1959 ultio
3561 1904 3716 1971 divos,

517 1992 629 2050 Nec
657 1994 879 2050 sceleris
910 2010 1043 2050 nece
1067 1994 1333 2065 plectendi
1362 1994 1623 2066 cujusque
1652 2012 1891 2060 reorum,
2214 1996 2349 2050 Dum
2377 1996 2531 2066 quasi
2565 2005 2882 2052 cunctorum
2921 1997 3165 2067 quaedam:
3194 1996 3352 2052 simul
3394 1996 3517 2051 aula
3544 1996 3752 2061 deorum,

516 2084 580 2139 Ni
607 2082 806 2140 Christi
838 2101 934 2153 pro
970 2084 1125 2141 laude
1150 2086 1265 2152 Dei,
1292 2095 1347 2141 et
1373 2087 1731 2142 conventibus
1759 2088 1951 2158 arquis.
1979 2108 1996 2140 ι
2215 2084 2493 2141 Pantheon
2524 2086 2708 2142 Roma:
2737 2087 2919 2141 divino
2950 2088 3254 2142 incenditur
3278 2086 3424 2156 igne,

523 2176 793 2231 Describit
820 2175 1088 2247 Trajanus
1117 2178 1186 2232 ad
1217 2178 1332 2232 lucc
1360 2196 1372 2231 :
1420 2196 1437 2229 ι
1472 2176 1548 2231 Ne
1575 2178 1805 2249 quisque
1835 2179 2076 2249 requirat
2215 2180 2367 2237 Tunc
2394 2171 2558 2236 veluti
2585 2182 2854 2253 quondam
2877 2182 3123 2253 ciniphes
3151 2181 3363 2238 Pelusia
3394 2198 3522 2238 rura

520 2266 876 2323 Christicolas
897 2267 1085 2338 judex,
1112 2277 1167 2321 at
1196 2269 1383 2338 puniat
1411 2269 1771 2340 interceptos;
1812 2271 1831 2321 ὁ
2216 2272 2453 2327 Emersre
2478 2274 2680 2338 subito,
2704 2283 2951 2343 quateret
2975 2274 3102 2330 dum
3131 2274 3291 2330 tertia
3321 2278 3507 2344 plaga,

522 2360 960 2430 Semisoporatus
982 2376 1080 2431 per
1101 2359 1243 2430 quod
1273 2360 1571 2416 ferventior
1600 2361 1741 2432 ignis
2218 2360 2348 2417 Orta
2379 2363 2486 2417 situ
2513 2370 2567 2416 et
2592 2362 2863 2433 squallore
2890 2362 3024 2418 locis
3048 2363 3343 2417 animantia
3374 2361 3554 2426 foedis,

522 2451 708 2516 Visus,
737 2451 1037 2506 amicorum
1064 2450 1275 2510 insidiis
1295 2452 1438 2506 haud
1471 2453 1686 2522 dempta
1715 2452 1965 2520 facultas,
2214 2450 2387 2507 Omne
2416 2467 2582 2523 genus
2605 2452 2883 2507 hominum
2911 2462 3061 2508 sueta
3090 2469 3155 2509 ac
3183 2468 3348 2525 pecus
3370 2468 3535 2509 urere
3558 2452 3757 2519 morsu,

522 2543 636 2597 imo
662 2543 802 2598 dolis
826 2542 1007 2598 iurum
1037 2553 1307 2599 vexantur
1337 2552 1512 2598 castra
1544 2543 1778 2614 piorum.
2214 2540 2494 2595 Dcnsatim
2524 2556 2696 2596 smvos
2722 2542 2775 2596 in
2814 2542 3094 2597 vibravere
3122 2542 3385 2597 colonos:

518 2636 589 2690 At
612 2652 718 2689 non
748 2634 835 2690 ille
859 2636 1047 2691 oculus
1072 2636 1200 2708 vigil
1230 2634 1445 2692 lsraelis
1476 2641 1709 2700 amator,
2212 2635 2379 2691 Judaei
2410 2637 2573 2691 variis
2603 2635 2756 2691 ell’usi
2785 2637 2858 2691 ita
2891 2638 3133 2707 partibus
3157 2637 3340 2703 orbis,

519 2722 726 2794 Pupilla
753 2725 984 2780 obducta
1008 2725 1113 2797 legi
1144 2725 1289 2782 favet
1320 2725 1458 2783 altor
1485 2725 1705 2796 iniqua‘,
2213 2725 2531 2798 Egyptum,
2562 2726 2810 2799 Libyam,
2842 2727 3219 2799 Cyprumque,
3250 2729 3496 2798 aliasque
3519 2726 3685 2785 calore

516 2814 629 2868 lmo
658 2816 774 2885 pari
807 2816 985 2871 rutilis
1011 2831 1372 2888 compensans
1406 2817 1587 2872 omnia
1618 2816 1775 2870 lance
2213 2816 2390 2871 Emoti
2419 2826 2593 2873 terras
2618 2818 2797 2874 subito
2827 2818 3132 2875 inl‘estando
3161 2820 3372 2891 quietos

521 2905 853 2976 I‘rzepollens
878 2910 1114 2963 auctoris
1141 2924 1278 2979 opus
1305 2907 1531 2976 hujusce
1562 2906 1781 2961 nefandi
2218 2909 2483 2978 Turbant,
2518 2926 2582 2967 ac
2611 2926 2809 2968 vacuos
2842 2910 2959 2967 fere
2989 2912 3120 2968 dant
3147 2912 3452 2969 cultoribus
3477 2924 3646 2980 agros.

517 2995 721 3052 Evertit
750 2998 992 3068 sceleris,
1021 2999 1213 3057 domus
1240 3015 1403 3056 aurea
1439 3006 1578 3054 tacta
1608 2993 1836 3051 Neronis

1941 3151 2170 3209 CAPUT
2206 3152 2296 3211 Ν.

1865 3241 1946 3298 De
1974 3252 2155 3298 sancto
2182 3242 2335 3300 Sixto
2358 3261 2520 3315 papa.

522 3355 708 3411 Sixtns
735 3354 1100 3409 Alexandrum
1134 3353 1404 3425 sequitur,
1444 3355 1534 3424 qui
1564 3355 1797 3411 culmina
1829 3356 1971 3410 scilis
2140 3338 2185 3399 Ο
2220 3350 2600 3426 Suhjcctisque
2630 3358 2790 3429 hujus
2818 3359 3106 3414 moderans
3136 3357 3369 3429 insignia
3396 3356 3561 3422 sedis,

518 3442 719 3499 Nactus
744 3444 1074 3515 apostolicm,
1106 3444 1351 3515 regimen
1384 3444 1619 3514 disponit
1651 3444 1898 3508 honesto,
2217 3448 2320 3516 Qui
2356 3459 2566 3520 martyr
2589 3458 2898 3517 penetrans,
2926 3448 3167 3503 Adriano
3194 3448 3471 3519 principe,
3499 3444 3696 3509 cmlutn,

518 3533 661 3590 Dans
687 3534 966 3590 tractanda
993 3534 1086 3589 Dei
1117 3534 1251 3590 solis
1274 3550 1428 3590 sacra
1459 3551 1583 3590 vasa
1613 3535 1903 3600 ministris,
2215 3537 2379 3594 Busta
2406 3555 2562 3594 secus
2588 3537 2733 3595 Petri
2765 3538 2955 3593 tumuli
2982 3539 3209 3593 sortitur
3232 3538 3516 3593 honorem.

1983 3684 2212 3742 CAPUT
2253 3688 2318 3743 V.

1506 3774 1584 3828 De
1617 3776 1813 3829 sanctis
1835 3775 2083 3842 Grandio,
2110 3778 2353 3832 Animalia
2385 3786 2432 3831 et
2459 3776 2619 3830 sociis
2644 3789 2848 3829 eorum.

517 3885 767 3957 Plerique
792 3887 914 3943 cmli
948 3904 1110 3959 regna
1138 3889 1283 3944 dicto
1311 3890 1555 3960 principe
2215 3887 2285 3943 Ut
2306 3888 2397 3958 qui
2429 3897 2611 3942 tenere
2634 3884 2973 3941 Christianos
2999 3890 3226 3939 venerat

519 3977 770 4034 Mercede
793 3978 895 4033 lusi
921 3992 1328 4049 consequuntur
1356 3982 1659 4049 sanguinis,
2216 3980 2299 4035 Sit
2320 3980 2431 4049 ipse
2462 3986 2670 4043 tentus;
2702 3977 2791 4045 qui
2817 3975 3045 4031 salutem
3071 3975 3258 4031 tollere

519 4072 827 4128 Bacchanto
854 4075 995 4127 nube
1029 4085 1173 4128 retro
1203 4077 1362 4142 coepti
1398 4077 1646 4129 turbinis.
2212 4071 2548 4141 Properabat
2575 4069 2756 4132 almis,
2785 4070 2969 4125 salvus
2999 4069 3140 4123 idem
3171 4067 3407 4125 fulserit.

514 4161 734 4218 Paravit
763 4173 911 4217 astra
943 4179 1109 4218 carne
1136 4174 1264 4218 tunc
1293 4165 1573 4228 Gmtulius,
2215 4167 2368 4220 llunc
2399 4179 2599 4235 pra-ses
2626 4179 2767 4218 arcae
2796 4162 3163 4217 Christianum
3193 4161 3405 4217 aeraria:

517 4256 599 4310 Ad
628 4270 787 4324 quem
823 4255 1111 4309 tenendum
1145 4257 1284 4324 quod
1314 4257 1414 4310 lide
1444 4253 1787 4309 lirmissimus
2214 4259 2441 4325 Quidam
2469 4256 2704 4310 Adriano
2728 4252 3138 4324 deprehendens
3164 4252 3407 4316 nuntiat;

524 4344 595 4398 lit
621 4343 919 4412 disciplinis
948 4345 1166 4414 degeret
1197 4345 1564 4409 doetissimus,
2212 4350 2313 4417 Qui
2345 4348 2686 4402 consularem
2716 4346 2903 4415 dirigit
2932 4344 3219 4407 Licinium,

524 4435 789 4488 Sermone
822 4435 1022 4489 multos
1053 4437 1370 4505 actibusque
1399 4439 1661 4493 roborans
2215 4445 2331 4507 Quo
2362 4440 2638 4495 Cerealem
2667 4440 2870 4494 vinciat
2899 4438 3197 4502 vicarium;

519 4524 580 4580 lu
610 4526 725 4592 lege
752 4526 976 4590 Christi,
1006 4525 1247 4581 Cerealis
1277 4529 1532 4594 mittitur,
2210 4539 2341 4589 (Iunt
2374 4552 2483 4604 quo
2508 4534 2702 4588 beatus
2728 4532 3015 4600 stringitur
3042 4529 3323 4595 Castalius,

521 4617 737 4688 Collega
770 4618 926 4686 cujus
951 4619 1210 4674 militarat
1238 4619 1546 4686 Amantius,
2216 4628 2287 4678 Ac
2316 4624 2625 4679 Primitivus
2651 4639 2883 4691 cumque
2908 4623 2988 4676 eis
3011 4621 3316 4691 Amantius,

519 4708 621 4776 Qui
654 4726 816 4764 carne
848 4709 1016 4764 frater
1042 4727 1106 4765 ac
1137 4710 1238 4764 lide
1263 4710 1477 4766 Caetulii
1505 4729 1519 4743 ·
2141 4700 2186 4756 υ
2217 4718 2349 4771 Tum
2380 4715 2586 4771 Cereali
2612 4713 2913 4768 consularis
2943 4712 3179 4784 infremit
3207 4731 3222 4769 :

520 4801 761 4871 Uterque
795 4814 979 4868 gratus
1006 4802 1245 4856 Adriano
1277 4805 1527 4875 principi,
2221 4828 2238 4859 ι
2280 4809 2413 4863 Vitae
2444 4807 2538 4861 tibi
2570 4806 2646 4861 sic
2678 4804 2818 4863 facta
2851 4804 3156 4879 desperatio

522 4893 732 4948 Dorcas
763 4901 1005 4961 repertus
1033 4894 1291 4962 plurimos
1319 4894 1581 4949 Caetulius
2215 4900 2487 4973 Prrcccpl'a
2522 4907 2734 4957 ieiunas
2761 4912 2818 4955 ut
2845 4915 3041 4970 procax
3072 4898 3469 4952 dominantium

519 4985 768 5047 Fratrum
796 4987 1068 5046 tribunum
1099 4986 1391 5063 propalavit
1420 4987 1735 5044 Amantium
2216 4997 2269 5050 ιι.
2297 4996 2386 5049 uni
2426 4994 2533 5048 mi
2569 4994 2727 5048 rebus
2761 4991 2910 5046 orbis
2945 4989 3279 5058 principum?
3314 5008 3331 5040 ι

524 5078 668 5134 Metu
700 5082 923 5136 Adriani
950 5084 1044 5152 qui
1073 5083 1273 5139 latebat
1299 5084 1542 5152 abditus;
2214 5087 2311 5141 Cui
2343 5086 2583 5139 Cerealis
2611 5101 2623 5136 :
2670 5102 2689 5134 ι
2719 5082 2944 5150 Insuper
2969 5080 3272 5135 contradidi

526 5172 697 5237 Quum
724 5171 963 5227 Cerealis
993 5175 1133 5228 haud
1159 5180 1317 5246 epine
1347 5187 1614 5232 contuens
2221 5172 2559 5227 \‘isitationis
2585 5173 2805 5241 intcgrze
2831 5169 3106 5224 molimine

524 5259 722 5300 plintth
752 5262 949 5300 cndu":
985 5263 1037 5300 nt
1073 5263 1245 5300 cnlnln
1276 5265 1469 5300 nan-[lin

2214 5265 2337 5300 ίίιῐιι
2360 5280 2421 5300 nc
2457 5262 2671 5300 fmmmu:
2722 5271 2771 5300 nt
2804 5261 2985 5300 potioni
3017 5261 3069 5300 in
3099 5259 3373 5300 nllltlimnn
