  <div class='ocr_page' id='page_1' title='image "/cluster/home/n/w/nwhite01/storage/ocr_20150623/135/hvd.32044015471758/328.png"; bbox 0 0 3888 5330; ppageno 0'>
   <div class='ocr_carea' id='block_1_1' title="bbox 114 281 212 335">
    <p class='ocr_par' dir='ltr' id='par_1_1' title="bbox 114 281 212 335">
     <span class='ocr_line' id='line_1_1' title="bbox 114 281 212 335; baseline 0.02 -2"><span class='ocrx_word' id='word_1_1' title='bbox 114 281 212 335; x_wconf 67' lang='lat' dir='ltr'><strong>Nl</strong></span> 
     </span>
    </p>
   </div>
   <div class='ocr_carea' id='block_1_2' title="bbox 102 394 1137 470">
    <p class='ocr_par' dir='ltr' id='par_1_2' title="bbox 102 394 1137 470">
     <span class='ocr_line' id='line_1_2' title="bbox 102 394 1137 470; baseline -0.009 -16"><span class='ocrx_word' id='word_1_2' title='bbox 102 400 351 456; x_wconf 85' lang='lat' dir='ltr'><strong>Umbone</strong></span> <span class='ocrx_word' id='word_1_3' title='bbox 380 396 530 470; x_wconf 92' lang='lat' dir='ltr'><strong>rupis</strong></span> <span class='ocrx_word' id='word_1_4' title='bbox 564 404 624 452; x_wconf 91' lang='lat' dir='ltr'><strong>ut</strong></span> <span class='ocrx_word' id='word_1_5' title='bbox 648 395 877 451; x_wconf 81' lang='lat' dir='ltr'><strong>minacis</strong></span> <span class='ocrx_word' id='word_1_6' title='bbox 905 394 1137 458; x_wconf 85' lang='lat' dir='ltr'><strong>alveus,-</strong></span> 
     </span>
    </p>
   </div>
   <div class='ocr_carea' id='block_1_3' title="bbox 96 484 1235 557">
    <p class='ocr_par' dir='ltr' id='par_1_3' title="bbox 96 484 1235 557">
     <span class='ocr_line' id='line_1_3' title="bbox 96 484 1235 557; baseline -0.008 -11"><span class='ocrx_word' id='word_1_7' title='bbox 96 490 243 546; x_wconf 87' lang='lat' dir='ltr'><strong>Petit</strong></span> <span class='ocrx_word' id='word_1_8' title='bbox 269 489 579 545; x_wconf 81' lang='lat' dir='ltr'><strong>columnam</strong></span> <span class='ocrx_word' id='word_1_9' title='bbox 603 487 891 557; x_wconf 64' lang='lat' dir='ltr'><strong>prircluem</strong></span> <span class='ocrx_word' id='word_1_10' title='bbox 916 484 1201 542; x_wconf 66' lang='lat' dir='ltr'><strong>Gaetuliam</strong></span> <span class='ocrx_word' id='word_1_11' title='bbox 1219 524 1235 552; x_wconf 96' lang='lat'><strong>,</strong></span> 
     </span>
    </p>
   </div>
   <div class='ocr_carea' id='block_1_4' title="bbox 102 574 1165 644">
    <p class='ocr_par' dir='ltr' id='par_1_4' title="bbox 102 574 1165 644">
     <span class='ocr_line' id='line_1_4' title="bbox 102 574 1165 644; baseline -0.007 -9"><span class='ocrx_word' id='word_1_12' title='bbox 102 580 302 635; x_wconf 85' lang='lat' dir='ltr'><strong>Libare</strong></span> <span class='ocrx_word' id='word_1_13' title='bbox 329 577 508 643; x_wconf 76' lang='lat' dir='ltr'><strong>Marti,</strong></span> <span class='ocrx_word' id='word_1_14' title='bbox 533 592 628 632; x_wconf 91' lang='lat' dir='ltr'><strong>seu</strong></span> <span class='ocrx_word' id='word_1_15' title='bbox 655 574 774 630; x_wconf 74' lang='lat' dir='ltr'><strong>Iovi</strong></span> <span class='ocrx_word' id='word_1_16' title='bbox 795 574 992 644; x_wconf 78' lang='lat' dir='ltr'><strong>iubens</strong></span> <span class='ocrx_word' id='word_1_17' title='bbox 1020 590 1165 629; x_wconf 87' lang='lat' dir='ltr'><strong>eum.</strong></span> 
     </span>
    </p>
   </div>
   <div class='ocr_carea' id='block_1_5' title="bbox 103 665 1077 739">
    <p class='ocr_par' dir='ltr' id='par_1_5' title="bbox 103 665 1077 739">
     <span class='ocr_line' id='line_1_5' title="bbox 103 665 1077 739; baseline -0.006 -15"><span class='ocrx_word' id='word_1_18' title='bbox 103 668 263 725; x_wconf 78' lang='lat' dir='ltr'><strong>Ridet</strong></span> <span class='ocrx_word' id='word_1_19' title='bbox 289 668 481 723; x_wconf 85' lang='lat' dir='ltr'><strong>beatus</strong></span> <span class='ocrx_word' id='word_1_20' title='bbox 506 666 755 739; x_wconf 82' lang='lat' dir='ltr'><strong>dissipati</strong></span> <span class='ocrx_word' id='word_1_21' title='bbox 788 665 1077 730; x_wconf 80' lang='lat' dir='ltr'><strong>insaniam,</strong></span> 
     </span>
    </p>
   </div>
   <div class='ocr_carea' id='block_1_6' title="bbox 102 756 1249 828">
    <p class='ocr_par' dir='ltr' id='par_1_6' title="bbox 102 756 1249 828">
     <span class='ocr_line' id='line_1_6' title="bbox 102 756 1249 828; baseline -0.005 -12"><span class='ocrx_word' id='word_1_22' title='bbox 102 762 312 816; x_wconf 86' lang='lat' dir='ltr'><strong>Pharos</strong></span> <span class='ocrx_word' id='word_1_23' title='bbox 335 757 570 814; x_wconf 83' lang='lat' dir='ltr'><strong>furentis</strong></span> <span class='ocrx_word' id='word_1_24' title='bbox 598 766 655 813; x_wconf 86' lang='lat' dir='ltr'><strong>ut</strong></span> <span class='ocrx_word' id='word_1_25' title='bbox 686 756 979 828; x_wconf 77' lang='lat' dir='ltr'><strong>procellam</strong></span> <span class='ocrx_word' id='word_1_26' title='bbox 1005 756 1249 811; x_wconf 83' lang='lat' dir='ltr'><strong>Doridos.</strong></span> 
     </span>
    </p>
   </div>
   <div class='ocr_carea' id='block_1_7' title="bbox 103 845 1130 920">
    <p class='ocr_par' dir='ltr' id='par_1_7' title="bbox 103 845 1130 920">
     <span class='ocr_line' id='line_1_7' title="bbox 103 845 1130 920; baseline -0.001 -16"><span class='ocrx_word' id='word_1_27' title='bbox 103 851 172 904; x_wconf 81' lang='lat' dir='ltr'><strong>At</strong></span> <span class='ocrx_word' id='word_1_28' title='bbox 193 850 363 906; x_wconf 85' lang='lat' dir='ltr'><strong>corda</strong></span> <span class='ocrx_word' id='word_1_29' title='bbox 392 848 485 920; x_wconf 92' lang='lat' dir='ltr'><strong>qui</strong></span> <span class='ocrx_word' id='word_1_30' title='bbox 515 848 762 918; x_wconf 72' lang='lat' dir='ltr'><strong>nequivit</strong></span> <span class='ocrx_word' id='word_1_31' title='bbox 794 846 903 902; x_wconf 88' lang='lat' dir='ltr'><strong>alta</strong></span> <span class='ocrx_word' id='word_1_32' title='bbox 933 845 1130 903; x_wconf 68' lang='lat' dir='ltr'><strong>laedere</strong></span> 
     </span>
    </p>
   </div>
   <div class='ocr_carea' id='block_1_8' title="bbox 104 938 1184 1009">
    <p class='ocr_par' dir='ltr' id='par_1_8' title="bbox 104 938 1184 1009">
     <span class='ocr_line' id='line_1_8' title="bbox 104 938 1184 1009; baseline -0.002 -14"><span class='ocrx_word' id='word_1_33' title='bbox 104 941 183 995; x_wconf 81' lang='lat' dir='ltr'><strong>Ad</strong></span> <span class='ocrx_word' id='word_1_34' title='bbox 205 940 486 997; x_wconf 63' lang='lat' dir='ltr'><strong>laesionem</strong></span> <span class='ocrx_word' id='word_1_35' title='bbox 512 949 694 995; x_wconf 88' lang='lat' dir='ltr'><strong>vertat</strong></span> <span class='ocrx_word' id='word_1_36' title='bbox 723 954 877 994; x_wconf 88' lang='lat' dir='ltr'><strong>arma</strong></span> <span class='ocrx_word' id='word_1_37' title='bbox 909 938 1184 1009; x_wconf 88' lang='lat' dir='ltr'><strong>corporis;</strong></span> 
     </span>
    </p>
   </div>
   <div class='ocr_carea' id='block_1_9' title="bbox 105 1031 1098 1102">
    <p class='ocr_par' dir='ltr' id='par_1_9' title="bbox 105 1031 1098 1102">
     <span class='ocr_line' id='line_1_9' title="bbox 105 1031 1098 1102; baseline -0.002 -15"><span class='ocrx_word' id='word_1_38' title='bbox 105 1032 303 1088; x_wconf 79' lang='lat' dir='ltr'><strong>Carnis</strong></span> <span class='ocrx_word' id='word_1_39' title='bbox 330 1031 565 1087; x_wconf 77' lang='lat' dir='ltr'><strong>amictus</strong></span> <span class='ocrx_word' id='word_1_40' title='bbox 591 1032 863 1102; x_wconf 85' lang='lat' dir='ltr'><strong>impudice</strong></span> <span class='ocrx_word' id='word_1_41' title='bbox 894 1031 1098 1102; x_wconf 83' lang='lat' dir='ltr'><strong>diripit,</strong></span> 
     </span>
    </p>
   </div>
   <div class='ocr_carea' id='block_1_10' title="bbox 109 1122 1311 1195">
    <p class='ocr_par' dir='ltr' id='par_1_10' title="bbox 109 1122 1311 1195">
     <span class='ocr_line' id='line_1_10' title="bbox 109 1122 1311 1195; baseline -0.002 -17"><span class='ocrx_word' id='word_1_42' title='bbox 109 1123 403 1195; x_wconf 84' lang='lat' dir='ltr'><strong>Quatitque</strong></span> <span class='ocrx_word' id='word_1_43' title='bbox 437 1123 639 1178; x_wconf 87' lang='lat' dir='ltr'><strong>mentis</strong></span> <span class='ocrx_word' id='word_1_44' title='bbox 663 1130 815 1193; x_wconf 84' lang='lat' dir='ltr'><strong>septa</strong></span> <span class='ocrx_word' id='word_1_45' title='bbox 846 1122 1311 1195; x_wconf 76' lang='lat' dir='ltr'><strong>inexpugnabilis;</strong></span> 
     </span>
    </p>
   </div>
   <div class='ocr_carea' id='block_1_11' title="bbox 109 1213 1365 1285">
    <p class='ocr_par' dir='ltr' id='par_1_11' title="bbox 109 1213 1365 1285">
     <span class='ocr_line' id='line_1_11' title="bbox 109 1213 1365 1285; baseline -0.001 -16"><span class='ocrx_word' id='word_1_46' title='bbox 109 1215 462 1285; x_wconf 83' lang='lat' dir='ltr'><strong>Firmumque</strong></span> <span class='ocrx_word' id='word_1_47' title='bbox 485 1213 655 1269; x_wconf 87' lang='lat' dir='ltr'><strong>robur</strong></span> <span class='ocrx_word' id='word_1_48' title='bbox 682 1222 742 1268; x_wconf 90' lang='lat' dir='ltr'><strong>ut</strong></span> <span class='ocrx_word' id='word_1_49' title='bbox 769 1216 1007 1270; x_wconf 88' lang='lat' dir='ltr'><strong>renoscit</strong></span> <span class='ocrx_word' id='word_1_50' title='bbox 1040 1225 1365 1285; x_wconf 79' lang='lat' dir='ltr'><strong>martyrum.</strong></span> 
     </span>
    </p>
   </div>
   <div class='ocr_carea' id='block_1_12' title="bbox 109 1305 1140 1375">
    <p class='ocr_par' dir='ltr' id='par_1_12' title="bbox 109 1305 1140 1375">
     <span class='ocr_line' id='line_1_12' title="bbox 109 1305 1140 1375; baseline -0.002 -14"><span class='ocrx_word' id='word_1_51' title='bbox 109 1308 295 1362; x_wconf 63' lang='lat' dir='ltr'><strong>Victus</strong></span> <span class='ocrx_word' id='word_1_52' title='bbox 321 1317 542 1362; x_wconf 88' lang='lat' dir='ltr'><strong>coercet</strong></span> <span class='ocrx_word' id='word_1_53' title='bbox 575 1305 869 1375; x_wconf 76' lang='lat' dir='ltr'><strong>gloriantes</strong></span> <span class='ocrx_word' id='word_1_54' title='bbox 898 1321 1140 1370; x_wconf 87' lang='lat' dir='ltr'><strong>carcere,</strong></span> 
     </span>
    </p>
   </div>
   <div class='ocr_carea' id='block_1_13' title="bbox 112 1396 1506 1469">
    <p class='ocr_par' dir='ltr' id='par_1_13' title="bbox 112 1396 1506 1469">
     <span class='ocr_line' id='line_1_13' title="bbox 112 1396 1506 1469; baseline -0.001 -18"><span class='ocrx_word' id='word_1_55' title='bbox 112 1396 224 1464; x_wconf 84' lang='lat' dir='ltr'><strong>Quo</strong></span> <span class='ocrx_word' id='word_1_56' title='bbox 244 1412 346 1469; x_wconf 89' lang='lat' dir='ltr'><strong>per</strong></span> <span class='ocrx_word' id='word_1_57' title='bbox 373 1398 491 1454; x_wconf 89' lang='lat' dir='ltr'><strong>dies</strong></span> <span class='ocrx_word' id='word_1_58' title='bbox 519 1410 574 1453; x_wconf 87' lang='lat' dir='ltr'><strong>et</strong></span> <span class='ocrx_word' id='word_1_59' title='bbox 601 1411 851 1452; x_wconf 82' lang='lat' dir='ltr'><strong>mansere</strong></span> <span class='ocrx_word' id='word_1_60' title='bbox 873 1406 1078 1469; x_wconf 84' lang='lat' dir='ltr'><strong>septem</strong></span> <span class='ocrx_word' id='word_1_61' title='bbox 1105 1397 1274 1452; x_wconf 84' lang='lat' dir='ltr'><strong>et-his</strong></span> <span class='ocrx_word' id='word_1_62' title='bbox 1298 1397 1506 1465; x_wconf 88' lang='lat' dir='ltr'><strong>decem,</strong></span> 
     </span>
    </p>
   </div>
   <div class='ocr_carea' id='block_1_14' title="bbox 112 1488 1174 1561">
    <p class='ocr_par' dir='ltr' id='par_1_14' title="bbox 112 1488 1174 1561">
     <span class='ocr_line' id='line_1_14' title="bbox 112 1488 1174 1561; baseline 0.001 -18"><span class='ocrx_word' id='word_1_63' title='bbox 112 1490 343 1561; x_wconf 75' lang='lat' dir='ltr'><strong>Postque</strong></span> <span class='ocrx_word' id='word_1_64' title='bbox 364 1488 605 1546; x_wconf 82' lang='lat' dir='ltr'><strong>Adriano</strong></span> <span class='ocrx_word' id='word_1_65' title='bbox 634 1490 962 1545; x_wconf 88' lang='lat' dir='ltr'><strong>nuntiantur</strong></span> <span class='ocrx_word' id='word_1_66' title='bbox 992 1490 1174 1553; x_wconf 87' lang='lat' dir='ltr'><strong>vividi,</strong></span> 
     </span>
    </p>
   </div>
   <div class='ocr_carea' id='block_1_15' title="bbox 111 1582 1265 1653">
    <p class='ocr_par' dir='ltr' id='par_1_15' title="bbox 111 1582 1265 1653">
     <span class='ocr_line' id='line_1_15' title="bbox 111 1582 1265 1653; baseline 0.003 -18"><span class='ocrx_word' id='word_1_67' title='bbox 111 1582 433 1650; x_wconf 82' lang='lat' dir='ltr'><strong>Christoque</strong></span> <span class='ocrx_word' id='word_1_68' title='bbox 464 1582 554 1637; x_wconf 87' lang='lat' dir='ltr'><strong>ﬁdi</strong></span> <span class='ocrx_word' id='word_1_69' title='bbox 582 1597 610 1636; x_wconf 85' lang='lat' dir='ltr'><strong>a</strong></span> <span class='ocrx_word' id='word_1_70' title='bbox 632 1597 740 1653; x_wconf 88' lang='lat' dir='ltr'><strong>quo</strong></span> <span class='ocrx_word' id='word_1_71' title='bbox 760 1582 1021 1652; x_wconf 88' lang='lat' dir='ltr'><strong>jubentur</strong></span> <span class='ocrx_word' id='word_1_72' title='bbox 1049 1582 1265 1653; x_wconf 81' lang='lat' dir='ltr'><strong>ignibus</strong></span> 
     </span>
    </p>
   </div>
   <div class='ocr_carea' id='block_1_16' title="bbox 113 1673 1132 1747">
    <p class='ocr_par' dir='ltr' id='par_1_16' title="bbox 113 1673 1132 1747">
     <span class='ocr_line' id='line_1_16' title="bbox 113 1673 1132 1747; baseline 0.005 -20"><span class='ocrx_word' id='word_1_73' title='bbox 113 1674 289 1728; x_wconf 83' lang='lat' dir='ltr'><strong>Tradi.</strong></span> <span class='ocrx_word' id='word_1_74' title='bbox 322 1675 526 1730; x_wconf 83' lang='lat' dir='ltr'><strong>Beatus</strong></span> <span class='ocrx_word' id='word_1_75' title='bbox 555 1676 622 1730; x_wconf 89' lang='lat' dir='ltr'><strong>ad</strong></span> <span class='ocrx_word' id='word_1_76' title='bbox 652 1691 843 1747; x_wconf 77' lang='lat' dir='ltr'><strong>rogum</strong></span> <span class='ocrx_word' id='word_1_77' title='bbox 867 1673 1132 1732; x_wconf 67' lang='lat' dir='ltr'><strong>Castalius</strong></span> 
     </span>
    </p>
   </div>
   <div class='ocr_carea' id='block_1_17' title="bbox 114 1765 1382 1843">
    <p class='ocr_par' dir='ltr' id='par_1_17' title="bbox 114 1765 1382 1843">
     <span class='ocr_line' id='line_1_17' title="bbox 114 1765 1382 1843; baseline 0.006 -25"><span class='ocrx_word' id='word_1_78' title='bbox 114 1765 305 1821; x_wconf 73' lang='lat' dir='ltr'><strong>Vivens</strong></span> <span class='ocrx_word' id='word_1_79' title='bbox 337 1768 656 1838; x_wconf 80' lang='lat' dir='ltr'><strong>triumphat,</strong></span> <span class='ocrx_word' id='word_1_80' title='bbox 694 1770 1036 1841; x_wconf 80' lang='lat' dir='ltr'><strong>fustibusque</strong></span> <span class='ocrx_word' id='word_1_81' title='bbox 1065 1788 1186 1829; x_wconf 83' lang='lat' dir='ltr'><strong>mox</strong></span> <span class='ocrx_word' id='word_1_82' title='bbox 1219 1780 1382 1843; x_wconf 88' lang='lat' dir='ltr'><strong>caput</strong></span> 
     </span>
    </p>
   </div>
   <div class='ocr_carea' id='block_1_18' title="bbox 115 1857 1128 1932">
    <p class='ocr_par' dir='ltr' id='par_1_18' title="bbox 115 1857 1128 1932">
     <span class='ocr_line' id='line_1_18' title="bbox 115 1857 1128 1932; baseline 0.006 -22"><span class='ocrx_word' id='word_1_83' title='bbox 115 1857 289 1913; x_wconf 50' lang='lat' dir='ltr'><strong>laesus</strong></span> <span class='ocrx_word' id='word_1_84' title='bbox 316 1859 541 1925; x_wconf 76' lang='lat' dir='ltr'><strong>divellit,</strong></span> <span class='ocrx_word' id='word_1_85' title='bbox 565 1861 792 1932; x_wconf 84' lang='lat' dir='ltr'><strong>corripit</strong></span> <span class='ocrx_word' id='word_1_86' title='bbox 819 1862 1128 1918; x_wconf 73' lang='lat' dir='ltr'><strong>victoriam.</strong></span> 
     </span>
    </p>
   </div>
   <div class='ocr_carea' id='block_1_19' title="bbox 114 1951 1244 2027">
    <p class='ocr_par' dir='ltr' id='par_1_19' title="bbox 114 1951 1244 2027">
     <span class='ocr_line' id='line_1_19' title="bbox 114 1951 1244 2027; baseline 0.006 -23"><span class='ocrx_word' id='word_1_87' title='bbox 114 1951 392 2008; x_wconf 84' lang='lat' dir='ltr'><strong>Tredceim</strong></span> <span class='ocrx_word' id='word_1_88' title='bbox 420 1954 595 2011; x_wconf 90' lang='lat' dir='ltr'><strong>ﬁdelis</strong></span> <span class='ocrx_word' id='word_1_89' title='bbox 620 1964 764 2011; x_wconf 89' lang='lat' dir='ltr'><strong>meta</strong></span> <span class='ocrx_word' id='word_1_90' title='bbox 792 1955 985 2027; x_wconf 75' lang='lat' dir='ltr'><strong>agonis</strong></span> <span class='ocrx_word' id='word_1_91' title='bbox 1006 1957 1244 2011; x_wconf 88' lang='lat' dir='ltr'><strong>millibus</strong></span> 
     </span>
    </p>
   </div>
   <div class='ocr_carea' id='block_1_20' title="bbox 113 2044 1378 2119">
    <p class='ocr_par' dir='ltr' id='par_1_20' title="bbox 113 2044 1378 2119">
     <span class='ocr_line' id='line_1_20' title="bbox 113 2044 1378 2119; baseline 0.004 -22"><span class='ocrx_word' id='word_1_92' title='bbox 113 2044 186 2097; x_wconf 81' lang='lat' dir='ltr'><strong>Ah</strong></span> <span class='ocrx_word' id='word_1_93' title='bbox 209 2046 349 2100; x_wconf 84' lang='lat' dir='ltr'><strong>urbe</strong></span> <span class='ocrx_word' id='word_1_94' title='bbox 379 2047 552 2116; x_wconf 87' lang='lat' dir='ltr'><strong>ponit,</strong></span> <span class='ocrx_word' id='word_1_95' title='bbox 590 2048 826 2118; x_wconf 83' lang='lat' dir='ltr'><strong>hincque</strong></span> <span class='ocrx_word' id='word_1_96' title='bbox 853 2059 1106 2119; x_wconf 85' lang='lat' dir='ltr'><strong>penetrat</strong></span> <span class='ocrx_word' id='word_1_97' title='bbox 1133 2051 1337 2102; x_wconf 70' lang='lat' dir='ltr'><strong>aethera</strong></span> <span class='ocrx_word' id='word_1_98' title='bbox 1364 2066 1378 2113; x_wconf 91' lang='lat'><strong>;</strong></span> 
     </span>
    </p>
   </div>
   <div class='ocr_carea' id='block_1_21' title="bbox 114 2136 1418 2212">
    <p class='ocr_par' dir='ltr' id='par_1_21' title="bbox 114 2136 1418 2212">
     <span class='ocr_line' id='line_1_21' title="bbox 114 2136 1418 2212; baseline 0.004 -22"><span class='ocrx_word' id='word_1_99' title='bbox 114 2136 425 2209; x_wconf 86' lang='lat' dir='ltr'><strong>Tiberisque</strong></span> <span class='ocrx_word' id='word_1_100' title='bbox 451 2139 521 2195; x_wconf 88' lang='lat' dir='ltr'><strong>ab</strong></span> <span class='ocrx_word' id='word_1_101' title='bbox 548 2140 706 2195; x_wconf 89' lang='lat' dir='ltr'><strong>undis</strong></span> <span class='ocrx_word' id='word_1_102' title='bbox 735 2139 1104 2212; x_wconf 83' lang='lat' dir='ltr'><strong>Symphorosa</strong></span> <span class='ocrx_word' id='word_1_103' title='bbox 1135 2140 1418 2210; x_wconf 68' lang='lat' dir='ltr'><strong>colligmrs,</strong></span> 
     </span>
    </p>
   </div>
   <div class='ocr_carea' id='block_1_22' title="bbox 117 2229 1018 2298">
    <p class='ocr_par' dir='ltr' id='par_1_22' title="bbox 117 2229 1018 2298">
     <span class='ocr_line' id='line_1_22' title="bbox 117 2229 1018 2298; baseline 0.002 -14"><span class='ocrx_word' id='word_1_104' title='bbox 117 2229 255 2284; x_wconf 75' lang='lat' dir='ltr'><strong>Uror</strong></span> <span class='ocrx_word' id='word_1_105' title='bbox 277 2230 422 2285; x_wconf 82' lang='lat' dir='ltr'><strong>beati</strong></span> <span class='ocrx_word' id='word_1_106' title='bbox 447 2233 755 2288; x_wconf 84' lang='lat' dir='ltr'><strong>condecens</strong></span> <span class='ocrx_word' id='word_1_107' title='bbox 781 2231 1018 2298; x_wconf 66' lang='lat' dir='ltr'><strong>Gaetulii,</strong></span> 
     </span>
    </p>
   </div>
   <div class='ocr_carea' id='block_1_23' title="bbox 116 2316 1028 2391">
    <p class='ocr_par' dir='ltr' id='par_1_23' title="bbox 116 2316 1028 2391">
     <span class='ocr_line' id='line_1_23' title="bbox 116 2316 1028 2391; baseline 0.005 -18"><span class='ocrx_word' id='word_1_108' title='bbox 116 2316 218 2373; x_wconf 88' lang='lat' dir='ltr'><strong>Suo</strong></span> <span class='ocrx_word' id='word_1_109' title='bbox 242 2319 448 2376; x_wconf 88' lang='lat' dir='ltr'><strong>relatos</strong></span> <span class='ocrx_word' id='word_1_110' title='bbox 471 2321 758 2377; x_wconf 87' lang='lat' dir='ltr'><strong>collocavit</strong></span> <span class='ocrx_word' id='word_1_111' title='bbox 784 2322 1028 2391; x_wconf 63' lang='lat' dir='ltr'><strong>praedio;</strong></span> 
     </span>
    </p>
   </div>
   <div class='ocr_carea' id='block_1_24' title="bbox 116 2408 1269 2484">
    <p class='ocr_par' dir='ltr' id='par_1_24' title="bbox 116 2408 1269 2484">
     <span class='ocr_line' id='line_1_24' title="bbox 116 2408 1269 2484; baseline 0 -19"><span class='ocrx_word' id='word_1_112' title='bbox 116 2408 233 2476; x_wconf 74' lang='lat' dir='ltr'><strong>Quae</strong></span> <span class='ocrx_word' id='word_1_113' title='bbox 260 2426 366 2467; x_wconf 89' lang='lat' dir='ltr'><strong>nec</strong></span> <span class='ocrx_word' id='word_1_114' title='bbox 394 2413 485 2467; x_wconf 90' lang='lat' dir='ltr'><strong>diu</strong></span> <span class='ocrx_word' id='word_1_115' title='bbox 510 2421 636 2482; x_wconf 87' lang='lat' dir='ltr'><strong>post</strong></span> <span class='ocrx_word' id='word_1_116' title='bbox 670 2412 920 2484; x_wconf 74' lang='lat' dir='ltr'><strong>conjugis</strong></span> <span class='ocrx_word' id='word_1_117' title='bbox 947 2412 1269 2477; x_wconf 81' lang='lat' dir='ltr'><strong>certamina,</strong></span> 
     </span>
    </p>
   </div>
   <div class='ocr_carea' id='block_1_25' title="bbox 119 2501 956 2574">
    <p class='ocr_par' dir='ltr' id='par_1_25' title="bbox 119 2501 956 2574">
     <span class='ocr_line' id='line_1_25' title="bbox 119 2501 956 2574; baseline 0.007 -20"><span class='ocrx_word' id='word_1_118' title='bbox 119 2501 409 2559; x_wconf 81' lang='lat' dir='ltr'><strong>Sodalitate</strong></span> <span class='ocrx_word' id='word_1_119' title='bbox 437 2502 674 2560; x_wconf 88' lang='lat' dir='ltr'><strong>ﬁliorum</strong></span> <span class='ocrx_word' id='word_1_120' title='bbox 707 2505 956 2574; x_wconf 63' lang='lat' dir='ltr'><strong>praedita,</strong></span> 
     </span>
    </p>
   </div>
   <div class='ocr_carea' id='block_1_26' title="bbox 120 2588 1202 2662">
    <p class='ocr_par' dir='ltr' id='par_1_26' title="bbox 120 2588 1202 2662">
     <span class='ocr_line' id='line_1_26' title="bbox 120 2588 1202 2662; baseline 0.007 -22"><span class='ocrx_word' id='word_1_121' title='bbox 120 2588 451 2662; x_wconf 79' lang='lat' dir='ltr'><strong>Martyrisata</strong></span> <span class='ocrx_word' id='word_1_122' title='bbox 484 2593 702 2648; x_wconf 84' lang='lat' dir='ltr'><strong>scandit</strong></span> <span class='ocrx_word' id='word_1_123' title='bbox 733 2594 919 2649; x_wconf 73' lang='lat' dir='ltr'><strong>:ethrze</strong></span> <span class='ocrx_word' id='word_1_124' title='bbox 945 2592 1202 2649; x_wconf 89' lang='lat' dir='ltr'><strong>culmina.</strong></span> 
     </span>
    </p>
   </div>
   <div class='ocr_carea' id='block_1_27' title="bbox 120 2678 1251 2755">
    <p class='ocr_par' dir='ltr' id='par_1_27' title="bbox 120 2678 1251 2755">
     <span class='ocr_line' id='line_1_27' title="bbox 120 2678 1251 2755; baseline 0.005 -22"><span class='ocrx_word' id='word_1_125' title='bbox 120 2678 258 2749; x_wconf 70' lang='lat' dir='ltr'><strong>Quae,</strong></span> <span class='ocrx_word' id='word_1_126' title='bbox 283 2696 429 2738; x_wconf 83' lang='lat' dir='ltr'><strong>caesa</strong></span> <span class='ocrx_word' id='word_1_127' title='bbox 458 2682 657 2755; x_wconf 84' lang='lat' dir='ltr'><strong>palmis</strong></span> <span class='ocrx_word' id='word_1_128' title='bbox 684 2692 741 2739; x_wconf 85' lang='lat' dir='ltr'><strong>et</strong></span> <span class='ocrx_word' id='word_1_129' title='bbox 764 2684 959 2739; x_wconf 88' lang='lat' dir='ltr'><strong>librata</strong></span> <span class='ocrx_word' id='word_1_130' title='bbox 990 2685 1251 2748; x_wconf 89' lang='lat' dir='ltr'><strong>crinibus,</strong></span> 
     </span>
    </p>
   </div>
   <div class='ocr_carea' id='block_1_28' title="bbox 121 2768 1094 2845">
    <p class='ocr_par' dir='ltr' id='par_1_28' title="bbox 121 2768 1094 2845">
     <span class='ocr_line' id='line_1_28' title="bbox 121 2768 1094 2845; baseline 0.008 -23"><span class='ocrx_word' id='word_1_131' title='bbox 121 2768 255 2826; x_wconf 78' lang='lat' dir='ltr'><strong>Elata</strong></span> <span class='ocrx_word' id='word_1_132' title='bbox 282 2774 446 2830; x_wconf 89' lang='lat' dir='ltr'><strong>terris</strong></span> <span class='ocrx_word' id='word_1_133' title='bbox 487 2775 549 2830; x_wconf 88' lang='lat' dir='ltr'><strong>ﬁt</strong></span> <span class='ocrx_word' id='word_1_134' title='bbox 580 2774 704 2845; x_wconf 91' lang='lat' dir='ltr'><strong>polo</strong></span> <span class='ocrx_word' id='word_1_135' title='bbox 733 2775 1094 2841; x_wconf 87' lang='lat' dir='ltr'><strong>contermina,</strong></span> 
     </span>
    </p>
   </div>
   <div class='ocr_carea' id='block_1_29' title="bbox 716 274 2808 336">
    <p class='ocr_par' dir='ltr' id='par_1_29' title="bbox 716 274 2808 336">
     <span class='ocr_line' id='line_1_29' title="bbox 716 274 2808 336; baseline -0.002 0"><span class='ocrx_word' id='word_1_136' title='bbox 716 280 806 336; x_wconf 83' lang='lat' dir='ltr'><strong>DE</strong></span> <span class='ocrx_word' id='word_1_137' title='bbox 844 278 1118 335; x_wconf 77' lang='lat' dir='ltr'><strong>CHRISTI</strong></span> <span class='ocrx_word' id='word_1_138' title='bbox 1159 275 1539 334; x_wconf 64' lang='lat' dir='ltr'><strong>TRIUAIPIIIS</strong></span> <span class='ocrx_word' id='word_1_139' title='bbox 1564 277 1747 333; x_wconf 82' lang='lat' dir='ltr'><strong>APUD</strong></span> <span class='ocrx_word' id='word_1_140' title='bbox 1776 275 2057 332; x_wconf 73' lang='lat' dir='ltr'><strong>ITALIAM</strong></span> <span class='ocrx_word' id='word_1_141' title='bbox 2093 275 2270 331; x_wconf 77' lang='lat' dir='ltr'><strong>LIBRI</strong></span> <span class='ocrx_word' id='word_1_142' title='bbox 2303 275 2441 331; x_wconf 77' lang='lat' dir='ltr'><strong>XIV.</strong></span> <span class='ocrx_word' id='word_1_143' title='bbox 2472 306 2541 316; x_wconf 91' lang='lat'><strong>—</strong></span> <span class='ocrx_word' id='word_1_144' title='bbox 2568 274 2694 330; x_wconf 83' lang='lat' dir='ltr'><strong>Ll-3.</strong></span> <span class='ocrx_word' id='word_1_145' title='bbox 2723 276 2808 332; x_wconf 75' lang='lat' dir='ltr'><strong>III.</strong></span> 
     </span>
    </p>
   </div>
   <div class='ocr_carea' id='block_1_30' title="bbox 3279 278 3393 340">
    <p class='ocr_par' dir='ltr' id='par_1_30' title="bbox 3279 278 3393 340">
     <span class='ocr_line' id='line_1_30' title="bbox 3279 278 3393 340; baseline -0.018 0"><span class='ocrx_word' id='word_1_146' title='bbox 3279 278 3393 340; x_wconf 64' lang='lat'><strong>643</strong></span> 
     </span>
    </p>
   </div>
   <div class='ocr_carea' id='block_1_31' title="bbox 1720 390 2811 461">
    <p class='ocr_par' dir='ltr' id='par_1_31' title="bbox 1720 390 2811 461">
     <span class='ocr_line' id='line_1_31' title="bbox 1720 390 2811 461; baseline -0.001 -14"><span class='ocrx_word' id='word_1_147' title='bbox 1720 398 1765 455; x_wconf 77' lang='grc' dir='ltr'><strong>Α</strong></span> <span class='ocrx_word' id='word_1_148' title='bbox 1795 390 2039 461; x_wconf 75' lang='lat' dir='ltr'><strong>leique</strong></span> <span class='ocrx_word' id='word_1_149' title='bbox 2068 391 2226 446; x_wconf 87' lang='lat' dir='ltr'><strong>discit</strong></span> <span class='ocrx_word' id='word_1_150' title='bbox 2257 391 2535 446; x_wconf 88' lang='lat' dir='ltr'><strong>ambulare</strong></span> <span class='ocrx_word' id='word_1_151' title='bbox 2565 392 2811 447; x_wconf 78' lang='lat' dir='ltr'><strong>semitas.</strong></span> 
     </span>
    </p>
   </div>
   <div class='ocr_carea' id='block_1_32' title="bbox 1802 482 2754 553">
    <p class='ocr_par' dir='ltr' id='par_1_32' title="bbox 1802 482 2754 553">
     <span class='ocr_line' id='line_1_32' title="bbox 1802 482 2754 553; baseline 0.001 -17"><span class='ocrx_word' id='word_1_152' title='bbox 1802 482 2006 536; x_wconf 86' lang='lat' dir='ltr'><strong>Invicta</strong></span> <span class='ocrx_word' id='word_1_153' title='bbox 2038 482 2202 537; x_wconf 87' lang='lat' dir='ltr'><strong>terris</strong></span> <span class='ocrx_word' id='word_1_154' title='bbox 2238 491 2294 536; x_wconf 91' lang='lat' dir='ltr'><strong>ut</strong></span> <span class='ocrx_word' id='word_1_155' title='bbox 2317 483 2579 553; x_wconf 81' lang='lat' dir='ltr'><strong>probatur</strong></span> <span class='ocrx_word' id='word_1_156' title='bbox 2606 499 2754 545; x_wconf 73' lang='lat' dir='ltr'><strong>aere,</strong></span> 
     </span>
    </p>
   </div>
   <div class='ocr_carea' id='block_1_33' title="bbox 1803 570 2938 645">
    <p class='ocr_par' dir='ltr' id='par_1_33' title="bbox 1803 570 2938 645">
     <span class='ocr_line' id='line_1_33' title="bbox 1803 570 2938 645; baseline 0.001 -17"><span class='ocrx_word' id='word_1_157' title='bbox 1803 570 2060 628; x_wconf 83' lang='lat' dir='ltr'><strong>Devincta</strong></span> <span class='ocrx_word' id='word_1_158' title='bbox 2091 586 2226 627; x_wconf 76' lang='lat' dir='ltr'><strong>saxo</strong></span> <span class='ocrx_word' id='word_1_159' title='bbox 2264 574 2527 645; x_wconf 78' lang='lat' dir='ltr'><strong>mergitur</strong></span> <span class='ocrx_word' id='word_1_160' title='bbox 2561 574 2662 629; x_wconf 85' lang='lat' dir='ltr'><strong>sub</strong></span> <span class='ocrx_word' id='word_1_161' title='bbox 2699 574 2938 639; x_wconf 74' lang='lat' dir='ltr'><strong>flumine,</strong></span> 
     </span>
    </p>
   </div>
   <div class='ocr_carea' id='block_1_34' title="bbox 1801 663 3092 734">
    <p class='ocr_par' dir='ltr' id='par_1_34' title="bbox 1801 663 3092 734">
     <span class='ocr_line' id='line_1_34' title="bbox 1801 663 3092 734; baseline 0.007 -17"><span class='ocrx_word' id='word_1_162' title='bbox 1801 663 1881 717; x_wconf 80' lang='lat' dir='ltr'><strong>Ex</strong></span> <span class='ocrx_word' id='word_1_163' title='bbox 1905 679 2016 734; x_wconf 90' lang='lat' dir='ltr'><strong>quo</strong></span> <span class='ocrx_word' id='word_1_164' title='bbox 2046 664 2388 733; x_wconf 86' lang='lat' dir='ltr'><strong>triumphans</strong></span> <span class='ocrx_word' id='word_1_165' title='bbox 2422 666 2657 721; x_wconf 88' lang='lat' dir='ltr'><strong>sumitur</strong></span> <span class='ocrx_word' id='word_1_166' title='bbox 2691 683 2843 723; x_wconf 87' lang='lat' dir='ltr'><strong>mens</strong></span> <span class='ocrx_word' id='word_1_167' title='bbox 2870 671 3092 726; x_wconf 67' lang='lat' dir='ltr'><strong>rubere.</strong></span> 
     </span>
    </p>
   </div>
   <div class='ocr_carea' id='block_1_35' title="bbox 1800 752 2843 827">
    <p class='ocr_par' dir='ltr' id='par_1_35' title="bbox 1800 752 2843 827">
     <span class='ocr_line' id='line_1_35' title="bbox 1800 752 2843 827; baseline 0.006 -18"><span class='ocrx_word' id='word_1_168' title='bbox 1800 752 2108 810; x_wconf 79' lang='lat' dir='ltr'><strong>Germanus</strong></span> <span class='ocrx_word' id='word_1_169' title='bbox 2133 754 2249 824; x_wconf 81' lang='lat' dir='ltr'><strong>ejus</strong></span> <span class='ocrx_word' id='word_1_170' title='bbox 2279 756 2595 827; x_wconf 85' lang='lat' dir='ltr'><strong>principalis</strong></span> <span class='ocrx_word' id='word_1_171' title='bbox 2624 759 2843 816; x_wconf 84' lang='lat' dir='ltr'><strong>Tiburis</strong></span> 
     </span>
    </p>
   </div>
   <div class='ocr_carea' id='block_1_36' title="bbox 1802 847 2875 923">
    <p class='ocr_par' dir='ltr' id='par_1_36' title="bbox 1802 847 2875 923">
     <span class='ocr_line' id='line_1_36' title="bbox 1802 847 2875 923; baseline 0.007 -21"><span class='ocrx_word' id='word_1_172' title='bbox 1802 847 2025 903; x_wconf 83' lang='lat' dir='ltr'><strong>Lectnm&#39;</strong></span> <span class='ocrx_word' id='word_1_173' title='bbox 2046 850 2279 905; x_wconf 76' lang='lat' dir='ltr'><strong>cadaver</strong></span> <span class='ocrx_word' id='word_1_174' title='bbox 2303 850 2557 907; x_wconf 77' lang='lat' dir='ltr'><strong>auferens</strong></span> <span class='ocrx_word' id='word_1_175' title='bbox 2582 852 2875 923; x_wconf 81' lang='lat' dir='ltr'><strong>Eugenius.</strong></span> 
     </span>
    </p>
   </div>
   <div class='ocr_carea' id='block_1_37' title="bbox 1802 938 3081 1009">
    <p class='ocr_par' dir='ltr' id='par_1_37' title="bbox 1802 938 3081 1009">
     <span class='ocr_line' id='line_1_37' title="bbox 1802 938 3081 1009; baseline 0.007 -16"><span class='ocrx_word' id='word_1_176' title='bbox 1802 938 2091 1009; x_wconf 67' lang='lat' dir='ltr'><strong>Terraeque</strong></span> <span class='ocrx_word' id='word_1_177' title='bbox 2118 940 2383 998; x_wconf 87' lang='lat' dir='ltr'><strong>mandans</strong></span> <span class='ocrx_word' id='word_1_178' title='bbox 2408 944 2657 1000; x_wconf 80' lang='lat' dir='ltr'><strong>membra</strong></span> <span class='ocrx_word' id='word_1_179' title='bbox 2678 946 2858 1001; x_wconf 88' lang='lat' dir='ltr'><strong>condit</strong></span> <span class='ocrx_word' id='word_1_180' title='bbox 2884 955 3081 1002; x_wconf 86' lang='lat' dir='ltr'><strong>terrea.</strong></span> 
     </span>
    </p>
   </div>
   <div class='ocr_carea' id='block_1_38' title="bbox 1803 1030 2943 1100">
    <p class='ocr_par' dir='ltr' id='par_1_38' title="bbox 1803 1030 2943 1100">
     <span class='ocr_line' id='line_1_38' title="bbox 1803 1030 2943 1100; baseline 0.006 -16"><span class='ocrx_word' id='word_1_181' title='bbox 1803 1031 2010 1085; x_wconf 87' lang='lat' dir='ltr'><strong>Aurora</strong></span> <span class='ocrx_word' id='word_1_182' title='bbox 2042 1030 2305 1086; x_wconf 62' lang='lat' dir='ltr'><strong>Phoebum</strong></span> <span class='ocrx_word' id='word_1_183' title='bbox 2329 1033 2477 1089; x_wconf 89' lang='lat' dir='ltr'><strong>ducit</strong></span> <span class='ocrx_word' id='word_1_184' title='bbox 2505 1034 2615 1090; x_wconf 89' lang='lat' dir='ltr'><strong>alto</strong></span> <span class='ocrx_word' id='word_1_185' title='bbox 2645 1044 2703 1090; x_wconf 89' lang='lat' dir='ltr'><strong>ut</strong></span> <span class='ocrx_word' id='word_1_186' title='bbox 2732 1036 2943 1100; x_wconf 79' lang='lat' dir='ltr'><strong>Indico,</strong></span> 
     </span>
    </p>
   </div>
   <div class='ocr_carea' id='block_1_39' title="bbox 1805 1121 2983 1198">
    <p class='ocr_par' dir='ltr' id='par_1_39' title="bbox 1805 1121 2983 1198">
     <span class='ocr_line' id='line_1_39' title="bbox 1805 1121 2983 1198; baseline 0.005 -21"><span class='ocrx_word' id='word_1_187' title='bbox 1805 1121 2026 1193; x_wconf 79' lang='lat' dir='ltr'><strong>Septem</strong></span> <span class='ocrx_word' id='word_1_188' title='bbox 2060 1122 2359 1192; x_wconf 86' lang='lat' dir='ltr'><strong>imperator</strong></span> <span class='ocrx_word' id='word_1_189' title='bbox 2389 1126 2610 1180; x_wconf 85' lang='lat' dir='ltr'><strong>mandat</strong></span> <span class='ocrx_word' id='word_1_190' title='bbox 2638 1128 2746 1182; x_wconf 90' lang='lat' dir='ltr'><strong>indi</strong></span> <span class='ocrx_word' id='word_1_191' title='bbox 2771 1129 2983 1198; x_wconf 65' lang='lat' dir='ltr'><strong>stipites</strong></span> 
     </span>
    </p>
   </div>
   <div class='ocr_carea' id='block_1_40' title="bbox 1804 1213 2981 1289">
    <p class='ocr_par' dir='ltr' id='par_1_40' title="bbox 1804 1213 2981 1289">
     <span class='ocr_line' id='line_1_40' title="bbox 1804 1213 2981 1289; baseline 0.008 -21"><span class='ocrx_word' id='word_1_192' title='bbox 1804 1213 1979 1271; x_wconf 90' lang='lat' dir='ltr'><strong>Ilnmo</strong></span> <span class='ocrx_word' id='word_1_193' title='bbox 2006 1214 2199 1286; x_wconf 89' lang='lat' dir='ltr'><strong>hisque</strong></span> <span class='ocrx_word' id='word_1_194' title='bbox 2226 1232 2397 1271; x_wconf 82' lang='lat' dir='ltr'><strong>nexos</strong></span> <span class='ocrx_word' id='word_1_195' title='bbox 2428 1218 2809 1289; x_wconf 75' lang='lat' dir='ltr'><strong>Symphorosa:</strong></span> <span class='ocrx_word' id='word_1_196' title='bbox 2842 1222 2981 1279; x_wconf 88' lang='lat' dir='ltr'><strong>ﬁlios</strong></span> 
     </span>
    </p>
   </div>
   <div class='ocr_carea' id='block_1_41' title="bbox 1805 1306 2804 1380">
    <p class='ocr_par' dir='ltr' id='par_1_41' title="bbox 1805 1306 2804 1380">
     <span class='ocr_line' id='line_1_41' title="bbox 1805 1306 2804 1380; baseline 0.007 -19"><span class='ocrx_word' id='word_1_197' title='bbox 1805 1306 1907 1361; x_wconf 87' lang='lat' dir='ltr'><strong>Tot</strong></span> <span class='ocrx_word' id='word_1_198' title='bbox 1935 1306 2148 1361; x_wconf 83' lang='lat' dir='ltr'><strong>onerari</strong></span> <span class='ocrx_word' id='word_1_199' title='bbox 2180 1323 2239 1362; x_wconf 90' lang='lat' dir='ltr'><strong>se</strong></span> <span class='ocrx_word' id='word_1_200' title='bbox 2262 1307 2408 1380; x_wconf 75' lang='lat' dir='ltr'><strong>jngis</strong></span> <span class='ocrx_word' id='word_1_201' title='bbox 2437 1310 2804 1376; x_wconf 75' lang='lat' dir='ltr'><strong>cruciatibus;</strong></span> 
     </span>
    </p>
   </div>
   <div class='ocr_carea' id='block_1_42' title="bbox 1807 1398 2963 1473">
    <p class='ocr_par' dir='ltr' id='par_1_42' title="bbox 1807 1398 2963 1473">
     <span class='ocr_line' id='line_1_42' title="bbox 1807 1398 2963 1473; baseline 0.004 -19"><span class='ocrx_word' id='word_1_202' title='bbox 1807 1398 1968 1455; x_wconf 88' lang='lat' dir='ltr'><strong>Tensi</strong></span> <span class='ocrx_word' id='word_1_203' title='bbox 2001 1399 2277 1464; x_wconf 88' lang='lat' dir='ltr'><strong>trochleis,</strong></span> <span class='ocrx_word' id='word_1_204' title='bbox 2312 1399 2415 1454; x_wconf 86' lang='lat' dir='ltr'><strong>tela</strong></span> <span class='ocrx_word' id='word_1_205' title='bbox 2440 1400 2708 1456; x_wconf 81' lang='lat' dir='ltr'><strong>Crescens</strong></span> <span class='ocrx_word' id='word_1_206' title='bbox 2745 1412 2963 1473; x_wconf 80' lang='lat' dir='ltr'><strong>gutture</strong></span> 
     </span>
    </p>
   </div>
   <div class='ocr_carea' id='block_1_43' title="bbox 1807 1491 2790 1563">
    <p class='ocr_par' dir='ltr' id='par_1_43' title="bbox 1807 1491 2790 1563">
     <span class='ocr_line' id='line_1_43' title="bbox 1807 1491 2790 1563; baseline 0.002 -17"><span class='ocrx_word' id='word_1_207' title='bbox 1807 1491 2092 1555; x_wconf 84' lang='lat' dir='ltr'><strong>Exhanrit,</strong></span> <span class='ocrx_word' id='word_1_208' title='bbox 2126 1492 2238 1548; x_wconf 81' lang='lat' dir='ltr'><strong>alto</strong></span> <span class='ocrx_word' id='word_1_209' title='bbox 2266 1492 2517 1548; x_wconf 83' lang='lat' dir='ltr'><strong>Julianus</strong></span> <span class='ocrx_word' id='word_1_210' title='bbox 2547 1504 2790 1563; x_wconf 79' lang='lat' dir='ltr'><strong>pectore,</strong></span> 
     </span>
    </p>
   </div>
   <div class='ocr_carea' id='block_1_44' title="bbox 1807 1583 2926 1651">
    <p class='ocr_par' dir='ltr' id='par_1_44' title="bbox 1807 1583 2926 1651">
     <span class='ocr_line' id='line_1_44' title="bbox 1807 1583 2926 1651; baseline 0.004 -14"><span class='ocrx_word' id='word_1_211' title='bbox 1807 1583 2058 1638; x_wconf 80' lang='lat' dir='ltr'><strong>Nemesio</strong></span> <span class='ocrx_word' id='word_1_212' title='bbox 2085 1584 2186 1638; x_wconf 85' lang='lat' dir='ltr'><strong>sub</strong></span> <span class='ocrx_word' id='word_1_213' title='bbox 2214 1584 2381 1639; x_wconf 87' lang='lat' dir='ltr'><strong>corde</strong></span> <span class='ocrx_word' id='word_1_214' title='bbox 2418 1583 2623 1640; x_wconf 74' lang='lat' dir='ltr'><strong>ferrum</strong></span> <span class='ocrx_word' id='word_1_215' title='bbox 2651 1587 2926 1651; x_wconf 70' lang='lat' dir='ltr'><strong>conditur,</strong></span> 
     </span>
    </p>
   </div>
   <div class='ocr_carea' id='block_1_45' title="bbox 1809 1671 2824 1747">
    <p class='ocr_par' dir='ltr' id='par_1_45' title="bbox 1809 1671 2824 1747">
     <span class='ocr_line' id='line_1_45' title="bbox 1809 1671 2824 1747; baseline 0.003 -21"><span class='ocrx_word' id='word_1_216' title='bbox 1809 1671 1906 1727; x_wconf 82' lang='lat' dir='ltr'><strong>Pet</strong></span> <span class='ocrx_word' id='word_1_217' title='bbox 1953 1674 2265 1731; x_wconf 69' lang='lat' dir='ltr'><strong>umbilicum</strong></span> <span class='ocrx_word' id='word_1_218' title='bbox 2293 1674 2576 1731; x_wconf 83' lang='lat' dir='ltr'><strong>Primitive</strong></span> <span class='ocrx_word' id='word_1_219' title='bbox 2606 1675 2824 1747; x_wconf 80' lang='lat' dir='ltr'><strong>ﬁgitur:</strong></span> 
     </span>
    </p>
   </div>
   <div class='ocr_carea' id='block_1_46' title="bbox 1729 1763 2959 1825">
    <p class='ocr_par' dir='ltr' id='par_1_46' title="bbox 1729 1763 2959 1825">
     <span class='ocr_line' id='line_1_46' title="bbox 1729 1763 2959 1825; baseline 0.001 -2"><span class='ocrx_word' id='word_1_220' title='bbox 1729 1763 1775 1823; x_wconf 84' lang='lat' dir='ltr'><strong>B</strong></span> <span class='ocrx_word' id='word_1_221' title='bbox 1803 1765 2047 1821; x_wconf 67' lang='lat' dir='ltr'><strong>Justinus</strong></span> <span class='ocrx_word' id='word_1_222' title='bbox 2068 1783 2256 1822; x_wconf 87' lang='lat' dir='ltr'><strong>omnes</strong></span> <span class='ocrx_word' id='word_1_223' title='bbox 2285 1777 2490 1823; x_wconf 64' lang='lat' dir='ltr'><strong>tractus</strong></span> <span class='ocrx_word' id='word_1_224' title='bbox 2512 1778 2664 1825; x_wconf 88' lang='lat' dir='ltr'><strong>artus</strong></span> <span class='ocrx_word' id='word_1_225' title='bbox 2689 1769 2959 1824; x_wconf 77' lang='lat' dir='ltr'><strong>scinditur</strong></span> 
     </span>
    </p>
   </div>
   <div class='ocr_carea' id='block_1_47' title="bbox 1806 1861 2961 1932">
    <p class='ocr_par' dir='ltr' id='par_1_47' title="bbox 1806 1861 2961 1932">
     <span class='ocr_line' id='line_1_47' title="bbox 1806 1861 2961 1932; baseline 0.002 -15"><span class='ocrx_word' id='word_1_226' title='bbox 1806 1861 2138 1931; x_wconf 86' lang='lat' dir='ltr'><strong>Cunctisque</strong></span> <span class='ocrx_word' id='word_1_227' title='bbox 2166 1862 2349 1917; x_wconf 80' lang='lat' dir='ltr'><strong>carnis</strong></span> <span class='ocrx_word' id='word_1_228' title='bbox 2377 1863 2483 1917; x_wconf 84' lang='lat' dir='ltr'><strong>vita</strong></span> <span class='ocrx_word' id='word_1_229' title='bbox 2512 1862 2681 1917; x_wconf 81' lang='lat' dir='ltr'><strong>frenis</strong></span> <span class='ocrx_word' id='word_1_230' title='bbox 2707 1863 2961 1932; x_wconf 84' lang='lat' dir='ltr'><strong>pellitur;</strong></span> 
     </span>
    </p>
   </div>
   <div class='ocr_carea' id='block_1_48' title="bbox 1808 1953 2899 2011">
    <p class='ocr_par' dir='ltr' id='par_1_48' title="bbox 1808 1953 2899 2011">
     <span class='ocr_line' id='line_1_48' title="bbox 1808 1953 2899 2011; baseline 0.003 -4"><span class='ocrx_word' id='word_1_231' title='bbox 1808 1953 1952 2007; x_wconf 81' lang='lat' dir='ltr'><strong>Silva</strong></span> <span class='ocrx_word' id='word_1_232' title='bbox 1984 1953 2107 2010; x_wconf 87' lang='lat' dir='ltr'><strong>inde</strong></span> <span class='ocrx_word' id='word_1_233' title='bbox 2139 1953 2389 2009; x_wconf 86' lang='lat' dir='ltr'><strong>Stacteus</strong></span> <span class='ocrx_word' id='word_1_234' title='bbox 2412 1954 2563 2010; x_wconf 81' lang='lat' dir='ltr'><strong>fusus</strong></span> <span class='ocrx_word' id='word_1_235' title='bbox 2590 1954 2697 2010; x_wconf 89' lang='lat' dir='ltr'><strong>alte</strong></span> <span class='ocrx_word' id='word_1_236' title='bbox 2722 1955 2899 2011; x_wconf 79' lang='lat' dir='ltr'><strong>ferrea</strong></span> 
     </span>
    </p>
   </div>
   <div class='ocr_carea' id='block_1_49' title="bbox 1808 2044 2940 2114">
    <p class='ocr_par' dir='ltr' id='par_1_49' title="bbox 1808 2044 2940 2114">
     <span class='ocr_line' id='line_1_49' title="bbox 1808 2044 2940 2114; baseline 0.003 -16"><span class='ocrx_word' id='word_1_237' title='bbox 1808 2045 1890 2099; x_wconf 82' lang='lat' dir='ltr'><strong>Ab</strong></span> <span class='ocrx_word' id='word_1_238' title='bbox 1914 2044 2247 2114; x_wconf 88' lang='lat' dir='ltr'><strong>spiculorum</strong></span> <span class='ocrx_word' id='word_1_239' title='bbox 2274 2047 2493 2101; x_wconf 80' lang='lat' dir='ltr'><strong>turbine</strong></span> <span class='ocrx_word' id='word_1_240' title='bbox 2521 2051 2690 2101; x_wconf 87' lang='lat' dir='ltr'><strong>intrat</strong></span> <span class='ocrx_word' id='word_1_241' title='bbox 2714 2048 2940 2103; x_wconf 74' lang='lat' dir='ltr'><strong>mthera.</strong></span> 
     </span>
    </p>
   </div>
   <div class='ocr_carea' id='block_1_50' title="bbox 1809 2139 2906 2213">
    <p class='ocr_par' dir='ltr' id='par_1_50' title="bbox 1809 2139 2906 2213">
     <span class='ocr_line' id='line_1_50' title="bbox 1809 2139 2906 2213; baseline 0.005 -21"><span class='ocrx_word' id='word_1_242' title='bbox 1809 2139 1853 2192; x_wconf 86' lang='lat' dir='ltr'><strong>A</strong></span> <span class='ocrx_word' id='word_1_243' title='bbox 1880 2149 2098 2208; x_wconf 87' lang='lat' dir='ltr'><strong>pectore</strong></span> <span class='ocrx_word' id='word_1_244' title='bbox 2123 2140 2305 2194; x_wconf 86' lang='lat' dir='ltr'><strong>alvum</strong></span> <span class='ocrx_word' id='word_1_245' title='bbox 2328 2139 2488 2195; x_wconf 87' lang='lat' dir='ltr'><strong>ﬁssus</strong></span> <span class='ocrx_word' id='word_1_246' title='bbox 2513 2141 2601 2196; x_wconf 90' lang='lat' dir='ltr'><strong>hic</strong></span> <span class='ocrx_word' id='word_1_247' title='bbox 2629 2141 2906 2213; x_wconf 65' lang='lat' dir='ltr'><strong>Eugenius</strong></span> 
     </span>
    </p>
   </div>
   <div class='ocr_carea' id='block_1_51' title="bbox 1809 2229 2896 2289">
    <p class='ocr_par' dir='ltr' id='par_1_51' title="bbox 1809 2229 2896 2289">
     <span class='ocr_line' id='line_1_51' title="bbox 1809 2229 2896 2289; baseline 0.005 -6"><span class='ocrx_word' id='word_1_248' title='bbox 1809 2229 2018 2285; x_wconf 77' lang='lat' dir='ltr'><strong>Exntus</strong></span> <span class='ocrx_word' id='word_1_249' title='bbox 2046 2230 2170 2285; x_wconf 88' lang='lat' dir='ltr'><strong>imis</strong></span> <span class='ocrx_word' id='word_1_250' title='bbox 2202 2239 2346 2285; x_wconf 86' lang='lat' dir='ltr'><strong>astra</strong></span> <span class='ocrx_word' id='word_1_251' title='bbox 2380 2231 2641 2287; x_wconf 86' lang='lat' dir='ltr'><strong>membris</strong></span> <span class='ocrx_word' id='word_1_252' title='bbox 2662 2234 2896 2289; x_wconf 77' lang='lat' dir='ltr'><strong>ducitur.</strong></span> 
     </span>
    </p>
   </div>
   <div class='ocr_carea' id='block_1_52' title="bbox 1808 2320 2916 2395">
    <p class='ocr_par' dir='ltr' id='par_1_52' title="bbox 1808 2320 2916 2395">
     <span class='ocr_line' id='line_1_52' title="bbox 1808 2320 2916 2395; baseline 0.005 -20"><span class='ocrx_word' id='word_1_253' title='bbox 1808 2320 2016 2377; x_wconf 72' lang='lat' dir='ltr'><strong>Moestis</strong></span> <span class='ocrx_word' id='word_1_254' title='bbox 2043 2332 2206 2378; x_wconf 90' lang='lat' dir='ltr'><strong>eunte</strong></span> <span class='ocrx_word' id='word_1_255' title='bbox 2238 2323 2293 2377; x_wconf 89' lang='lat' dir='ltr'><strong>in</strong></span> <span class='ocrx_word' id='word_1_256' title='bbox 2318 2326 2615 2379; x_wconf 79' lang='lat' dir='ltr'><strong>crastinum</strong></span> <span class='ocrx_word' id='word_1_257' title='bbox 2640 2323 2916 2395; x_wconf 72' lang='lat' dir='ltr'><strong>iugalibus</strong></span> 
     </span>
    </p>
   </div>
   <div class='ocr_carea' id='block_1_53' title="bbox 1808 2409 2950 2481">
    <p class='ocr_par' dir='ltr' id='par_1_53' title="bbox 1808 2409 2950 2481">
     <span class='ocr_line' id='line_1_53' title="bbox 1808 2409 2950 2481; baseline 0.006 -18"><span class='ocrx_word' id='word_1_258' title='bbox 1808 2409 2023 2477; x_wconf 69' lang='lat' dir='ltr'><strong>Titane,</strong></span> <span class='ocrx_word' id='word_1_259' title='bbox 2057 2412 2447 2481; x_wconf 75' lang='lat' dir='ltr'><strong>demerguntur</strong></span> <span class='ocrx_word' id='word_1_260' title='bbox 2470 2413 2579 2467; x_wconf 88' lang='lat' dir='ltr'><strong>alta</strong></span> <span class='ocrx_word' id='word_1_261' title='bbox 2607 2414 2675 2468; x_wconf 89' lang='lat' dir='ltr'><strong>ab</strong></span> <span class='ocrx_word' id='word_1_262' title='bbox 2703 2415 2950 2470; x_wconf 85' lang='lat' dir='ltr'><strong>hostibus</strong></span> 
     </span>
    </p>
   </div>
   <div class='ocr_carea' id='block_1_54' title="bbox 1808 2503 2822 2577">
    <p class='ocr_par' dir='ltr' id='par_1_54' title="bbox 1808 2503 2822 2577">
     <span class='ocr_line' id='line_1_54' title="bbox 1808 2503 2822 2577; baseline 0.003 -20"><span class='ocrx_word' id='word_1_263' title='bbox 1808 2503 1983 2558; x_wconf 81' lang='lat' dir='ltr'><strong>Fovca</strong></span> <span class='ocrx_word' id='word_1_264' title='bbox 2012 2514 2222 2560; x_wconf 84' lang='lat' dir='ltr'><strong>sacrata</strong></span> <span class='ocrx_word' id='word_1_265' title='bbox 2248 2504 2525 2561; x_wconf 77' lang='lat' dir='ltr'><strong>lancinata</strong></span> <span class='ocrx_word' id='word_1_266' title='bbox 2554 2521 2822 2577; x_wconf 90' lang='lat' dir='ltr'><strong>corpora;</strong></span> 
     </span>
    </p>
   </div>
   <div class='ocr_carea' id='block_1_55' title="bbox 1808 2595 3021 2665">
    <p class='ocr_par' dir='ltr' id='par_1_55' title="bbox 1808 2595 3021 2665">
     <span class='ocr_line' id='line_1_55' title="bbox 1808 2595 3021 2665; baseline 0.004 -18"><span class='ocrx_word' id='word_1_267' title='bbox 1808 2595 2024 2663; x_wconf 74' lang='lat' dir='ltr'><strong>Septem</strong></span> <span class='ocrx_word' id='word_1_268' title='bbox 2054 2608 2318 2651; x_wconf 89' lang='lat' dir='ltr'><strong>vocarunt</strong></span> <span class='ocrx_word' id='word_1_269' title='bbox 2346 2598 2413 2651; x_wconf 87' lang='lat' dir='ltr'><strong>ad</strong></span> <span class='ocrx_word' id='word_1_270' title='bbox 2443 2598 2795 2654; x_wconf 82' lang='lat' dir='ltr'><strong>Blothanatos</strong></span> <span class='ocrx_word' id='word_1_271' title='bbox 2822 2598 3021 2665; x_wconf 88' lang='lat' dir='ltr'><strong>locum,</strong></span> 
     </span>
    </p>
   </div>
   <div class='ocr_carea' id='block_1_56' title="bbox 1812 2685 2725 2754">
    <p class='ocr_par' dir='ltr' id='par_1_56' title="bbox 1812 2685 2725 2754">
     <span class='ocr_line' id='line_1_56' title="bbox 1812 2685 2725 2754; baseline 0.002 -15"><span class='ocrx_word' id='word_1_272' title='bbox 1812 2685 1985 2739; x_wconf 85' lang='lat' dir='ltr'><strong>Claris</strong></span> <span class='ocrx_word' id='word_1_273' title='bbox 2016 2685 2225 2754; x_wconf 76' lang='lat' dir='ltr'><strong>piorum</strong></span> <span class='ocrx_word' id='word_1_274' title='bbox 2256 2685 2418 2742; x_wconf 87' lang='lat' dir='ltr'><strong>lucidi</strong></span> <span class='ocrx_word' id='word_1_275' title='bbox 2461 2687 2725 2742; x_wconf 81' lang='lat' dir='ltr'><strong>victoriis.</strong></span> 
     </span>
    </p>
   </div>
   <div class='ocr_carea' id='block_1_57' title="bbox 1577 2922 1931 2981">
    <p class='ocr_par' dir='ltr' id='par_1_57' title="bbox 1577 2922 1931 2981">
     <span class='ocr_line' id='line_1_57' title="bbox 1577 2922 1931 2981; baseline -0.011 -1"><span class='ocrx_word' id='word_1_276' title='bbox 1577 2922 1804 2981; x_wconf 78' lang='lat' dir='ltr'><strong>CAPUT</strong></span> <span class='ocrx_word' id='word_1_277' title='bbox 1842 2922 1931 2977; x_wconf 71' lang='lat' dir='ltr'><strong>Vl.</strong></span> 
     </span>
    </p>
   </div>
   <div class='ocr_carea' id='block_1_58' title="bbox 1317 3010 2247 3082">
    <p class='ocr_par' dir='ltr' id='par_1_58' title="bbox 1317 3010 2247 3082">
     <span class='ocr_line' id='line_1_58' title="bbox 1317 3010 2247 3082; baseline -0.002 -16"><span class='ocrx_word' id='word_1_278' title='bbox 1317 3011 1395 3066; x_wconf 82' lang='lat' dir='ltr'><strong>De</strong></span> <span class='ocrx_word' id='word_1_279' title='bbox 1433 3017 1629 3068; x_wconf 75' lang='lat' dir='ltr'><strong>sanctis</strong></span> <span class='ocrx_word' id='word_1_280' title='bbox 1658 3014 1917 3082; x_wconf 75' lang='lat' dir='ltr'><strong>Seraphin</strong></span> <span class='ocrx_word' id='word_1_281' title='bbox 1939 3021 1988 3066; x_wconf 86' lang='lat' dir='ltr'><strong>el</strong></span> <span class='ocrx_word' id='word_1_282' title='bbox 2026 3010 2247 3066; x_wconf 78' lang='lat' dir='ltr'><strong>Sabina.</strong></span> 
     </span>
    </p>
   </div>
   <div class='ocr_carea' id='block_1_59' title="bbox 121 3123 1553 3199">
    <p class='ocr_par' dir='ltr' id='par_1_59' title="bbox 121 3123 1553 3199">
     <span class='ocr_line' id='line_1_59' title="bbox 121 3123 1553 3199; baseline 0 -19"><span class='ocrx_word' id='word_1_283' title='bbox 121 3127 369 3199; x_wconf 84' lang='lat' dir='ltr'><strong>Tempore</strong></span> <span class='ocrx_word' id='word_1_284' title='bbox 400 3126 554 3197; x_wconf 72' lang='lat' dir='ltr'><strong>virgo</strong></span> <span class='ocrx_word' id='word_1_285' title='bbox 590 3139 692 3179; x_wconf 85' lang='lat' dir='ltr'><strong>suo</strong></span> <span class='ocrx_word' id='word_1_286' title='bbox 714 3125 816 3180; x_wconf 88' lang='lat' dir='ltr'><strong>hoc</strong></span> <span class='ocrx_word' id='word_1_287' title='bbox 841 3123 1102 3195; x_wconf 78' lang='lat' dir='ltr'><strong>Seraphia</strong></span> <span class='ocrx_word' id='word_1_288' title='bbox 1134 3139 1293 3195; x_wconf 85' lang='lat' dir='ltr'><strong>passa</strong></span> <span class='ocrx_word' id='word_1_289' title='bbox 1318 3125 1553 3190; x_wconf 85' lang='lat' dir='ltr'><strong>renidet,</strong></span> 
     </span>
    </p>
   </div>
   <div class='ocr_carea' id='block_1_60' title="bbox 122 3216 1615 3290">
    <p class='ocr_par' dir='ltr' id='par_1_60' title="bbox 122 3216 1615 3290">
     <span class='ocr_line' id='line_1_60' title="bbox 122 3216 1615 3290; baseline -0.001 -19"><span class='ocrx_word' id='word_1_290' title='bbox 122 3218 378 3290; x_wconf 77' lang='lat' dir='ltr'><strong>Sanguine</strong></span> <span class='ocrx_word' id='word_1_291' title='bbox 405 3232 570 3289; x_wconf 87' lang='lat' dir='ltr'><strong>quam</strong></span> <span class='ocrx_word' id='word_1_292' title='bbox 598 3218 813 3286; x_wconf 76' lang='lat' dir='ltr'><strong>generis</strong></span> <span class='ocrx_word' id='word_1_293' title='bbox 838 3216 1171 3287; x_wconf 78' lang='lat' dir='ltr'><strong>signavimus</strong></span> <span class='ocrx_word' id='word_1_294' title='bbox 1200 3216 1615 3271; x_wconf 77' lang='lat' dir='ltr'><strong>Antiochenam.</strong></span> 
     </span>
    </p>
   </div>
   <div class='ocr_carea' id='block_1_61' title="bbox 121 3307 1507 3379">
    <p class='ocr_par' dir='ltr' id='par_1_61' title="bbox 121 3307 1507 3379">
     <span class='ocr_line' id='line_1_61' title="bbox 121 3307 1507 3379; baseline 0.001 -17"><span class='ocrx_word' id='word_1_295' title='bbox 121 3308 273 3376; x_wconf 85' lang='lat' dir='ltr'><strong>Illam,</strong></span> <span class='ocrx_word' id='word_1_296' title='bbox 305 3309 433 3364; x_wconf 89' lang='lat' dir='ltr'><strong>dum</strong></span> <span class='ocrx_word' id='word_1_297' title='bbox 464 3308 672 3365; x_wconf 79' lang='lat' dir='ltr'><strong>laribus</strong></span> <span class='ocrx_word' id='word_1_298' title='bbox 697 3309 849 3364; x_wconf 89' lang='lat' dir='ltr'><strong>fovet</strong></span> <span class='ocrx_word' id='word_1_299' title='bbox 873 3309 1069 3379; x_wconf 87' lang='lat' dir='ltr'><strong>hospes</strong></span> <span class='ocrx_word' id='word_1_300' title='bbox 1104 3308 1251 3379; x_wconf 82' lang='lat' dir='ltr'><strong>clara</strong></span> <span class='ocrx_word' id='word_1_301' title='bbox 1284 3307 1507 3376; x_wconf 86' lang='lat' dir='ltr'><strong>Sabina,</strong></span> 
     </span>
    </p>
   </div>
   <div class='ocr_carea' id='block_1_62' title="bbox 120 3399 1442 3470">
    <p class='ocr_par' dir='ltr' id='par_1_62' title="bbox 120 3399 1442 3470">
     <span class='ocr_line' id='line_1_62' title="bbox 120 3399 1442 3470; baseline 0.001 -17"><span class='ocrx_word' id='word_1_302' title='bbox 120 3399 296 3458; x_wconf 71' lang='lat' dir='ltr'><strong>Iuncta</strong></span> <span class='ocrx_word' id='word_1_303' title='bbox 320 3400 633 3465; x_wconf 77' lang='lat' dir='ltr'><strong>Valentino,</strong></span> <span class='ocrx_word' id='word_1_304' title='bbox 661 3400 931 3470; x_wconf 90' lang='lat' dir='ltr'><strong>quondam</strong></span> <span class='ocrx_word' id='word_1_305' title='bbox 968 3401 1053 3456; x_wconf 91' lang='lat' dir='ltr'><strong>cui</strong></span> <span class='ocrx_word' id='word_1_306' title='bbox 1084 3399 1227 3455; x_wconf 66' lang='lat' dir='ltr'><strong>farina</strong></span> <span class='ocrx_word' id='word_1_307' title='bbox 1258 3400 1442 3455; x_wconf 86' lang='lat' dir='ltr'><strong>decori</strong></span> 
     </span>
    </p>
   </div>
   <div class='ocr_carea' id='block_1_63' title="bbox 120 3485 1447 3561">
    <p class='ocr_par' dir='ltr' id='par_1_63' title="bbox 120 3485 1447 3561">
     <span class='ocr_line' id='line_1_63' title="bbox 120 3485 1447 3561; baseline 0.004 -21"><span class='ocrx_word' id='word_1_308' title='bbox 120 3485 355 3560; x_wconf 82' lang='lat' dir='ltr'><strong>Principe</strong></span> <span class='ocrx_word' id='word_1_309' title='bbox 379 3498 508 3544; x_wconf 87' lang='lat' dir='ltr'><strong>nata</strong></span> <span class='ocrx_word' id='word_1_310' title='bbox 541 3489 886 3545; x_wconf 88' lang='lat' dir='ltr'><strong>metallorum</strong></span> <span class='ocrx_word' id='word_1_311' title='bbox 909 3490 1195 3561; x_wconf 63' lang='lat' dir='ltr'><strong>praesignis</strong></span> <span class='ocrx_word' id='word_1_312' title='bbox 1231 3489 1447 3545; x_wconf 76' lang='lat' dir='ltr'><strong>Herode</strong></span> 
     </span>
    </p>
   </div>
   <div class='ocr_carea' id='block_1_64' title="bbox 120 3577 1323 3654">
    <p class='ocr_par' dir='ltr' id='par_1_64' title="bbox 120 3577 1323 3654">
     <span class='ocr_line' id='line_1_64' title="bbox 120 3577 1323 3654; baseline 0.003 -21"><span class='ocrx_word' id='word_1_313' title='bbox 120 3577 358 3637; x_wconf 66' lang='lat' dir='ltr'><strong>Prasidis</strong></span> <span class='ocrx_word' id='word_1_314' title='bbox 387 3583 571 3638; x_wconf 86' lang='lat' dir='ltr'><strong>audita</strong></span> <span class='ocrx_word' id='word_1_315' title='bbox 599 3582 818 3654; x_wconf 91' lang='lat' dir='ltr'><strong>rapiunt</strong></span> <span class='ocrx_word' id='word_1_316' title='bbox 854 3583 1011 3638; x_wconf 89' lang='lat' dir='ltr'><strong>laude</strong></span> <span class='ocrx_word' id='word_1_317' title='bbox 1038 3582 1323 3650; x_wconf 78' lang='lat' dir='ltr'><strong>officiales;</strong></span> 
     </span>
    </p>
   </div>
   <div class='ocr_carea' id='block_1_65' title="bbox 122 3670 1427 3745">
    <p class='ocr_par' dir='ltr' id='par_1_65' title="bbox 122 3670 1427 3745">
     <span class='ocr_line' id='line_1_65' title="bbox 122 3670 1427 3745; baseline 0.003 -20"><span class='ocrx_word' id='word_1_318' title='bbox 122 3670 269 3727; x_wconf 84' lang='lat' dir='ltr'><strong>Facta</strong></span> <span class='ocrx_word' id='word_1_319' title='bbox 297 3675 413 3730; x_wconf 88' lang='lat' dir='ltr'><strong>viro</strong></span> <span class='ocrx_word' id='word_1_320' title='bbox 440 3690 705 3745; x_wconf 67' lang='lat' dir='ltr'><strong>praesens,</strong></span> <span class='ocrx_word' id='word_1_321' title='bbox 732 3675 817 3731; x_wconf 88' lang='lat' dir='ltr'><strong>dis</strong></span> <span class='ocrx_word' id='word_1_322' title='bbox 846 3675 1162 3731; x_wconf 88' lang='lat' dir='ltr'><strong>sacriﬁcare</strong></span> <span class='ocrx_word' id='word_1_323' title='bbox 1185 3675 1427 3743; x_wconf 74' lang='lat' dir='ltr'><strong>iubetur.</strong></span> 
     </span>
    </p>
   </div>
   <div class='ocr_carea' id='block_1_66' title="bbox 122 3760 1701 3836">
    <p class='ocr_par' dir='ltr' id='par_1_66' title="bbox 122 3760 1701 3836">
     <span class='ocr_line' id='line_1_66' title="bbox 122 3760 1701 3836; baseline 0.004 -22"><span class='ocrx_word' id='word_1_324' title='bbox 122 3760 204 3818; x_wconf 88' lang='lat' dir='ltr'><strong>Illa</strong></span> <span class='ocrx_word' id='word_1_325' title='bbox 228 3783 240 3817; x_wconf 94' lang='lat'>:</span> <span class='ocrx_word' id='word_1_326' title='bbox 263 3784 281 3816; x_wconf 74' lang='grc' dir='ltr'><strong>ι</strong></span> <span class='ocrx_word' id='word_1_327' title='bbox 308 3767 473 3820; x_wconf 88' lang='lat' dir='ltr'><strong>Deum</strong></span> <span class='ocrx_word' id='word_1_328' title='bbox 507 3766 694 3829; x_wconf 88' lang='lat' dir='ltr'><strong>timeo,</strong></span> <span class='ocrx_word' id='word_1_329' title='bbox 724 3766 1012 3822; x_wconf 92' lang='lat' dir='ltr'><strong>Dominum</strong></span> <span class='ocrx_word' id='word_1_330' title='bbox 1043 3765 1164 3822; x_wconf 92' lang='lat' dir='ltr'><strong>colo</strong></span> <span class='ocrx_word' id='word_1_331' title='bbox 1191 3766 1370 3821; x_wconf 90' lang='lat' dir='ltr'><strong>cuncti</strong></span> <span class='ocrx_word' id='word_1_332' title='bbox 1399 3773 1701 3836; x_wconf 88' lang='lat' dir='ltr'><strong>potentem,</strong></span> 
     </span>
    </p>
   </div>
   <div class='ocr_carea' id='block_1_67' title="bbox 123 3851 1433 3926">
    <p class='ocr_par' dir='ltr' id='par_1_67' title="bbox 123 3851 1433 3926">
     <span class='ocr_line' id='line_1_67' title="bbox 123 3851 1433 3926; baseline 0.004 -20"><span class='ocrx_word' id='word_1_333' title='bbox 123 3851 211 3918; x_wconf 85' lang='lat' dir='ltr'><strong>Qui</strong></span> <span class='ocrx_word' id='word_1_334' title='bbox 239 3856 357 3909; x_wconf 75' lang='lat' dir='ltr'><strong>etnli</strong></span> <span class='ocrx_word' id='word_1_335' title='bbox 388 3864 655 3926; x_wconf 62' lang='lat' dir='ltr'><strong>terrasque</strong></span> <span class='ocrx_word' id='word_1_336' title='bbox 677 3864 857 3919; x_wconf 86' lang='lat' dir='ltr'><strong>sator;</strong></span> <span class='ocrx_word' id='word_1_337' title='bbox 891 3871 1018 3910; x_wconf 88' lang='lat' dir='ltr'><strong>nam</strong></span> <span class='ocrx_word' id='word_1_338' title='bbox 1042 3857 1265 3911; x_wconf 89' lang='lat' dir='ltr'><strong>numina</strong></span> <span class='ocrx_word' id='word_1_339' title='bbox 1296 3872 1433 3911; x_wconf 87' lang='lat' dir='ltr'><strong>vana</strong></span> 
     </span>
    </p>
   </div>
   <div class='ocr_carea' id='block_1_68' title="bbox 124 3945 1668 4023">
    <p class='ocr_par' dir='ltr' id='par_1_68' title="bbox 124 3945 1668 4023">
     <span class='ocr_line' id='line_1_68' title="bbox 124 3945 1668 4023; baseline 0.002 -24"><span class='ocrx_word' id='word_1_340' title='bbox 124 3945 270 4012; x_wconf 84' lang='lat' dir='ltr'><strong>Queis</strong></span> <span class='ocrx_word' id='word_1_341' title='bbox 299 3947 469 4003; x_wconf 90' lang='lat' dir='ltr'><strong>libare</strong></span> <span class='ocrx_word' id='word_1_342' title='bbox 491 3946 672 4017; x_wconf 87' lang='lat' dir='ltr'><strong>juhes,</strong></span> <span class='ocrx_word' id='word_1_343' title='bbox 705 3961 812 4001; x_wconf 90' lang='lat' dir='ltr'><strong>non</strong></span> <span class='ocrx_word' id='word_1_344' title='bbox 858 3946 953 4012; x_wconf 91' lang='lat' dir='ltr'><strong>dii,</strong></span> <span class='ocrx_word' id='word_1_345' title='bbox 980 3947 1076 4023; x_wconf 80' lang='lat' dir='ltr'><strong>sed</strong></span> <span class='ocrx_word' id='word_1_346' title='bbox 1113 3946 1387 4002; x_wconf 64' lang='lat' dir='ltr'><strong>da‘mones</strong></span> <span class='ocrx_word' id='word_1_347' title='bbox 1419 3956 1668 4015; x_wconf 84' lang='lat' dir='ltr'><strong>exstant;</strong></span> 
     </span>
    </p>
   </div>
   <div class='ocr_carea' id='block_1_69' title="bbox 125 4035 1521 4107">
    <p class='ocr_par' dir='ltr' id='par_1_69' title="bbox 125 4035 1521 4107">
     <span class='ocr_line' id='line_1_69' title="bbox 125 4035 1521 4107; baseline 0.001 -18"><span class='ocrx_word' id='word_1_348' title='bbox 125 4036 219 4092; x_wconf 75' lang='lat' dir='ltr'><strong>Nec</strong></span> <span class='ocrx_word' id='word_1_349' title='bbox 240 4038 357 4094; x_wconf 90' lang='lat' dir='ltr'><strong>licet</strong></span> <span class='ocrx_word' id='word_1_350' title='bbox 389 4039 490 4093; x_wconf 91' lang='lat' dir='ltr'><strong>hos</strong></span> <span class='ocrx_word' id='word_1_351' title='bbox 514 4052 675 4093; x_wconf 87' lang='lat' dir='ltr'><strong>orare</strong></span> <span class='ocrx_word' id='word_1_352' title='bbox 704 4037 859 4105; x_wconf 91' lang='lat' dir='ltr'><strong>mihi,</strong></span> <span class='ocrx_word' id='word_1_353' title='bbox 883 4053 1003 4107; x_wconf 80' lang='lat' dir='ltr'><strong>qme</strong></span> <span class='ocrx_word' id='word_1_354' title='bbox 1028 4037 1209 4093; x_wconf 85' lang='lat' dir='ltr'><strong>servio</strong></span> <span class='ocrx_word' id='word_1_355' title='bbox 1239 4035 1458 4093; x_wconf 86' lang='lat' dir='ltr'><strong>Christo</strong></span> <span class='ocrx_word' id='word_1_356' title='bbox 1500 4057 1521 4091; x_wconf 73' lang='grc' dir='ltr'><strong>ι</strong></span> 
     </span>
    </p>
   </div>
   <div class='ocr_carea' id='block_1_70' title="bbox 126 4125 1455 4198">
    <p class='ocr_par' dir='ltr' id='par_1_70' title="bbox 126 4125 1455 4198">
     <span class='ocr_line' id='line_1_70' title="bbox 126 4125 1455 4198; baseline 0.002 -18"><span class='ocrx_word' id='word_1_357' title='bbox 126 4125 349 4198; x_wconf 86' lang='lat' dir='ltr'><strong>Dumque</strong></span> <span class='ocrx_word' id='word_1_358' title='bbox 378 4128 536 4183; x_wconf 84' lang='lat' dir='ltr'><strong>ﬁdem</strong></span> <span class='ocrx_word' id='word_1_359' title='bbox 572 4127 773 4183; x_wconf 83' lang='lat' dir='ltr'><strong>celsam</strong></span> <span class='ocrx_word' id='word_1_360' title='bbox 812 4128 971 4183; x_wconf 89' lang='lat' dir='ltr'><strong>dictis</strong></span> <span class='ocrx_word' id='word_1_361' title='bbox 994 4128 1190 4182; x_wconf 83' lang='lat' dir='ltr'><strong>attollit</strong></span> <span class='ocrx_word' id='word_1_362' title='bbox 1228 4129 1455 4197; x_wconf 82' lang='lat' dir='ltr'><strong>apertis,</strong></span> 
     </span>
    </p>
   </div>
   <div class='ocr_carea' id='block_1_71' title="bbox 124 4215 1422 4291">
    <p class='ocr_par' dir='ltr' id='par_1_71' title="bbox 124 4215 1422 4291">
     <span class='ocr_line' id='line_1_71' title="bbox 124 4215 1422 4291; baseline 0.001 -19"><span class='ocrx_word' id='word_1_363' title='bbox 124 4215 346 4276; x_wconf 77' lang='lat' dir='ltr'><strong>Lascivis</strong></span> <span class='ocrx_word' id='word_1_364' title='bbox 377 4230 568 4291; x_wconf 90' lang='lat' dir='ltr'><strong>stupro</strong></span> <span class='ocrx_word' id='word_1_365' title='bbox 597 4219 829 4290; x_wconf 75' lang='lat' dir='ltr'><strong>geminis</strong></span> <span class='ocrx_word' id='word_1_366' title='bbox 858 4220 1147 4275; x_wconf 86' lang='lat' dir='ltr'><strong>mandatur</strong></span> <span class='ocrx_word' id='word_1_367' title='bbox 1176 4220 1422 4290; x_wconf 85' lang='lat' dir='ltr'><strong>ephebis,</strong></span> 
     </span>
    </p>
   </div>
   <div class='ocr_carea' id='block_1_72' title="bbox 124 4308 1447 4384">
    <p class='ocr_par' dir='ltr' id='par_1_72' title="bbox 124 4308 1447 4384">
     <span class='ocr_line' id='line_1_72' title="bbox 124 4308 1447 4384; baseline 0.004 -21"><span class='ocrx_word' id='word_1_368' title='bbox 124 4308 165 4363; x_wconf 87' lang='lat' dir='ltr'><strong>A</strong></span> <span class='ocrx_word' id='word_1_369' title='bbox 196 4312 383 4382; x_wconf 84' lang='lat' dir='ltr'><strong>quibus</strong></span> <span class='ocrx_word' id='word_1_370' title='bbox 409 4313 627 4368; x_wconf 86' lang='lat' dir='ltr'><strong>obscuri</strong></span> <span class='ocrx_word' id='word_1_371' title='bbox 655 4313 709 4368; x_wconf 90' lang='lat' dir='ltr'><strong>in</strong></span> <span class='ocrx_word' id='word_1_372' title='bbox 744 4312 1044 4384; x_wconf 86' lang='lat' dir='ltr'><strong>penetralia</strong></span> <span class='ocrx_word' id='word_1_373' title='bbox 1070 4329 1223 4369; x_wconf 63' lang='lat' dir='ltr'><strong>caeca</strong></span> <span class='ocrx_word' id='word_1_374' title='bbox 1254 4314 1447 4369; x_wconf 83' lang='lat' dir='ltr'><strong>cubilis</strong></span> 
     </span>
    </p>
   </div>
   <div class='ocr_carea' id='block_1_73' title="bbox 125 4401 1594 4481">
    <p class='ocr_par' dir='ltr' id='par_1_73' title="bbox 125 4401 1594 4481">
     <span class='ocr_line' id='line_1_73' title="bbox 125 4401 1594 4481; baseline -0.001 -22"><span class='ocrx_word' id='word_1_375' title='bbox 125 4401 405 4471; x_wconf 85' lang='lat' dir='ltr'><strong>Clauditur;</strong></span> <span class='ocrx_word' id='word_1_376' title='bbox 427 4414 595 4475; x_wconf 90' lang='lat' dir='ltr'><strong>utque</strong></span> <span class='ocrx_word' id='word_1_377' title='bbox 621 4412 814 4481; x_wconf 87' lang='lat' dir='ltr'><strong>petunt</strong></span> <span class='ocrx_word' id='word_1_378' title='bbox 838 4403 1045 4458; x_wconf 90' lang='lat' dir='ltr'><strong>inceste</strong></span> <span class='ocrx_word' id='word_1_379' title='bbox 1068 4404 1334 4472; x_wconf 79' lang='lat' dir='ltr'><strong>attingere</strong></span> <span class='ocrx_word' id='word_1_380' title='bbox 1363 4414 1594 4481; x_wconf 86' lang='lat' dir='ltr'><strong>castam,</strong></span> 
     </span>
    </p>
   </div>
   <div class='ocr_carea' id='block_1_74' title="bbox 125 4480 1240 4559">
    <p class='ocr_par' dir='ltr' id='par_1_74' title="bbox 125 4480 1240 4559">
     <span class='ocr_line' id='line_1_74' title="bbox 125 4480 1240 4559; baseline 0 -10"><span class='ocrx_word' id='word_1_381' title='bbox 125 4492 299 4550; x_wconf 86' lang='lat' dir='ltr'><strong>lntima</strong></span> <span class='ocrx_word' id='word_1_382' title='bbox 334 4512 603 4552; x_wconf 85' lang='lat' dir='ltr'><strong>concusso</strong></span> <span class='ocrx_word' id='word_1_383' title='bbox 630 4480 787 4551; x_wconf 85' lang='lat' dir='ltr'><strong>tellus</strong></span> <span class='ocrx_word' id='word_1_384' title='bbox 818 4496 1038 4551; x_wconf 86' lang='lat' dir='ltr'><strong>eliditur</strong></span> <span class='ocrx_word' id='word_1_385' title='bbox 1060 4506 1240 4559; x_wconf 87' lang='lat' dir='ltr'><strong>antro,</strong></span> 
     </span>
    </p>
   </div>
   <div class='ocr_carea' id='block_1_75' title="bbox 128 4585 1337 4658">
    <p class='ocr_par' dir='ltr' id='par_1_75' title="bbox 128 4585 1337 4658">
     <span class='ocr_line' id='line_1_75' title="bbox 128 4585 1337 4658; baseline 0.001 -18"><span class='ocrx_word' id='word_1_386' title='bbox 128 4585 500 4658; x_wconf 80' lang='lat' dir='ltr'><strong>Exanimesque</strong></span> <span class='ocrx_word' id='word_1_387' title='bbox 538 4597 704 4642; x_wconf 89' lang='lat' dir='ltr'><strong>ruunt</strong></span> <span class='ocrx_word' id='word_1_388' title='bbox 729 4587 882 4643; x_wconf 91' lang='lat' dir='ltr'><strong>omni</strong></span> <span class='ocrx_word' id='word_1_389' title='bbox 912 4587 1113 4643; x_wconf 83' lang='lat' dir='ltr'><strong>virtute</strong></span> <span class='ocrx_word' id='word_1_390' title='bbox 1139 4588 1337 4644; x_wconf 88' lang='lat' dir='ltr'><strong>relicti.</strong></span> 
     </span>
    </p>
   </div>
   <div class='ocr_carea' id='block_1_76' title="bbox 127 4677 1381 4750">
    <p class='ocr_par' dir='ltr' id='par_1_76' title="bbox 127 4677 1381 4750">
     <span class='ocr_line' id='line_1_76' title="bbox 127 4677 1381 4750; baseline -0.002 -18"><span class='ocrx_word' id='word_1_391' title='bbox 127 4677 213 4733; x_wconf 81' lang='lat' dir='ltr'><strong>Ast</strong></span> <span class='ocrx_word' id='word_1_392' title='bbox 235 4679 321 4734; x_wconf 88' lang='lat' dir='ltr'><strong>ubi</strong></span> <span class='ocrx_word' id='word_1_393' title='bbox 342 4680 453 4750; x_wconf 88' lang='lat' dir='ltr'><strong>jam</strong></span> <span class='ocrx_word' id='word_1_394' title='bbox 476 4679 695 4734; x_wconf 86' lang='lat' dir='ltr'><strong>rediens</strong></span> <span class='ocrx_word' id='word_1_395' title='bbox 720 4677 887 4734; x_wconf 87' lang='lat' dir='ltr'><strong>terris</strong></span> <span class='ocrx_word' id='word_1_396' title='bbox 916 4692 1112 4734; x_wconf 85' lang='lat' dir='ltr'><strong>aurora</strong></span> <span class='ocrx_word' id='word_1_397' title='bbox 1142 4677 1381 4747; x_wconf 87' lang='lat' dir='ltr'><strong>virisque</strong></span> 
     </span>
    </p>
   </div>
   <div class='ocr_carea' id='block_1_77' title="bbox 130 4766 1457 4841">
    <p class='ocr_par' dir='ltr' id='par_1_77' title="bbox 130 4766 1457 4841">
     <span class='ocr_line' id='line_1_77' title="bbox 130 4766 1457 4841; baseline 0.002 -19"><span class='ocrx_word' id='word_1_398' title='bbox 130 4766 386 4840; x_wconf 81' lang='lat' dir='ltr'><strong>Purpureo</strong></span> <span class='ocrx_word' id='word_1_399' title='bbox 410 4770 555 4826; x_wconf 87' lang='lat' dir='ltr'><strong>vehit</strong></span> <span class='ocrx_word' id='word_1_400' title='bbox 579 4786 676 4826; x_wconf 91' lang='lat' dir='ltr'><strong>ore</strong></span> <span class='ocrx_word' id='word_1_401' title='bbox 706 4770 871 4835; x_wconf 92' lang='lat' dir='ltr'><strong>diem,</strong></span> <span class='ocrx_word' id='word_1_402' title='bbox 897 4785 1228 4841; x_wconf 81' lang='lat' dir='ltr'><strong>cognoscere</strong></span> <span class='ocrx_word' id='word_1_403' title='bbox 1254 4769 1457 4826; x_wconf 85' lang='lat' dir='ltr'><strong>factum</strong></span> 
     </span>
    </p>
   </div>
   <div class='ocr_carea' id='block_1_78' title="bbox 131 4854 1435 4930">
    <p class='ocr_par' dir='ltr' id='par_1_78' title="bbox 131 4854 1435 4930">
     <span class='ocr_line' id='line_1_78' title="bbox 131 4854 1435 4930; baseline 0.003 -21"><span class='ocrx_word' id='word_1_404' title='bbox 131 4854 361 4915; x_wconf 63' lang='lat' dir='ltr'><strong>Praesidis</strong></span> <span class='ocrx_word' id='word_1_405' title='bbox 388 4858 613 4930; x_wconf 81' lang='lat' dir='ltr'><strong>ingressi</strong></span> <span class='ocrx_word' id='word_1_406' title='bbox 646 4868 892 4914; x_wconf 87' lang='lat' dir='ltr'><strong>sanctam</strong></span> <span class='ocrx_word' id='word_1_407' title='bbox 919 4859 1176 4915; x_wconf 86' lang='lat' dir='ltr'><strong>invenere</strong></span> <span class='ocrx_word' id='word_1_408' title='bbox 1201 4860 1435 4915; x_wconf 80' lang='lat' dir='ltr'><strong>ministri</strong></span> 
     </span>
    </p>
   </div>
   <div class='ocr_carea' id='block_1_79' title="bbox 129 4945 1515 5022">
    <p class='ocr_par' dir='ltr' id='par_1_79' title="bbox 129 4945 1515 5022">
     <span class='ocr_line' id='line_1_79' title="bbox 129 4945 1515 5022; baseline 0.003 -17"><span class='ocrx_word' id='word_1_409' title='bbox 129 4945 401 5007; x_wconf 78' lang='lat' dir='ltr'><strong>[astantem</strong></span> <span class='ocrx_word' id='word_1_410' title='bbox 424 4950 696 5022; x_wconf 89' lang='lat' dir='ltr'><strong>precibus,</strong></span> <span class='ocrx_word' id='word_1_411' title='bbox 729 4960 932 5007; x_wconf 85' lang='lat' dir='ltr'><strong>stratos</strong></span> <span class='ocrx_word' id='word_1_412' title='bbox 952 4959 1011 5006; x_wconf 91' lang='lat' dir='ltr'><strong>ut</strong></span> <span class='ocrx_word' id='word_1_413' title='bbox 1043 4960 1220 5006; x_wconf 90' lang='lat' dir='ltr'><strong>morte</strong></span> <span class='ocrx_word' id='word_1_414' title='bbox 1247 4952 1515 5021; x_wconf 89' lang='lat' dir='ltr'><strong>petulcos;</strong></span> 
     </span>
    </p>
   </div>
   <div class='ocr_carea' id='block_1_80' title="bbox 131 5037 1597 5115">
    <p class='ocr_par' dir='ltr' id='par_1_80' title="bbox 131 5037 1597 5115">
     <span class='ocr_line' id='line_1_80' title="bbox 131 5037 1597 5115; baseline 0.003 -20"><span class='ocrx_word' id='word_1_415' title='bbox 131 5037 356 5114; x_wconf 84' lang='lat' dir='ltr'><strong>Dumque</strong></span> <span class='ocrx_word' id='word_1_416' title='bbox 384 5058 517 5114; x_wconf 91' lang='lat' dir='ltr'><strong>opus</strong></span> <span class='ocrx_word' id='word_1_417' title='bbox 546 5043 845 5099; x_wconf 75' lang='lat' dir='ltr'><strong>mthereum</strong></span> <span class='ocrx_word' id='word_1_418' title='bbox 872 5043 1140 5100; x_wconf 88' lang='lat' dir='ltr'><strong>mirantes</strong></span> <span class='ocrx_word' id='word_1_419' title='bbox 1169 5044 1405 5115; x_wconf 87' lang='lat' dir='ltr'><strong>undique</strong></span> <span class='ocrx_word' id='word_1_420' title='bbox 1444 5045 1597 5100; x_wconf 88' lang='lat' dir='ltr'><strong>multi</strong></span> 
     </span>
    </p>
   </div>
   <div class='ocr_carea' id='block_1_81' title="bbox 135 5132 1491 5207">
    <p class='ocr_par' dir='ltr' id='par_1_81' title="bbox 135 5132 1491 5207">
     <span class='ocr_line' id='line_1_81' title="bbox 135 5132 1491 5207; baseline 0.003 -18"><span class='ocrx_word' id='word_1_421' title='bbox 135 5132 303 5193; x_wconf 76' lang='lat' dir='ltr'><strong>Visere</strong></span> <span class='ocrx_word' id='word_1_422' title='bbox 326 5148 673 5202; x_wconf 88' lang='lat' dir='ltr'><strong>concurrunt,</strong></span> <span class='ocrx_word' id='word_1_423' title='bbox 699 5134 1071 5207; x_wconf 65' lang='lat' dir='ltr'><strong>prasesjubet</strong></span> <span class='ocrx_word' id='word_1_424' title='bbox 1097 5145 1224 5191; x_wconf 86' lang='lat' dir='ltr'><strong>ante</strong></span> <span class='ocrx_word' id='word_1_425' title='bbox 1253 5137 1491 5195; x_wconf 78' lang='lat' dir='ltr'><strong>tribunal</strong></span> 
     </span>
    </p>
   </div>
   <div class='ocr_carea' id='block_1_82' title="bbox 131 5221 1451 5300">
    <p class='ocr_par' dir='ltr' id='par_1_82' title="bbox 131 5221 1451 5300">
     <span class='ocr_line' id='line_1_82' title="bbox 131 5221 1451 5300; baseline 0.004 -21"><span class='ocrx_word' id='word_1_426' title='bbox 131 5221 402 5283; x_wconf 79' lang='lat' dir='ltr'><strong>Victricem</strong></span> <span class='ocrx_word' id='word_1_427' title='bbox 428 5228 625 5300; x_wconf 71' lang='lat' dir='ltr'><strong>subigi,</strong></span> <span class='ocrx_word' id='word_1_428' title='bbox 652 5226 895 5297; x_wconf 81' lang='lat' dir='ltr'><strong>ferrique</strong></span> <span class='ocrx_word' id='word_1_429' title='bbox 928 5235 1150 5297; x_wconf 90' lang='lat' dir='ltr'><strong>stupore</strong></span> <span class='ocrx_word' id='word_1_430' title='bbox 1175 5226 1451 5295; x_wconf 88' lang='lat' dir='ltr'><strong>jacentcs;</strong></span> 
     </span>
    </p>
   </div>
   <div class='ocr_carea' id='block_1_83' title="bbox 1805 3122 3032 3187">
    <p class='ocr_par' dir='ltr' id='par_1_83' title="bbox 1805 3122 3032 3187">
     <span class='ocr_line' id='line_1_83' title="bbox 1805 3122 3032 3187; baseline 0.002 -8"><span class='ocrx_word' id='word_1_431' title='bbox 1805 3125 2065 3179; x_wconf 84' lang='lat' dir='ltr'><strong>Amentcs</strong></span> <span class='ocrx_word' id='word_1_432' title='bbox 2094 3122 2322 3187; x_wconf 86' lang='lat' dir='ltr'><strong>dederit,</strong></span> <span class='ocrx_word' id='word_1_433' title='bbox 2357 3122 2555 3178; x_wconf 84' lang='lat' dir='ltr'><strong>virtute</strong></span> <span class='ocrx_word' id='word_1_434' title='bbox 2580 3123 2865 3179; x_wconf 87' lang='lat' dir='ltr'><strong>resolverit</strong></span> <span class='ocrx_word' id='word_1_435' title='bbox 2889 3136 3032 3187; x_wconf 89' lang='lat' dir='ltr'><strong>acta.</strong></span> 
     </span>
    </p>
   </div>
   <div class='ocr_carea' id='block_1_84' title="bbox 1804 3214 3113 3285">
    <p class='ocr_par' dir='ltr' id='par_1_84' title="bbox 1804 3214 3113 3285">
     <span class='ocr_line' id='line_1_84' title="bbox 1804 3214 3113 3285; baseline 0 -14"><span class='ocrx_word' id='word_1_436' title='bbox 1804 3217 1881 3271; x_wconf 89' lang='lat' dir='ltr'><strong>Illi</strong></span> <span class='ocrx_word' id='word_1_437' title='bbox 1908 3233 1921 3269; x_wconf 90' lang='lat'><strong>:</strong></span> <span class='ocrx_word' id='word_1_438' title='bbox 1954 3234 1973 3266; x_wconf 79' lang='grc' dir='ltr'><strong>ι</strong></span> <span class='ocrx_word' id='word_1_439' title='bbox 2011 3215 2103 3270; x_wconf 89' lang='lat' dir='ltr'><strong>Sol</strong></span> <span class='ocrx_word' id='word_1_440' title='bbox 2134 3214 2277 3268; x_wconf 85' lang='lat' dir='ltr'><strong>velut</strong></span> <span class='ocrx_word' id='word_1_441' title='bbox 2299 3215 2577 3284; x_wconf 77' lang='lat' dir='ltr'><strong>ingressus</strong></span> <span class='ocrx_word' id='word_1_442' title='bbox 2607 3214 2952 3285; x_wconf 87' lang='lat' dir='ltr'><strong>resplenduit</strong></span> <span class='ocrx_word' id='word_1_443' title='bbox 2982 3216 3113 3282; x_wconf 89' lang='lat' dir='ltr'><strong>alte,</strong></span> 
     </span>
    </p>
   </div>
   <div class='ocr_carea' id='block_1_85' title="bbox 1804 3307 3101 3379">
    <p class='ocr_par' dir='ltr' id='par_1_85' title="bbox 1804 3307 3101 3379">
     <span class='ocr_line' id='line_1_85' title="bbox 1804 3307 3101 3379; baseline 0.001 -14"><span class='ocrx_word' id='word_1_444' title='bbox 1804 3310 2124 3366; x_wconf 75' lang='lat' dir='ltr'><strong>Prmcellens</strong></span> <span class='ocrx_word' id='word_1_445' title='bbox 2144 3308 2363 3379; x_wconf 81' lang='lat' dir='ltr'><strong>juvenis</strong></span> <span class='ocrx_word' id='word_1_446' title='bbox 2393 3307 2564 3363; x_wconf 86' lang='lat' dir='ltr'><strong>mirus</strong></span> <span class='ocrx_word' id='word_1_447' title='bbox 2592 3308 2820 3379; x_wconf 78' lang='lat' dir='ltr'><strong>visuque</strong></span> <span class='ocrx_word' id='word_1_448' title='bbox 2842 3310 3101 3376; x_wconf 83' lang='lat' dir='ltr'><strong>decorus,</strong></span> 
     </span>
    </p>
   </div>
   <div class='ocr_carea' id='block_1_86' title="bbox 1806 3400 3163 3473">
    <p class='ocr_par' dir='ltr' id='par_1_86' title="bbox 1806 3400 3163 3473">
     <span class='ocr_line' id='line_1_86' title="bbox 1806 3400 3163 3473; baseline 0.001 -16"><span class='ocrx_word' id='word_1_449' title='bbox 1806 3402 1915 3459; x_wconf 87' lang='lat' dir='ltr'><strong>Nos</strong></span> <span class='ocrx_word' id='word_1_450' title='bbox 1944 3404 2086 3458; x_wconf 91' lang='lat' dir='ltr'><strong>inter</strong></span> <span class='ocrx_word' id='word_1_451' title='bbox 2108 3402 2199 3472; x_wconf 78' lang='lat' dir='ltr'><strong>qui</strong></span> <span class='ocrx_word' id='word_1_452' title='bbox 2223 3417 2282 3457; x_wconf 89' lang='lat' dir='ltr'><strong>se</strong></span> <span class='ocrx_word' id='word_1_453' title='bbox 2311 3400 2576 3471; x_wconf 64' lang='lat' dir='ltr'><strong>olxjiciens</strong></span> <span class='ocrx_word' id='word_1_454' title='bbox 2605 3400 2879 3472; x_wconf 88' lang='lat' dir='ltr'><strong>istamqne</strong></span> <span class='ocrx_word' id='word_1_455' title='bbox 2908 3402 3163 3473; x_wconf 82' lang='lat' dir='ltr'><strong>puellam,</strong></span> 
     </span>
    </p>
   </div>
   <div class='ocr_carea' id='block_1_87' title="bbox 1730 3491 2980 3572">
    <p class='ocr_par' dir='ltr' id='par_1_87' title="bbox 1730 3491 2980 3572">
     <span class='ocr_line' id='line_1_87' title="bbox 1730 3491 2980 3572; baseline 0.001 -25"><span class='ocrx_word' id='word_1_456' title='bbox 1730 3509 1777 3572; x_wconf 70' lang='grc' dir='ltr'><strong>ρ</strong></span> <span class='ocrx_word' id='word_1_457' title='bbox 1809 3493 2030 3548; x_wconf 83' lang='lat' dir='ltr'><strong>Delectu</strong></span> <span class='ocrx_word' id='word_1_458' title='bbox 2061 3491 2269 3563; x_wconf 75' lang='lat' dir='ltr'><strong>fulgore</strong></span> <span class='ocrx_word' id='word_1_459' title='bbox 2292 3507 2391 3547; x_wconf 88' lang='lat' dir='ltr'><strong>suo</strong></span> <span class='ocrx_word' id='word_1_460' title='bbox 2417 3506 2516 3547; x_wconf 89' lang='lat' dir='ltr'><strong>nos</strong></span> <span class='ocrx_word' id='word_1_461' title='bbox 2552 3493 2714 3561; x_wconf 80' lang='lat' dir='ltr'><strong>atqué</strong></span> <span class='ocrx_word' id='word_1_462' title='bbox 2747 3502 2980 3548; x_wconf 90' lang='lat' dir='ltr'><strong>tremore</strong></span> 
     </span>
    </p>
   </div>
   <div class='ocr_carea' id='block_1_88' title="bbox 1809 3583 3048 3641">
    <p class='ocr_par' dir='ltr' id='par_1_88' title="bbox 1809 3583 3048 3641">
     <span class='ocr_line' id='line_1_88' title="bbox 1809 3583 3048 3641; baseline -0.001 0"><span class='ocrx_word' id='word_1_463' title='bbox 1809 3586 2115 3641; x_wconf 87' lang='lat' dir='ltr'><strong>Concussit.</strong></span> <span class='ocrx_word' id='word_1_464' title='bbox 2149 3604 2166 3636; x_wconf 73' lang='grc' dir='ltr'><strong>ι</strong></span> <span class='ocrx_word' id='word_1_465' title='bbox 2194 3583 2365 3639; x_wconf 75' lang='lat' dir='ltr'><strong>Judex</strong></span> <span class='ocrx_word' id='word_1_466' title='bbox 2397 3584 2625 3640; x_wconf 85' lang='lat' dir='ltr'><strong>furiatus</strong></span> <span class='ocrx_word' id='word_1_467' title='bbox 2651 3584 2885 3639; x_wconf 86' lang='lat' dir='ltr'><strong>subdere</strong></span> <span class='ocrx_word' id='word_1_468' title='bbox 2908 3585 3048 3640; x_wconf 82' lang='lat' dir='ltr'><strong>divis</strong></span> 
     </span>
    </p>
   </div>
   <div class='ocr_carea' id='block_1_89' title="bbox 1808 3674 3407 3746">
    <p class='ocr_par' dir='ltr' id='par_1_89' title="bbox 1808 3674 3407 3746">
     <span class='ocr_line' id='line_1_89' title="bbox 1808 3674 3407 3746; baseline 0.001 -15"><span class='ocrx_word' id='word_1_469' title='bbox 1808 3675 2059 3746; x_wconf 60' lang='lat' dir='ltr'><strong>Praecipit</strong></span> <span class='ocrx_word' id='word_1_470' title='bbox 2092 3676 2231 3730; x_wconf 90' lang='lat' dir='ltr'><strong>hanc</strong></span> <span class='ocrx_word' id='word_1_471' title='bbox 2256 3676 2521 3745; x_wconf 81' lang='lat' dir='ltr'><strong>animum,</strong></span> <span class='ocrx_word' id='word_1_472' title='bbox 2549 3675 2690 3744; x_wconf 89' lang='lat' dir='ltr'><strong>quod</strong></span> <span class='ocrx_word' id='word_1_473' title='bbox 2722 3683 2847 3744; x_wconf 79' lang='lat' dir='ltr'><strong>agat</strong></span> <span class='ocrx_word' id='word_1_474' title='bbox 2877 3677 3001 3740; x_wconf 87' lang='lat' dir='ltr'><strong>nisi,</strong></span> <span class='ocrx_word' id='word_1_475' title='bbox 3034 3675 3139 3729; x_wconf 82' lang='lat' dir='ltr'><strong>fata</strong></span> <span class='ocrx_word' id='word_1_476' title='bbox 3169 3674 3407 3733; x_wconf 85' lang='lat' dir='ltr'><strong>minatur</strong></span> 
     </span>
    </p>
   </div>
   <div class='ocr_carea' id='block_1_90' title="bbox 1809 3763 3402 3837">
    <p class='ocr_par' dir='ltr' id='par_1_90' title="bbox 1809 3763 3402 3837">
     <span class='ocr_line' id='line_1_90' title="bbox 1809 3763 3402 3837; baseline -0.001 -15"><span class='ocrx_word' id='word_1_477' title='bbox 1809 3767 2005 3822; x_wconf 80' lang='lat' dir='ltr'><strong>Patris.</strong></span> <span class='ocrx_word' id='word_1_478' title='bbox 2035 3766 2105 3821; x_wconf 86' lang='lat' dir='ltr'><strong>At</strong></span> <span class='ocrx_word' id='word_1_479' title='bbox 2126 3766 2213 3819; x_wconf 85' lang='lat' dir='ltr'><strong>illa</strong></span> <span class='ocrx_word' id='word_1_480' title='bbox 2245 3781 2258 3819; x_wconf 92' lang='lat'><strong>:</strong></span> <span class='ocrx_word' id='word_1_481' title='bbox 2292 3784 2309 3815; x_wconf 77' lang='grc' dir='ltr'><strong>ι</strong></span> <span class='ocrx_word' id='word_1_482' title='bbox 2335 3763 2434 3818; x_wconf 90' lang='lat' dir='ltr'><strong>Tui</strong></span> <span class='ocrx_word' id='word_1_483' title='bbox 2459 3764 2673 3820; x_wconf 84' lang='lat' dir='ltr'><strong>Satanae</strong></span> <span class='ocrx_word' id='word_1_484' title='bbox 2694 3781 2973 3836; x_wconf 87' lang='lat' dir='ltr'><strong>nunquam</strong></span> <span class='ocrx_word' id='word_1_485' title='bbox 3009 3766 3205 3836; x_wconf 87' lang='lat' dir='ltr'><strong>impleo</strong></span> <span class='ocrx_word' id='word_1_486' title='bbox 3228 3765 3402 3837; x_wconf 70' lang='lat' dir='ltr'><strong>iussa,</strong></span> 
     </span>
    </p>
   </div>
   <div class='ocr_carea' id='block_1_91' title="bbox 1805 3853 3188 3927">
    <p class='ocr_par' dir='ltr' id='par_1_91' title="bbox 1805 3853 3188 3927">
     <span class='ocr_line' id='line_1_91' title="bbox 1805 3853 3188 3927; baseline -0.004 -13"><span class='ocrx_word' id='word_1_487' title='bbox 1805 3858 2007 3914; x_wconf 79' lang='lat' dir='ltr'><strong>Christi</strong></span> <span class='ocrx_word' id='word_1_488' title='bbox 2039 3856 2311 3927; x_wconf 82' lang='lat' dir='ltr'><strong>pra-cipue</strong></span> <span class='ocrx_word' id='word_1_489' title='bbox 2342 3869 2463 3925; x_wconf 68' lang='lat' dir='ltr'><strong>quae</strong></span> <span class='ocrx_word' id='word_1_490' title='bbox 2498 3854 2719 3909; x_wconf 90' lang='lat' dir='ltr'><strong>nomine</strong></span> <span class='ocrx_word' id='word_1_491' title='bbox 2748 3853 2875 3908; x_wconf 84' lang='lat' dir='ltr'><strong>fulta</strong></span> <span class='ocrx_word' id='word_1_492' title='bbox 2911 3855 3133 3909; x_wconf 84' lang='lat' dir='ltr'><strong>resulto.</strong></span> <span class='ocrx_word' id='word_1_493' title='bbox 3167 3873 3188 3909; x_wconf 73' lang='grc' dir='ltr'><strong>ι</strong></span> 
     </span>
    </p>
   </div>
   <div class='ocr_carea' id='block_1_92' title="bbox 1804 3944 3193 4017">
    <p class='ocr_par' dir='ltr' id='par_1_92' title="bbox 1804 3944 3193 4017">
     <span class='ocr_line' id='line_1_92' title="bbox 1804 3944 3193 4017; baseline -0.003 -13"><span class='ocrx_word' id='word_1_494' title='bbox 1804 3948 2107 4017; x_wconf 80' lang='lat' dir='ltr'><strong>Lampados</strong></span> <span class='ocrx_word' id='word_1_495' title='bbox 2139 3948 2352 4001; x_wconf 75' lang='lat' dir='ltr'><strong>invictae</strong></span> <span class='ocrx_word' id='word_1_496' title='bbox 2384 3944 2540 4016; x_wconf 89' lang='lat' dir='ltr'><strong>jubet</strong></span> <span class='ocrx_word' id='word_1_497' title='bbox 2566 3952 2907 4015; x_wconf 80' lang='lat' dir='ltr'><strong>opponantur</strong></span> <span class='ocrx_word' id='word_1_498' title='bbox 2938 3946 3193 4016; x_wconf 85' lang='lat' dir='ltr'><strong>utrinque</strong></span> 
     </span>
    </p>
   </div>
   <div class='ocr_carea' id='block_1_93' title="bbox 1803 4034 3030 4105">
    <p class='ocr_par' dir='ltr' id='par_1_93' title="bbox 1803 4034 3030 4105">
     <span class='ocr_line' id='line_1_93' title="bbox 1803 4034 3030 4105; baseline -0.003 -13"><span class='ocrx_word' id='word_1_499' title='bbox 1803 4039 2070 4093; x_wconf 85' lang='lat' dir='ltr'><strong>Ardentes</strong></span> <span class='ocrx_word' id='word_1_500' title='bbox 2101 4035 2290 4101; x_wconf 90' lang='lat' dir='ltr'><strong>lateri;</strong></span> <span class='ocrx_word' id='word_1_501' title='bbox 2322 4042 2769 4105; x_wconf 88' lang='lat' dir='ltr'><strong>maturantesque</strong></span> <span class='ocrx_word' id='word_1_502' title='bbox 2796 4034 3030 4089; x_wconf 85' lang='lat' dir='ltr'><strong>ministri</strong></span> 
     </span>
    </p>
   </div>
   <div class='ocr_carea' id='block_1_94' title="bbox 1802 4125 3091 4196">
    <p class='ocr_par' dir='ltr' id='par_1_94' title="bbox 1802 4125 3091 4196">
     <span class='ocr_line' id='line_1_94' title="bbox 1802 4125 3091 4196; baseline -0.001 -13"><span class='ocrx_word' id='word_1_503' title='bbox 1802 4129 1949 4184; x_wconf 88' lang='lat' dir='ltr'><strong>Pone</strong></span> <span class='ocrx_word' id='word_1_504' title='bbox 1975 4129 2194 4195; x_wconf 89' lang='lat' dir='ltr'><strong>cadunt,</strong></span> <span class='ocrx_word' id='word_1_505' title='bbox 2219 4126 2343 4183; x_wconf 76' lang='lat' dir='ltr'><strong>furti</strong></span> <span class='ocrx_word' id='word_1_506' title='bbox 2374 4125 2580 4181; x_wconf 86' lang='lat' dir='ltr'><strong>rabiem</strong></span> <span class='ocrx_word' id='word_1_507' title='bbox 2608 4125 2858 4182; x_wconf 87' lang='lat' dir='ltr'><strong>vincente</strong></span> <span class='ocrx_word' id='word_1_508' title='bbox 2894 4125 3091 4196; x_wconf 90' lang='lat' dir='ltr'><strong>puella.</strong></span> 
     </span>
    </p>
   </div>
   <div class='ocr_carea' id='block_1_95' title="bbox 1801 4217 3296 4292">
    <p class='ocr_par' dir='ltr' id='par_1_95' title="bbox 1801 4217 3296 4292">
     <span class='ocr_line' id='line_1_95' title="bbox 1801 4217 3296 4292; baseline 0.001 -17"><span class='ocrx_word' id='word_1_509' title='bbox 1801 4218 2176 4289; x_wconf 72' lang='lat' dir='ltr'><strong>Attollensque</strong></span> <span class='ocrx_word' id='word_1_510' title='bbox 2203 4220 2397 4274; x_wconf 87' lang='lat' dir='ltr'><strong>iterum</strong></span> <span class='ocrx_word' id='word_1_511' title='bbox 2426 4225 2611 4288; x_wconf 85' lang='lat' dir='ltr'><strong>caput,</strong></span> <span class='ocrx_word' id='word_1_512' title='bbox 2640 4218 2753 4272; x_wconf 78' lang='lat' dir='ltr'><strong>lucc</strong></span> <span class='ocrx_word' id='word_1_513' title='bbox 2785 4217 3038 4274; x_wconf 82' lang='lat' dir='ltr'><strong>exsibilat</strong></span> <span class='ocrx_word' id='word_1_514' title='bbox 3068 4222 3256 4292; x_wconf 79' lang='lat' dir='ltr'><strong>anguis</strong></span> <span class='ocrx_word' id='word_1_515' title='bbox 3283 4241 3296 4276; x_wconf 90' lang='lat'><strong>:</strong></span> 
     </span>
    </p>
   </div>
   <div class='ocr_carea' id='block_1_96' title="bbox 1809 4311 3297 4386">
    <p class='ocr_par' dir='ltr' id='par_1_96' title="bbox 1809 4311 3297 4386">
     <span class='ocr_line' id='line_1_96' title="bbox 1809 4311 3297 4386; baseline 0.003 -21"><span class='ocrx_word' id='word_1_516' title='bbox 1809 4331 1828 4365; x_wconf 79' lang='grc' dir='ltr'><strong>ι</strong></span> <span class='ocrx_word' id='word_1_517' title='bbox 1866 4312 2005 4367; x_wconf 87' lang='lat' dir='ltr'><strong>Pare</strong></span> <span class='ocrx_word' id='word_1_518' title='bbox 2027 4311 2187 4376; x_wconf 86' lang='lat' dir='ltr'><strong>clam,</strong></span> <span class='ocrx_word' id='word_1_519' title='bbox 2216 4312 2558 4383; x_wconf 26' lang='lat' dir='ltr'><strong>‘biothanata,</strong></span> <span class='ocrx_word' id='word_1_520' title='bbox 2594 4319 2649 4365; x_wconf 89' lang='lat' dir='ltr'><strong>et</strong></span> <span class='ocrx_word' id='word_1_521' title='bbox 2678 4326 2858 4386; x_wconf 65' lang='lat' dir='ltr'><strong>maga,</strong></span> <span class='ocrx_word' id='word_1_522' title='bbox 2888 4311 3100 4381; x_wconf 81' lang='lat' dir='ltr'><strong>legibus</strong></span> <span class='ocrx_word' id='word_1_523' title='bbox 3127 4316 3297 4385; x_wconf 70' lang='lat' dir='ltr'><strong>a&#39;quis</strong></span> 
     </span>
    </p>
   </div>
   <div class='ocr_carea' id='block_1_97' title="bbox 1801 4404 3148 4475">
    <p class='ocr_par' dir='ltr' id='par_1_97' title="bbox 1801 4404 3148 4475">
     <span class='ocr_line' id='line_1_97' title="bbox 1801 4404 3148 4475; baseline -0.001 -16"><span class='ocrx_word' id='word_1_524' title='bbox 1801 4405 2051 4475; x_wconf 82' lang='lat' dir='ltr'><strong>Ell&#39;ngere</strong></span> <span class='ocrx_word' id='word_1_525' title='bbox 2087 4414 2145 4460; x_wconf 88' lang='lat' dir='ltr'><strong>ut</strong></span> <span class='ocrx_word' id='word_1_526' title='bbox 2174 4406 2355 4460; x_wconf 85' lang='lat' dir='ltr'><strong>valcas</strong></span> <span class='ocrx_word' id='word_1_527' title='bbox 2382 4419 2569 4474; x_wconf 62' lang='lat' dir='ltr'><strong>poenas</strong></span> <span class='ocrx_word' id='word_1_528' title='bbox 2597 4404 2900 4460; x_wconf 87' lang='lat' dir='ltr'><strong>coasultior</strong></span> <span class='ocrx_word' id='word_1_529' title='bbox 2929 4415 3095 4460; x_wconf 88' lang='lat' dir='ltr'><strong>atras.</strong></span> <span class='ocrx_word' id='word_1_530' title='bbox 3129 4425 3148 4457; x_wconf 70' lang='grc' dir='ltr'><strong>ι</strong></span> 
     </span>
    </p>
   </div>
   <div class='ocr_carea' id='block_1_98' title="bbox 1802 4495 3195 4565">
    <p class='ocr_par' dir='ltr' id='par_1_98' title="bbox 1802 4495 3195 4565">
     <span class='ocr_line' id='line_1_98' title="bbox 1802 4495 3195 4565; baseline -0.001 -16"><span class='ocrx_word' id='word_1_531' title='bbox 1802 4495 1895 4550; x_wconf 88' lang='lat' dir='ltr'><strong>Illa</strong></span> <span class='ocrx_word' id='word_1_532' title='bbox 1921 4514 1934 4550; x_wconf 91' lang='lat'><strong>:</strong></span> <span class='ocrx_word' id='word_1_533' title='bbox 1966 4515 1984 4548; x_wconf 74' lang='grc' dir='ltr'><strong>ι</strong></span> <span class='ocrx_word' id='word_1_534' title='bbox 2018 4496 2368 4551; x_wconf 69' lang='grc' dir='ltr'><strong>ΒὶοιΙιοηειιοε</strong></span> <span class='ocrx_word' id='word_1_535' title='bbox 2392 4495 2612 4565; x_wconf 74' lang='lat' dir='ltr'><strong>(redditi</strong></span> <span class='ocrx_word' id='word_1_536' title='bbox 2645 4510 2740 4549; x_wconf 88' lang='lat' dir='ltr'><strong>vos</strong></span> <span class='ocrx_word' id='word_1_537' title='bbox 2764 4508 2886 4549; x_wconf 84' lang='lat' dir='ltr'><strong>esse</strong></span> <span class='ocrx_word' id='word_1_538' title='bbox 2913 4495 3195 4565; x_wconf 87' lang='lat' dir='ltr'><strong>probatur,</strong></span> 
     </span>
    </p>
   </div>
   <div class='ocr_carea' id='block_1_99' title="bbox 1803 4586 3234 4657">
    <p class='ocr_par' dir='ltr' id='par_1_99' title="bbox 1803 4586 3234 4657">
     <span class='ocr_line' id='line_1_99' title="bbox 1803 4586 3234 4657; baseline -0.001 -15"><span class='ocrx_word' id='word_1_539' title='bbox 1803 4586 2208 4657; x_wconf 76' lang='lat' dir='ltr'><strong>Prmstigiisque</strong></span> <span class='ocrx_word' id='word_1_540' title='bbox 2237 4586 2437 4656; x_wconf 73' lang='lat' dir='ltr'><strong>nigros,</strong></span> <span class='ocrx_word' id='word_1_541' title='bbox 2474 4586 2657 4640; x_wconf 86' lang='lat' dir='ltr'><strong>vivum</strong></span> <span class='ocrx_word' id='word_1_542' title='bbox 2696 4600 2989 4654; x_wconf 86' lang='lat' dir='ltr'><strong>verumque</strong></span> <span class='ocrx_word' id='word_1_543' title='bbox 3017 4586 3234 4653; x_wconf 77' lang='lat' dir='ltr'><strong>negatis</strong></span> 
     </span>
    </p>
   </div>
   <div class='ocr_carea' id='block_1_100' title="bbox 1801 4676 3211 4749">
    <p class='ocr_par' dir='ltr' id='par_1_100' title="bbox 1801 4676 3211 4749">
     <span class='ocr_line' id='line_1_100' title="bbox 1801 4676 3211 4749; baseline -0.004 -13"><span class='ocrx_word' id='word_1_544' title='bbox 1801 4680 1903 4749; x_wconf 85' lang='lat' dir='ltr'><strong>Qui</strong></span> <span class='ocrx_word' id='word_1_545' title='bbox 1930 4682 2238 4744; x_wconf 76' lang='lat' dir='ltr'><strong>Dominum,</strong></span> <span class='ocrx_word' id='word_1_546' title='bbox 2264 4680 2552 4747; x_wconf 76' lang='lat' dir='ltr'><strong>larvasque</strong></span> <span class='ocrx_word' id='word_1_547' title='bbox 2581 4676 2807 4732; x_wconf 88' lang='lat' dir='ltr'><strong>colendo</strong></span> <span class='ocrx_word' id='word_1_548' title='bbox 2837 4678 3084 4746; x_wconf 84' lang='lat' dir='ltr'><strong>peribitis</strong></span> <span class='ocrx_word' id='word_1_549' title='bbox 3110 4676 3211 4745; x_wconf 77' lang='lat' dir='ltr'><strong>ipsi</strong></span> 
     </span>
    </p>
   </div>
   <div class='ocr_carea' id='block_1_101' title="bbox 1803 4766 3143 4841">
    <p class='ocr_par' dir='ltr' id='par_1_101' title="bbox 1803 4766 3143 4841">
     <span class='ocr_line' id='line_1_101' title="bbox 1803 4766 3143 4841; baseline -0.004 -14"><span class='ocrx_word' id='word_1_550' title='bbox 1803 4772 2114 4836; x_wconf 58' lang='lat' dir='ltr'><strong>Haerentes;</strong></span> <span class='ocrx_word' id='word_1_551' title='bbox 2147 4786 2247 4841; x_wconf 81' lang='lat' dir='ltr'><strong>ego</strong></span> <span class='ocrx_word' id='word_1_552' title='bbox 2282 4783 2537 4839; x_wconf 80' lang='lat' dir='ltr'><strong>supremo</strong></span> <span class='ocrx_word' id='word_1_553' title='bbox 2563 4766 2897 4836; x_wconf 76' lang='lat' dir='ltr'><strong>Dominoque</strong></span> <span class='ocrx_word' id='word_1_554' title='bbox 2928 4766 3143 4835; x_wconf 81' lang='lat' dir='ltr'><strong>Deo:;ne</strong></span> 
     </span>
    </p>
   </div>
   <div class='ocr_carea' id='block_1_102' title="bbox 1628 4840 3084 4929">
    <p class='ocr_par' dir='ltr' id='par_1_102' title="bbox 1628 4840 3084 4929">
     <span class='ocr_line' id='line_1_102' title="bbox 1628 4840 3084 4929; baseline -0.008 -9"><span class='ocrx_word' id='word_1_555' title='bbox 1628 4840 1633 4843; x_wconf 26' lang='grc'><strong>⁷</strong></span> <span class='ocrx_word' id='word_1_556' title='bbox 1723 4867 1779 4929; x_wconf 89' lang='lat' dir='ltr'><strong>D</strong></span> <span class='ocrx_word' id='word_1_557' title='bbox 1805 4862 1981 4919; x_wconf 76' lang='lat' dir='ltr'><strong>Oll‘ero</strong></span> <span class='ocrx_word' id='word_1_558' title='bbox 2012 4840 2343 4917; x_wconf 80' lang='lat' dir='ltr'><strong>sacriﬁcans.</strong></span> <span class='ocrx_word' id='word_1_559' title='bbox 2378 4874 2462 4914; x_wconf 89' lang='lat' dir='ltr'><strong>me</strong></span> <span class='ocrx_word' id='word_1_560' title='bbox 2495 4871 2580 4912; x_wconf 90' lang='lat' dir='ltr'><strong>me</strong></span> <span class='ocrx_word' id='word_1_561' title='bbox 2600 4856 2852 4927; x_wconf 81' lang='lat' dir='ltr'><strong>dignetur</strong></span> <span class='ocrx_word' id='word_1_562' title='bbox 2883 4866 2939 4909; x_wconf 87' lang='lat' dir='ltr'><strong>ut</strong></span> <span class='ocrx_word' id='word_1_563' title='bbox 2971 4856 3084 4925; x_wconf 89' lang='lat' dir='ltr'><strong>ipse</strong></span> 
     </span>
    </p>
   </div>
   <div class='ocr_carea' id='block_1_103' title="bbox 1811 4950 3343 5025">
    <p class='ocr_par' dir='ltr' id='par_1_103' title="bbox 1811 4950 3343 5025">
     <span class='ocr_line' id='line_1_103' title="bbox 1811 4950 3343 5025; baseline 0 -13"><span class='ocrx_word' id='word_1_564' title='bbox 1811 4956 2062 5019; x_wconf 78' lang='lat' dir='ltr'><strong>Sumere,</strong></span> <span class='ocrx_word' id='word_1_565' title='bbox 2097 4953 2370 5025; x_wconf 76' lang='lat' dir='ltr'><strong>peccatrix</strong></span> <span class='ocrx_word' id='word_1_566' title='bbox 2396 4952 2548 5015; x_wconf 86' lang='lat' dir='ltr'><strong>licet.</strong></span> <span class='ocrx_word' id='word_1_567' title='bbox 2575 4963 2633 5007; x_wconf 85' lang='lat' dir='ltr'><strong>at</strong></span> <span class='ocrx_word' id='word_1_568' title='bbox 2665 4968 2783 5006; x_wconf 91' lang='lat' dir='ltr'><strong>sum</strong></span> <span class='ocrx_word' id='word_1_569' title='bbox 2815 4953 3040 5007; x_wconf 85' lang='lat' dir='ltr'><strong>vernula</strong></span> <span class='ocrx_word' id='word_1_570' title='bbox 3066 4950 3295 5011; x_wconf 82' lang='lat' dir='ltr'><strong>Christi.</strong></span> <span class='ocrx_word' id='word_1_571' title='bbox 3323 4976 3343 5010; x_wconf 75' lang='grc' dir='ltr'><strong>ι</strong></span> 
     </span>
    </p>
   </div>
   <div class='ocr_carea' id='block_1_104' title="bbox 1811 5040 3075 5113">
    <p class='ocr_par' dir='ltr' id='par_1_104' title="bbox 1811 5040 3075 5113">
     <span class='ocr_line' id='line_1_104' title="bbox 1811 5040 3075 5113; baseline -0.006 -11"><span class='ocrx_word' id='word_1_572' title='bbox 1811 5046 2048 5102; x_wconf 70' lang='lat' dir='ltr'><strong>Creditur</strong></span> <span class='ocrx_word' id='word_1_573' title='bbox 2080 5047 2204 5099; x_wconf 88' lang='lat' dir='ltr'><strong>hinc</strong></span> <span class='ocrx_word' id='word_1_574' title='bbox 2234 5044 2383 5097; x_wconf 71' lang='lat' dir='ltr'><strong>duris</strong></span> <span class='ocrx_word' id='word_1_575' title='bbox 2414 5040 2634 5098; x_wconf 68' lang='lat' dir='ltr'><strong>robusta</strong></span> <span class='ocrx_word' id='word_1_576' title='bbox 2665 5043 2817 5113; x_wconf 74' lang='lat' dir='ltr'><strong>virgo</strong></span> <span class='ocrx_word' id='word_1_577' title='bbox 2846 5040 3075 5107; x_wconf 81' lang='lat' dir='ltr'><strong>bacillis,</strong></span> 
     </span>
    </p>
   </div>
   <div class='ocr_carea' id='block_1_105' title="bbox 1811 5131 3248 5205">
    <p class='ocr_par' dir='ltr' id='par_1_105' title="bbox 1811 5131 3248 5205">
     <span class='ocr_line' id='line_1_105' title="bbox 1811 5131 3248 5205; baseline -0.001 -15"><span class='ocrx_word' id='word_1_578' title='bbox 1811 5134 2258 5204; x_wconf 72' lang='lat' dir='ltr'><strong>Ponderibnsquc</strong></span> <span class='ocrx_word' id='word_1_579' title='bbox 2284 5133 2568 5205; x_wconf 79' lang='lat' dir='ltr'><strong>ﬂagellatis</strong></span> <span class='ocrx_word' id='word_1_580' title='bbox 2594 5134 2790 5188; x_wconf 84' lang='lat' dir='ltr'><strong>humus</strong></span> <span class='ocrx_word' id='word_1_581' title='bbox 2821 5131 3062 5189; x_wconf 89' lang='lat' dir='ltr'><strong>intremit</strong></span> <span class='ocrx_word' id='word_1_582' title='bbox 3095 5132 3248 5202; x_wconf 77' lang='lat' dir='ltr'><strong>imis,</strong></span> 
     </span>
    </p>
   </div>
   <div class='ocr_carea' id='block_1_106' title="bbox 1814 5222 3089 5298">
    <p class='ocr_par' dir='ltr' id='par_1_106' title="bbox 1814 5222 3089 5298">
     <span class='ocr_line' id='line_1_106' title="bbox 1814 5222 3089 5298; baseline -0.009 -15"><span class='ocrx_word' id='word_1_583' title='bbox 1814 5229 1879 5284; x_wconf 88' lang='lat' dir='ltr'><strong>Et</strong></span> <span class='ocrx_word' id='word_1_584' title='bbox 1914 5224 2192 5298; x_wconf 82' lang='lat' dir='ltr'><strong>pavefacta</strong></span> <span class='ocrx_word' id='word_1_585' title='bbox 2223 5227 2365 5296; x_wconf 89' lang='lat' dir='ltr'><strong>piam</strong></span> <span class='ocrx_word' id='word_1_586' title='bbox 2395 5226 2649 5281; x_wconf 78' lang='lat' dir='ltr'><strong>collidere</strong></span> <span class='ocrx_word' id='word_1_587' title='bbox 2675 5224 2825 5294; x_wconf 84' lang='lat' dir='ltr'><strong>virga</strong></span> <span class='ocrx_word' id='word_1_588' title='bbox 2857 5222 3089 5294; x_wconf 76' lang='lat' dir='ltr'><strong>puellam</strong></span> 
     </span>
    </p>
   </div>
  </div>
