3888 5330
488 332 596 389 643
1204 332 1598 389 FLODOARDI
1627 333 1948 390 CANONICI
1978 334 2329 392 REllENSlS
2367 336 2736 395 OPUSCULA
2779 337 3108 396 METRICA.
3651 346 3749 401 6-H

484 451 838 506 Temnentcm
872 447 1040 502 dictat
1069 463 1320 519 proceres
1347 458 1400 502 et
1430 447 1642 518 publica
1669 447 1813 516 jura,

478 544 631 596 Dans
663 542 883 611 magicis
915 550 1123 609 patrata
1162 542 1256 594 Dei
1295 541 1496 594 virtute
1529 541 1736 609 ﬁguris.

481 633 637 688 llanc
669 648 857 686 rursus
890 643 1087 686 metam
1121 648 1244 686 mox
1275 631 1421 686 clara
1463 631 1666 686 Sabina
1698 639 1968 700 petentem

479 721 842 792 Prosequitur
870 721 1068 776 Christi
1105 723 1226 776 ﬁdei
1257 722 1504 776 devincta
1537 737 1632 790 per
1661 721 1854 791 ipsam,

487 812 585 868 Cui
618 829 820 884 praeses
852 832 865 868 :
905 833 922 864 ι
955 813 1093 880 Quid
1125 815 1436 874 dedecoras,
1470 813 1736 882 vilemque
1768 812 1956 867 fateris

490 905 605 960 Hoc
636 915 800 960 temet
828 922 934 976 quo
961 905 1304 961 Christicolis
1331 916 1654 960 connectere
1685 907 1866 969 cultu,

488 995 736 1067 Conjugii
772 997 1102 1051 monimenta
1136 997 1408 1067 decusque
1442 997 1607 1050 oblita
1643 1007 1954 1065 parentum,

489 1088 915 1159 Aspernansquc
942 1088 1070 1142 deos
1098 1105 1327 1158 quorum
1358 1098 1406 1141 te
1438 1089 1717 1142 incurrere
1745 1097 1922 1141 motus

493 1177 742 1233 Horren?
771 1180 908 1244 Quin
937 1194 1113 1232 remea
1145 1179 1498 1248 pr0priasque
1528 1188 1799 1233 revertere
1826 1179 1891 1231 ad
1917 1178 2080 1242 :edes,

494 1271 674 1340 Atque
702 1271 945 1340 relinque
977 1287 1186 1340 magam
1217 1286 1338 1340 qure
1365 1270 1562 1324 midtos
1589 1271 1798 1324 artibus
1824 1269 1958 1323 atris

493 1362 538 1415 A
571 1361 717 1415 cultu
748 1377 1030 1416 removens
1063 1360 1188 1415 fecit
1215 1360 1470 1416 secedere
1496 1361 1699 1414 divum.
1739 1378 1758 1412 ι

493 1450 650 1504 Alma
682 1451 879 1505 Sabina
909 1469 922 1504 :
958 1469 976 1502 ι
1011 1450 1198 1518 Hujus,
1228 1467 1448 1520 pravam
1478 1468 1640 1522 quam
1671 1451 1808 1515 fare,
1840 1448 2032 1520 puclla:

494 1539 716 1595 Artibus
741 1557 773 1595 ο
797 1556 1008 1606 suasus,
1036 1541 1198 1594 veluti
1231 1556 1349 1595 sum
1376 1556 1556 1605 suasa,
1586 1541 1818 1606 valeres,

496 1633 662 1703 Impia
689 1631 1010 1703 spurcorum
1038 1633 1327 1688 simulacra
1351 1632 1586 1704 probare
1612 1633 1860 1694 deorum.

495 1723 564 1778 Et
591 1740 778 1780 verum
809 1741 1076 1797 cognosse
1102 1726 1269 1780 Deum
1301 1727 1414 1794 qui,
1446 1726 1665 1796 prmmia
1689 1724 1853 1794 justis

493 1813 735 1869 IEternze
765 1816 1006 1871 tribuens
1038 1817 1192 1880 lucis,
1219 1816 1310 1870 dat
1338 1815 1564 1869 Tartara
1595 1816 1795 1884 pravis.
1831 1835 1850 1869 ι

494 1907 621 1962 Haec
648 1912 713 1962 ad
743 1911 908 1963 verba
937 1924 1131 1963 verens
1154 1923 1354 1978 prieses
1383 1907 1512 1962 sinit
1539 1907 1617 1961 ire
1643 1907 1918 1961 Sabinam.

494 1996 737 2068 Virginis
767 1998 853 2052 illa
886 1999 986 2068 piae
1017 1999 1176 2054 ﬁnem
1211 1997 1556 2068 palmamque
1587 1997 1844 2067 triumphi

495 2089 782 2161 Exsequiis
809 2091 1089 2148 celebrans
1113 2091 1289 2159 dignis
1316 2091 1572 2158 claroque
1597 2091 1793 2152 nitore,

2101 456 2148 510 Α
2180 449 2474 519 Relliquias
2505 451 2723 520 capiens
2744 438 2986 520 pretioso
3013 467 3238 508 munere
3263 453 3561 509 claustrum

2180 541 2521 596 Condecorat
2546 542 2802 596 mausolei
2833 543 2934 597 sibi
2968 535 3069 597 rite
3093 545 3300 613 parati;

2185 630 2446 700 lluncque
2478 631 2814 701 interpositis
2845 633 3051 701 aliquot
3081 649 3400 703 comprensa
3436 636 3638 702 diebus,

2186 719 2412 775 Sistitur
2439 721 2669 791 Elpidio,
2705 739 2900 778 censor
2930 724 3020 795 qui
3053 725 3137 779 his
3165 727 3303 781 hanc
3331 739 3484 796 rogat
3509 732 3681 786 orsis:

2190 829 2208 862 ι
2249 811 2401 866 Tunc
2429 811 2697 868 Valentini
2729 817 3001 884 quondam
3029 817 3287 886 prteclara
3319 820 3522 875 Sabina

2188 899 2356 966 Uxor,
2383 910 2437 956 et
2464 903 2692 959 illustris
2722 905 2901 974 proles
2929 904 3156 962 Herodis
3179 908 3431 964 haberis?
3461 929 3478 961 ι

2184 991 2276 1044 llla
2306 1010 2318 1046 :
2353 1011 2371 1043 ι
2409 993 2521 1064 Ego
2553 1009 2692 1058 sum,
2729 1005 2909 1064 grates
2932 995 3152 1050 Christo
3182 997 3482 1067 laudesque
3514 1001 3746 1069 rependo,

2187 1083 2288 1149 Qui
2316 1085 2679 1153 peccatricem
2712 1101 2797 1140 me
2824 1087 3076 1142 sordibus
3104 1089 3246 1141 eruit
3276 1090 3433 1153 atris,

2187 1176 2355 1229 Serva
2388 1162 2709 1247 nitens'ejus
2736 1179 2861 1230 dum
2895 1194 2979 1232 me
3006 1178 3268 1248 Seraphia
3299 1181 3491 1235 vinclis

2186 1267 2434 1322 Absolvit
2466 1267 2754 1334 lemurum,
2781 1270 3066 1324 Dominum
3094 1272 3228 1326 dans
3251 1288 3478 1328 noscere
3506 1288 3699 1328 verum.
3727 1293 3746 1327 ι

2189 1356 2351 1424 Qucis
2373 1358 2479 1412 bile
2507 1359 2726 1413 incensa
2754 1363 3019 1414 sententia
3042 1362 3224 1432 judice
3251 1363 3418 1429 dicta,

2188 1445 2474 1501 Praeteritis
2497 1463 2778 1517 procerum
2798 1451 3013 1518 probris
3043 1460 3360 1523 temptuque
3386 1455 3625 1521 deorum,

2191 1539 2257 1592 Et
2279 1539 2409 1592 cadi
2435 1539 2612 1608 gladio
2641 1539 2796 1593 l'ortis
2819 1542 3035 1596 decreta
3067 1542 3292 1610 Sabina,

2191 1629 2436 1702 Egregia:
2466 1632 2619 1686 dotes
2649 1633 2819 1687 titulis
2851 1634 3124 1688 ﬁsealibus
3155 1637 3300 1701 addi,

2193 1721 2358 1790 Cujus
2387 1724 2454 1776 ab
2483 1722 2706 1776 illustris
2734 1724 2910 1777 meriti
2943 1724 3154 1778 sublata
3181 1725 3427 1779 locantur

2118 1804 2164 1862 Β
2195 1815 2432 1869 Membra
2462 1815 2594 1868 viris
2623 1815 2736 1884 ipso
2765 1832 2871 1883 quo
2901 1815 3218 1871 condiderat
3247 1817 3571 1873 veneranda

2191 1904 2328 1960 Ossa
2352 1921 2462 1959 suze
2487 1905 2690 1961 tumulo
2717 1906 2837 1959 ﬁdei
2869 1922 3168 1976 pugnaeque
3201 1909 3498 1978 magistre,

2192 1999 2368 2054 Arcus
2399 1997 2659 2062 Faustini,
2686 1994 2833 2052 Jovis
2864 2012 2988 2052 area
3025 1997 3351 2054 Vindiciani.

1977 2249 2208 2306 CAPUT
2255 2248 2362 2303 Vll.

1674 2339 1752 2395 De
1777 2351 1960 2395 sancta
1987 2341 2181 2412 Sapln'a
2214 2354 2260 2396 et
2293 2341 2506 2410 ﬁliabus
2529 2341 2668 2411 ejus.

497 2457 783 2529 Virgineus
813 2457 977 2513 decor
1008 2457 1093 2512 hic
1124 2455 1266 2511 trino
1297 2452 1582 2524 Splendore
1610 2469 1869 2509 coruscus

495 2548 738 2622 Martyrii
769 2549 964 2604 meruit
1000 2563 1134 2603 nexa
1167 2547 1348 2602 radice
1374 2559 1657 2611 coronam,

2195 2452 2347 2507 Tunc
2363 2452 2636 2519 Charitas,
2663 2449 2819 2522 Spes,
2846 2458 3009 2521 atque
3035 2450 3214 2518 Fides,
3232 2447 3747 2524 cummatreSoplda.

1947 2696 2176 2754 CAPUT
2219 2696 2351 2752 VIII.

1899 2786 1978 2841 De
2005 2801 2186 2844 sancio
2210 2786 2518 2842 Eustochio.

494 2903 693 2961 Fertur
719 2921 784 2961 eo
812 2904 1163 2969 Eustachius,
1194 2901 1450 2957 Placidus
1478 2900 1799 2971 cognomine
1831 2901 2006 2956 dictus
2029 2943 2044 2968 ,

497 3001 737 3055 Turbine
765 3016 887 3055 cum
920 2999 1114 3070 genitis
1143 2997 1302 3052 simul
1330 2995 1553 3068 Agapio,
1586 2994 1912 3065 TheOpisto,

497 3093 693 3148 Juncta
726 3108 916 3160 uxore,
943 3091 1324 3161 triumphalem
1361 3090 1622 3143 meruisse
1653 3088 1908 3152 nitorem,

503 3185 744 3250 Quorum
772 3193 925 3238 actus
957 3182 1092 3236 mira
1121 3179 1320 3248 stupidi
1355 3178 1562 3232 ratione
1591 3177 1864 3245 leguntur.

506 3275 710 3329 Militizn
738 3275 991 3345 princeps
1020 3283 1210 3342 captus
1239 3272 1364 3325 dum
1397 3269 1560 3338 ﬁgere
1589 3284 1807 3323 cervum

501 3367 743 3438 Appetit,
775 3377 834 3420 ut
865 3365 1019 3421 fuerit
1057 3365 1286 3420 Domino
1317 3373 1548 3418 venante
1581 3376 1892 3431 sequacem,

507 3456 579 3512 Ut
606 3459 727 3511 data
757 3456 1054 3527 perdiderit
1081 3454 1283 3510 terreni
1315 3469 1539 3508 munera
1569 3467 1785 3512 census,

499 3545 728 3617 Insuper
756 3563 1004 3612 uxorem,
1034 3556 1316 3616 natosque,
1345 3553 1400 3598 et
1425 3560 1626 3614 pauper
1653 3543 1704 3597 in
1736 3541 1879 3612 agris

503 3635 777 3693 Ruricolae
807 3637 1037 3693 ediderit
1064 3638 1230 3692 vitam
1263 3636 1512 3691 mercede
1548 3635 1849 3698 laborum;,

2202 2899 2481 2966 Quomodo
2513 2894 2794 2967 quaesitus,
2826 2907 2928 2962 qua
2957 2903 3080 2964 post
3107 2892 3360 2963 indagine
3383 2892 3535 2946 visus

2204 2991 2407 3045 Militize
2435 2990 2660 3058 antiquo
2689 2987 2760 3042 sit
2790 2993 3127 3041 restauratus
3158 2981 3352 3037 honori
3378 2998 3394 3047 ;

2202 3083 2462 3154 Repperit
2485 3089 2543 3134 ut
2569 3089 2724 3135 natos
2751 3078 3063 3147 sociamque
3087 3075 3333 3130 abiturus
3359 3076 3412 3128 in
3439 3074 3662 3136 hostem,

2203 3177 2414 3248 Quique
2447 3173 2793 3243 triumphalis
2819 3170 3002 3226 reduci
3031 3170 3170 3225 redit
3197 3167 3442 3223 hostibus
3470 3181 3614 3230 ense,

2123 3301 2168 3364 Ο
2205 3270 2681 3335 Contemnensque
2713 3263 2864 3327 deos,
2900 3262 3022 3316 fana
3056 3269 3376 3330 aspernatus
3401 3258 3571 3324 abire,

2202 3359 2456 3414 Traditus
2483 3365 2542 3410 ut
2565 3354 2734 3410 belvis
2761 3353 2893 3408 abiit
2919 3360 3206 3406 veneratus
3229 3351 3296 3404 ab
3322 3349 3476 3419 ipsis,

2200 3449 2429 3504 Clausus
2449 3462 2572 3502 cum
2600 3445 2796 3516 genitis
2825 3453 3098 3514 nuptaque
3123 3441 3427 3496 Phalaridis
3457 3440 3576 3510 igne

2205 3540 2275 3597 Ut
2304 3539 2464 3596 simul
2491 3547 2636 3594 astra
2663 3537 2797 3608 petit
2833 3544 3105 3591 tormento
3130 3533 3326 3588 illzesus
3350 3531 3548 3585 aheno.

1963 3786 2206 3844 CAPUT.
2233 3785 2325 3840 IX.

1680 3878 1756 3932 De
1789 3889 1972 3934 sancto
1997 3878 2302 3934 Eleutherio
2335 3888 2380 3932 et
2409 3877 2588 3930 Aetia.

508 4020 663 4075 Tunc
688 4017 1033 4073 Eleutherius
1062 4019 1258 4072 virtute
1285 4027 1336 4073 et
1365 4017 1629 4088 sanguine
1661 4016 1861 4078 clarus,

506 4108 753 4163 Messana
781 4107 980 4162 celebri
1007 4107 1202 4176 praesul
1233 4108 1436 4178 pietate
1469 4107 1709 4174 regebat,

507 4199 609 4266 Qui
645 4200 854 4252 fervore
882 4198 974 4252 Dei
1008 4207 1267 4267 castoque
1297 4198 1496 4253 decore
1522 4206 1784 4251 venustus

507 4291 804 4358 Captantcs
830 4287 920 4342 ubi
954 4304 1010 4342 se
1039 4299 1262 4358 captans
1288 4289 1381 4342 dat
1409 4289 1509 4342 sub
1533 4286 1660 4357 juga
1692 4286 1919 4350 Christi,

505 4380 739 4452 Ignitum
766 4378 1021 4450 Chalybis
1052 4379 1272 4445 lectum,
1307 4395 1406 4449 pro
1434 4378 1593 4432 laude
1619 4377 1904 4442 Tonantis,

2205 4008 2490 4064 Ferventis
2520 4006 2659 4076 pice,
2687 4004 2838 4075 pinu,
2856 4002 2982 4058 oleo
3008 3999 3297 4072 sartaginis
3323 4000 3495 4069 ignes,

2205 4097 2491 4154 Craticula:
2519 4112 2721 4167 prunas
2748 4097 2968 4150 robusto
2997 4103 3215 4165 pectore
3243 4093 3434 4157 vincit,

2207 4189 2607 4260 Expositusque
2639 4187 2766 4242 feris
2790 4194 3009 4256 superat
3037 4186 3238 4255 pietate
3271 4183 3477 4237 leones.

2209 4282 2302 4336 Sic
2325 4279 2558 4351 gladium
2580 4277 2768 4348 jugulo
2798 4277 3012 4345 rapiens
3038 4290 3161 4329 cum
3191 4281 3366 4326 matre
3394 4269 3610 4333 recedit,

2209 4374 2374 4428 Antia
2407 4387 2527 4444 qua:
2562 4370 2688 4426 felix
2723 4369 2865 4424 felici
2899 4369 3119 4441 pignore
3149 4367 3366 4437 gaudet.

1979 4530 2210 4587 CAPUT
2252 4529 2320 4583 Χ.

1213 4623 1290 4678 De
1320 4621 1562 4694 apologia
1587 4622 1850 4688 Quadrati
1883 4632 1930 4676 et
1966 4622 2233 4687 Aristidis,
2273 4628 2320 4672 ct
2349 4613 2654 4671 remissione
2685 4609 3079 4682 persecutionis.

509 4745 648 4802 Dum
674 4741 948 4800 bacchans
969 4739 1169 4811 passim
1199 4754 1294 4809 per
1326 4755 1474 4802 rura,
1500 4754 1597 4808 per
1621 4737 1815 4807 oppida
1843 4737 1965 4792 talis

508 4834 569 4891 ln
599 4843 816 4890 sanctos
842 4832 958 4887 vice
989 4839 1272 4902 grassatur
1302 4829 1556 4884 violentia
1590 4828 1746 4898 legis,

513 4925 702 4980 Fontis
726 4922 1003 4992 apostolici
1033 4921 1310 4977 restabant
1335 4920 1585 4992 dogmate
1613 4919 1772 4983 clari,

2126 4717 2176 4775 Ῐ)
2205 4733 2517 4789 Prmsidiset
2535 4728 2669 4801 graii
2685 4726 2864 4799 [θοαὶ
2876 4722 3067 4796 granu]
3092 4721 3312 4790 capiens
3325 4709 3753 4778 consultaSereni,

2204 4827 2284 4883 Re
2311 4840 2476 4895 super
2509 4823 2612 4876 hac
2643 4821 2825 4883 mites,
2854 4833 2962 4872 non
2993 4815 3300 4884 impellente
3332 4821 3508 4878 reatu,

2205 4914 2563 4974 Christicolas
2594 4911 2820 4968 sceleris
2849 4908 3032 4980 puniri
3061 4908 3238 4963 cernit
3268 4906 3545 4976 iniquum;
