3888 5330
103 277 208 339 685
679 275 771 333 DE
799 273 1077 334 CHRISTI
1105 271 1485 332 TRIUMPHIS
1523 274 1711 333 APUD
1740 274 2025 334 ITALIAAI
2053 277 2232 335 LIBRI
2258 279 2397 337 XIV.
2421 311 2493 324 -—
2531 282 2659 339 LIB.
2695 280 2784 342 III.
3281 286 3387 341 646

1548 384 1783 442 CAPUT
1822 386 1915 443 XI.

1310 473 1388 529 De
1414 473 1728 532 Telesphore
1758 488 1807 534 et
1835 477 2050 549 Hygino
2084 477 2204 534 PP.

104 595 223 651 Post
247 591 460 648 Sixtum
489 590 677 645 Romae
705 587 901 645 solium
929 587 1293 658 TeleSphorus
1314 600 1490 654 ornat,
1694 591 1769 649 ’Δ
1801 591 2097 650 Successor
2124 594 2329 651 clerum
2358 595 2594 668 disponit
2615 604 2670 652 et
2694 606 2854 653 ornat
2880 597 3152 672 Hyginus;

104 687 241 742 luris
266 682 552 755 aposlolici
573 680 816 736 (ιειεοιυε
840 688 898 735 ιιι
930 680 1254 734 anachoreta
1794 681 1907 738 liae
1934 700 2041 754 quo
2075 683 2357 755 perfuncto
2380 701 2478 756 per
2507 695 2761 757 quattuor
2791 688 2994 744 inditur
3020 706 3195 748 annos

104 777 350 848 Angelica
379 773 608 847 populos
634 788 794 844 quam
828 781 980 827 vasta
1014 787 1109 843 per
1142 782 1327 842 egerat
1359 788 1489 828 arva
1794 774 1955 842 Sede,
1982 776 2109 833 Pius
2134 778 2243 832 vita
2268 778 2469 835 celebri
2497 795 2794 851 cognomen
2824 782 3119 851 houoraus,

105 868 390 923 Instrueret
417 867 550 932 vita,
574 865 740 921 sobrii
766 864 858 941 qui
887 867 1101 920 tradere
1130 865 1253 920 belli
1791 868 2037 925 Pastoris
2068 870 2237 925 frater
2265 870 2464 941 pietate
2495 880 2720 927 ornatus
2752 882 2995 943 uterque.

105 958 459 1014 Instrumenta
489 956 627 1011 Viris
651 955 889 1018 fervens.
923 953 1232 1024 PI‘J‘CCdCI‘O
1257 965 1509 1009 sanctum
1791 958 1950 1014 Istius
1982 960 2083 1015 sub
2110 961 2388 1033 episc0pio
2410 961 2608 1016 librum
2634 963 2805 1017 edidit
2832 963 3080 1026 llermcs.

105 1052 224 1118 Qua:
247 1058 396 1105 tenet
417 1048 661 1104 Ecclesia
686 1047 876 1103 statuit
895 1045 1121 1117 jejunia,
1153 1046 1393 1112 Pascha;
1793 1049 1965 1119 Quem
1992 1051 2180 1120 prima;
2209 1050 2362 1105 Pauli
2388 1052 2604 1106 scheda:
2635 1052 2890 1106 mandata
2926 1052 3186 1119 salutant,

104 1139 293 1194 Natalis
321 1139 508 1209 peragi
539 1137 743 1193 Christi
776 1137 1034 1208 mysteria
1064 1146 1257 1202 nocte,

1792 1143 2036 1215 Angelici
2063 1144 2284 1199 sibimet
2311 1144 2548 1199 monitus
2575 1144 2699 1199 data
2718 1143 2872 1213 jussa
2899 1145 3168 1210 revolans;

106 1230 270 1287 Tertia
302 1245 405 1285 nec
429 1237 631 1300 praeter
651 1229 751 1284 nisi
784 1227 1015 1283 candent
1041 1228 1175 1281 hora
1205 1227 1311 1281 diei

1793 1233 2001 1290 Pascha
2030 1235 2117 1290 die
2145 1236 2313 1290 trahit
2342 1252 2374 1290 a
2404 1236 2634 1292 Domino
2668 1238 2759 1308 qui
2803 1254 2998 1293 nomen
3027 1239 3291 1310 agendqu

104 1320 209 1387 Qua
240 1321 422 1375 crucis
450 1322 722 1375 aethereus
750 1318 919 1374 subiit
944 1317 1205 1372 miracula
1239 1316 1437 1385 fulgor,

1793 1323 2083 1379 Schemate
2108 1326 2366 1396 pastoris,
2392 1326 2493 1381 hoc
2512 1327 2755 1382 cwlicola
2787 1327 3149 1397 imperitante,

105 1412 334 1483 llymnus
366 1420 422 1468 et
455 1411 731 1485 angelicas
758 1419 942 1465 monet
972 1410 1116 1465 inter
1140 1424 1294 1464 sacra
1328 1408 1572 1463 resultet.
1791 1415 2001 1488 Quique
2026 1417 2125 1488 legi
2151 1416 2329 1474 Graiis
2358 1417 2549 1473 solitus
2584 1426 2681 1488 per
2708 1419 2920 1490 publica
2950 1420 3173 1491 templa,

106 1502 227 1559 llinc
253 1513 467 1575 martyr
494 1504 732 1558 renitens
754 1502 1013 1573 claroque
1039 1504 1095 1556 in
1127 1501 1232 1555 line
1263 1499 1606 1570 triumphans
1788 1508 1950 1566 Credi
1973 1509 2302 1582 Hieronymo
2332 1511 2525 1583 dignus
2558 1519 2793 1568 ιρειοηω
2823 1512 3057 1568 libellus.

106 1593 354 1652 Conditur
381 1596 449 1652 ad
474 1596 649 1652 sancti
679 1605 901 1651 sanctus
926 1608 1078 1650 sacra
1110 1592 1335 1664 pignora
1364 1590 1535 1646 Petri.

1569 1748 1801 1805 CAPUT
1828 1751 1943 1807 XII.

1403 1846 1482 1901 De
1514 1844 1722 1902 Novato
1755 1858 1804 1904 et
1836 1848 2094 1903 Pudente.

108 1962 207 2019 Hoc
225 1962 437 2019 nimere
465 1961 567 2016 viri
598 1961 798 2032 egregii
828 1960 929 2015 sub
964 1958 1193 2031 ptzesule
1222 1957 1438 2029 plures;
1714 1945 1757 2004 Β
1791 1961 2098 2032 Discipnlus
2122 1960 2297 2029 Pauli,
2323 1960 2534 2016 titulum
2571 1961 2665 2033 qni
2693 1962 2913 2019 nomine
2943 1962 3116 2020 sancti

107 2054 330 2125 Namque
353 2063 630 2125 superstes
658 2054 835 2109 adhuc
863 2051 1089 2107 ﬂorebat
1119 2052 1324 2105 honore
1352 2051 1539 2105 beatus
1790 2052 2033 2109 Pastoris
2062 2053 2222 2108 clara:
2248 2052 2468 2108 fabrica:
2496 2054 2820 2118 construxit,
2848 2054 3050 2110 honore
3077 2064 3135 2110 et
3184 2068 3185 2071 ‘

107 2144 247 2202 Lucis
271 2148 584 2217 apostolica:
606 2146 825 2201 radians
847 2145 1131 2216 splendore
1156 2143 1394 2198 Novatus
1411 2184 1426 2208 ,
1790 2142 2054 2214 Dogmate
2081 2143 2383 2214 apostolico
2411 2152 2687 2213 sumptum
2718 2144 3041 2214 baptismate
3071 2143 3279 2202 cultum

108 2238 360 2295 Timothei
388 2242 581 2313 frater,
612 2240 831 2301 Domini.
851 2255 1022 2315 usque
1048 2254 1297 2315 suprema
1324 2237 1606 2307 ministe';
1788 2235 2025 2292 Insontis
2055 2236 2248 2289 tunicm
2277 2235 2345 2289 ad
2375 2237 2537 2291 tinem
2567 2236 2806 2292 servavit
2832 2235 3145 2292 honestum.

107 2328 185 2395 Ille
202 2333 414 2395 Pudens
435 2341 603 2396 etiam
627 2337 950 2419 cognomine
973 2346 1027 2393 et
1050 2351 1176 2392 arce
1202 2336 1443 2407 pudoris,

1521 2486 1749 2544 CAPUT
1789 2484 1923 2540 XIII.

1272 2576 1342 2634 De
1366 2579 1564 2633 sanctis
1592 2577 1836 2633 Praxede
1855 2585 1902 2629 et
1929 2570 2271 2627 Potentitma.

114 2695 261 2766 Hujus
283 2694 544 2751 Pudentis
570 2693 864 2749 sanctitate
892 2691 1156 2763 praaclues
1656 2694 1665 2703 ‘
1788 2687 2063 2758 Sequique
2094 2680 2297 2739 Chriin
2324 2679 2376 2733 in
2401 2677 2537 2734 bella
2567 2677 2721 2749 signa
2750 2676 3112 2748 promptulos.

114 2786 349 2842 Praxedis
375 2801 441 2841 ac
468 2784 791 2839 Potentiaua
822 2783 964 2849 tiliae,
1783 2778 1908 2833 Istis
1936 2789 2155 2832 sorores
2186 2770 2398 2842 inclyta:
2424 2768 2735 2835 virtutibus,

115 2878 239 2945 Quas
264 2879 383 2934 luce
406 2876 572 2933 Verbi
599 2884 656 2932 et
682 2875 951 2931 castitatis
972 2873 1211 2929 educans
1784 2872 1916 2927 Post
1941 2869 2114 2942 patris
2133 2883 2242 2923 tera
2269 2879 2565 2936 pauperum
2591 2877 2690 2934 per
2714 2864 2920 2919 viscera

116 2970 308 3025 Servire
330 2968 546 3025 Christo
575 2967 868 3024 destinavit
901 2966 1174 3037 virgines;
1784 2961 1987 3018 Christi
2012 2958 2217 3024 refusa,
2248 2966 2369 3027 post
2391 2968 2592 3023 agones
2621 2953 2883 3022 plurimos

113 3061 223 3128 Qua:
245 3071 366 3132 post
394 3060 640 3132 parentis
667 3059 1002 3115 excubantes
1034 3056 1321 3112 transitum
1784 3053 1989 3109 lenm
2020 3058 2208 3123 petunt
2247 3064 2344 3120 pro
2373 3048 2624 3103 castitate
2650 3047 2946 3113 exercitos,

114 3151 366 3220 Oratione,
390 3153 658 3215 laudibus,
684 3150 929 3223 jejuniis,
1783 3146 1864 3202 Pii
1893 3145 2094 3200 laboris
2127 3142 2477 3198 muneranda:
2504 3141 2761 3210 praemiis,

113 3241 264 3299 Vitam
288 3244 538 3315 benignis
558 3245 882 3300 excolebant
907 3243 1140 3306 actibus,
1782 3237 2108 3294 (Immeterio
2142 3237 2353 3291 decorae
2384 3233 2645 3289 Priscilla:
2676 3234 2824 3288 edito

114 3332 257 3390 Suum
285 3347 575 3407 erogautes
597 3349 760 3389 omne
786 3333 987 3389 Christi
1020 3345 1319 3404 pannorum
1783 3329 1957 3384 Secus
1983 3327 2245 3383 Pudentis
2270 3340 2393 3381 ossa
2425 3326 2597 3395 patris
2628 3324 2885 3389 conditae,

114 3422 160 3477 lu
182 3426 542 3480 sublevatioue
568 3425 975 3496 patrimonium.
1782 3420 2076 3491 Postquam
2101 3418 2312 3489 piorum
2342 3416 2510 3471 multa
2538 3416 2716 3472 bustis
2745 3430 2961 3472 comere

115 3514 309 3571 Fontem
335 3518 532 3572 lavacri
565 3516 832 3572 fabricata
858 3517 911 3571 in
944 3516 1090 3588 regia
1782 3516 2055 3571 Studnere
2083 3512 2327 3568 membra
2356 3511 2594 3583 glorioso
2626 3510 2838 3566 funere.

110 3604 146 3656 Α
165 3616 302 3675 patre
322 3607 566 3663 Pastoris
590 3608 730 3662 beati
759 3607 976 3662 nomine
1782 3605 1909 3661 Ilazc
1936 3606 2077 3660 inter
2101 3603 2303 3659 almum
2335 3612 2636 3674 martyrem
2666 3600 3058 3674 Symmctrium

115 3693 345 3753 Struxere
365 3713 558 3753 carum
587 3713 698 3768 quo
725 3698 963 3753 niterent
987 3696 1258 3763 vernnhe;
1781 3698 1916 3754 Cum
1946 3697 2028 3752 bis
2048 3699 2235 3752 decem
2265 3693 2477 3750 duobus
2507 3704 2560 3749 et
2583 3694 2859 3749 sodalibus

114 3787 321 3855 Quorum
343 3791 435 3849 hic
457 3793 580 3863 pius
607 3792 861 3848 rutilante
888 3792 1111 3848 Pascha:
1135 3791 1339 3846 lumine
1780 3787 2055 3845 Praexedis
2078 3788 2220 3857 aptis
2245 3794 2455 3841 texerat
2480 3785 2792 3849 mausoleis,

112 3879 281 3941 Novics
299 3887 484 3943 decem
516 3887 777 3953 sacravit,
810 3895 866 3942 et
895 3902 989 3943 ses
1023 3886 1237 3957 gurgite
1781 3879 1933 3948 Quos
1956 3878 2142 3935 Cresar
2162 3878 2470 3932 Antoninus
2494 3878 2638 3933 ensis
2666 3878 2815 3948 impii

114 3970 378 4045 Splendore
406 3979 678 4036 libertatis
698 3993 890 4036 omnes
915 3978 1195 4050 praeditos,
1703 3962 1749 4026 C
1779 3972 1886 4027 Pro
1914 3970 2072 4026 laude
2094 3968 2299 4026 Christi
2329 3971 2477 4026 cazde
2505 3969 2632 4026 fecit
2653 3969 2833 4027 obrui.

1561 4127 1790 4184 CAPUT
1829 4126 1971 4183 XIV.

1062 4216 1142 4273 De
1176 4228 1358 4275 sancto
1382 4219 1686 4277 Alexandro
1715 4221 1955 4291 episcopo
1987 4225 2037 4271 et
2077 4225 2326 4285 martyre.

113 4326 335 4405 Princeps
352 4332 443 4389 hic
464 4340 625 4389 atrox
654 4340 777 4403 post
803 4329 1073 4387 Neronem
1093 4330 1393 4388 Ecclesium
1662 4406 1667 4415 ἱ
1778 4329 1882 4385 Ilic
1902 4329 2177 4385 excitatus
2200 4342 2332 4382 voce
2362 4326 2503 4383 celsa
2536 4326 2652 4382 hmc
2678 4342 2968 4397 promere:

113 4418 212 4477 Iam
229 4424 598 4495 persecutione
625 4434 821 4494 quarta
853 4421 1076 4477 fervida:
1785 4440 1803 4472 ι
1849 4421 2065 4483 Audite,
2096 4420 2283 4490 coepit,
2307 4434 2403 4473 vos
2428 4428 2707 4490 parentes,
2735 4429 2785 4474 et
2811 4419 2972 4474 simul

114 4509 426 4571 Crudelitatis
440 4514 594 4584 jussa
624 4528 885 4585 spargens
915 4512 1123 4577 atterit,
1778 4512 1940 4569 Plebs
1970 4513 2263 4568 universa:
2298 4511 2492 4566 ductus
2521 4527 2550 4566 a
2580 4511 2875 4566 teterrimis

115 4599 209 4656 Sub
226 4619 323 4674 qua
349 4604 564 4674 piorum
586 4603 796 4660 honore
825 4603 999 4659 sancti
1032 4602 1268 4658 nominis
1780 4602 1998 4659 Duobus
2025 4618 2122 4658 ora
2154 4601 2383 4657 turbidis
2414 4600 2703 4672 Egyptiis,

115 4688 258 4749 Cruor
280 4695 533 4766 profusus
554 4693 709 4766 plura
741 4693 928 4749 mundi
960 4692 1015 4748 in
1041 4693 1280 4748 climata.
1779 4692 2048 4764 Puteique
2072 4693 2270 4749 missus
2292 4708 2410 4748 sum
2434 4692 2551 4747 loco
2578 4690 2949 4747 obscurissimi
2973 4705 2992 4757 ;

115 4779 461 4842 Iliracnlorum
494 4786 667 4859 gloria
695 4785 1057 4841 clarissimum
1779 4783 2046 4840 Veniente
2067 4783 2277 4853 ephebo
2303 4781 2395 4836 sed
2426 4789 2648 4850 repente
2678 4778 2981 4849 splendido,

116 4869 520 4949 Hacmartyrem
547 4877 645 4933 dat
680 4885 927 4933 sanctum
953 4875 1322 4932 Alexandrum
1352 4874 1494 4947 polo.
1777 4872 1956 4929 Locus
1983 4882 2219 4928 tremore
2245 4880 2390 4927 totus
2412 4872 2526 4943 ipse
2554 4869 2818 4934 tunditur,

114 4958 354 5023 Virtutum
379 4968 505 5024 huic
537 4983 754 5025 rumore
782 4968 948 5023 latum
984 4969 1223 5040 cognito,
1669 4972 1672 4976 ‘
1777 4962 2094 5032 Clamatqne
2125 4950 2344 5031 juvenis
2371 4962 2458 5018 ille
2478 4954 2911 5033 l‘ulgidissimus:

116 5049 328 5120 Quodam
355 5059 587 5115 cadaver
612 5058 848 5131 algidum
871 5061 971 5115 sub
1000 5069 1246 5131 tempore
1783 5072 1802 5104 ι
1848 5054 2081 5107 Puerum
2125 5054 2242 5108 sine
2265 5053 2370 5107 ulla
2401 5070 2522 5109 mox
2558 5068 2707 5108 mora
2739 5052 3023 5116 remittite,

113 5139 281 5201 Functi
302 5148 392 5204 hic
417 5159 666 5219 parentes
690 5152 1001 5216 admovere,
1034 5150 1322 5206 crederent
1777 5145 2035 5201 Famulns
2067 5146 2155 5202 Dei
2180 5148 2323 5215 quod
2350 5148 2493 5203 hunc
2529 5147 2837 5201 Alexander
2861 5153 3036 5200 vocat.
3078 5163 3097 5197 ι

206 5240 489 5272 νοννιηιλ-1η.
540 5243 860 5272 κηΜΙεΞΙ-ι-Αο
885 5257 944 5272 οη
973 5243 1129 5272 ησΙΑΜ

1778 5236 1839 5272 pl
1868 5253 1933 5272 nn
1954 5237 2207 5272 rathlnluc
2258 5239 2481 5272 ιιηιηιῖσξῖο
2530 5253 2648 5272 enim
2678 5238 2893 5272 nnl‘nna-I
