3888 5330
476 129 585 184 tm
1185 124 1581 185 FLODOABDI
1609 112 1930 186 CA'NONICI
1958 129 2307 188 neunnsxs
2345 129 2713 189 OPUSCULA
2741 132 3066 191 uermes.
3152 184 3157 189 .

474 243 542 296 At
562 241 713 297 fama
739 250 984 298 sanctum
1016 240 1215 313 ubique
1241 242 1367 297 dum
1392 252 1749 314 respargeret,

473 334 590 388 llac
616 340 795 387 motus
813 330 1119 387 Antoninus
1140 330 1370 388 electum
1399 331 1495 386 Dei

472 426 547 479 Co
559 424 799 479 rneliano
835 424 930 478 dat
953 424 1242 478 tenendum
1269 424 1507 494 praesidi.
1528 440 1529 443 ‘

472 512 563 568 llle
599 514 741 567 hunc
768 512 1132 569 celebrantem
1163 521 1218 567 et
1243 513 1525 568 docentem
1553 512 1782 582 mystica

472 604 553 657 Ad
570 602 721 673 jussa
759 602 974 673 prendit
1002 601 1214 656 incitati
1247 602 1528 673 principis,

472 695 703 766 Agitque
727 692 955 749 Romam
982 693 1343 748 denotandum
1371 691 1595 757 Ctesari,

476 788 667 844 Manus
694 789 996 843 revinctum
1023 788 1110 843 cui
1147 786 1367 843 beatum
1391 789 1650 860 suggerit.

474 880 598 935 Alto
632 888 854 950 rogatus
884 886 1191 957 ut.perorat
1213 888 1473 951 syrmate,

474 971 675 1026 Christi
703 985 949 1039 superna:
973 968 1219 1024 veritatis
1246 968 1297 1023 in
1330 968 1465 1036 (ide;

424 1134 431 1141 ⁸
476 1064 622 1120 Duro
647 1063 862 1134 jnbetur
885 1063 1144 1118 macerari
1179 1064 1402 1127 robore;

477 1156 610 1209 Dein
637 1155 872 1225 nigranti
902 1153 1094 1224 surrigi
1123 1154 1421 1209 custodiae:

476 1246 595 1314 Quo
621 1247 815 1302 deditis
838 1255 1051 1301 meante
1076 1260 1199 1301 cum
1224 1246 1559 1312 custodibus,

481 1357 499 1390 ι
545 1337 727 1393 Cmsar
754 1338 1010 1393 reclamat
1031 1347 1287 1408 quattuor
1310 1338 1424 1393 dies
1452 1339 1545 1393 tibi

478 1425 823 1481 lndnciarum
852 1426 1050 1481 dantur
1078 1426 1162 1481 his
1182 1424 1360 1482 cultus
1391 1427 1497 1493 tui;

475 1516 714 1587 Explodc
743 1517 1059 1582 vanitatem,
1087 1524 1141 1572 et
1170 1515 1315 1571 ultro
1344 1530 1442 1572 nos
1467 1517 1574 1571 adi.
1627 1536 1645 1570 ι

473 1607 680 1663 —-Jam
711 1608 1016 1677 praeterisse
1037 1608 1284 1680 (martyr)
1317 1609 1523 1663 aestima
1556 1609 1673 1662 dies

476 1699 751 1768 llodicque
779 1700 989 1770 compte
1017 1712 1137 1768 qua:
1167 1706 1429 1753 retractas
1452 1698 1704 1752 tormina.
1752 1717 1770 1749 ι

473 1791 888 1848 Crescentianus
919 1791 1060 1846 hunc
1095 1799 1313 1845 secutus
1342 1790 1624 1862 presbyter

477 1881 803 1937 Valentiano
826 1882 1045 1951 junctus
1070 1892 1125 1936 et
1162 1880 1457 1937 Bonifacio.

475 1976 615 2032 thci
634 1975 789 2030 beato
811 1975 996 2029 clauso
1020 1975 1249 2030 horrore
1271 1975 1529 2037 carceris,

478 2066 723 2134 Quadam
753 2066 976 2121 sedebat
1000 2065 1208 2137 ejnlans
1243 2064 1342 2121 sub
1370 2067 1586 2132 arbore,

478 2157 708 2213 Luctum
736 2164 923 2211 secuto
945 2157 1035 2226 qui
1070 2172 1264 2227 sopore
1289 2157 1564 2212 marcidus

476 2247 649 2301 Curas
671 2244 933 2302 ferentem
954 2255 1243 2301 contuetur
1267 2245 1514 2316 angelum

478 2335 708 2406 [hecque
730 2335 1066 2390 intimantem
1100 2352 1114 2389 :
1146 2353 1164 2386 ι
1200 2333 1467 2389 Roboravi
1495 2331 1776 2403 praesulem

475 2430 751 2495 Vestrum,
785 2429 1062 2486 resolvens
1090 2429 1361 2485 visitando
1390 2428 1632 2491 vincula;

479 2520 545 2575 Et
576 2536 719 2575 nunc
747 2527 934 2576 cavete
951 2518 1060 2587 jam
1084 2517 1274 2574 sedere
1305 2517 1404 2572 sub
1429 2519 1624 2572 arbore

475 2610 556 2665 Ne
588 2624 682 2664 vos
715 2621 945 2681 tyranno
967 2607 1104 2663 forte
1135 2606 1329 2679 prodat
1351 2607 1592 2661 nuntius.
1630 2626 1648 2659 ι

474 2700 713 2755 Eductus
740 2700 866 2754 hinc
895 2698 1123 2755 antistes
1147 2713 1178 2755 e
1203 2698 1447 2754 custodia

474 2789 656 2845 Crndo
684 2790 972 2845 exhibetur
997 2788 1353 2843 lancinandus
1381 2787 1631 2860 principi.

474 2879 682 2936 Pensus
708 2891 913 2937 catasta
945 2880 1248 2935 dissecatur
1273 2880 1541 2951 unguibus

474 2971 839 3042 Laterutnqne
861 2970 1090 3043 ﬂagrant
1114 2971 1325 3026 ustione
1356 2970 1659 3039 lampades;

476 3062 583 3117 Ista
609 3072 663 3117 et
693 3063 1032 3134 triumphans
1058 3063 1250 3117 ductus
1282 3070 1444 3132 atque
1470 3060 1706 3130 Apollini

477 3152 549 3211 Ut
574 3167 699 3209 orsa
721 3153 830 3208 voti
866 3154 1009 3209 celsa
1036 3152 1149 3221 agit
1185 3160 1334 3206 trans
1361 3151 1537 3206 sidera

474 3242 611 3298 Pars
639 3258 759 3297 cum
790 3242 888 3296 deo
914 3241 1160 3311 perculsa
1192 3238 1303 3294 fani
1326 3240 1548 3295 labitur.

486 3332 693 3397 Caesar,
722 3333 923 3388 dolosis
954 3333 1226 3402 imputans
1253 3333 1368 3387 lucc
1391 3333 1623 3398 artibus,

478 3423 737 3480 Sanctum
762 3422 947 3480 ferinis
971 3422 1064 3478 dat
1085 3424 1265 3478 vorari
1296 3423 1581 3490 dentibus;

477 3513 647 3580 Quem
682 3513 979 3569 belluarum
1007 3512 1149 3568 nulla
1175 3515 1300 3570 dum
1324 3514 1679 3586 contingeret,

476 3602 669 3659 Calore
689 3620 899 3659 sunnno
930 3605 1121 3659 ardere
1144 3604 1422 3661 fornacem
1444 3602 1634 3673 jubet;

474 3694 700 3751 Indutus
733 3697 817 3752 ille
847 3697 1068 3753 fervidis
1094 3698 1419 3753 candoribus
1439 3737 1455 3761 ,

479 3786 655 3843 Medio
694 3805 910 3859 precem
938 3806 1161 3845 securus
1183 3790 1317 3845 fudit
1345 3799 1403 3844 ut
1433 3806 1582 3861 rogo,

2085 254 2134 305 Α
2164 238 2377 298 Nullum
2399 243 2566 299 calori
2599 244 2794 299 restitit
2827 244 3131 317 vestigium,

2166 330 2410 388 Fornace
2436 333 2561 387 heto
2585 334 2830 404 mitigata
2861 336 3107 406 martyri.

2162 422 2337 492 Caput
2362 423 2527 478 recidi
2553 438 2678 478 mox
2711 432 2971 496 tyrannus
3008 426 3267 496 prmeipit.

2165 511 2315 568 Unus
2346 513 2744 580 ministrorum,
2774 530 2868 570 ore
2896 515 3060 571 corda
3089 517 3396 586 proferens,

2163 606 2466 671 Exclamat,
2502 605 2858 661 Herculianus
2882 608 3007 663 huic
3032 609 3349 663 vocabulum
3375 623 3391 663 :

2168 714 2186 744 ι
2233 694 2476 752 Crudelis
2503 697 2791 757 Antonine.
2821 708 2977 767 capte
2997 700 3246 755 sensibus

2163 786 2436 857 'l‘yranne,
2459 804 2558 844 cur
2581 789 2661 845 sic
2687 805 2859 844 etccus
2889 800 2942 845 et
2969 793 3165 846 surdus
3194 792 3372 863 riges?

2163 876 2370 933 Christi
2401 892 2531 934 ecce
2551 895 2740 935 servus
2771 890 2892 949 post
2922 891 3110 936 acutas
3134 882 3390 953 virgulas,

2167 969 2346 1025 Victas
2366 980 2623 1034 catastas.
2652 986 2715 1027 ac
2737 971 3026 1043 ﬂagrantes
3058 973 3355 1044 lampades,

2162 1060 2293 1116 Post
2318 1063 2640 1133 ungularum
2669 1064 2982 1128 fossionem,
3014 1074 3066 1121 et
3089 1065 3216 1121 idoli

2164 1153 2478 1223 Tcmplique
2504 1169 2713 1221 casum,
2743 1165 2865 1226 post
2896 1155 3113 1210 leonum
3147 1155 3358 1210 turbida

2163 1242 2427 1299 Ursornm
2460 1255 2514 1299 et
2540 1262 2635 1301 ora
2665 1246 2872 1311 clausa,
2898 1246 3136 1303 fornacis
3169 1263 3354 1319 rogum

2164 1333 2293 1388 Post
2329 1343 2636 1399 enecatum,
2665 1335 2818 1392 hctus
2843 1351 3002 1392 enses
3027 1337 3229 1406 expetit
3256 1354 3269 1389 :

2170 1427 2362 1481 Verum
2393 1428 2559 1482 Deum
2587 1428 2711 1498 quis
2738 1442 2861 1484 esse
2888 1428 3091 1501 gurdus
3122 1429 3240 1501 (sic)
3267 1428 3510 1502 ambigat

2162 1515 2261 1582 Qui
2289 1522 2395 1569 tam
2434 1532 2561 1571 suos
2584 1517 2768 1587 vigore
2795 1517 2941 1573 celso
2965 1517 3216 1572 roborat?
3255 1537 3273 1570 ι

2093 1598 2138 1656 Β
2169 1605 2336 1671 Quem
2363 1605 2566 1672 Caesar,
2594 1605 2671 1661 ira
2700 1606 2908 1677 plenus,
2947 1617 3006 1663 ut
3029 1608 3359 1663 cruciatibus

2170 1692 2347 1747 Variis
2376 1693 2584 1764 fatigat,
2614 1711 2744 1751 ense
2775 1698 2989 1751 tandem
3029 1699 3284 1769 percutit.

2166 1780 2236 1835 At
2262 1782 2617 1840 immolandus
2648 1787 2842 1855 prmsul
2873 1787 3084 1842 obviam
3116 1789 3216 1843 sibi

2167 1873 2397 1929 Viduam
2422 1886 2676 1946 precatur
2709 1880 3057 1935 commodare
3088 1880 3361 1946 orarium;

2168 1961 2524 2045 Sumptoqne,
2552 1977 2754 2024 sancta:
2787 1985 2845 2024 sc
2866 1971 3047 2025 crucis
3078 1971 3230 2042 signo
3261 1982 3469 2044 tegens.

2168 2056 2369 2113 Tunica
2395 2068 2647 2127 retectus,
2687 2068 2945 2132 stansque
2971 2063 3087 2118 sola
3118 2064 3168 2118 in
3197 2063 3360 2130 linea,

2166 2147 2363 2204 Oculos
2392 2149 2592 2205 amictu
2617 2160 2864 2208 mutuato
2887 2155 3145 2225 contegit,

2165 2240 2514 2312 Genibusque
2539 2242 2693 2299 flexis
2718 2243 2900 2300 haurit
2933 2244 3189 2316 impetum
3224 2244 3373 2300 necis

2171 2328 2368 2402 Viginti
2393 2333 2461 2387 ab
2489 2333 2634 2391 Urbe
2654 2345 2970 2406 segregatus
2991 2336 3248 2391 millibus.

2166 2420 2289 2476 Mox
2318 2422 2462 2479 facta
2494 2432 2652 2480 terrm
2682 2427 3013 2481 convibrata:
3039 2427 3207 2481 motio

2167 2511 2431 2570 Thermas
2455 2524 2511 2569 et
2536 2516 2713 2572 omnis
2742 2525 2880 2583 tecta
2907 2517 3009 2570 vici
3041 2516 3290 2583 subruit;

2164 2603 2526 2674 Orariumque
2547 2605 2761 2660 femina:
2787 2606 2928 2676 quod
2953 2606 3224 2676 proditum

2166 2695 2473 2765 lniquitatis
2503 2697 2704 2752 milites
2732 2706 3076 2753 astruxerant
3101 2714 3117 2763 ;

2167 2787 2412 2856 Quodam
2445 2788 2653 2845 ferente
2682 2789 2909 2860 pusione
2944 2790 3220 2855 redditur,
3380 2854 3393 2863 η

2169 2880 2338 2945 Quem
2361 2878 2612 2934 cmlicum
2636 2878 2806 2935 fuisse
2834 2887 3050 2935 constat
3079 2878 3342 2945 incolam;

2092 2947 2137 3010 ε
2170 2968 2341 3036 Quem
2375 2984 2496 3023 mox
2531 2983 2815 3024 resumens
2845 2984 2967 3024 cum
2997 2977 3220 3038 stupore
3247 2967 3435 3030 linteo,

2170 3059 2739 3116 Confessa-Christum
2764 3058 2871 3114 fert
2906 3060 3164 3115 honorem
3188 3057 3436 3130 martyri.

2168 3150 2589 3206 Crescentianus
2614 3158 2669 3206 et
2691 3150 2905 3206 sodales
2932 3148 3202 3221 prmsulis,

2167 3244 2443 3299 Pandente
2465 3244 2677 3311 eodem,
2700 3243 2977 3299 consecuti
3008 3243 3256 3313 pignora,

2166 3318 2309 3391 Luco
2344 3334 2592 3404 locarunt
2618 3350 2725 3404 quo
2757 3333 2958 3393 camini
2996 3331 3234 3388 fervidos

2166 3425 2373 3481 Pressit
2395 3440 2645 3495 vapores,
2679 3425 2915 3494 dantque
2941 3437 3181 3477 marmor
3202 3421 3493 3476 continets

2167 3516 2371 3572 Nomen
2404 3516 2566 3582 beati,
2601 3516 2945 3587 dignitatem,
2977 3514 3225 3569 limitem.

2164 3608 2264 3663 Cui
2293 3622 2429 3681 papa
2465 3614 2707 3678 cryptam
2737 3615 3064 3663 construens
3090 3616 3208 3676 p05t
3235 3604 3521 3669 Damasus.

2056 3692 2071 3701 ί
2162 3699 2257 3753 Illo
2282 3700 2534 3754 decenter
2560 3713 2682 3755 ossa
2709 3707 2897 3755 sancta
2931 3698 3230 3754 transtulit.

1893 3942 2123 4000 CAPUT
2161 3942 2279 3999 XV.

1691 4034 1767 4088 De
1790 4047 1971 4089 saucia
2004 4034 2280 4089 I-‘eiicitate
2306 4050 2369 4089 ac
2393 4034 2522 4103 ﬁliis
2547 4035 2682 4106 ejus.

480 4146 774 4202 Vexatione
794 4147 926 4201 vicit
949 4146 1051 4201 hac
1080 4146 1333 4203 Felicitas

478 4234 685 4290 Dilecta
713 4234 929 4290 Christo
952 4238 1322 4291 consecrando
1350 4236 1594 4308 pignora,

479 4323 822 4381 Uberrimatu
855 4334 975 4396 post
997 4326 1119 4381 laeta
1154 4327 1288 4381 dans
1311 4342 1467 4398 poma
1503 4328 1771 4382 arborem.

475 4415 770 4473 Praefectus
796 4417 937 4475 hanc
966 4429 1192 4475 conatus
1222 4429 1339 4475 arte
1368 4428 1599 4482 vertere,

477 4509 674 4566 Mulcet
701 4513 928 4577 serenis,
955 4528 1020 4567 ac
1041 4513 1276 4566 minatur
1301 4526 1515 4582 aspera.

477 4600 703 4666 Serena,
736 4617 895 4668 θωνα,
928 4603 1118 4658 blanda
1153 4604 1354 4660 ducens
1387 4603 1586 4667 tristia,

480 4693 616 4748 Huic
645 4695 819 4749 reddit
849 4692 935 4748 illa
964 4709 978 4748 :
1017 4713 1035 4746 ‹
1066 4694 1172 4750 Nec
1210 4695 1404 4750 resolvi
1438 4697 1676 4762 mitibus,

479 4782 591 4837 Nec
619 4784 783 4851 quibo
808 4784 980 4854 frangi
1022 4785 1296 4839 sazvientis
1328 4786 1559 4855 asperis,
1636 4810 1646 4818 ·

478 4870 592 4932 Nec
622 4887 705 4926 me
731 4888 995 4942 supernus
1022 4875 1273 4944 occupari
1313 4873 1549 4944 Spiritus

479 4963 637 5022 Sinct
669 4966 987 5034 aucupantis
1015 4967 1308 5035 proditoris
1343 4966 1577 5030 retibus;

481 5055 685 5111 Secura
717 5070 887 5124 quare
916 5070 1035 5109 sum
1066 5063 1339 5123 superstes
1365 5057 1604 5120 vincere,

478 5142 596 5200 Etsi
625 5144 880 5209 trucider,
912 5153 961 5199 te
986 5142 1331 5214 trittmphabo
1361 5144 1584 5212 integre.
1621 5165 1639 5197 ι

483 5231 800 5297 Prmi'ectus,
838 5234 961 5289 inde
992 5234 1129 5289 bella
1164 5234 1325 5288 matri
1364 5249 1704 5302 comparans,

2087 4129 2138 4190 ι)
2163 4147 2244 4202 ait
2276 4162 2436 4218 quem
2469 4147 2624 4203 beata
2653 4148 2738 4204 his
2765 4149 2935 4205 utitur
2961 4151 3260 4209 Felicitas:

2174 4257 2193 4289 ι
2228 4238 2534 4297 Crudelitas
2561 4248 2675 4305 tua,
2708 4239 2844 4296 lenis
2870 4242 3201 4310 exhortatio,

2165 4333 2392 4389 Pietatis
2421 4332 2582 4403 hujus
2612 4334 2775 4403 impia
2801 4347 2882 4389 est
2913 4324 3219 4392 miseratio.
3242 4356 3262 4391 ι

2168 4422 2307 4478 llinc
2336 4438 2490 4479 versa
2521 4422 2720 4480 chams
2740 4426 2999 4480 convenit
3022 4427 3105 4483 sic
3131 4428 3311 4495 tilios;

2172 4532 2189 4561 ι
2224 4513 2431 4577 Videte,
2464 4511 2598 4579 nati,
2623 4513 2844 4579 coelum,
2872 4525 2924 4568 et
2953 4516 3265 4581 intuemini,

2167 4601 2266 4657 Hic
2293 4603 2540 4659 Christus
2574 4603 2716 4659 almo
2738 4607 2970 4660 sustinet
3000 4623 3094 4661 vos
3119 4624 3244 4665 cum
3272 4608 3480 4676 choro;

2166 4693 2411 4764 Pugnate
2438 4694 2606 4750 vestri
2631 4709 2730 4764 pro
2759 4694 2931 4751 salute
2956 4697 3248 4766 mentium;

2167 4784 2297 4854 Ejus
2331 4784 2518 4840 fideles
2547 4801 2644 4840 vos
2670 4788 2845 4843 amori
2872 4789 3113 4857 pandite.
3146 4810 3164 4841 ι

2165 4877 2350 4947 Alapis
2376 4876 2442 4930 ad
2469 4877 2571 4932 ista
2593 4877 2734 4933 hanc
2765 4881 2981 4935 concuti
3003 4881 3094 4935 dat
3119 4880 3365 4950 Publius,

2164 4969 2232 5024 Et
2259 4984 2567 5024 convocans
2594 4968 2754 5026 litare
2785 4972 2974 5028 suadet
3005 4972 3212 5029 liberis.

2169 5077 2188 5110 ι
2221 5057 2491 5123 Ilortaris,
2523 5059 2661 5123 inﬁt,
2701 5058 2862 5116 stulta
2893 5060 3213 5129 Januarius;

2165 5147 2470 5203 Conservat
2499 5156 2676 5203 autem
2703 5165 2914 5205 summa
2940 5167 3027 5205 me
3046 5154 3346 5222 sapientia,

2164 5240 2433 5309 Dabitque
2461 5252 2656 5296 cuncta
2683 5256 2863 5297 veStra
2889 5244 3031 5299 vinci
3062 5246 3314 5301 tormina.
3349 5267 3367 5298 ι
