3888 5330
96 290 178 385 m
612 320 701 375 os
736 320 1009 378 cantsrt
1040 319 1418 377 ramuntis
1457 319 1631 375 Αρυιι

1210 319 1418 376 ΜΡΒΙΒ
1457 319 1640 375 ΑΡυΙὶ
1668 317 1948 374 ιτΑιιΑΜ
1991 317 2168 372 LIBRI
2211 316 2346 373 ΧΠ.
2387 348 2458 360 -
2490 316 2619 373 ΜΒ.
2652 313 2738 373 Ill.

1650 436 1694 489 Α
1726 428 1861 482 Tum
1886 427 2183 482 Martialis:
2219 447 2237 478 ε
2270 429 2369 495 Qui
2402 429 2569 483 Deum
2597 444 2782 481 verum
2812 429 3066 481 ulnlicant

1729 515 1968 571 Ureutur
1995 518 2133 585 ignis
2161 514 2376 570 ﬂamma
2409 516 2786 571 ineluctabilis.
2816 535 2836 567 ν

1727 605 1851 661 Haec
1874 606 2145 675 prosecuti
2174 606 2413 660 moribus
2434 620 2532 674 pro
2556 605 2814 671 strenuis,

1728 695 1892 767 Regis
1916 696 2152 763 supremi
2180 694 2492 765 judinisque
2516 694 2697 750 smceli

1726 784 1924 839 Amore
1952 784 2147 839 fratres
2175 799 2239 839 ac
2268 784 2462 839 timore
2487 784 2701 847 fervidi,

1725 874 1932 929 Censor
1958 875 2136 929 lituris
2159 877 2300 930 dicta
2332 876 2473 945 legat
2498 876 2764 945 principi;

1727 970 1873 1032 Quos
1903 966 1988 1021 ille
2019 969 2196 1036 pmnis
2225 968 2445 1023 interire
2477 968 2678 1021 dissoni

1728 1056 1831 1110 Per
1857 1054 2164 1111 differentes
2191 1056 2284 1109 dat
2307 1059 2543 1125 direptos
2562 1057 2786 1123 judices

1728 1146 1855 1201 Post
1876 1162 2012 1201 saeva
2037 1162 2266 1217 quorum
2289 1147 2454 1218 flagra
2478 1146 2785 1215 Ianuarius,

1728 1236 1853 1291 Post
1885 1237 2176 1292 carceralia
2202 1238 2372 1293 vincla
2397 1239 2616 1307 plumbo
2641 1242 2895 1304 caeditur;

1728 1325 1875 1380 Felix
1903 1338 2211 1396 peremptus
2240 1343 2363 1381 cum
2395 1327 2645 1397 Philippo
2678 1330 2952 1394 fustibus;

1731 1416 1980 1470 Silvanus
2006 1417 2114 1471 alto
2144 1419 2387 1487 vergitur
2409 1417 2655 1487 fastigio;

1729 1508 1799 1559 At
1827 1505 2090 1561 Martialis
2114 1517 2279 1577 atque
2306 1507 2614 1561 Alexander
2634 1509 2748 1576 pia,

1731 1592 1902 1650 Vitale
1917 1593 2124 1663 juncto,
2153 1596 2291 1650 colla
2322 1598 2454 1651 secti
2481 1597 2773 1666 demigrant

1731 1685 1865 1739 Vita:
1893 1686 2143 1754 perennis
2168 1686 2398 1741 subituri
2418 1685 2666 1754 gloriam.

1649 1781 1693 1839 (ζ
1728 1774 1855 1829 Post
1885 1774 2164 1844 passiones
2201 1783 2278 1829 tot
2297 1785 2428 1845 quot
2461 1776 2575 1830 edit
2600 1777 2822 1847 pignora

1735 1864 1939 1918 Parens
1966 1863 2121 1918 beata
2153 1862 2401 1932 plectitur
2431 1865 2748 1929 novissima,

1734 1955 1801 2008 Et
1827 1954 1976 2024 prole
2008 1954 2159 2010 caelis
2187 1955 2439 2009 obviante
2463 1957 2710 2024 praedita.

1735 2043 1895 2114 Regis
1928 2044 2143 2111 superni
2172 2052 2415 2112 permeat
2441 2044 2636 2112 palatia

1731 2136 2027 2202 Sumptura
2055 2141 2205 2188 certa
2232 2136 2579 2203 prtemiorum
2606 2140 2826 2207 gaudia.

97 443 155 495 lle
182 437 321 493 crede
350 433 513 488 nostri
540 432 810 486 cbaritate
838 430 1005 485 dividi

99 531 182 583 Nos
210 539 353 598 posse
381 522 617 585 Christi;
646 521 874 577 sceviant
895 520 941 576 si
980 520 1231 582 verbera.

97 619 182 673 Nec
203 623 366 669 nostra
388 611 526 666 vinci
557 625 655 666 nec
681 620 859 679 potest
880 610 1016 663 verti
1044 608 1195 663 ﬁdes.
1231 628 1247 660 ι

98 705 327 773 Philippus
351 700 506 754 inde:
534 720 551 751 ι
581 698 725 765 Quos
756 699 956 753 vocatis
979 714 1073 753 vos
1108 698 1240 752 deos

101 794 187 848 Nec
206 800 315 846 sinit
348 796 609 860 potentes,
639 803 737 842 nec
767 787 1038 843 habentur
1066 788 1321 851 numina;

101 879 353 934 Simulacra
378 893 535 938 vana,
566 892 782 945 spurca,
811 891 973 931 sensu
1004 877 1180 929 inania

100 970 227 1033 Sunt;
255 968 329 1021 liis
356 967 604 1020 subactos
629 974 739 1018 stat
765 966 939 1035 pen're
966 965 1018 1019 in
1046 964 1265 1019 sarcula.
1293 981 1313 1017 ι
1387 973 1395 981 ·

104 1059 311 1111 Silvanus
335 1056 501 1125 inquit
527 1073 541 1109 :
575 1074 592 1106 ί
623 1054 726 1108 Ista
753 1054 796 1109 si
828 1053 1145 1123 probaveris

104 1147 345 1201 Tormenta
373 1159 471 1198 nos
505 1128 698 1198 timere
731 1142 1062 1205 transitoria,

101 1237 279 1290 aliteran
308 1236 470 1290 vietos
499 1234 748 1289 auferent
774 1233 1103 1288 cruciamina
1130 1247 1143 1283 :

103 1328 207 1380 Nam
232 1327 417 1379 scimus
441 1325 614 1394 :eqnis
639 1323 956 1393 splendeant
982 1338 1101 1392 qum
1133 1322 1378 1391 praemia,

105 1418 205 1481 Qua:
223 1417 318 1469 sint
348 1415 547 1483 iniquis
570 1414 862 1468 constituta
888 1413 1067 1468 debita
1093 1426 1106 1464 :

104 1507 265 1561 lilcirco
286 1506 419 1578 leges
449 1516 653 1559 terrens
678 1504 1092 1565 contemnimus.

104 1597 434 1666 Obteuiperare
461 1595 669 1651 caalieis
692 1595 1091 1650 contendimus.
1121 1614 1136 1643 ι

110 1706 124 1739 ‹
147 1688 252 1742 Sum
270 1702 450 1743 servus
475 1687 603 1742 inde
625 1685 826 1742 Christi
860 1685 1160 1740 Alexander
1185 1683 1310 1748 Dei;

106 1779 222 1832 llunc
240 1792 323 1831 ore
347 1777 516 1833 fassus
548 1778 711 1832 corde
739 1778 896 1831 firmo
926 1776 1211 1839 credulus;

104 1868 416 1923 lndesiuenter
441 1884 564 1934 oro,
588 1867 808 1939 supplex
840 1867 1055 1938 percolo

104 1957 271 2012 Iuﬁrma
297 1974 448 2028 quam
479 1959 652 2014 tueris
680 1969 811 2013 tetas
838 1972 1064 2027 corpore

103 2050 226 2103 Caua:
249 2051 393 2105 nitela
417 2046 685 2122 permicat
709 2049 1023 2120 prudentiae.
1059 2068 1078 2100 ι

104 2137 249 2193 Vitalis
269 2141 418 2195 exin:
450 2159 468 2191 r
500 2140 596 2193 Ille
624 2139 756 2193 vivit
787 2137 878 2207 qui
912 2136 1078 2190 Deum

105 2226 259 2280 Verum
283 2237 552 2297 precatur,
580 2227 718 2279 baud
754 2216 907 2295 rogat
935 2226 1026 2294 qui
1060 2226 1353 2279 dwmonas.
1389 2243 1405 2275 ι

1433 2370 1663 2430 CAPUT
1704 2370 1841 2429 XVI.

1378 2463 1453 2515 De
1479 2475 1660 2517 sancto
1689 2458 2000 2517 Concordia.

108 2577 189 2631 llsc
213 2577 335 2633 cattle
363 2575 652 2648 Spoletaua
681 2587 927 2631 sanctum
956 2573 1151 2629 'civitas

103 2669 227 2722 titelis
248 2671 465 2724 sacravit
492 2677 789 2739 martyrem
826 2666 1205 2721 Concordium.

104 2759 175 2813 llic
193 2772 322 2830 patre
351 2761 531 2815 Romae
561 2760 833 2816 Gordiano
858 2759 1118 2829 gignitur.

103 2849 179 2913 Qui
197 2851 494 2906 constitutus
522 2850 677 2904 fulsit
702 2849 828 2903 olim
858 2848 1101 2916 prarsulis

103 2936 160 2990 i'ii
181 2941 490 2995 ordinatione
522 2939 912 3001 subdiaconus,

103 3025 333 3098 'filnloque
357 3040 473 3101 post
502 3029 745 3085 Pastoris
773 3038 965 3083 auctus
985 3027 1270 3098 presbyter

106 3115 217 3174 Vixit
242 3136 457 3192 superna
484 3122 754 3177 servitute
786 3119 982 3175 nobilis

101 3205 307 3267 Precibus
334 3213 565 3283 benigne
595 3209 758 3264 fultus
786 3208 1087 3280 acjejuniis
1114 3225 1128 3262 :

102 3297 170 3353 llis
194 3300 294 3356 luce
322 3302 539 3374 degens.
573 3302 659 3356 his
684 3301 920 3356 tenebris
947 3300 1223 3355 excubans
1247 3339 1260 3361 ,

100 3389 199 3443 Cum
230 3393 362 3461 prole
394 3392 581 3447 faleris
606 3408 898 3461 pauperqu
925 3392 1131 3444 instans
1159 3390 1404 3454 sedulus;

102 3477 216 3534 llunc
235 3483 315 3549 qui
348 3483 501 3536 beato
532 3489 906 3536 commaueret
934 3479 1164 3549 Eutyrlii

100 3566 184 3621 Suo
204 3576 412 3626 moranti
438 3573 489 3626 in
525 3572 727 3642 prredio
756 3571 963 3626 Salaria

100 3658 225 3715 Mittit
250 3665 502 3719 volentem
534 3664 675 3719 celsa
704 3666 963 3718 scandere
992 3662 1178 3715 lilium.

97 3749 281 3816 Quidam
310 3771 529 3810 manens
560 3756 612 3810 in
643 3757 774 3808 urbe
798 3753 1015 3825 Spoleto
1040 3768 1244 3818 comes,

100 3838 369 3911 Torquatus,
400 3845 593 3901 borum
625 3844 816 3899 lividus
845 3845 1149 3916 pneconiis,

100 3927 278 3989 Beatum
305 3937 370 3991 ab
397 3952 531 4008 agro
561 3937 789 3991 devocat
821 3935 1178 3991 Concordiam

99 4018 361 4096 Quaeritque
381 4028 586 4081 seitaus
615 4041 723 4095 quo
750 4035 972 4078 vocetur
997 4024 1235 4078 nomine.

98 4109 346 4184 Respondit
380 4118 467 4173 ille
493 4116 858 4173 Christianum
890 4129 948 4170 se
977 4114 1093 4169 fore
1118 4113 1138 4185 f
1152 4131 1243 4183 pro
1278 4112 1457 4186 csse-.1

101 4201 287 4261 Comes:
322 4226 339 4258 ι
372 4208 609 4278 Requiro
642 4222 856 4268 nomen,
896 4205 1037 4259 haud
1059 4205 1332 4259 Christum
1366 4216 1535 4256 tnmn.
1564 4191 1586 4253 ἰ

97 4311 109 4337 ι
140 4294 247 4350 Sum
271 4298 629 4363 Christianus,
665 4298 785 4360 iste.
810 4296 1085 4352 Christum
1110 4296 1361 4365 prreilico.
1396 4315 1413 4347 ι

96 4382 288 4455 Urgetur
316 4391 377 4444 ad
402 4389 627 4460 profana
658 4389 813 4445 fortis
842 4388 895 4440 in
928 4387 1058 4451 fide;

97 4473 229 4531 llurat
253 4483 450 4536 severis
477 4481 639 4537 dorsa
671 4494 841 4534 caesus
866 4476 1117 4532 fustibus.

100 4564 286 4653 Posthac
309 4575 498 4631 beatus
522 4574 792 4644 Eutycbes
821 4586 944 4624 cum
979 4569 1206 4638 pnesulc

103 4654 291 4719 Veniunt
314 4676 565 4738 rogantes
581 4665 817 4735 indicem
847 4676 945 4735 pro
974 4669 1235 4733 martyrt’.

1732 2573 1902 2626 Petita
1930 2570 2114 2635 sumit,
2145 2570 2427 2625 ordinatur
2458 2571 2737 2651 presbyter

1734 2670 1772 2721 Α
1803 2684 1909 2736 quo
1930 2667 2119 2721 diebus
2143 2665 2394 2736 praestitis
2417 2654 2783 2732 Concordius,

1734 2760 1798 2813 Et
1812 2767 2168 2814 consecratus
2192 2756 2496 2813 restituitur
2515 2758 2703 2829 judici,

1731 2850 1885 2905 Circa
1914 2848 2140 2905 salutem
2167 2850 2311 2919 quod
2335 2850 2572 2921 volutum
2601 2852 2861 2920 poscitur.

1737 2960 1756 2992 ι
1785 2939 1941 2996 Salus
1967 2949 2020 2993 at
2053 2939 2146 3010 ille.
2165 2937 2433 3002 Christus,
2458 2940 2655 3010 inquit,
2679 2950 2761 2995 est
2790 2957 2926 3004 mea.

1732 3031 1833 3088 Cui
1858 3030 2029 3084 laudis
2055 3044 2169 3100 ipse
2195 3045 2348 3085 sacra
2371 3045 2585 3100 semper
2607 3029 2792 3087 oﬂ'ero.
2824 3051 2842 3082 ο

1728 3119 1945 3184 Comes,
1975 3118 2156 3173 furore
2182 3118 2395 3189 plenus,
2424 3134 2716 3189 appensum
2740 3122 2827 3177 diu

1734 3209 2001 3278 Torquet;
2032 3208 2125 3262 dat
2152 3208 2275 3262 inde
2296 3206 2441 3263 ferro
2466 3219 2718 3264 onustum
2749 3198 2950 3265 carceri
2971 3252 2984 3277 ,

1733 3297 2009 3352 Solatione
2036 3314 2142 3368 quo
2172 3297 2378 3352 levatur
2402 3298 2666 3354 coalitum.

1653 3410 1697 3484 C-
1733 3386 1928 3443 Tribus
1960 3390 2194 3457 peractis
2217 3390 2268 3442 in
2293 3391 2496 3445 catenis
2534 3393 2777 3447 noctibus

1728 3480 1998 3551 Superare
2026 3491 2258 3538 mentem
2287 3500 2481 3554 corpus
2508 3495 2601 3539 aut
2631 3485 2845 3543 fervens
2867 3503 3050 3547 cornea

1726 3569 1894 3641 Legat
1918 3570 2155 3624 li-tantem
2186 3573 2330 3626 ccede
2364 3573 2558 3627 tuentis
2583 3575 2672 3643 qni
2707 3587 2917 3636 necent.

1730 3660 1826 3715 Vel
1856 3670 2195 3729 respuenlem
2226 3662 2369 3739 caede
2400 3664 2580 3717 carnis
2604 3664 2897 3719 immolent.

1728 3756 1873 3810 Missi
1899 3757 2166 3811 irruentes
2191 3756 2318 3810 libet
2341 3765 2399 3809 ut
2429 3756 2692 3812 satellites

1725 3846 1874 3903 Iovis
1904 3847 2139 3903 ferentes
2172 3847 2435 3916 imperant
2462 3848 2824 3903 statunculum

1728 3937 1932 3991 Stricta
1952 3935 2037 3989 vel
2071 3950 2205 3990 ense
2234 3935 2371 3990 colla
2408 3945 2586 3992 sectus
2610 3947 2823 4007 appetat
2851 3956 2864 3994 :

1732 4046 1751 4079 ο
1781 4026 1897 4082 Tibi
1924 4024 2178 4096 rependo,
2200 4023 2418 4081 Christe
2445 4024 2591 4090 Iesu,
2620 4038 2840 4097 gratias,

1727 4114 2029 4182 Animnque
2055 4112 2230 4170 celsus
2259 4113 2310 4167 in
2339 4111 2488 4169 lovis
2514 4115 2720 4170 vultum
2745 4118 2908 4188 spuit.

1731 4206 2080 4260 Confessioue
2109 4204 2396 4281 fretusalti
2425 4208 2659 4260 nominis

1727 4299 1899 4368 Caput
1925 4298 2129 4353 recisus
2152 4313 2302 4365 ense,
2330 4301 2526 4355 mentis
2554 4301 2761 4372 integer

1730 4391 1943 4446 Emitttt
1962 4392 2128 4448 astris
2152 4393 2464 4463 gloriantem
2497 4394 2765 4465 spiritum.

1729 4477 1955 4535 Glebam
1989 4482 2156 4536 relicti
2186 4481 2500 4551 colligentes
2525 4485 2767 4554 pignoris

1726 4568 1955 4625 Gemina
1984 4571 2195 4640 benigni
2225 4572 2488 4628 cliaritate
2510 4575 2691 4630 clerici

1724 4661 1884 4715 Juxta
1915 4653 2208 4718 reconﬂunt
2237 4662 2342 4719 lota
2372 4666 2515 4720 czede
2544 4668 2752 4731 mantia,

1664 4764 1708 4819 ι)
1736 4750 1987 4820 Locoque
2011 4753 2198 4806 eodem
2229 4752 2375 4809 fonte
2408 4754 2529 4811 vive
2559 4756 2752 4829 proﬂuit

1740 4841 1905 4897 Unda:
1934 4842 2156 4912 liquoris
2181 4844 2482 4903 excitantur
2506 4847 2765 4918 plurimas
2832 4894 2835 4895 ν

102 4749 377 4827 Διὶῳιοιψιθ
409 4768 638 4829 poscunt
661 4759 804 4812 hunc
835 4755 935 4811 sibi
969 4755 1160 4809 diebus
1188 4754 1306 4807 dari

100 4837 282 4902 Comitis
303 4847 478 4904 favore
500 4846 636 4920 food.
665 4847 718 4911 2,
740 4844 981 4917 favorus]
1003 4844 1139 4899 forte
1156 4840 1348 4912 praesul
1380 4843 1628 4895 Aulimus

1477 4994 1706 5053 CAPUT
1749 4996 1908 5054 χγιι,

1362 5092 1435 5145 οι
1459 5087 1637 5147 Iuncto
1669 5090 1951 5148 Pontiano.

3197 318 3308 377 659
