3888 5330
524 345 620 404 63!
1217 356 1607 416 FLODOARDI
1646 358 1965 414 CANONICI
2010 355 2350 420 REMENSIS
2388 362 2751 421 OPUSCULA
2792 356 3114 430 METRICA.
3673 367 3749 422 651

534 482 554 527 t
598 475 778 527 Calida
814 486 1029 527 manmn
1061 480 1115 525 tu
1137 478 1321 542 tingue
1343 470 1492 525 lovis
1519 472 1571 524 iu
1595 472 1834 525 nomine.
2135 479 2185 537 Α
2212 476 2475 532 Claustris
2500 478 2707 548 repelli,
2746 479 2826 534 vel
2858 481 3097 535 coerceri
3122 495 3291 545 serts;

531 564 696 619 Dictis
726 562 918 619 relisus
939 561 1028 617 ille
1055 570 1381 631 suspensum
1400 562 1555 630 Jubct
2212 567 2350 634 Quin
2391 569 2475 623 cui
2498 570 2652 639 dapis
2682 578 2910 639 negatur
2933 584 3055 625 esca
3090 580 3282 626 terrere

525 651 696 711 lineis
715 652 973 709 athletam
996 652 1260 707 lancinari
1285 650 1498 715 ferreis,
1542 674 1543 677 η
2214 660 2421 730 Supero
2450 661 2724 714 ministrat
2772 658 3034 716 ferculum
3058 661 3341 725 solamine,

526 743 828 799 Atrocitale
857 742 983 797 dum
1014 740 1220 796 faliSCil
1250 741 1492 795 carnifex
1521 758 1536 806 ;
2211 753 2456 823 leiquc
2478 767 2710 821 pascens
2735 752 2954 808 roborat
2977 754 3332 810 saturamiue.

527 834 735 889 Deinde
757 843 941 888 trusus
969 832 1213 888 caecitate
1238 845 1475 886 carceris

2213 844 2321 899 Isto
2347 845 2555 900 dierum
2584 845 2833 900 deroluto
2864 853 3123 916 tempore,

526 928 929 985 Corroboratttr
953 942 984 981 a
1013 926 1126 982 Deo
1151 926 1292 982 dalis
1320 926 1473 981 Viris-
2216 937 2349 990 Dum
2371 936 2481 1005 jam
2508 948 2763 1008 putantes
2797 940 2939 995 Imnc
2977 938 3189 997 lanista:
3215 949 3512 1008 mortuum,

526 1025 682 1088 Item,
708 1024 964 1080 reductus
990 1024 1056 1077 ad
1084 1022 1346 1087 duellum,
1374 1022 1666 1093 exponitur
2214 1027 2442 1083 Auferre
2477 1044 2673 1098 corpus
2694 1044 2752 1083 se
2775 1028 3001 1084 latebris
3022 1031 3293 1100 ingerunt,

530 1115 823 1185 Spectante
846 1113 992 1169 binis
1015 1113 1215 1184 oppido
1246 1112 1514 1173 leonibus.
2212 1115 2424 1173 Laudes
2450 1127 2732 1173 canentem
2760 1128 3139 1189 perstupeutes
3163 1121 3412 1184 audiunt,

529 1210 650 1278 Qui,
677 1209 946 1264 mansueti
974 1209 1234 1280 martyris
1261 1207 1388 1263 facti
1415 1208 1540 1271 ﬁde,
2086 1207 2095 1217 ’
2215 1207 2456 1263 Eductus
2484 1217 2638 1264 actus
2665 1218 2745 1264 cst
2770 1213 2995 1281 grabato
3024 1210 3219 1275 ferreo,

532 1300 718 1356 Vitant
738 1300 883 1357 beati
908 1300 1152 1356 membra
1187 1300 1339 1354 testis
1361 1312 1604 1369 tangere.
2214 1296 2552 1369 Plumboque
2576 1299 2734 1354 dorsa
2758 1316 2978 1371 sparsus
3007 1302 3128 1372 igne
3156 1303 3398 1369 fervido;

525 1391 714 1450 Castus
750 1401 906 1448 tuens
933 1391 1090 1446 haec:
1126 1408 1147 1442 ι
1182 1389 1619 1447 Christianorum
1645 1390 1808 1455 Deus,
2218 1393 2350 1447 Dum
2388 1393 2785 1464 parvipendens
2807 1394 2908 1449 ista
2937 1395 3075 1450 ridet
3096 1396 3300 1451 arduus
3386 1462 3389 1465 Ἴ

526 1485 829 1552 Exclamat,
858 1484 987 1539 altis
1008 1498 1236 1554 magnus
1261 1492 1347 1539 est
1373 1482 1727 1539 clamoribus.
1776 1503 1797 1535 ι
2216 1484 2469 1552 Bellator,
2496 1486 2603 1540 alta
2629 1495 2807 1541 mente
2838 1486 3053 1542 calcans
3077 1488 3334 1553 tormina,

526 1576 728 1633 Iterum
749 1577 943 1634 beatus
973 1591 1197 1632 carcere
1224 1575 1553 1639 remittitur;
2215 1578 2484 1633 Confusus
2510 1579 2624 1633 edit
2646 1593 2841 1633 censor
2869 1588 3026 1634 atrox
3056 1579 3227 1649 prmlii

524 1667 618 1721 Bis
648 1683 745 1723 sex
781 1667 971 1729 diebus
994 1667 1138 1722 hunc
1161 1664 1403 1721 tenebris
1428 1665 1666 1720 obsitum
2219 1666 2479 1723 Mucrone
2504 1677 2701 1723 metam
2727 1686 2741 1723 :
2769 1670 2869 1734 sic,
2899 1670 3139 1725 minutus
3162 1669 3385 1734 vertice,
3568 1668 3590 1695 ‘

527 1755 788 1814 Homines
807 1764 1065 1813 velantur
1083 1756 1318 1811 allevare
1339 1754 1610 1811 aﬂ‘atibus.
2216 1756 2423 1830 Martyr
2446 1772 2699 1829 supernae
2730 1775 2895 1831 regna
2928 1760 3140 1815 scandit
3176 1760 3397 1829 glorize;

525 1847 836 1919 Nequitsed
865 1848 971 1903 alta
1002 1847 1319 1904 cmlieorum
1347 1847 1588 1903 cbaritas
2144 1858 2187 1917 Β
2215 1847 2469 1904 Gaudent
2495 1858 2711 1919 recepto
2746 1850 3067 1906 consodales
3095 1852 3341 1922 pignore.

1826 2018 1832 2024 '
1924 1938 2153 1996 CAPUT
2199 1938 2387 1995 XVHL

1739 2026 1813 2082 De
1841 2028 2041 2085 ultione
2068 2043 2271 2103 quarta:
2292 2034 2685 2103 persecutionis.

528 2119 713 2173 Turbo
742 2116 932 2173 volans
968 2117 1057 2172 bic
1077 2117 1329 2173 dividuus
1360 2118 1471 2173 sola
1500 2118 1703 2173 Gallica
1733 2129 1954 2189 quassat
2222 2123 2339 2191 Qua
2367 2124 2485 2179 sine
2512 2124 2745 2180 ruricola
2774 2125 2974 2196 passim
3005 2139 3157 2190 rura,
3183 2124 3401 2196 Oppida,
3429 2123 3580 2189 villa),

525 2211 704 2280 Atque
722 2208 886 2277 Asiae,
925 2208 1233 2280 multosque
1262 2209 1375 2265 fero
1401 2218 1607 2266 tortore
1636 2220 1864 2267 coronat
2221 2212 2530 2282 Desertum,
2555 2215 2741 2282 silvas,
2774 2230 2998 2288 magnas
3027 2225 3084 2271 et
3110 2230 3268 2270 versa
3292 2215 3499 2279 ruinas,

527 2302 853 2361 Sanctorum
880 2302 1077 2359 validis
1096 2302 1409 2359 vincentum
1437 2311 1615 2359 terrea
1647 2302 1824 2360 bellis.
2221 2305 2535 2363 Occiderint
2558 2307 2705 2363 acies
2725 2307 2834 2363 late
2859 2317 3175 2378 coneteque
3205 2308 3501 2379 phalanges

525 2393 705 2453 Pestis
729 2401 788 2449 at
815 2393 1120 2464 insequitur
1140 2394 1454 2465 regionibus
1471 2404 1591 2450 acta
1620 2410 1720 2466 per
1745 2395 1933 2452 orbem
2222 2397 2519 2463 Romuleae,
2554 2397 2844 2469 longinqua
2876 2398 3063 2468 procul
3099 2398 3328 2454 hiberna
3364 2399 3609 2461 colentes,

526 2483 810 2549 Romanis,
835 2484 964 2540 tabo
995 2484 1244 2544 inliciens
1273 2488 1398 2543 data
1422 2502 1652 2559 corpora
1676 2488 1891 2552 morbo,
2224 2485 2465 2543 Vindicis
2488 2488 2787 2559 absumpta:
2816 2495 2968 2544 tanto
3005 2487 3219 2544 fervore
3240 2487 3520 2552 feruntur;

526 2573 817 2629 Vermibus
840 2582 1001 2645 atque
1023 2575 1272 2646 adigens,
1297 2576 1425 2632 olim
1453 2591 1553 2633 ceu
1588 2593 1753 2648 regna
1778 2575 1984 2648 Canopi
2222 2579 2400 2650 thue
2425 2590 2612 2635 exorta
2637 2589 2863 2650 crepant
2886 2595 3012 2636 mox
3040 2579 3478 2636 Marcomannica
3497 2577 3643 2643 bella,

524 2665 774 2738 Improba
806 2667 1049 2738 corrupit
1076 2682 1261 2724 verme
1290 2676 1453 2739 atque
1473 2670 1759 2739 putredine
1784 2684 1990 2724 musca.
2222 2671 2444 2728 Nonnisi
2483 2672 2693 2729 delectu
2729 2673 2935 2729 fuerint
2960 2682 3189 2729 tractata
3218 2673 3447 2739 recenti,

528 2756 693 2816 Missa
715 2757 833 2814 lues
857 2758 1027 2828 ipsam
1050 2774 1197 2825 mox,
1219 2774 1340 2831 qua:
1354 2769 1518 2827 caput
1534 2760 1833 2832 impietatis
2223 2760 2394 2827 Quem
2421 2763 2688 2821 struxisse
2709 2763 2872 2819 datur
2892 2762 3109 2819 Marcus
3142 2774 3253 2820 tres
3273 2762 3478 2838 iugiter
3504 2775 3673 2818 annos.

524 2847 773 2920 Exstitit,
802 2849 1099 2908 Ausoniam
1127 2860 1277 2908 vasta
1303 2851 1383 2908 sic
1406 2851 1558 2908 clade
1582 2852 1815 2909 trucidat
1843 2870 1857 2906 :

1988 2943 2218 3000 CAPUT
2258 2940 2400 2997 XIX.

1241 3030 1315 3085 De
1335 3030 1508 3102 pluvia
1537 3043 1584 3088 et
1618 3035 1834 3089 victoria
1864 3037 2120 3092 militibus
2144 3054 2237 3107 per
2257 3028 2633 3091 invocationem
2657 3032 2854 3088 Christi
2883 3049 3149 3088 concessa.

530 3118 659 3175 Haec
682 3118 885 3176 Christi
911 3119 1084 3184 virtus
1111 3119 1325 3177 Domini
1350 3123 1627 3177 moderata
1657 3125 1943 3192 probatur,
2221 3124 2372 3181 Caelo
2391 3123 2635 3179 deductis
2656 3121 2903 3179 satiarint
2923 3122 3135 3192 agmina
3151 3121 3367 3187 nimbis,

530 3206 650 3263 Non
675 3209 877 3264 nostris
902 3217 1131 3275 tantum,
1153 3211 1396 3265 externis
1423 3215 1551 3291 quin
1580 3213 1884 3283 relligione,
2148 3201 2193 3263 (ἶ
2224 3218 2567 3274 Fulminibus
2588 3218 2774 3271 hostes
2804 3230 2869 3270 ac
2899 3201 3121 3271 coalitus
3141 3215 3264 3285 igne
3294 3214 3532 3285 fugarint

530 3295 849 3353 Castrorum
871 3307 927 3354 ut
960 3308 1213 3371 relegens
1235 3301 1478 3358 ductoris
1500 3303 1728 3372 epistola
1757 3305 1935 3377 signet
1963 3326 1976 3361 :
2226 3310 2484 3367 Crebrius
2515 3322 2797 3380 expresso,
2826 3306 3094 3377 legionem
3122 3316 3177 3361 et
3204 3306 3274 3360 ab
3300 3307 3428 3360 inde
3450 3313 3671 3360 vocatam

530 3388 778 3456 Qualiter
805 3399 998 3446 exusto
1023 3391 1209 3446 cuneis
1236 3393 1547 3451 sitientibus
1571 3411 1726 3463 arvo,
2224 3399 2585 3464 Fulmineam,
2617 3412 2716 3469 per
2737 3413 2899 3467 quam
2925 3397 3153 3452 victoria
3179 3397 3350 3451 milite
3372 3410 3539 3468 pauco

534 3477 786 3548 Undique
806 3477 933 3534 dum
966 3479 1300 3537 circumfuso
1330 3494 1713 3554 premerentur
1735 3488 1803 3542 ab
1835 3487 2009 3556 hoste,
2225 3492 2389 3547 Parta
2421 3491 2660 3560 quidem,
2691 3498 2748 3543 at
2769 3487 2937 3543 multa
2973 3488 3175 3543 Christi
3207 3487 3449 3543 bonitate
3475 3485 3671 3542 tributa.

531 3567 747 3623 Clausis
780 3568 1033 3626 barbarie
1062 3581 1291 3628 mortem
1327 3574 1575 3645 eteloque
1605 3577 1866 3643 minante,
2228 3582 2434 3637 Priscis
2458 3580 2805 3636 Romulidum
2831 3579 2995 3634 nullis
3017 3579 3279 3648 aequanda
3308 3579 3539 3648 tropmiS.

532 3656 875 3716 Christicolae
899 3660 1119 3718 athleta:
1143 3664 1382 3733 quidam,
1412 3667 1613 3735 pietate
1634 3667 1898 3738 vigentes,
2223 3674 2371 3730 Jttris
2401 3676 2679 3744 ine’xperta
2708 3672 2973 3728 bellorum
3006 3680 3157 3743 gesta
3187 3670 3435 3735 cohorte,

532 3746 835 3818 Poplitibus
860 3749 1018 3810 ﬂexis
1049 3753 1103 3808 in
1128 3755 1341 3825 publica
1373 3764 1496 3810 vota
1525 3756 1760 3828 profusi,
2225 3765 2490 3821 Culminis
2516 3773 2572 3820 at
2594 3763 2798 3821 Christi
2825 3763 2988 3819 solito
3015 3771 3226 3834 patrata
3252 3762 3458 3833 vigore.

533 3839 801 3900 Imbribus
831 3844 1069 3902 obtentis
1099 3847 1342 3903 sedarint
1367 3846 1602 3905 nubibus
1630 3858 1831 3916 testas;

1669 3978 1871 4035 CAPIT
1880 3979 2015 4036 ULA
2054 3979 2235 4037 LIBRI
2272 3977 2555 4047 QUARTI.

677 4064 805 4115 Car.
909 4063 951 4119 I.
988 4094 1059 4105 —
1093 4064 1170 4120 De
1191 4077 1371 4123 sancto
1392 4069 1691 4125 Anollonio.

894 4132 961 4188 Il.
999 4165 1066 4175 -
1105 4135 1182 4190 De
1206 4138 1400 4192 sanctis
1427 4132 1711 4204 Pontiano,
1737 4139 1963 4195 Eusebio
1985 4150 2031 4195 et
2054 4140 2212 4195 sociis
2242 4153 2443 4194 eorum.

896 4204 985 4278 Ill.
1020 4233 1095 4247 —
1130 4205 1209 4278 ρο
1236 4207 1464 4260 vindicta
1497 4208 1736 4278 praefata:
1763 4208 2110 4265 crudelitatis.

1028 4304 1099 4314 -
1125 4274 1210 4351 Pe
1233 4287 1412 4330 εαησιο
1437 4272 1657 4351 ῥὶςὶεεὶο
1681 4296 1817 4350 papa
1848 4290 1896 4335 et
1924 4278 2184 4351 Egesippo
2215 4272 2448 4326 doctore.

901 4343 967 4419 γε
1007 4373 1076 4383 -
1114 4342 1193 4419 D_e
1213 4342 1738 4419 ειιηειο-Ρριξμεαηίοζ

898 4413 987 4468 \l.
1025 4444 1097 4455 —
1130 4412 1209 4469 De
1237 4416 1431 4470 sanctis
1463 4406 1665 4483 So'tere,
1698 4417 1999 4475 Eleutherio
2028 4427 2076 4475 et
2109 4416 2320 4471 Victore
2350 4406 2469 4463 PP.

1054 4513 1123 4524 —
1160 4484 1241 4559 D_e
1278 4485 1508 4559 vindicta
1536 4488 1733 4558 quinta:
1760 4489 2154 4559 persecutionis.

899 4553 1034 4629 XIII.
1076 4554 1256 4629 —-_De
1293 4553 1574 4629 Zepln'rinb
1604 4574 1740 4629 papa
1760 4553 1815 4629 ἐξ
1842 4569 2022 4614 sancto
2059 4554 2291 4614 Calixto.

899 4624 992 4681 IX.
1030 4656 1101 4666 ——
1137 4625 1216 4680 De
1243 4624 1425 4682 sancta
1448 4624 1702 4682 Martiae.
1786 4626 1815 4654 "

893 4695 976 4769 ξε
1004 4725 1075 4738 --
1108 4696 1185 4769 De
1206 4706 1387 4752 sancto
1404 4695 1635 4769 Urbano
1657 4716 1795 4769 papa
1819 4708 1867 4754 et
1895 4697 2134 4755 Cweilia.

1035 4798 1104 4808 —
1142 4766 1219 4841 D_e
1243 4768 1439 4841 sanctis
1479 4761 1740 4823 Pontiano
1760 4786 1905 4841 papa
1927 4770 1975 4823 et
2003 4767 2289 4841 Hippolyto
2314 4761 2631 4841 presbytero.

902 4836 1014 4891 XII.
1054 4867 1123 4878 —
1160 4836 1237 4889 De
1264 4839 1457 4892 Antero
1486 4853 1621 4960 paﬁa
1643 4848 1689 4893 et
1711 4834 1909 4894 ultione
1943 4834 2531 4914 sextte'persecutionis.
2604 4904 2607 4907 _
3261 4877 3269 4880 ,

907 4906 1045 4960 XIII.
1084 4936 1154 4946 -—
1191 4906 1269 4960 De
1306 4906 1510 4960 duobus
1591 4908 1803 4960 Itilimn's
1826 4911 2231 4960 imperatoribus
2252 4916 2298 4960 et
2327 4904 2520 4958 Pontio
2541 4912 2769 4960 martyre
2791 4911 2945 4960 atque
2970 4901 3236 4960 Fabiana.

1084 4936 1154 4946 -—
1191 4906 1269 4990 lle
1306 4901 1803 4990 duobnsnl’ltilippis
1826 4901 2231 4990 imperatoribus
2252 4916 2298 4960 et
2327 4904 2520 4990 Pontio
2541 4904 2769 4989 martyre
2791 4911 2945 4984 atque
2970 4901 3236 4961 Fabiana.
