3888 5330
112 273 208 326 653
672 267 758 322 DE
789 263 1060 322 CHRISTI
1093 261 1469 318 TRIUIIPIIIS
1490 263 1675 318 APUD
1699 265 1977 322 ITALIAM
2007 263 2183 320 LIBRI
2214 260 2353 318 XIV.
2383 290 2455 303 —
2493 257 2620 314 LIB.
2667 255 2754 313 IV.
3254 255 3358 310 εει

111 387 259 442 Lucis
281 383 590 455 Apollonius
610 399 839 453 quorum
871 391 1070 437 Virtute
1103 390 1355 443 eiucoat;
1565 445 1568 448 ἢ

108 477 302 531 Christi
334 491 456 530 cum
483 475 631 528 cultu
662 475 922 544 sophiem,
948 473 1241 540 Romaeque
1271 481 1513 526 senator.

109 566 312 620 Crimen
340 566 465 621 huic
493 566 713 620 vehitur
732 565 952 619 Christo
977 563 1180 634 pollere
1211 563 1496 631 magistro.

110 656 192 710 Ille
218 657 390 726 palam
423 672 612 710 verum
641 671 745 709 non
773 656 960 709 abnuit
987 655 1168 718 edere,
1209 662 1449 707 tractans

111 747 291 800 Ciclite
313 747 478 801 verba
499 728 618 800 .lide
643 761 828 814 super,
875 743 1212 798 auseultante
1235 753 1444 807 senatu,

112 838 264 905 Inque
287 837 536 892 volumen
569 837 677 906 agit
710 837 880 889 nitido
913 849 1160 888 sermone
1185 842 1426 904 rogatus.

115 927 276 996 thue
311 937 468 998 putes
496 929 686 980 meruit
713 928 916 981 Geticis
937 943 1124 980 orasse
1155 927 1410 987 catervis,

113 1013 234 1070 Nam
266 1019 391 1071 data
418 1018 466 1072 ei
494 1026 653 1087 caput
685 1018 886 1072 abs-ridi
916 1017 1180 1072 sententia
1215 1018 1456 1081 mandat,

1699 384 1752 442 Δ
1780 382 1894 436 lloc
1919 381 2061 450 apud
2083 380 2182 434 hos
2201 377 2366 432 veteri
2385 375 2497 445 jam
2523 375 2724 430 dudum
2751 373 2865 445 lege
2891 380 3120 440 tenente,

1785 470 2136 527 Christicolas
2165 469 2328 525 semel
2353 467 2584 530 oblatos,
2617 467 2672 520 ni
2704 481 2826 519 vera
2855 464 3110 526 refutent,

1785 562 1938 616 Haud
1969 563 2264 630 impunitos
2286 559 2389 613 ulla
2431 559 2641 612 ratione
2674 557 2913 620 remitti;

1788 652 1895 705 lex
1921 665 2082 721 quam
2106 658 2258 718 grata
2284 651 2296 701 !
2327 648 2460 702 mori
2482 645 2661 716 justos
2685 662 2784 716 pro
2811 645 3037 701 crimine
3065 647 3203 710 veri,

1786 742 1980 796 Vivere
2006 741 2303 804 falsidicos,
2343 753 2638 808 verumque
2673 739 2845 793 nitere
2870 747 3161 806 negantes;

1785 828 2045 900 Quodque
2067 831 2260 898 probes
2279 846 2463 883 verum
2482 828 2759 890 damnare,
2780 827 3065 881 admittere
3079 825 3293 888 falsum,

1789 923 2022 976 I‘erdere
2049 923 2328 984 virtutem,
2365 923 2486 974 sine
2514 918 2689 972 fronte
2729 916 2970 972 attollere
2996 917 3225 980 crimen,

1793 1014 2081 1079 Virtutem,
2112 1015 2336 1078 vitium;
2369 1013 2576 1068 crimen
2604 1012 2890 1068 defendere
2917 1026 3105 1066 verum
3133 1013 3144 1063 ε

1553 1167 1785 1223 CAPUT
1824 1168 1886 1223 Il.

1071 1277 1143 1332 De
1164 1280 1357 1333 sanctis
1385 1277 1668 1344 Pontiano,
1694 1279 1921 1334 Eusebio
1953 1288 2000 1333 et
2024 1277 2184 1332 sociis
2211 1287 2391 1330 eorum

108 1411 247 1469 Tunc
269 1414 594 1477 Pontianus,
645 1413 908 1468 Eusebius
934 1423 988 1468 et
1011 1429 1312 1482 compares,

111 1502 444 1569 Vincentius,
475 1504 823 1574 Peregrinus,
852 1504 957 1557 alta
998 1515 1265 1574 martyres

113 1593 258 1648 Maeli
298 1595 502 1649 lueratu
543 1595 758 1649 subiere
783 1595 991 1662 sidera;

1797 1414 2114 1484 Clamatque
2148 1431 2162 1467 :
2199 1431 2220 1464 ι
2257 1411 2400 1466 Deus
2425 1417 2508 1464 est
2536 1408 2785 1464 Christus
2815 1424 2974 1476 quem
2997 1408 3321 1478 przedieaut;
3351 1426 3372 1460 ι

1795 1510 2029 1572 Clamat,
2057 1506 2251 1560 deinde
2273 1504 2572 1559 clanculam
2596 1502 2729 1571 petit
2756 1501 2958 1571 fugam,

1799 1599 1970 1664 Quem
2003 1596 2352 1651 conﬁtentem
2379 1592 2528 1648 fonte
2556 1593 2782 1647 Ruﬁnus
2811 1607 2970 1647 sacro

112 1687 203 1752 Qui
225 1701 396 1741 censa
424 1687 577 1741 erelis
615 1688 845 1741 intulere
882 1698 1081 1750 terrea,

113 1777 285 1831 Primo
309 1779 547 1846 expediti
577 1788 858 1832 sumerent
880 1789 937 1834 ut
959 1780 1170 1842 cadica,

118 1867 174 1919 Et
199 1867 344 1921 lucra
379 1867 534 1921 coalis
564 1877 621 1920 ut
660 1878 863 1937 queant
895 1869 1228 1939 impendere,

116 1960 529 2031 Centuplicanda
558 1963 774 2017 student
807 1962 1006 2017 talenta
1038 1965 1364 2032 expendere.

117 2053 267 2120 Queis
294 2071 418 2109 mox
445 2063 667 2109 senator
696 2056 894 2112 additis
924 2056 1228 2125 acquiritur

117 2144 237 2215 Regi
267 2161 507 2214 superno
530 2143 705 2200 Julius
734 2147 1066 2210 domesticis,

119 2235 339 2290 Ruﬁnus
372 2238 514 2290 unda
561 2253 698 2306 quos
730 2239 968 2291 sacravit
1000 2238 1302 2308 presbyter,

119 2325 309 2381 Doctus
343 2327 623 2396 magistris
655 2327 880 2397 integris
914 2328 972 2381 Iit
1005 2329 1235 2397 integer,

121 2415 262 2470 Miles
285 2428 511 2471 senator
533 2417 700 2485 Regis
728 2419 847 2482 alti,
893 2429 947 2472 et
975 2419 1243 2489 particeps

123 2507 283 2580 Regni
305 2509 526 2563 caducis
556 2511 698 2578 quod
739 2511 950 2578 paravit
982 2510 1151 2579 copiis

122 2599 358 2655 Onerosa
387 2601 516 2655 celsi
549 2601 783 2656 tramitis
811 2601 1142 2665 docentium,

123 2689 359 2746 Tradens
389 2693 576 2762 egenis
603 2709 698 2762 per
745 2708 936 2746 manus
967 2693 1272 2757 obstacula,

125 2782 260 2838 Dans
303 2785 622 2848 terrulenta,
652 2794 708 2838 et
741 2799 1067 2854 comparans
1099 2784 1364 2844 emlestia,

125 2875 366 2947 Fugitiva
393 2892 675 2948 spargens,
719 2877 1051 2946 sempiterna
1079 2876 1358 2946 colligens.

126 2968 270 3034 Quod
298 2970 597 3040 imperator
618 2985 747 3024 aure
777 2984 996 3023 sumens
1031 2966 1359 3022 Commodus

125 3058 275 3115 Iubet
300 3061 445 3114 hunc
475 3060 643 3114 teneri
673 3060 868 3124 iratus,
889 3069 945 3114 et
972 3059 1192 3122 Vitellii,

128 3149 367 3205 Peditum
396 3151 661 3220 magistri,
693 3151 853 3206 tradit
883 3152 1192 3214 audientire,

128 3241 263 3312 Opes
293 3243 540 3312 requirat
560 3258 790 3313 eumque
811 3242 990 3298 ﬂectat
1021 3242 1287 3305 delubris;

129 3334 321 3391 Tribus
354 3337 446 3388 dat
473 3335 561 3390 ille
593 3351 752 3405 quem
783 3336 975 3390 diebus
1004 3335 1228 3400 carceri,

129 3425 363 3482 Posthac
385 3427 593 3482 catenis
623 3426 842 3481 mandat
869 3437 1048 3480 actum
1075 3427 1354 3480 assistere.

127 3519 170 3568 Α
195 3532 304 3580 quo
332 3506 456 3571 orsa
479 3517 701 3586 capiens
731 3517 859 3580 alta,
894 3516 1048 3579 dura,
1079 3515 1253 3569 vivida
1272 3553 1288 3579 ,

131 3606 272 3661 Caedi
305 3608 514 3663 severis
548 3607 734 3661 tandiu
760 3608 871 3677 egit
895 3605 1148 3673 fustibus,

131 3696 265 3750 Dum
289 3697 519 3752 liberum
559 3699 877 3752 transmittit
899 3707 1044 3750 astra
1073 3696 1320 3764 spiritum

133 3785 329 3841 Senior
358 3802 604 3857 superna:
633 3789 937 3843 dedicatum
965 3787 1150 3843 curizc.

134 3878 212 3934 Pii
243 3881 488 3948 magistri
519 3895 715 3950 corpus
741 3879 940 3932 almum
967 3879 1245 3949 colligunt,

131 3968 386 4039 Interque
415 3970 574 4024 busta
597 3969 866 4024 collocant
888 3969 1182 4038 Calepodii.

134 4059 274 4116 Iline
301 4063 685 4132 comprehensi
713 4062 992 4132 cognitore
1013 4061 1246 4127 Vitellio,

135 4152 272 4207 Dum
295 4153 532 4224 pensiles
556 4153 826 4209 librantur
851 4155 1080 4224 equuleo
1107 4155 1339 4218 eminus,

137 4243 442 4316 Nervisque
471 4246 854 4302 distenduntur
883 4256 1035 4302 artus
1063 4246 1314 4310 fortibus,

135 4335 550 4407 Crudeliterque
579 4321 928 4392 macerantur
955 4337 1207 4402 fustibus,

139 4426 503 4498 Flammisque
533 4428 703 4484 latera
739 4429 1074 4500 conﬂagrant
1101 4429 1396 4482 atrocibus.

140 4517 344 4574 Tuetur
365 4530 467 4573 ista
499 4521 600 4576 sub
625 4520 872 4591 palaestra
908 4518 1174 4582 carnifex,

144 4606 391 4665 Stantem
417 4611 623 4666 mederi
656 4611 926 4665 Antonius
954 4626 1076 4664 cum
1107 4609 1330 4680 spongia

143 4699 397 4758 Juveuem
425 4706 750 4774 pioruntque
777 4703 1098 4757 allevantem
1131 4701 1347 4755 vulnera
1376 4717 1386 4750 :

1801 1689 1973 1743 Lavit.
2007 1688 2279 1740 Reversus
2309 1685 2376 1740 ad
2406 1694 2694 1754 tyrannum
2723 1683 2892 1737 libere

1723 1815 1767 1872 Β
1800 1782 1934 1835 Dum
1959 1779 2329 1834 Christianum
2359 1793 2416 1832 se
2445 1779 2664 1842 fatetur,
2693 1777 2968 1846 plectitur,

1793 1873 2083 1943 Jnguliqne
2107 1871 2173 1924 ad
2197 1881 2344 1924 astra
2373 1869 2606 1923 mittitur
2629 1869 2922 1934 sententia,

1797 1965 2002 2034 \‘iaque
2031 1973 2188 2018 terra:
2217 1963 2324 2016 lata
2353 1961 2594 2016 membra
2625 1959 2870 2014 Aurelia.

1867 2057 1926 2110 In
1952 2057 2109 2110 laude
2136 2054 2339 2109 Christi
2368 2053 2589 2107 immota
2619 2062 2727 2106 stat
2750 2051 3010 2106 sodalitas

1799 2149 2065 2212 Robusta,
2095 2162 2187 2202 seu
2218 2161 2498 2216 suspensa,
2532 2161 2625 2200 seu
2671 2145 2970 2209 remissior,

1800 2237 1908 2292 Nec
1929 2237 2100 2293 fracta
2122 2237 2291 2301 duris,
2320 2251 2420 2291 nec
2451 2235 2672 2291 subacta
2697 2236 2965 2291 mollibus.

1801 2329 2059 2384 Furiatus
2088 2344 2218 2398 ergo
2246 2343 2442 2383 censor
2463 2327 2705 2382 absciuili
2728 2326 2875 2382 ferus

1802 2423 2074 2477 Plectrum
2115 2421 2287 2475 beata:
2308 2419 2454 2475 vocis
2483 2419 2712 2474 Eusebio
2727 2417 2908 2488 jubet;

1806 2512 1911 2566 Sed
1938 2512 2062 2582 jura
2089 2510 2290 2565 Christi
2320 2510 2659 2564 internecare
2687 2524 2791 2562 non
2823 2508 3000 2576 valet,

1808 2605 2083 2673 Datorque
2113 2602 2310 2672 lingua:
2330 2599 2473 2656 suﬂit
2499 2601 2611 2655 oris
2636 2599 2817 2654 munia
2836 2640 2851 2664 ,

1807 2696 1871 2750 Et
1895 2697 2099 2764 absque
2137 2695 2315 2766 lingua
2349 2692 2513 2748 verba
2542 2693 2736 2761 linguze
2763 2702 3030 2762 procreat,

1807 2789 2125 2858 Clamatque
2153 2795 2334 2842 sectus
2357 2800 2490 2839 voce
2521 2786 2678 2840 testis
2701 2785 2907 2854 integra
2934 2799 2949 2837 :

1814 2901 1833 2932 «
1864 2880 1981 2934 Tibi
2007 2879 2359 2948 sempiterna,
2386 2875 2512 2932 Iesu
2535 2875 2774 2940 Christe,
2799 2875 2987 2946 gloria.
3022 2897 3040 2927 ι

1811 2972 1992 3042 Septis
2025 2972 2223 3026 retrusi
2255 2981 2377 3041 post
2400 2985 2630 3040 agonem
2662 2969 2903 3024 carceris

1813 3062 2027 3117 Laudes
2047 3063 2220 3116 datori
2247 3071 2542 3131 personant
2567 3060 2828 3140 victoria}.

1735 3182 1784 3244 ο
1817 3153 1906 3208 Sic
1928 3154 2052 3208 dum
2087 3153 2278 3208 diebus
2303 3167 2366 3208 ac
2391 3153 2658 3208 resultant
2687 3154 2942 3209 noctibus

1813 3245 2044 3312 Quidam
2073 3244 2326 3300 sacerdos
2349 3243 2622 3315 Lappulus
2650 3244 2925 3315 Capitolii,

1811 3337 2084 3392 Obsessus
2103 3336 2262 3391 annis
2282 3337 2526 3392 caecitate
2549 3344 2833 3406 quattuor,

1821 3427 1981 3482 Venit
2005 3429 2245 3482 tenebris
2267 3437 2321 3481 et
2348 3428 2552 3482 recedit
2583 3427 2806 3492 lumine,

1817 3521 2156 3575 tlluminatus
2181 3520 2366 3583 corde,
2393 3533 2623 3574 cernens
2659 3533 2908 3588 corpore.

1819 3612 2089 3682 Ergastuli
2115 3620 2327 3682 patrata
2353 3611 2666 3680 Simplicius
2687 3611 2875 3665 videns

1821 3701 2104 3766 Ser-valor,
2136 3701 2247 3756 aris
2269 3700 2573 3755 daemonum
2599 3701 2891 3760 renuntiat.

1821 3790 2129 3860 Passusque
2153 3787 2429 3844 Christum
2457 3797 2635 3842 mente
2664 3788 2806 3843 lotus
2827 3788 3101 3843 candidat.

1822 3879 1951 3947 Quae
1973 3888 2121 3949 gesta
2144 3878 2307 3946 judex
2339 3877 2551 3931 nuntiat
2572 3877 2696 3932 dum
2726 3877 3021 3932 Commodo

1823 3968 1896 4024 Ut
1918 3969 2212 4039 puniantur
2237 3967 2460 4021 mandat
2484 3965 2574 4023 ille
2593 3967 2830 4022 concito.

1825 4059 1954 4114 Post
1983 4060 2050 4114 ad
2085 4074 2316 4118 coronas
2342 4059 2554 4114 evocati
2579 4067 2868 4130 martyres,

1827 4149 2104 4206 Scelerata
2136 4149 2309 4204 fertur
2334 4159 2486 4220 petra
2519 4164 2624 4219 qua
2650 4159 2845 4204 metam
2879 4156 3070 4220 petunt

1829 4240 2051 4310 lllicque
2075 4241 2297 4310 plumbo
2325 4250 2449 4295 vota
2486 4242 2610 4296 caesi
2634 4255 2886 4311 corpora,

1832 4332 2053 4388 Molesta
2075 4333 2347 4405 linquunt,
2383 4335 2501 4389 lmta
2527 4336 2795 4390 scandunt
2818 4335 3056 4390 domata.

1832 4427 2075 4492 Quorum
2107 4444 2389 4484 resumens
2421 4431 2663 4484 membra
2702 4429 2932 4486 Rufinus
2955 4443 3112 4484 sacer

1762 4531 1810 4588 ι)
1839 4517 2007 4572 Sexto
2039 4519 2280 4574 recondit
2305 4519 2373 4572 ab
2396 4517 2544 4573 Urbe
2571 4518 2844 4572 milliario.

1831 4607 2086 4663 Mucrone
2113 4608 2446 4662 Mediolauns
2475 4609 2576 4662 hoc
2602 4609 2701 4662 sub
2729 4615 2970 4678 tempore

1831 4698 2126 4755 Faustinus
2151 4708 2305 4753 actus
2333 4698 2531 4752 transit
2555 4706 2701 4752 astra
2733 4699 3016 4768 sanguine.

1591 4833 1818 4891 CAPUT
1860 4833 1944 4887 IlI.

1282 4944 1357 5000 De
1387 4947 1613 5002 vindicta
1645 4946 1884 5012 prwfatre
1917 4942 2263 5000 crudelitatis.

1843 5080 2000 5114 Vnam
2026 5080 2140 5112 mrln
2174 5078 2349 5112 Voelm
2371 5077 2649 5112 nnkilinnn
2673 5076 2882 5112 ηηιηιξη
2919 5084 2931 5092 ‘
