3888 5330
570 434 674 492 655

1235 438 1623 496 FLODOARDI
1664 437 1981 495 CANONICI
2023 438 2368 495 REMENSIS
2406 439 2764 496 OPUSCl'LA
2808 439 3130 499 METBH'A.
3207 491 3215 497 .
3693 447 3783 506 656

2021 570 2246 625 C-U‘UT
2287 571 2376 624 IV.

1506 661 1582 714 De
1603 670 1782 715 sancto
1810 663 2022 715 Anicelo
2050 681 2187 732 pupa
2219 674 2265 717 et
2298 663 2552 734 Egesippo
2572 665 2804 719 doctore.

566 770 855 828 Pontiﬁces
872 783 991 843 post
1013 768 1322 843 prtemissos
1346 770 1396 823 in
1421 769 1655 824 eulmina
1688 767 1829 823 sedis

561 860 758 919 Lectus
782 862 1041 917 Anicetus
1066 859 1343 925 Romanae,
1373 876 1525 914 sacra
1549 867 1802 914 vetiUstat

559 952 710 1016 Jura,
743 966 896 1007 coma
921 950 1126 1006 clerum
1155 949 1447 1020 prohibens
1471 948 1571 1003 sub
1596 949 1844 1018 dogmate
1872 946 2054 1010 Pauli;

561 1042 926 1114 Martyrioque
948 1053 1235 1097 coronatus
1259 1041 1397 1096 subit
1434 1049 1579 1094 astra
1605 1039 1810 1093 beatus.

557 1131 723 1199 Cujus
753 1131 1084 1202 temporibus
1110 1130 1332 1184 Romam
1361 1128 1657 1199 Egesippus
1677 1127 1887 1196 opimus

566 1221 867 1290 Ingreditur
892 1221 1102 1285 doctor,
1120 1218 1288 1288 jussis
1315 1218 1583 1288 sectisque
1607 1215 1848 1271 Platonis

559 1309 658 1374 Qui
683 1309 831 1378 prius
854 1307 1107 1373 imbutus,
1136 1307 1387 1378 sacelique
1412 1306 1740 1375 sophismata
1771 1303 1994 1368 callens,

2160 780 2203 834 Α
2240 770 2372 824 Dum
2402 783 2661 841 prastare
2685 776 2830 830 videt
2854 775 3050 829 Christi
3072 788 3234 843 super
3261 769 3445 829 omnia
3467 774 3666 833 cultum

2240 860 2521 916 Sectarum
2551 871 2746 921 censor
2775 865 2966 920 melius
2988 864 3111 935 legit
3137 866 3573 935 assequiturque,

2237 952 2600 1024 Doctrinaque
2632 956 2765 1011 nitet
2803 958 2933 1021 veri,
2960 958 3232 1028 gestisque
3254 959 3429 1013 tidelis

2234 1041 2512 1112 Excipitur
2544 1047 2718 1111 testis,
2744 1047 2836 1116 qui
2870 1056 3109 1119 tempora
3138 1050 3343 1117 puriter
3368 1052 3477 1107 orti

2238 1131 2564 1202 Explanans,
2582 1135 2854 1207 Evangelii
2886 1138 3005 1192 sine
3024 1138 3212 1194 fraude
3239 1150 3453 1210 patrata

2234 1220 2607 1293 Prosequitur,
2636 1226 3018 1297 Christumque
3038 1227 3190 1284 libris
3217 1240 3272 1286 et
3311 1233 3572 1301 prasdicat
3608 1234 3743 1289 actis.

1996 1454 2224 1509 CAPUT
2282 1455 2341 1510 V.

1817 1591 1822 1597 .
1867 1561 1894 1597 e
1922 1556 2102 1599 sancto
2132 1542 2448 1617 Polytime.

556 1658 703 1713 Tunc
728 1659 1075 1731 Pulycarpus,
1103 1655 1398 1726 apostolico
1427 1655 1668 1711 radiatus
1694 1654 1763 1709 ab
1789 1670 1886 1710 ore

552 1749 696 1803 Luce
719 1748 835 1813 Dei,
866 1749 1078 1805 auditor
1105 1758 1559 1816 consectatorque
1578 1746 1801 1801 Joannis
1822 1787 1835 1809 ,

551 1841 778 1895 Lumine
803 1839 1095 1897 Romuleas
1116 1840 1299 1895 divino
1336 1840 1598 1894 illuminat
1620 1854 1797 1903 arces,

2235 1660 2499 1731 Legitimo
2527 1662 2647 1715 tidei
2678 1676 2935 1716 revocans
2959 1662 3256 1716 certamine
3277 1662 3476 1732 plures,

2234 1753 2602 1822 Lusoremque
2635 1763 2791 1808 tuens
2819 1750 3017 1808 Satana
3041 1763 3194 1823 patre
3217 1754 3437 1808 denotat
3463 1754 3684 1809 hostem.

1956 1989 2182 2046 CAPUT
2243 1986 2329 2042 Vl.

1516 2077 1592 2131 De
1614 2089 1791 2132 sancto
1826 2079 2031 2148 Solcre,
2054 2081 2355 2136 Eleutherio
2376 2091 2531 2149 atque
2566 2075 2766 2128 l'ictorc
2787 2072 2885 2128 PP

551 2194 710 2249 Soter
732 2192 1013 2248 Anicetum
1043 2190 1308 2261 sequitur,
1332 2191 1423 2260 qui
1451 2190 1686 2246 dimovet
1708 2191 1821 2248 aris

547 2282 865 2337 Femineum
896 2280 1143 2351 quamvis
1165 2280 1452 2349 pollentem
1481 2280 1672 2334 robore
1700 2295 1910 2335 sexum.

550 2370 666 2439 Quo
700 2371 943 2440 patribus
965 2370 1178 2440 juncto.
1207 2370 1448 2425 succedit
1475 2369 1817 2425 Eleutlierus.
1848 2369 2019 2442 Hujus

548 2463 747 2518 Lucius
770 2462 1019 2517 indiculis
1043 2464 1237 2533 rogitat
1263 2477 1354 2516 rex
1380 2460 1530 2529 jussa
1555 2461 1874 2527 Britannus,

547 2554 719 2608 Fonte
749 2554 837 2624 pio
864 2565 924 2609 ut
948 2554 1145 2609 Christi
1186 2553 1299 2608 ﬁeri
1329 2563 1597 2607 mereatur
1630 2553 1900 2609 alumnus.

547 2642 645 2698 Hic
677 2652 862 2698 censet
889 2661 955 2697 ne
978 2643 1317 2698 Christicolis
1345 2658 1627 2713 quazquam
1650 2656 1771 2697 esca
1797 2652 2017 2713 putetur

546 2734 662 2788 Non
691 2733 809 2789 fore
837 2735 1056 2800 munda,
1089 2734 1368 2791 hominum
1410 2734 1663 2787 mundam
1708 2748 1869 2804 quam
1911 2736 2122 2805 judicat

1872 2824 2045 2898 lusus.

545 2918 800 2974 Ecclesiae
825 2927 943 2990 post
969 2919 1113 2973 hunc
1142 2918 1373 2990 disponit
1412 2931 1653 2988 regmma
1685 2915 1886 2980 Victor,

546 3012 611 3066 Et
634 3029 750 3066 cum
776 3012 1096 3084 pravsulilms
1119 3022 1361 3065 sani-tum
1386 3010 1662 3066 confirmat
1701 3009 1824 3062 Eois

2149 2181 2197 2239 Β
2225 2190 2430 2246 Pascha
2457 2190 2546 2245 die
2571 2187 2713 2253 ﬁeri,
2744 2202 2955 2242 sacram
2982 2187 3264 2243 Surrectio
3291 2188 3494 2245 Christ.

2227 2282 2397 2349 Quam
2428 2280 2581 2346 facit,
2622 2289 2784 2350 atque
2819 2278 2995 2347 jubet,
3023 2280 3247 2335 fueritsi
3278 2280 3420 2338 forte
3450 2295 3679 2351 necesse,

2225 2371 2491 2426 Geutilem
2518 2371 2719 2426 Christi
2746 2370 2868 2425 tidei
2901 2373 3157 2441 mysteria
3190 2371 3393 2427 {assum

2226 2461 2388 2517 Sacra
2396 2460 2438 2515 ri
2452 2476 2771 2532 quocunque
2783 2461 2920 2527 loco,
2935 2463 3165 2519 tiuctuve
3177 2464 3357 2520 solove
3373 2463 3496 2538 [ηις.
3507 2466 3563 2533 2,
3574 2463 3765 2537 salute.)

2223 2552 2379 2607 Edita
2412 2552 2740 2608 membranis
2769 2555 2896 2610 bine
2922 2554 3117 2625 linquit
3138 2559 3393 2626 opuscula
3430 2568 3599 2622 casta,

2225 2639 2432 2712 Martyr
2455 2651 2511 2697 et
2536 2643 2810 2710 egreditur
2836 2642 3112 2698 Christum
3144 2646 3448 2701 insectante
3475 2646 3677 2709 Severo.

2226 2730 2325 2799 Qui
2359 2732 2463 2785 late
2486 2734 2706 2800 quintus
2732 2742 2856 2802 post
2884 2732 3061 2787 dirum
3080 2732 3230 2802 jussa
3253 2735 3523 2791 Neronem

2224 2821 2488 2891 Dispersit
2517 2831 2736 2876 sabinos
2764 2823 3066 2878 truculenta
3095 2826 3239 2881 cede
3274 2828 3477 2888 necari,

2224 2911 2341 2979 Qua
2367 2913 2531 2966 variis
2561 2912 2712 2966 nmlti
2740 2914 3047 2984 regionibus
3076 2926 3221 2971 astra
3254 2927 3532 2986 pararunt.

1998 3128 2222 3188 CAPUT
2266 3129 2374 3184 νυ.

1671 3249 1749 3303 De
1773 3249 1998 3303 vindicta
2028 3247 2223 3316 quinta
2244 3244 2631 3314 persecu:ionis.

544 3388 653 3445 Nec
680 3388 817 3442 sedit
846 3386 1081 3441 vindicta
1117 3385 1229 3450 diu,
1260 3383 1437 3438 civilia
1461 3397 1584 3435 nam
1612 3395 1731 3434 mox

549 3479 692 3534 Bella
719 3483 964 3546 erepant,
987 3491 1107 3547 qua:
1144 3485 1291 3529 terna
1324 3480 1508 3535 ruunt,
1539 3470 1787 3539 lrinoque
1817 3467 2026 3539 fragore

543 3570 768 3624 Romani
798 3569 1045 3637 quatiunt
1065 3566 1206 3620 vires
1231 3562 1540 3619 muniminis
1570 3559 1776 3629 amplas

542 3659 861 3728 Adjmneuta
894 3657 969 3713 rei
997 3655 1315 3718 sternentia,
1348 3667 1451 3707 non
1480 3650 1657 3704 minus
1682 3648 1808 3703 olim

544 3753 619 3806 Ac
646 3751 838 3806 sternit
858 3748 1103 3819 jumenta
1135 3745 1248 3800 lues
1277 3760 1395 3816 qua:
1422 3744 1603 3813 quinta
1629 3740 1831 3811 Syenes

2223 3377 2408 3450 Regna
2447 3378 2574 3433 terit
2599 3378 2817 3434 Christo
2833 3395 3056 3434 sacram
3089 3380 3357 3437 turbantia
3384 3381 3612 3451 plebem.

2226 3471 2321 3525 llis
2351 3471 2475 3525 licet
2508 3471 2759 3526 intercisa
2796 3472 2952 3527 malis
2980 3473 3121 3527 haud
3145 3487 3326 3543 pressa
3360 3473 3589 3543 procella

2224 3558 2496 3623 anhinis.
2525 3563 2638 3617 haec
2660 3564 2875 3632 penitus
2901 3564 3031 3633 quin
3061 3573 3213 3619 tensa
3240 3574 3296 3619 et
3325 3565 3486 3620 incita
3516 3566 3630 3618 dum
3661 3561 3755 3615 orbi

2147 3685 2189 3746 ϐ
2224 3648 2266 3703 lt
2304 3659 2433 3719 gnat
2459 3653 2761 3708 Alexander
2788 3653 3091 3723 mulzosque
3110 3654 3233 3726 polo
3261 3656 3424 3723 erigit
3447 3669 3591 3710 ense.

1916 3856 1924 3863 ’
1971 3892 2197 3948 mror
2241 3889 2369 3947 vui;

1608 4006 1685 4063 De
1719 4005 2013 4079 Zephyrino
2039 4024 2175 4080 papa
2200 4017 2248 4064 et
2276 3972 2712 4064 sancto’Cntixto.

543 4147 778 4205 Victoris
810 4143 997 4198 Romae
1020 4140 1356 4211 Zephyrinus
1378 4138 1501 4207 jura
1536 4140 1790 4205 capessit,

542 4239 690 4295 Ordo
709 4235 1046 4292 sacerdotum
1072 4241 1125 4283 et
1148 4244 1318 4284 sacrae
1346 4228 1601 4299 mysteria
1625 4244 1824 4283 mensa:

544 4335 663 4401 Quo
691 4331 981 4384 deeorante
1008 4324 1202 4386 nitent,
1241 4322 1567 4391 proprioque
1593 4321 1903 4377 reconditus
1924 4330 2081 4375 antro

545 4421 800 4479 Traditur
824 4418 926 4472 hoc
952 4427 1133 4469 coram
1162 4411 1423 4466 Proculus
1443 4410 1781 4481 Cataphryga
1815 4412 1987 4466 victus

554 4506 758 4567 Christi
782 4506 920 4577 lege,
948 4504 1068 4560 viro
1092 4501 1225 4558 Gaio
1252 4499 1771 4556 tractante‘diserto.

546 4601 786 4672 Erigitur
822 4594 968 4652 Petri
998 4601 1118 4666 post
1140 4594 1282 4647 hunc
1307 4591 1359 4645 in
1390 4591 1519 4646 sede
1544 4589 1807 4656 Calixlus,

547 4690 825 4763 Sanguine
854 4688 1155 4749 Romanus,
1184 4683 1357 4753 patria
1382 4681 1602 4752 regione
1623 4681 1908 4737 ltaveunas

545 4787 812 4853 Quattuor
843 4782 929 4836 hic
954 4778 1140 4834 statuit
1157 4775 1363 4846 jejunia
1384 4789 1542 4830 sacra
1561 4774 1854 4845 quotannis

546 4868 905 4939 Temporibus
926 4866 1111 4931 recoli,
1145 4864 1303 4918 vitari
1335 4854 1609 4919 murmura
1635 4862 1808 4933 plebis

548 4964 830 5012 Ductorem
856 4967 1063 5014 contra.
1098 4953 1418 5014 probrisque
1438 4966 1629 5008 cavere
1650 4952 1886 5008 minores

2219 4133 2547 4207 Martyribus
2569 4136 2739 4191 sacris
2765 4135 2857 4191 dat
2896 4136 3320 4210 p'rmsulibusque
3342 4139 3578 4209 quietem
3603 4156 3616 4193 :

2218 4224 2493 4281 Laudibus
2526 4227 2689 4295 inque
2716 4227 2808 4281 Dei
2833 4227 3063 4282 addebat
3092 4240 3385 4300 noctesque
3413 4231 3643 4300 diesque.

2220 4316 2461 4372 Instante
2488 4318 2590 4372 hoc
2621 4318 2873 4388 precibus
2905 4319 3115 4374 Domini
3138 4336 3236 4390 pro
3256 4321 3411 4390 plebe
3439 4319 3674 4382 levanda,

2221 4406 2403 4475 Deque
2432 4408 2548 4460 lacu
2588 4409 2782 4464 mortis
2811 4409 3005 4479 populo
3038 4412 3295 4479 teli-isque
3325 4412 3561 4467 tenebris

2221 4496 2498 4561 Vellendo,
2530 4500 2724 4567 retegit
2755 4500 2932 4553 devoti
2958 4502 3173 4556 audisse
3195 4500 3520 4572 Redemptor

2221 4588 2373 4642 Servi
2401 4599 2519 4643 vota
2545 4588 2731 4654 Deum,
2754 4592 2997 4661 pandens
3019 4593 3276 4648 vertenda
3304 4593 3521 4664 sacella.

2221 4679 2633 4751 lliuuanumqne
2665 4697 2832 4752 genus
2854 4683 2987 4738 laeva
3012 4684 3155 4754 quod
3188 4684 3304 4752 lege
3335 4686 3641 4755 premebant

2220 4771 2391 4826 Stevis
2421 4774 2741 4842 raptandum
2765 4776 3014 4831 manibus
3043 4776 3263 4830 ditionis
3291 4776 3508 4845 iniquae.

2217 4860 2445 4916 Pertulit
2482 4878 2611 4934 ergo
2638 4861 2787 4918 Jovis
2815 4879 3086 4919 summum
3116 4867 3257 4921 inter
3276 4876 3472 4922 etetera
3499 4867 3668 4920 fatim

2218 4950 2382 5018 Cujus
2413 4966 2606 5018 magna
2638 4968 2802 5007 ruens
2833 4968 3018 5008 verum
3042 4954 3356 5009 manifestat
3379 4957 3448 5009 ah
3480 4967 3651 5009 ausim
