3888 5330
131 240 219 300 657
672 237 762 294 DE
799 234 1074 293 CHRISTI
1114 232 1493 292 τιιιωιιιιιιε
1532 228 1666 286 APU

1795 228 2047 284 TALIAM
2089 228 2266 285 LIBRI
2302 227 2525 284 λιν...
2548 227 2675 283 LIB.
2703 227 2792 283 IV.

1709 346 1757 405 Α
1786 341 1991 399 Teutus
2014 345 2291 416 Torquato
2324 345 2555 414 quodam
2584 343 3141 407 insldianteftribuno,

128 354 457 422 Secritlcique
488 360 652 406 ruunt
681 361 808 408 ante
841 353 988 422 ipsas
1021 351 1261 409 fulminis
1293 365 1417 405 aras

128 446 354 505 Celestis
374 444 552 499 subita
587 444 634 497 vi
667 452 927 513 quattuor
952 442 1247 499 exanimati
1272 481 1286 504 ,

127 540 286 607 Atque
310 534 411 606 poli
436 534 669 589 ﬂammis
690 535 864 603 ipsum
892 532 1042 589 lovis
1063 533 1242 587 uritur
1264 532 1433 596 altar,

130 629 189 684 Ut
211 636 382 697 pateat
406 641 513 679 non
541 640 662 680 esse
688 624 840 680 lovis
860 624 1104 681 emicatia
1132 623 1259 688 tela,

130 719 357 787 Caligare
384 700 521 778 dies,
551 714 824 770 obducere
850 714 1028 768 nubila
1059 713 1254 768 emittm
1278 751 1294 777 ,

130 807 544 874 Prteseutemqne
568 804 674 858 rcis
696 803 1018 859 mortalibus
1046 802 1227 856 omnia
1260 809 1488 854 mortem

129 896 401 958 Inuentare,
434 894 576 950 Urbs
606 893 743 963 ipsa,
774 893 898 963 polo
917 902 1212 963 pugnante,
1239 898 1424 960 putata

127 987 177 1044 In
195 988 393 1043 subitas
420 986 568 1041 orbis
600 986 796 1040 victrix
831 985 1041 1040 abitura
1069 983 1299 1039 favillas.

131 1078 311 1132 Suadet
330 1077 470 1131 inire
489 1075 671 1147 fugam
700 1075 924 1146 trepidis
954 1077 1116 1130 timor
1139 1074 1284 1130 Urbe
1310 1074 1515 1132 relicta.

131 1168 354 1238 Dumque
380 1176 527 1222 metu
559 1167 693 1221 vada
727 1174 878 1222 trans
899 1166 1100 1220 abeunt
1128 1165 1385 1219 Tiberina
1409 1170 1683 1224 monente,

131 1256 368 1312 Securum
391 1272 572 1311 rerum
602 1256 829 1312 Domino
855 1271 952 1311 sua
983 1267 1106 1311 vota
1138 1256 1404 1311 Calixttnn

130 1347 380 1402 Laudibus
400 1346 685 1401 inveniunt
708 1347 948 1410 dantem,
979 1346 1225 1416 laetisque
1262 1354 1545 1401 vacantem

130 1439 469 1494 Carminibus.
495 1438 695 1493 Consul
725 1453 955 1509 propere
984 1438 1280 1495 Palmatius
1306 1441 1449 1496 istud

130 1531 298 1586 Pandit
319 1531 648 1598 Alexandro,
679 1530 770 1601 qui
798 1545 922 1586 mox
948 1530 1157 1601 delegat
1179 1531 1355 1587 eidem

130 1622 309 1694 Cogere
340 1623 699 1678 Christicolas
728 1623 864 1687 aris,
895 1622 979 1677 vel
1004 1623 1236 1678 subdere
1257 1622 1456 1693 poenis.

1788 437 2049 494 Truditur
2077 439 2127 493 in
2159 437 2458 493 Mamertini
2486 438 2716 509 caligine
2742 436 2987 492 claustri.

1788 526 1923 584 Tres
1947 538 2065 598 post
2096 529 2222 583 inde
2248 528 2366 583 dies
2392 528 2584 583 vinclis
2609 528 2897 583 adducitur
2928 536 3055 583 ante

1787 616 2007 673 Cinctus
2032 618 2418 682 Alexandrum,
2447 618 2579 673 solvi
2606 633 2769 688 quem
2795 617 3040 688 praacipit
3068 616 3183 677 ille:

1788 707 2047 773 Solvitur,
2071 710 2214 764 baud
2238 717 2573 774 exarmatur,
2607 719 2732 764 tunc
2763 708 3114 778 induperator
3141 726 3156 764 :

1792 822 1810 852 ι
1850 800 2084 865 Siccine,
2113 800 2338 856 Palmati
2366 803 2610 866 demens,
2641 800 2774 855 heul
2819 799 2994 855 factus
3018 800 3256 862 haberi,

1790 893 1859 949 Ut
1889 894 2135 964 linquens
2163 894 2316 949 divos
2347 894 2619 948 hominem
2654 900 2865 948 sectere
2884 891 3171 960 sepultum.
3194 911 3216 945 1

1786 984 1885 1041 Cui
1914 986 2127 1041 diversa
2159 986 2299 1041 inter
2323 985 2512 1041 consul
2546 984 2671 1040 data
2703 984 2830 1039 talia
2862 983 3034 1039 reddit
3065 999 3078 1037 :

1794 1100 1811 1133 1
1844 1081 2066 1136 Nescius
2095 1082 2389 1152 infelixque
2416 1081 2545 1137 olim
2577 1096 2676 1152 per
2703 1096 2840 1135 vana
2874 1078 3128 1150 vagabar,

1790 1171 1940 1226 Nunc
1984 1188 2167 1225 verum
2221 1186 2454 1226 noscens
2515 1171 2798 1225 Dominum
2851 1168 3124 1223 Christum
3172 1177 3366 1234 expeto

3046 1257 3294 1329 [supplex

1793 1355 1983 1409 Pareat
2015 1363 2074 1408 ut
2105 1354 2279 1408 errori
2313 1353 2552 1408 tenebris
2578 1350 2921 1407 hebetudinis
2945 1358 3130 1411 acto.)

1790 1451 1880 1505 Ille
1910 1448 2031 1503 dolo
2060 1449 2238 1504 ridens
2271 1448 2437 1503 tradit
2471 1446 2619 1502 claro
2645 1459 2772 1501 arce
2810 1453 3031 1499 senatus

1791 1543 2092 1613 Simplicio,
2124 1551 2339 1597 revocet
2363 1542 2542 1596 divum
2578 1556 2673 1612 per
2702 1540 2883 1594 mollia
2917 1538 3056 1593 fanis

1794 1632 2136 1703 Prmcipiens,
2169 1632 2484 1702 blandisque
2521 1632 2722 1702 adigat,
2754 1632 2882 1684 dunt
2923 1630 3134 1684 turbida
3172 1628 3323 1682 vitet.

132 1715 205 1769 Ille
222 1716 395 1770 decem
427 1716 495 1771 de
518 1714 729 1779 militia,
759 1731 952 1786 parere
982 1725 1223 1785 paratos,

133 1805 388 1862 Devincire
415 1808 589 1871 viros,
617 1807 934 1878 clerumque
957 1807 1285 1878 Patremque
1310 1806 1584 1863 Calixtum

135 1896 300 1962 Mittit;
326 1907 379 1952 at
408 1908 467 1953 ut
491 1899 726 1953 subeunt
753 1914 858 1967 qua
885 1900 1079 1953 concio
1102 1899 1238 1953 lucis
1258 1897 1473 1967 agebat,

132 1986 346 2045 Pectoris
362 1989 660 2045 obscurum
687 1990 869 2045 vultus
890 1990 1122 2061 caligine
1143 1991 1403 2061 produnt,

133 2079 436 2151 lndignoque
464 2082 650 2135 videre
674 2090 879 2150 queant
904 2097 972 2136 tte
1002 2081 1204 2137 lumine
1226 2095 1406 2144 sacra,

134 2169 368 2226 Fmstrati
393 2171 668 2226 immerito
692 2180 986 2242 conspectu
1007 2212 1022 2235 ,
1052 2172 1254 2226 lumina
1289 2179 1518 2243 ponunt.

134 2260 351 2317 Territus
379 2263 466 2317 bis
489 2264 678 2319 consul
703 2264 814 2334 regi
840 2273 1053 2334 patrata
1091 2263 1296 2318 revelat

136 2352 515 2426 Prasentatque
545 2357 712 2421 viros,
744 2368 905 2413 cauto
927 2372 1063 2427 quos
1094 2357 1185 2412 ille
1217 2371 1509 2412 renoscens

136 2441 330 2509 Intuitu,
355 2446 582 2501 atraciis
612 2448 727 2501 haec
752 2447 975 2517 deputat
1005 2456 1125 2503 aeta
1150 2448 1392 2503 venenis.
1512 2512 1517 2517 ,

138 2532 307 2589 Consul
333 2537 400 2591 ad
425 2537 540 2592 haec
568 2555 581 2592 :
611 2556 630 2590 ι
660 2538 879 2608 Magicis
901 2539 945 2593 si
975 2538 1255 2595 {laudibus
1276 2539 1376 2594 ista
1405 2544 1685 2609 gerantur,

139 2620 349 2681 Virtutes
377 2628 470 2681 ubi
495 2637 623 2683 sunt
651 2639 961 2683 nostroruut
993 2638 1047 2684 et
1078 2630 1297 2684 numina
1328 2631 1547 2686 divum?

139 2714 255 2779 Quin
281 2714 469 2782 jubeat
496 2724 587 2769 tua
617 2716 702 2771 dis
748 2718 921 2786 pietas
952 2715 1208 2773 libamina
1233 2718 1363 2774 ferri
1389 2760 1405 2786 ,

138 2800 330 2862 Publica
359 2822 448 2861 res
474 2822 693 2877 pessum
726 2823 794 2864 ne
834 2808 1027 2862 horum
1051 2824 1151 2880 per
1172 2810 1414 2865 carmina
1447 2810 1624 2866 detur.
1663 2831 1681 2863 1

139 2894 436 2954 Ilercurium
459 2909 643 2955 monet
663 2901 939 2972 Augustus
970 2917 1069 2973 per
1100 2917 1252 2958 sacra
1285 2906 1613 2984 rogandum,

141 2991 504 3061 Propositaque
527 2992 617 3048 die
646 2994 824 3048 cuncti
849 3002 1047 3065 prtesto
1072 3010 1193 3050 esse
1222 2996 1460 3063 Quirites

141 3082 361 3138 Prodenti
397 3092 612 3139 secreta
634 3084 793 3139 deum
826 3102 1070 3156 praecone
1087 3086 1368 3156 jubentur.

140 3172 338 3230 Pollutis
366 3176 638 3246 pecudum
667 3178 889 3247 sanguis
918 3179 1043 3233 dum
1071 3179 1314 3235 funditur
1344 3181 1477 3247 aris,

142 3261 359 3318 ludomiti
388 3265 516 3320 inde
541 3264 743 3320 cadunt
769 3266 942 3334 vituli,
970 3268 1119 3337 porci
1150 3270 1273 3325 inde
1301 3280 1585 3337 necantur,

1717 1711 1760 1769 Β
1789 1726 1911 1793 Quo
1938 1727 2004 1780 de
2040 1724 2252 1781 lenillco
2286 1724 2591 1794 celebrique
2626 1730 2882 1791 exceptus
2917 1722 3123 1775 honore

1792 1816 2047 1870 Exmbiis
2072 1815 2431 1886 precibusque
2466 1814 2569 1884 piis
2595 1812 2800 1882 jejnnia
2832 1811 3029 1875 comit,

1790 1902 2075 1961 Summum
2108 1919 2273 1960 orans
2313 1902 2566 1974 lacrymis
2598 1902 2813 1957 Patrem
2854 1899 3213 1969 Genitumquc
3246 1912 3370 1967 pro-

3118 1990 3292 2062 [fusis,

1790 2086 2211 2157 Pt'iscarttmque
2236 2094 2428 2155 petens
2459 2085 2669 2141 veniam
2697 2101 2763 2139 ex
2790 2099 2977 2139 errore
3008 2083 3241 2136 viarum.

1790 2178 2016 2235 Accedit
2045 2180 2266 2249 quidam
2303 2179 2507 2233 interea
2539 2177 2630 2249 qui
2662 2176 2889 2250 conjuge
2918 2177 3090 2247 poscit

1793 2268 1946 2324 Hunc
1976 2284 2140 2340 super
2160 2279 2385 2340 aegrota,
2411 2282 2555 2338 qum,
2600 2267 2792 2324 clinica
2838 2267 3079 2339 (179-80)
3116 2273 3373 2335 quattuor

3096 2355 3297 2430 [annis.

1794 2449 2063 2505 Semiueci
2099 2449 2314 2518 longum
2344 2449 2614 2505 tractabat
2643 2463 2871 2519 corpore
2901 2448 3108 2503 lethum
3136 2465 3150 2503 :

1794 2540 2067 2596 Sternitur
2100 2541 2187 2595 ille
2215 2540 2351 2605 solo,
2376 2539 2595 2595 famulis
2616 2549 2671 2595 et
2699 2539 2930 2612 conjuge
2952 2554 3137 2594 coram

1794 2629 2076 2699 Simplicii,
2103 2630 2454 2700 madidusque
2490 2631 2768 2686 oculorum
2802 2630 2946 2707 fonte
2982 2638 3270 2701 precatur:

1798 2738 1817 2773 t
1842 2718 2211 2790 Omnipotens,
2241 2736 2453 2776 servum
2480 2722 2571 2791 qui
2601 2721 2818 2776 luminis
2849 2721 3122 2776 irradiasti

1792 2806 1936 2863 Luce
1963 2810 2056 2879 pii,
2080 2818 2341 2865 aeternum
2376 2811 2622 2880 praebens
2652 2811 2781 2866 mihi
2808 2811 2984 2866 lumen
3013 2809 3187 2866 lesum

1794 2897 2008 2965 Quaeso,
2037 2907 2183 2952 tuam
2206 2898 2421 2953 salvans
2448 2899 2726 2966 famulam,
2757 2900 2895 2954 lecto
2920 2902 3069 2970 erige
3095 2899 3367 2963 blane'am,

1794 2989 2123 3044 Cunctarum
2154 2997 2213 3042 ut
2248 3006 2427 3043 rerum
2459 2990 2605 3044 solus
2636 3005 2863 3046 uoscare
2893 3001 3126 3046 creator.
3150 3010 3170 3043 1

1718 3051 1765 3115 C
1796 3081 1937 3136 lllico
1965 3081 2156 3136 blanda
2192 3082 2307 3137 suis
2341 3082 2581 3151 gaudens
2609 3098 2893 3139 accurrere
2920 3083 3136 3153 plantis,

1795 3170 2057 3242 Simplicii
2083 3172 2218 3241 petit
2248 3168 2359 3242 ipsa
2384 3174 2621 3238 domum,
2645 3172 2949 3242 clamatque
2977 3184 3236 3243 rogatque
3261 3192 3274 3227 :

1800 3284 1817 3314 ι
1846 3263 1901 3317 In
1930 3263 2138 3319 Domini
2167 3264 2294 3320 Jesu
2323 3281 2407 3319 nte
2438 3266 2653 3321 nomine
2685 3266 2828 3339 tinge
2851 3267 3084 3335 lavacro,

1794 3358 1838 3410 Δ
1876 3373 1984 3427 quo
2017 3373 2136 3412 sunt
2168 3373 2484 3428 comprensa
2514 3375 2700 3425 manu,
2726 3359 2932 3415 sullata
2972 3362 3217 3432 grabato.
3243 3382 3257 3411 1

1797 3448 1946 3502 Felix
1982 3459 2101 3504 acta
2133 3450 2318 3505 videns
2344 3452 2457 3505 lucc
2486 3449 2901 3521 Simpliciusque
2930 3463 3149 3508 senator

1797 3539 2218 3594 Pnrillcarentur
2246 3555 2459 3610 comere
2495 3558 2687 3612 urgere
2719 3542 2953 3597 beatum.

1796 3632 2052 3685 Actutum
2089 3632 2176 3686 ille
2209 3632 2425 3686 Patrem
2453 3633 2630 3687 studet
2654 3633 2920 3688 accersire
2947 3632 3247 3695 Caliatum;

1797 3721 1901 3789 Qui
1938 3721 2165 3777 veniens
2193 3722 2391 3777 Christi
2421 3732 2602 3776 sacral
2632 3723 2962 3793 baptismate
2987 3733 3212 3778 cunctos

1796 3810 2168 3882 Simpliciique
2198 3813 2432 3875 domum,
2464 3827 2710 3878 uxorem,
2735 3812 2942 3881 genitos
2974 3821 3029 3868 et
3058 3813 3323 3873 alumnas.

1799 3902 2090 3973 Sexaginta
2118 3902 2326 3956 animas
2356 3902 2485 3971 ipsis
2517 3915 2681 3971 super
2710 3902 2941 3972 amplius
2968 3912 3113 3957 octo.

1870 3992 2150 4046 Exsultant
2170 3992 2342 4047 sancti
2374 3990 2680 4047 veneranda
2715 4000 2913 4062 tropaea
2934 3992 3191 4056 colentes,

1797 4081 1840 4136 D
1860 4093 1937 4136 int
1966 4081 2151 4136 laudes
2180 4082 2428 4145 Domino,
2450 4097 2551 4151 per
2574 4097 2736 4153 quem
2759 4083 3003 4148 victoria,
3027 4097 3257 4139 summo.

1797 4174 2149 4246 Coniperiens
2174 4177 2315 4245 quod
2342 4175 2651 4231 Alexander
2678 4177 2999 4248 baptismate
3034 4178 3231 4233 multos

1798 4267 2048 4325 Delubris
2080 4268 2343 4338 demptos,
2375 4284 2459 4322 Clll
2483 4283 2669 4323 eorum
2703 4268 2883 4340 dirigit
2914 4284 3064 4324 arma

1803 4359 2053 4413 Armatos
2084 4367 2270 4414 contra
2303 4358 2427 4413 titlei'
2457 4358 2773 4423 munimine,
2812 4360 3073 4423 memhm,

1804 4449 1934 4515 Quae
1963 4462 2063 4502 nec
2093 4462 2432 4518 propugnare
2465 4457 2677 4517 parant,
2703 4448 2836 4513 leve,
2861 4457 3034 4503 terrea
3059 4456 3260 4518 captat,

1805 4542 1979 4608 Atque
2004 4554 2188 4593 omnes
2214 4539 2407 4607 capitis
2428 4538 2695 4606 jactur-am
2719 4553 2935 4592 sumere
2961 4547 3175 4603 censet;

1809 4631 1969 4686 Urbis
1990 4640 2045 4685 et
2067 4629 2279 4684 eximia:
2308 4630 2483 4698 capita
2514 4628 2567 4682 in
2600 4626 2812 4697 fastigia
2845 4627 3055 4691 tollens,

1810 4718 2085 4789 Depromit
2114 4718 2263 4772 necis
2291 4716 2594 4788 exemplum
2633 4716 2861 4785 fideique
2889 4716 3245 4785 triumphum.

1810 4812 2192 4881 Presbyterum
2220 4808 2586 4879 Calepodium,
2612 4806 2726 4876 jam
2754 4810 3018 4880 sanguine
3041 4806 3274 4874 fessum,
3328 4852 3333 4857 .

1808 4903 2374 4977 Flamine_robustum,
2401 4900 2573 4970 rigido
2603 4902 2747 4955 ferus
2771 4913 2904 4957 ense
2938 4899 3191 4961 trucidat,

1808 4994 2233 5061 Romuleamque
2264 4992 2405 5046 trahi
2441 4992 2646 5046 faciens
2674 4990 2822 5046 senis
2850 5006 2977 5047 ossa
3008 5004 3109 5059 per
3136 4991 3387 5070 urbem,

1806 5083 2102 5140 Abscontlit
2124 5083 2340 5148 Tiberi;
2371 5083 2546 5139 bonus
2572 5094 2626 5138 at
2664 5082 2829 5137 Pater
2855 5084 2972 5154 ipsa
3000 5079 3257 5137 Calixtus

1810 5178 2084 5235 Undarum
2109 5181 2441 5231 scrutatores
2467 5176 2782 5247 perquirere
2811 5175 3013 5244 poscit;

141 3350 247 3407 lude
271 3356 791 3411 sacerdotes-Bacchi
821 3373 917 3427 per
941 3358 1163 3414 delubra
1191 3360 1335 3415 misti

140 3441 509 3515 Lymphantur,
543 3448 755 3517 rapitur
783 3456 922 3501 torto
949 3451 1265 3522 virguncula
1296 3453 1438 3518 divo,

141 3534 502 3610 Exclamatque
526 3540 704 3609 palam
736 3558 749 3594 :
788 3559 806 3592 ι
844 3542 1011 3597 Vivus
1041 3558 1306 3615 verosque
1325 3545 1519 3601 Calixti

142 3627 401 3695 EstDeus;
426 3631 716 3701 indignans
747 3633 936 3687 harum
967 3637 1277 3691 contamine
1308 3654 1488 3692 rerum

142 3717 400 3791 Imperium
433 3732 574 3777 teret
596 3723 686 3780 hic
706 3735 969 3789 vestrum,
1007 3727 1148 3796 quod
1187 3742 1325 3781 vana
1357 3729 1572 3798 petatis.
1600 3746 1621 3779 ›

142 3809 223 3867 llis
248 3815 489 3885 stupidus
512 3816 689 3887 captis
728 3816 1028 3873 Palmatius
1055 3819 1201 3874 ilicet
1230 3819 1432 3877 almum

144 3902 434 3963 Pontiﬁcem
465 3906 613 3963 Petri
638 3909 928 3974 accedens,
961 3909 1186 3977 vestigia
1212 3924 1416 3978 pronus

142 3993 418 4067 Astringit:
450 4018 470 4049 ι
495 3998 754 4067 Cognovi,
784 4000 957 4065 aiens,
985 3999 1379 4069 Dominumqne
1402 4000 1693 4068 Detnnoue,

147 4082 293 4154 Digno
309 4087 430 4157 jure
458 4088 563 4143 coli
588 4087 890 4157 Christum,
916 4105 1078 4160 quem
1108 4090 1381 4146 dannones
1412 4093 1517 4146 at-ti

144 4172 277 4230 Fassi
305 4187 431 4232 sunt
460 4178 646 4245 hodie;
672 4195 863 4250 quare,
896 4179 1123 4249 conjuro
1149 4197 1246 4252 per
1281 4181 1477 4250 ipsum,

145 4262 286 4337 Eripe
319 4284 404 4324 me
426 4270 572 4325 cultu
606 4270 903 4337 larvarum,
933 4271 1169 4343 almique
1198 4271 1419 4336 lavacri,

144 4354 244 4421 Quo
270 4361 498 4416 renitere
524 4361 686 4415 doces
702 4361 895 4430 justos,
928 4378 1015 4417 me
1044 4362 1185 4417 dilue
1215 4362 1463 4433 lymphis.
1488 4378 1515 4417 ο

144 4443 323 4502 Pmsul
354 4451 441 4505 ubi
465 4452 581 4506 haec
603 4468 735 4521 puro
764 4452 955 4521 probat
984 4453 1125 4507 hunc
1154 4452 1473 4522 depromere
1510 4458 1691 4520 cordo,

144 4536 364 4596 ludicens
384 4543 688 4597 catechizat
710 4544 757 4597 ei
780 4541 983 4611 jejunia
1014 4558 1197 4609 more;

144 4625 288 4685 Lotus
307 4640 364 4684 ut
388 4631 635 4687 almiiicis
660 4634 1000 4703 mundusque
1028 4635 1260 4706 resurgit
1292 4635 1360 4689 ab
1386 4637 1565 4701 undis,

146 4715 442 4775 Exclamat:
480 4741 495 4774 t
531 4722 667 4778 Vere
690 4723 1032 4779 manifestum
1063 4725 1242 4779 lumen
1271 4726 1446 4780 Iesum

144 4805 408 4877 Conspexi,
431 4826 627 4881 supero
651 4814 739 4882 qui
774 4829 860 4869 me
880 4813 1171 4869 illustravit
1200 4813 1426 4869 honore.
1465 4833 1481 4865 1

145 4893 428 4965 Gignuntur
454 4902 623 4971 geniti
655 4902 929 4964 Ecclesiae,
957 4903 1306 4975 conjungitur
1328 4918 1483 4970 uxor,

144 4984 479 5059 Abmitnrque
504 4993 695 5047 domus
731 4990 1053 5047 famulorum
1076 5001 1230 5063 grata
1261 5000 1476 5049 caterva

146 5073 523 5151 Quinquaginta
562 5083 665 5139 duo
692 5084 914 5141 discreti
942 5085 1115 5141 limite
1141 5100 1327 5141 sexus.

147 5166 256 5227 huic
273 5171 559 5231 facultates
589 5178 792 5233 sanctis
814 5178 1118 5247 expendere
1141 5178 1329 5248 egenis
