3888 5330
487 301 594 357 659
1161 292 1554 352 FLODOARD!
1594 290 1919 349 CANONICI
1958 285 2304 347 REMENSlS
2327 291 2696 353 OPUSCULA
2722 290 3048 352 METIUCA.
3635 280 3721 342 660

488 408 747 480 Suscipit,
771 422 835 464 ac
863 406 1036 464 multo
1063 415 1312 462 sanctum
1344 406 1528 476 implet
1557 414 1799 461 aromate
1829 409 2007 468 tunus,
2090 404 2140 463 A
2170 402 2432 474 Mundari,
2464 409 2735 478 spondens
2753 410 2948 489 anima;
2971 407 3261 478 carnisque
3284 404 3529 460 nitelam.

486 502 864 571 Carbaseoque
890 508 1074 568 tegens
1102 497 1340 569 pretiosa
1370 496 1589 551 monilia
1613 495 1782 560 cultu,
2169 494 2402 552 Credere
2423 498 2512 567 qui
2534 499 2732 566 fassus,
2762 500 3071 568 donumque
3094 497 3408 566 indemptus
3439 490 3720 565 utrumque,

486 594 605 665 lpse
630 591 774 662 quod
800 591 1044 646 ediderat
1071 590 1259 645 senior
1289 588 1567 644 studiosus
1597 587 1805 642 honore
2173 586 2432 659 Corporis
2463 589 2666 646 indicio
2691 591 2888 647 mentis
2917 588 3186 659 depromit
3210 589 3509 650 honorem,

487 682 687 737 Christi
712 678 1037 735 athletarum
1063 677 1256 747 recipit
1281 676 1518 747 pollente
1549 675 1817 747 sepulcro.
2170 683 2346 751 Atque
2375 679 2542 736 Deum
2570 696 2756 736 verum
2778 680 3031 750 jocundis
3053 679 3307 734 laudibus
3339 676 3517 732 eﬂ’ert.

563 773 858 827 Ramorum
882 771 1048 827 densa
1078 768 1254 824 lanius
1281 768 1765 839 prOpagineczesa,
2173 772 2322 829 Facti
2352 789 2539 828 rumor
2561 774 2855 829 Alexandri
2884 773 3012 829 dum
3041 770 3278 842 perculit
3305 783 3490 831 aures.

487 863 668 934 Ipsum
691 862 1037 935 persequitur
1066 859 1233 916 fetum
1262 861 1406 915 almo
1435 860 1679 931 germine
1706 861 1891 924 rolmr,
2173 865 2425 935 Exagitat
2453 865 2633 932 furor;
2668 867 2963 921 invalidum
2987 865 3083 935 qui
3112 863 3354 936 pondere
3381 873 3617 931 pressus,

486 954 916 1045 Pontiﬁcemque
946 961 1135 1008 tenens
1158 952 1472 1024 lymphante
1497 951 1677 1007 furore
1701 951 1975 1009 Calixtum
2172 959 2379 1014 Irarum
2409 958 2610 1029 plumbi
2639 956 2916 1013 Privatum
2948 956 3192 1026 pondere
3219 962 3449 1017 mactat,

492 1045 712 1100 Molitur
735 1042 994 1115 superare
1022 1043 1195 1107 fame;
1226 1042 1527 1112 quintoque
1551 1043 1736 1099 voluto
1788 1066 1795 1067 ί
2173 1050 2595 1120 Pontitioemque
2615 1048 2812 1119 jubens
2833 1048 3122 1118 propellier
3141 1047 3277 1110 atde,
3307 1045 3544 1101 fenestra

492 1136 618 1192 Sole
645 1137 819 1208 magis
844 1135 1138 1192 confortari
1171 1136 1296 1191 dum
1331 1136 1576 1192 tristibus
1607 1138 1758 1191 audit
2175 1137 2514 1209 Praecipitem
2541 1138 2687 1195 celsa
2721 1140 2818 1194 dat
2847 1153 2979 1194 saxo
3004 1137 3142 1192 colla
3171 1142 3465 1206 gravatum

490 1227 730 1285 Marcida
756 1229 994 1284 robustis
1014 1226 1220 1297 jejunia
1250 1226 1485 1283 fustibus
1514 1237 1697 1300 auget,
2175 1227 2426 1297 Demergi
2457 1229 2511 1284 in
2536 1237 2777 1300 puteum,
2809 1227 3118 1283 cumulatur
3143 1224 3305 1281 sorde
3325 1221 3656 1279 barathrum.

492 1319 852 1388 Roboreaque
875 1318 992 1374 dies
1021 1319 1345 1390 impugnans
1378 1327 1582 1375 mactat
1611 1321 1665 1375 in
1692 1336 1884 1376 omnes
2177 1323 2419 1393 Postque
2443 1322 2634 1379 decem
2655 1330 2969 1393 septemque
2987 1320 3105 1375 dies
3128 1325 3357 1375 curante
3382 1315 3625 1371 levantur

493 1408 652 1464 Caede
679 1408 877 1474 virum,
907 1407 1201 1478 prohibens
1233 1422 1300 1463 ne
1327 1409 1450 1478 quis
1471 1408 1666 1464 solatia
1697 1407 1889 1464 saltem
2184 1416 2403 1471 Asteria
2430 1422 2592 1470 noctu
2615 1415 2804 1485 juncto
2834 1428 2989 1469 sacra
3018 1412 3242 1483 pignora
3276 1407 3449 1472 clero,

494 1499 714 1556 Visendi
740 1501 839 1555 sub
876 1507 1034 1554 nocte
1062 1497 1237 1564 ferat;
1271 1500 1362 1570 qui
1391 1500 1533 1555 forte
1563 1510 1812 1570 repertus
2180 1508 2311 1575 Quae
2337 1507 2613 1579 Calepodii
2638 1506 2811 1563 bustis
2835 1503 3055 1560 Aurelia
3082 1501 3333 1573 sumpsit.

495 1591 713 1654 Crimen
745 1601 920 1647 morte
946 1591 1079 1647 luat.
1103 1590 1284 1646 Multis
1311 1593 1399 1656 hic
1421 1602 1578 1647 antra
1606 1593 1796 1648 diebus
2180 1606 2280 1657 Ast,
2300 1601 2519 1672 longum
2538 1598 2786 1670 posthac,
2813 1596 2999 1653 divino
3028 1594 3272 1657 numine,
3301 1588 3490 1645 Remis

497 1687 631 1745 Dum
659 1685 807 1743 fovet
836 1686 1124 1759 impastus,
1162 1683 1422 1739 solamina
1442 1685 1645 1754 praebet
1673 1686 1722 1741 ei
1757 1687 1953 1740 :ethra.
2105 1761 2131 1763 _
2184 1692 2460 1763 Delegata,
2498 1691 2593 1746 Dei
2624 1688 2881 1759 templum
2911 1684 3206 1744 Genitricis
3231 1682 3524 1744 adornant,

496 1778 737 1847 Legatur
758 1776 1081 1847 Calepodius
1106 1776 1224 1830 hzec
1247 1774 1425 1830 dulcia
1454 1785 1678 1845 portans
1704 1793 1716 1829 :
2104 1761 2153 1821 Β
2184 1761 2350 1839 lsthic
2377 1791 2684 1839 consortem
2705 1781 2858 1850 juxta
2884 1778 3185 1850 palmaeque
3213 1773 3529 1847 gradusque

503 1891 524 1925 ι
552 1871 703 1936 Esto,
743 1869 926 1935 Pater,
957 1868 1164 1932 firmus,
1197 1877 1284 1923 tua
1316 1883 1438 1922 nam
1480 1867 1720 1937 perfecta
1750 1883 1944 1925 corona
1974 1876 2075 1922 est.
2187 1875 2414 1930 consita
2440 1872 2737 1938 mensium,
2766 1871 2859 1941 qui
2889 1869 3043 1925 urbis
3070 1867 3180 1922 duo
3214 1864 3425 1920 lumina
3454 1871 3638 1917 nostra

498 1960 803 2019 Mercedem
834 1968 891 2014 ut
926 1958 1110 2028 capias
1136 1958 1325 2013 αξιοιίιί
1365 1959 1606 2013 muneris
1637 1959 1893 2030 amplam.
1927 1977 1944 2010 ι
2187 1968 2566 2023 οοηιιροοι-εηι
2591 1965 2887 2037 clypeoque
2910 1975 3131 2034 precum
3155 1959 3283 2013 data
3306 1954 3510 2011 mcenia
3531 1959 3731 2008 servant.

501 2050 617 2107 Nec
640 2061 801 2106 vacat
826 2050 1113 2105 abstrusus
1150 2048 1510 2103 medicamina
1540 2049 1777 2119 pendere
1808 2058 1974 2103 tutor.
2189 2058 2481 2131 Ριιεειηωτ
2506 2057 2775 2121 Asterius,
2806 2054 2966 2125 patrii
2998 2060 3219 2108 curator
3246 2046 3497 2110 honoris,

502 2141 658 2197 Miles
686 2149 807 2196 erat
841 2140 1082 2211 quidam,
1119 2140 1370 2195 Privatus
1397 2141 1635 2205 nomine,
1664 2140 1854 2211 plenus
2192 2150 2403 2207 Tenms
2420 2149 2750 2214 Alexandro,
2774 2147 2939 2201 decus
2958 2145 3062 2199 hoc
3076 2141 3293 2196 zelante
3312 2133 3578 2206 sepulcri.

504 2232 811 2297 Ulceribus,
838 2232 990 2293 dolor
1015 2231 1262 2289 assiduus
1290 2230 1570 2298 cruciabat
1595 2232 1879 2299 anhelum;
2194 2242 2267 2298 υι
2288 2254 2447 2313 quem
2478 2239 2828 2310 pmstitcrat,
2860 2243 2981 2306 post
3011 2234 3127 2302 ipse
3144 2238 3361 2286 careret
3387 2227 3610 2288 honore.

501 2324 555 2384 Is
582 2324 810 2394 pedibus
833 2338 894 2379 se
921 2332 1274 2393 prosternens
1299 2339 1422 2376 eum
1448 2322 1651 2393 famine
1691 2337 1841 2395 papae

2190 2330 2571 2401 Praecipitatur
2595 2342 2764 2398 aquas
2791 2326 2905 2391 alto,
2926 2326 2993 2379 de
3020 2328 3186 2394 ponte
3213 2319 3314 2375 sub
3342 2317 3513 2381 imas;

507 2418 713 2478 Devote
740 2416 921 2486 precis
945 2415 1191 2485 exposcit
1219 2415 1477 2484 languore
1507 2414 1698 2471 levari.
2185 2419 2410 2493 Excipit
2437 2418 2690 2476 attollens
2720 2415 2878 2487 hujus
2910 2422 3091 2471 tamen
3123 2408 3274 2467 Ostia
3304 2404 3567 2469 membra.

510 2512 715 2580 Suadet
740 2511 940 2568 habere
970 2511 1128 2578 [idem
1160 2508 1341 2591 Pater,
1372 2510 1729 2581 hortaturque
1759 2508 1976 2565 lavacro

1984 2661 2216 2719 LAPUT
2251 2660 2348 2717 ιχ.

1869 2755 1947 2810 De
1972 2767 2159 2810 murta
2182 2753 2438 2810 Martina.

518 2863 788 2932 Praeterea
820 2862 1024 2918 multos
1043 2863 1211 2918 variis
1236 2863 1569 2922 cruciatibus
1593 2877 1746 2924 actos
2200 2867 2500 2923 Discissum
2535 2860 2715 2935 pingui
2747 2855 3089 2926 perfunditur
3122 2849 3361 2913 unsuiue
3387 2859 3598 2916 corpus.

516 2957 720 3026 impius
749 2955 837 3011 hic
861 2953 1044 3015 Caesar
1062 2954 1275 3025 capitali
1308 2954 1424 3027 lege
1453 2957 1706 3015 trucidat.
2205 2959 2414 3015 Rursus
2436 2953 2742 3019 Alexandro
2769 2963 2953 3005 coram
2975 2949 3287 3000 decernitur
3313 2949 3434 2995 acta

519 3046 632 3102 Sub
654 3062 763 3117 quo
793 3061 947 3117 virgo
968 3046 1145 3101 nitens
1163 3055 1316 3110 natu,
1345 3047 1634 3104 virtutibus
1663 3048 1795 3115 alta,
2192 3048 2438 3105 Delubro
2460 3044 2655 3109 subici,
2680 3041 2896 3097 Christo
2918 3037 3010 3093 sed
3036 3034 3220 3105 dirigit
3249 3031 3339 3086 illa

515 3139 743 3193 Ornavit
768 3137 1010 3208 percelsa
1035 3138 1213 3193 crucis
1239 3138 1469 3193 Martina
1500 3149 1719 3209 trepaea.
2206 3139 2277 3194 Ut
2300 3139 2367 3193 de
2391 3149 2541 3192 more
2568 3146 2801 3203 precem,
2826 3126 3132 3184 demittitur
3162 3122 3305 3193 ignis
3333 3120 3404 3174 ah
3425 3118 3610 3179 aethra,

518 3231 649 3296 Quae
672 3229 834 3283 claris
862 3228 1069 3299 pollens
1100 3229 1314 3299 opibus,
1348 3240 1500 3298 patre
1530 3232 1751 3285 consule
1779 3242 1925 3298 nata,
2131 3256 2178 3317 ρ
2209 3227 2448 3283 Perculit
2476 3240 2540 3279 ac
2563 3216 2758 3291 redigit
2783 3217 3132 3274 simulacrum
3162 3214 3213 3267 in
3238 3221 3422 3280 strage
3449 3209 3644 3269 favilla.

517 3319 861 3376 Christicolis
886 3319 1032 3391 large
1059 3318 1261 3391 victum
1294 3321 1566 3389 prrebcbat
1590 3322 1793 3390 egenis.
2134 3302 2178 3317 υ
2211 3319 2507 3388 Exuritque
2538 3313 2847 3371 sacerdotes
2877 3307 3177 3377 sternitque
3206 3302 3499 3374 popellum.

516 3410 724 3465 Prensa
749 3409 818 3465 ab
846 3409 1173 3478 Alexandro,
1205 3409 1413 3475 Phqabo
1445 3411 1577 3465 dare
1611 3412 1767 3467 thura
1790 3410 2031 3480 jubetur,
2203 3410 2452 3464 Territus
2486 3407 2571 3461 his
2602 3404 2856 3475 princeps
2877 3400 3184 3466 victusque,
3214 3410 3280 3450 ca
3308 3393 3449 3448 bella
3482 3408 3589 3448 rem
3611 3397 3742 3452 ttens‘.

520 3501 615 3558 illa
643 3516 835 3573 preces
862 3511 921 3556 ut
956 3501 1152 3568 fundit,
1181 3502 1404 3565 humum
1430 3503 1717 3559 concussio
1749 3504 1967 3559 vibrans
2206 3499 2470 3555 Praefecto
2495 3496 2710 3551 cuidam
2739 3490 2954 3546 Iustino
2989 3487 3227 3559 urgenda
3256 3484 3499 3555 relegat;

520 3572 796 3658 Percellit,
826 3594 1010 3659 tremit
1034 3590 1199 3661 Urbs,
1226 3593 1335 3657 fani
1376 3611 1501 3665 pars
1530 3612 1686 3652 versa
1718 3598 1965 3653 residens
2209 3590 2310 3656 Qui
2339 3597 2501 3643 contu
2529 3587 2670 3641 hanc
2690 3583 2846 3652 jubet
2872 3580 3091 3635 extendi
3127 3577 3409 3648 spatisque
3432 3572 3618 3638 secari.

529 3684 821 3741 Sacrificos
852 3685 1070 3756 premit,
1095 3684 1300 3758 elligies
1324 3687 1558 3742 resoluta
1591 3687 1813 3743 fatiscit.
2214 3679 2491 3750 Unguibus
2513 3676 2710 3733 etl‘ossa
2734 3674 2956 3729 tractari
2983 3686 3145 3726 carne
3170 3668 3472 3731 mamillas;

527 3775 625 3837 llis
658 3775 891 3832 furiatus
914 3776 1219 3832 Alexander
1243 3778 1397 3845 jubet
1423 3793 1515 3832 ora
1546 3778 1739 3848 puellae
2211 3769 2444 3826 Horrida
2478 3767 2605 3823 dum
2650 3762 2930 3822 scrobibus
2970 3769 3187 3834 centum
3220 3767 3345 3813 octo
3374 3758 3650 3821 decemque
3678 3762 3745 3817 pa-

527 3869 702 3925 Tundi
736 3870 928 3942 alapis,
957 3870 1082 3926 cilia
1111 3844 1383 3925 horriﬁcis
1410 3844 1706 3940 irrumpier
1736 3869 1929 3923 hamis.
3522 3844 3694 3942 [letifih

525 3964 823 4019 carniﬁces
850 3972 1053 4020 sancta:
1084 3962 1260 4033 pinnis
1285 3962 1535 4017 insistere
1558 3937 1717 4030 jussi,
2213 3953 2450 4011 Carcere
2474 3952 2552 4007 sic
2579 3949 2793 4014 victrix,
2820 3947 3166 4015 tenebrisque
3192 3942 3494 3998 retruditur
3519 3937 3655 3993 atris.

529 4054 750 4109 Defectu
778 4053 1002 4123 stupidi,
1026 4052 1206 4109 subito
1235 4051 1475 4127 clamore
1499 4051 1739 4127 fatentur
2215 4054 2665 4127 Amphitheatrali
2696 4053 2869 4110 belvis
2898 4058 3020 4123 post
3048 4047 3275 4120 praebita
3305 4047 3435 4100 ludo

531 4147 771 4201 Cernere
799 4159 857 4199 se
887 4141 1050 4201 rutilo
1077 4141 1351 4199 radiantes
1378 4149 1636 4210 quattuor
1661 4155 1757 4193 ore
2217 4159 2443 4214 Imma,“
2475 4170 2666 4211 secum
2698 4162 2880 4208 mane;
2908 4162 3202 4221 congressa
3226 4147 3396 4210 ιεοηι,

534 4238 697 4292 Stare
721 4235 885 4295 viros,
918 4232 1088 4303 ipsam
1112 4231 1234 4287 laeto
1260 4234 1351 4300 qui
1382 4230 1581 4285 famine
1615 4232 1862 4295 ﬁrment;

534 4331 606 4393 At
632 4327 734 4383 sibi
761 4324 1074 4397 segniticam
1105 4330 1350 4394 perstent
1373 4320 1614 4387 inﬂigere
1645 4335 1859 4392 poenam

537 4417 828 4491 Fragmine
856 4423 1117 4470 testarum
1146 4412 1375 4483 posthac
1401 4407 2016 4491 dum.scinditur.alma,
2941 4457 2991 4491 In

2223 4464 2323 4518 Ast
2349 4461 2439 4516 ubi
2467 4459 2702 4531 placanti
2733 4457 2905 4513 furias
2941 4457 3178 4509 dimotus
3199 4455 3269 4505 ad
3294 4462 3453 4504 antra

547 4550 564 4571 ι
588 4550 810 4568 νων...
853 4550 919 4562 ..ν
984 4550 1135 4561 ην..-
1162 4550 1379 4559 -.-----_
1412 4550 1512 4555 --η

543 4605 678 4661 Octo
696 4550 894 4673 quib‘hs
906 4550 1118 4672 ιιῖεευη]
1145 4596 1436 4653 sceleratas
1456 4594 1618 4649 edere
1643 4606 1855 4663 poenas,
2148 4614 2202 4673 Β
2223 4562 2493 4632 Impastus
2529 4573 2709 4618 cavete
2753 4563 3060 4619 revocatur,
3091 4553 3292 4662 omissa
3332 4550 3595 4673 resumitr

1534 4645 1768 4741 ήινηὴηδέὶη
1832 4645 1855 4655 ”
2148 4645 2202 4695 θ’
2227 4660 2336 4717 Ore
2360 4673 2567 4715 venena
2597 4656 2777 4721 famis,
2816 4655 3095 4738 rictusque
3118 4651 3171 4705 in
3202 4665 3436 4720 corpora
3466 4645 3620 4702 tendit

539 4785 715 4859 inlati
742 4794 904 4854 atque
928 4748 1291 4863 midisterium
1323 4776 1541 4833 crudele
1573 4782 1835 4845 negantes
2228 4764 2422 4828 Obvia,
2445 4770 2844 4827 cognatumque
2869 4755 3004 4826 petit
3030 4753 3201 4815 crudo
3221 4752 3439 4823 agmine
3468 4748 3621 4818 regis,

544 4850 760 4930 Christo
783 4850 1123 4942 proclamant
1152 4869 1381 4926 Domino
1406 4882 1465 4923 se
1493 4866 1717 4921 credere
1747 4878 1897 4918 vero.
2231 4864 2595 4930 Vindictaque
2626 4873 2730 4930 piae
2751 4856 2953 4933 subigit
2978 4852 3307 4925 perimitque
3335 4850 3543 4920 puellae.

2219 4262 2432 4331 Quique
2459 4259 2621 4331 pedes
2651 4272 2878 4314 currens
2904 4255 2971 4310 ad
3002 4251 3231 4321 virginis
3259 4264 3354 4304 ora
3386 4252 3614 4306 coercet.

2220 4360 2414 4417 Nativa
2436 4369 2490 4413 et
2517 4360 2734 4414 feritate
2759 4369 2960 4410 vacans
2987 4352 3136 4406 velut
3161 4366 3333 4418 agnus
3365 4347 3611 4409 trahetur;
