3888 5330
572 329 681 383 065
1237 328 1630 385 FLODOAltDl
1670 329 1991 385 CANONICI
2033 328 2375 387 REMENSIS
2414 327 2777 387 OPUSCULA
2817 328 3143 387 IETBICA.
3709 331 3797 387 ου

563 438 811 492 Victores
839 437 1011 503 lepido
1031 436 1225 490 dantur
1255 437 1550 492 certamine
1571 438 1783 493 fratres.

559 526 815 599 Cognitor
840 536 895 580 at
926 525 1147 579 rubidus
1181 529 1445 596 mist0que
1476 530 1657 582 lurore
1683 529 2011 600 diremptus,

554 617 703 671 Luce
729 613 1036 685 triumphali
1068 624 1411 684 praestantem
1446 614 1786 672 Valerianum

553 708 831 762 Dedecore
862 703 1022 777 aﬂligi
1052 720 1277 760 censeas
1308 706 1397 760 dat
1438 706 1631 761 robore
1660 723 1737 762 ctu
1759 708 1826 773 li;

550 795 773 851 Gaudet
796 805 850 848 at
877 796 983 862 ille,
1015 804 1303 865 monetque
1328 812 1426 851 suo
1452 812 1521 852 ne
1547 796 1768 853 vulnere
1796 799 1943 853 cives

555 888 923 961 Franguntur,
957 890 1068 945 veri
1100 899 1157 945 at
1184 901 1440 945 maneant.
1475 893 1675 948 virtute
1700 893 1898 950 viriles.

558 979 800 1035 Verbere
823 979 1079 1034 deﬁciens
1108 979 1281 1034 lanius
1298 979 1448 1047 jubet
1491 996 1618 1035 ense
1643 980 1815 1046 feriri,

554 1073 614 1127 Ni
655 1075 822 1130 libent
846 1072 997 1131 .Iovis
1028 1084 1084 1129 nt
1109 1084 1301 1131 statua:
1324 1087 1587 1130 mactetur
1614 1087 1858 1146 uterque.

562 1160 826 1225 Misimus
854 1166 1132 1227 intererat,
1165 1167 1252 1234 qui
1286 1168 1676 1222 cornicularius
1705 1177 1862 1235 actu;

563 1252 661 1308 llic
682 1252 814 1308 ﬂens
841 1240 1182 1324 prosequitur
1208 1257 1356 1310 hetos
1385 1258 1451 1311 ad
1477 1256 1662 1312 funera
1694 1257 1914 1320 fratres.

561 1343 740 1406 Flens,
771 1346 893 1417 quia
918 1345 1212 1416 gauderent
1244 1358 1564 1415 prmscntem
1596 1347 1845 1403 amittere
1874 1350 2035 1402 vitam

562 1434 638 1488 Illi
668 1445 976 1504 proponunt
994 1436 1154 1489 aliam
1179 1451 1497 1507 semperque
1525 1447 1853 1502 manentem,

563 1526 714 1581 llanc
746 1526 901 1597 hujus
926 1527 1212 1596 perhibent
1243 1531 1530 1596 reprobatu
1563 1529 1985 1597 percipiendam,

566 1615 632 1677 Ut
660 1616 782 1671 vita:
812 1626 1101 1670 renovatur
1122 1617 1238 1672 avis
1259 1617 1572 1673 discrimine
1597 1619 1847 1687 phoenix;

562 1709 796 1777 Surgere
840 1708 909 1767 ad
958 1706 1094 1773 haec,
1140 1707 1300 1765 modo
1346 1723 1471 1764 vera
1516 1708 2150 1779 probet,jamlllaxinms

1884 1797 2027 1871 [opta
2038 1809 2073 1853 ι.

558 1890 888 1947 Promittth
918 1892 1042 1946 huic
1068 1893 1119 1945 in
1156 1892 1383 1947 Domino
1409 1892 1745 1947 ostentacula
1775 1892 1863 1946 [ixi

558 1982 796 2050 tiorpore
818 1995 924 2051 qua
961 1980 1220 2034 Dominus
1245 1982 1394 2037 dabit
1422 1982 1519 2037 hos
1546 1982 1829 2051 spoliarier
1858 1981 2011 2044 liora,

559 2071 680 2126 Vita
705 2085 937 2140 sequens
963 2086 1071 2140 quo
1094 2081 1338 2126 sumatur
1359 2086 1604 2140 spectare
1628 2073 1842 2134 decore.

559 2162 811 2221 Testetur
834 2176 894 2216 se
922 2162 1209 2216 vanilieum
1236 2163 1506 2231 deponere
1534 2162 1758 2217 cultum.

558 2252 767 2306 .luranti
802 2252 1063 2308 mandant
1086 2253 1318 2323 spatium
1350 2254 1639 2324 impetrare
1664 2253 1800 2317 diei,

560 2342 637 2399 Ad
665 2340 817 2415 cujus
847 2342 1115 2415 perducti,
1143 2343 1272 2417 ipsis
1302 2342 1687 2415 rogitantibus},
1716 2345 1858 2397 tctles

558 2431 767 2491 Divinis
802 2432 1037 2486 formant
1066 2424 1283 2487 monitis
1315 2433 1595 2502 ipsumque
1622 2434 1970 2501 domumque.

556 2523 735 2578 Aurea
764 2533 1082 2579 nocturnam
1110 2525 1338 2594 pingunt
1363 2524 1488 2578 dum
1513 2525 1689 2579 sidera
1723 2524 1918 2595 pallam

558 2610 829 2667 Creciliam
859 2627 987 2668 ecce
1014 2614 1321 2668 sacerdotes
1343 2614 1672 2668 comitantur
1700 2614 1766 2667 ad
1799 2615 1931 2668 istos

558 2699 885 2762 Perveniunt
910 2704 1259 2771 praebentque
1289 2717 1438 2756 novae
1469 2702 1792 2770 baptismate
1825 2701 1959 2771 proli
1979 2742 1994 2766 ,

561 2795 767 2849 Aurora
793 2802 1068 2861 retegente
1096 2793 1267 2848 solum
1294 2791 1623 2863 fugientibus
1651 2794 1878 2859 unibris,

562 2880 772 2938 siderei
800 2881 1012 2937 doctrix
1044 2881 1241 2936 affatur
1271 2893 1447 2937 castra
1480 2882 1663 2947 duelli,

559 2969 829 3040 Abjiciant
857 2970 1082 3026 hortans
1108 2971 1449 3027 tenebrarum
1477 2971 1706 3027 obscura
1747 2972 1933 3026 beatos

562 3064 811 3130 ‘t‘irones,
844 3066 989 3120 rutili
1017 3073 1071 3120 et
1098 3065 1314 3135 capiant
1338 3066 1423 3134 pia
1452 3065 1670 3121 luminis
1704 3080 1877 3120 arma.

563 3151 833 3210 Haturant
858 3155 1166 3219 bellatores,
1195 3154 1485 3226 gladioque
1514 3158 1674 3211 recisi

562 3245 844 3311 Libantur,
870 3246 1087 3318 fragiles
1110 3252 1293 3304 carnis
1317 3260 1592 3319 ponuntur
1613 3250 1864 3315 amictus,

566 3336 802 3406 Divaqoe
828 3348 1100 3407 perpetua:
1127 3341 1412 3408 capiuntur
1442 3343 1665 3410 praemia
1693 3342 1833 3394 vitm.

630 3426 981 3498 Complentur
1004 3432 1291 3498 promissa,
1321 3431 1468 3485 videt
1497 3432 1698 3489 donum
1729 3434 2041 3502 exsequiale

563 3516 835 3582 maximus
859 3519 1124 3581 tctbereos
1150 3520 1288 3581 ctelo
1312 3536 1635 3591 properasse
1665 3523 1960 3588 ministros,

562 3607 909 3679 Corporeque
941 3625 1188 3680 egressas
1214 3611 1419 3680 gremio
1441 3611 1735 3681 sumpsisse
1757 3613 1987 3681 puellas,

563 3698 983 3770 Virgineumque
1012 3702 1174 3755 decus
1202 3716 1425 3771 superas
1456 3704 1667 3758 vexiSse
1693 3718 1789 3773 per
1815 3719 2005 3769 auras;

562 3789 692 3856 Qua:
716 3788 970 3861 lacrymis
992 3792 1267 3853 enarranti
1295 3806 1392 3861 per
1412 3792 1606 3861 gaudia
1634 3792 1792 3859 fusis,

561 3880 861 3936 Credentes
881 3881 1032 3936 multi
1059 3897 1252 3951 supero
1277 3898 1336 3937 se
1366 3884 1596 3956 subdere
1628 3885 1742 3955 regi

562 3965 829 4023 Gaudent.
870 3969 1149 4025 Almachio
1171 3970 1422 4026 sublimia
1459 3971 1599 4026 facta
1626 3972 1898 4039 feruntur,

563 4054 828 4121 Maximus
857 4069 1019 4130 atque
1047 4062 1131 4115 sui
1163 4063 1291 4130 quia
1311 4061 1511 4118 Christi
1544 4066 1694 4135 signa
1723 4076 2040 4134 sequantur.

563 4146 655 4205 llle
685 4148 901 4219 indigna
932 4148 1197 4216 fremens,
1226 4161 1278 4206 et
1314 4154 1550 4224 pondera
1584 4155 1700 4208 dira
1742 4153 1942 4210 furoris

564 4235 875 4301 Ostentans,
910 4228 1107 4306 plumbi
1136 4239 1263 4295 facit
1291 4242 1432 4296 hunc
1462 4258 1557 4311 per
1588 4244 1807 4297 verbera
1839 4245 2009 4310 tnmli;

569 4326 702 4385 Dum
727 4327 860 4382 levis
880 4340 934 4382 et
956 4331 1194 4399 gaudens
1222 4340 1332 4385 εχει
1353 4348 1464 4399 jam
1500 4335 1732 4401 pondere
1755 4334 1921 4398 liber;

570 4418 738 4493 Quem
763 4434 976 4493 quoque
1008 4421 1158 4491 virgo
1197 4423 1393 4478 decens
1444 4425 1711 4494 lmjusque
1750 4425 2007 4493 magistra
2057 4443 2148 4495 pa-

1892 4517 2083 4573 laestrae

1868 4515 2003 4588 [lmst

567 4597 727 4663 Juxta
755 4600 843 4655 ubi
879 4603 1193 4658 condiderat
1217 4603 1412 4659 fratres
1442 4604 1580 4660 locat
1612 4606 1723 4675 ipsa
1748 4606 2009 4673 sodalem,

569 4688 680 4757 Nec
707 4692 835 4747 sinit
862 4694 1084 4765 auspicii
1119 4696 1347 4767 ﬁdeique
1376 4696 1545 4752 latere
1576 4699 1870 4769 probante"

2171 449 2216 504 Α
2248 439 2595 510 Sarc0phago
2622 441 2751 509 quin
2784 439 2957 509 pingit
2981 452 3134 493 avem
3166 453 3270 508 qna
3296 439 3512 493 credita
3537 438 3667 501 vita;

2248 527 2369 582 Post
2397 538 2624 583 mortem
2651 526 2801 596 cujus
2830 529 3003 599 patuit
3026 530 3393 598 paradigmate
3426 527 3625 581 lumen.

2245 617 2525 670 Ductatrix
2555 628 2674 687 post
2700 616 2988 686 belligeros
3014 616 3080 671 ad
3107 617 3326 685 pueritia
3358 620 3554 670 missos

2247 706 2493 761 Poscitur
2520 708 2588 762 ad
2613 706 2834 771 bellum,
2861 715 3210 776 optatumque
3232 714 3458 759 vocatur
3479 721 3714 774 agonem.

2247 795 2381 850 Dum
2412 796 2638 867 cupidus
2661 813 2857 852 censor
2889 797 3116 852 fratrmn
3140 798 3465 868 patrimonia
3494 811 3745 867 quarens,

2246 886 2515 941 C;rciliam
2547 887 2647 942 hoc
2673 887 2828 955 jubet
2851 889 3050 944 arctari
3076 888 3369 943 moliminis
3393 897 3543 954 astu;

2247 978 2373 1033 llzec
2400 978 2489 1033 ubi
2514 979 2839 1050 pauperibus
2863 980 3033 1033 divisa
3066 980 3322 1044 renoscit,
3345 980 3593 1034 eamdem

2247 1068 2701 1125 Thurilicaturam
2733 1070 2900 1125 veluti
2928 1072 3205 1127 lictoribus
3233 1087 3361 1127 aras

2249 1157 2503 1228 Praecipit
2529 1160 2595 1214 ad
2626 1159 2844 1214 rabidas
2867 1161 3053 1215 rabido
3078 1162 3375 1214 certamine
3406 1160 3564 1214 duci:

2246 1248 2335 1303 Illa
2358 1252 2451 1303 sed
2481 1251 2752 1305 invertens
2779 1251 2964 1305 avidos
2986 1252 3051 1304 ad
3081 1250 3229 1305 lucra
3258 1251 3559 1313 ministros.

2247 1339 2652 1411 Lucrantesque
2683 1342 2919 1406 lucrans,
2954 1350 3008 1397 et
3040 1342 3170 1397 ditia
3201 1341 3387 1396 fenore
3410 1342 3645 1396 condens

2247 1433 2510 1487 Ductores
2533 1433 2755 1487 sceleris
2781 1432 2998 1501 pietatis
3037 1432 3089 1486 in
3121 1433 3264 1487 edita
3294 1433 3467 1496 ducit,

2250 1524 2657 1594 Participesque
2686 1525 2795 1580 Deo
2827 1524 3048 1580 Urbano
3071 1534 3322 1579 sacranle
3350 1533 3585 1597 coaptat.

2249 1615 2350 1687 Qui
2377 1616 2516 1669 intra
2542 1623 2691 1685 septa
2723 1616 2913 1669 domus
2939 1615 3119 1669 divino
3144 1613 3291 1670 fonte
3311 1615 3486 1669 beata:

2254 1702 2487 1772 Virginis
2507 1704 2805 1758 emundans
2831 1704 3059 1767 animas,
3090 1703 3296 1774 prolem
3336 1704 3448 1760 edit
3473 1704 3693 1773 opimam

2182 1786 2222 1844 Β
2253 1791 2613 1862 Ecclesiteque
2640 1793 2812 1848 sacris
2840 1794 3137 1862 penetralia
3155 1805 3326 1879 .casta
3357 1804 3623 1850 venustat.

2255 1884 2351 1939 llic
2376 1884 2530 1940 festis
2560 1885 2841 1940 celebrans
2867 1887 3123 1957 mysteria
3148 1896 3337 1941 sancta
3365 1887 3575 1953 diebus,

2254 1974 2586 2030 Detrimenta
2616 1976 2782 2041 hosti,
2822 1977 3050 2032 Domino
3082 1977 3169 2047 pia
3199 1977 3350 2032 lucra
3378 1980 3619 2048 parabat.

2252 2065 2480 2123 Nuntius
2506 2066 2772 2121 Almachii
2801 2076 3073 2136 gestorum
3101 2069 3189 2123 ubi
3224 2069 3461 2137 perculit
3484 2084 3654 2135 aures.

2250 2156 2575 2212 Praesentem
2597 2157 2754 2227 jubet
2791 2159 2881 2214 ille
2909 2160 3029 2214 dari
3062 2169 3270 2215 terrore
3294 2161 3527 2229 puellam

2252 2249 2533 2313 Consum;
2562 2251 2798 2321 rogitans
2825 2249 2884 2305 fit
2909 2251 3107 2307 celsior
3131 2250 3218 2306 illa
3243 2268 3257 2316 ;
3290 2253 3591 2322 rependens

2256 2340 2426 2394 Verba
2452 2342 2642 2410 probat
2671 2342 2944 2407 stolidum,
2969 2357 3160 2395 vanam
3184 2341 3277 2395 dat
3306 2342 3561 2399 culminis
3580 2358 3759 2402 auram,

2248 2431 2438 2500 Arguit
2468 2431 2735 2500 ignarum,
2761 2441 2991 2496 sontem,
3024 2432 3315 2500 probitatis
3339 2441 3397 2486 et
3422 2434 3625 2490 hostem

2251 2519 2439 2575 Pandit
2478 2521 2782 2586 confusum,
2808 2523 2964 2577 docet
2986 2523 3165 2576 omnia
3197 2523 3328 2576 falsa
3365 2532 3634 2584 secuttau,

2250 2615 2474 2684 Insuper
2502 2623 2741 2670 ostentat
2765 2629 2968 2669 ciccum
2997 2615 3215 2683 risuque
3249 2615 3561 2684 petendum.

2248 2701 2345 2756 His
2369 2703 2607 2758 immane
2630 2704 2817 2758 dolens
2839 2703 3031 2758 abduci
3064 2705 3268 2758 visibus
3318 2704 3463 2757 illam

2251 2794 2420 2864 Inque
2448 2796 2605 2850 domo
2628 2798 2845 2865 propria
2876 2796 3125 2850 thcrtnali
3159 2797 3352 2849 ardore
3373 2794 3600 2851 cretnari

2248 2888 2497 2959 Praecipit
2519 2888 2648 2941 invi;
2663 2897 2770 2942 tam
2800 2887 2931 2942 lucis
2966 2889 3160 2941 virtute
3184 2887 3438 2955 puellam.

2247 2982 2467 3035 Inclusa:
2495 2981 2662 3035 multo
2691 2980 2902 3034 sulIitur
2931 2981 3121 3035 robore
3143 2979 3357 3043 fervor;

2247 3075 2314 3127 At
2340 3074 2480 3127 nulla
2505 3083 2622 3127 arte
2647 3074 2773 3127 dato
2799 3073 3000 3142 petitur
3026 3073 3110 3141 pia
3149 3072 3298 3141 virgo
3316 3069 3521 3135 calore.

2253 3168 2391 3233 Quin
2420 3168 2616 3222 alacris
2645 3176 2757 3221 tota
2783 3166 3077 3236 persistens
3102 3175 3260 3219 nocte
3282 3165 3483 3233 dieque

2251 3260 2508 3317 Flaminis
2529 3270 2796 3328 congesta:
2823 3260 3054 3315 assiduis
3096 3257 3343 3312 interrita
3372 3257 3540 3320 silvae.

2253 3356 2362 3408 Ceu
2393 3354 2620 3423 frigente
2652 3353 2767 3408 loco
2798 3351 2943 3407 nullo
2967 3354 3164 3407 sndore
3188 3359 3437 3413 notatur;

2255 3444 2427 3513 thue
2455 3444 2786 3513 triumphum
2809 3452 2961 3497 atrox
2998 3441 3204 3497 clarum
3236 3440 3380 3510 capit
3403 3453 3532 3493 aure
3552 3449 3771 3507 tyrannos

2250 3535 2491 3590 Conatur
2524 3544 2705 3605 tegere
2730 3551 2792 3589 ac
2819 3550 2960 3588 saevo
2985 3534 3321 3603 restinguere
3351 3531 3515 3594 ferro.

2252 3625 2400 3681 llanc
2426 3626 2554 3680 inibi
2580 3626 2749 3680 crudo
2782 3625 3042 3679 mandans
3068 3637 3324 3676 mucrone
3346 3621 3505 3674 litari.

2250 3716 2407 3775 lassa
2432 3716 2532 3772 feri
2556 3717 2705 3771 dirus
2732 3714 2898 3770 tendit
2923 3712 3193 3783 complere
3220 3711 3465 3775 satelles;

2252 3798 2487 3880 Virginis
2523 3815 2577 3861 at
2603 3816 2798 3862 tenerae
2817 3804 3003 3876 jugulo
3031 3805 3113 3858 vis
3137 3803 3318 3857 ferrea
3345 3799 3527 3867 cedit,‘

2250 3896 2357 3957 Ter
2378 3898 2571 3965 librata
2601 3896 2743 3959 neci,
2777 3905 2859 3950 ter
2881 3896 3030 3949 mitia
3055 3893 3190 3949 colla
3216 3893 3471 3961 fatigans.

2251 3988 2360 4043 Nec
2386 3998 2543 4058 caput
2567 4004 2596 4042 a
2621 3989 2764 4042 tenui
2785 3988 2994 4042 cervice
3017 3985 3276 4042 revellere
3305 3999 3555 4038 noscens.

2250 4079 2426 4131 Carne
2456 4077 2628 4131 tribus
2652 4085 2773 4147 post
2798 4077 2950 4146 virgo
2982 4090 3206 4130 manens
3229 4075 3296 4127 ad
3326 4082 3450 4128 vota
3475 4073 3669 4133 diebus,

2252 4166 2459 4221 Pastori
2482 4168 2825 4221 commendat
2852 4182 3002 4233 oves,
3026 4181 3163 4237 quas
3186 4173 3363 4220 mater
3385 4163 3583 4227 alebat,

2251 4254 2490 4322 Urbano,
2520 4257 2726 4310 meritis
2749 4254 2943 4311 functa:
2973 4256 3063 4324 qui
3091 4254 3278 4309 funera
3303 4268 3505 4309 curans

2251 4347 2556 4417 Exsequiis,
2589 4347 2723 4401 inter
2763 4347 2996 4416 collegas
3024 4347 3164 4400 hanc
3194 4345 3337 4399 locat
3362 4344 3551 4406 almos,

2252 4437 2521 4508 Castaq‘ue
2552 4437 2873 4508 prtesulibus
2898 4435 3171 4508 conjungit
3199 4438 3424 4506 pignora
3452 4433 3629 4488 castis.

2256 4526 2357 4594 Qui
2385 4542 2539 4581 sacer
2561 4537 2786 4595 argento
2814 4536 3096 4597 postquam
3125 4526 3233 4580 edit
3266 4535 3464 4580 cuncta
3495 4519 3675 4578 sacrati

2265 4614 2399 4670 Vasa
2432 4615 2742 4682 ministerii,
2776 4615 3083 4685 multosque
3114 4615 3181 4668 ad
3213 4614 3391 4668 sidera
3423 4612 3582 4667 mittit

2259 4706 2515 4778 lllartyrio
2539 4708 2736 4772 claros,
2769 4708 2913 4781 capit
2939 4708 3137 4785 inclyta
3167 4707 3385 4789 putanda
3414 4719 3651 4779 consors,

2031 4811 2257 4870 CAPUT
2295 4819 2386 4875 XI.

2031 4819 2257 4870 CAPUT
2295 4819 2386 4875 Xl.

1443 4897 1517 4980 pe
1540 4909 1722 4956 sancta
1753 4896 2015 4962 Pontiano
2040 4920 2178 4973 papa
2202 4918 2249 4961 et
2274 4909 2556 4983 Hippolyto
2582 4913 2903 4983 presbytero.

575 4992 709 5075 tlioc
737 4989 1031 5045 Pontianus
1053 4991 1175 5059 jura
1209 4989 1419 5059 supplet
1445 4991 1725 5075 regminis,

2258 5002 2576 5074 Hippolytus
2606 5005 2675 5059 illi
2704 5016 2886 5061 mente
2913 5006 3031 5060 diva
3056 5004 3338 5081 jungitur;
