3888 5330
114 316 203 377 665
698 318 785 372 οε
810 317 1083 373 CHRISTI
1121 314 1500 376 TIUUMPHIS
1539 314 1649 370 ΑΡΙ

1813 314 2046 371 ΓΑιΙΑὶΙ
2078 313 2257 371 LIBRI
2289 313 2424 368 XIV.
2450 342 2520 353 -
2559 312 2686 367 ΗΒ.
2730 310 2818 367 IV.
3243 302 3348 359 666

1525 422 1752 482 CAPUT
1795 426 1910 481 Xll.

984 519 1060 573 De
1097 519 1324 572 Ant/tero
1346 536 1483 589 pupa
1506 529 1553 572 et
1578 519 1775 575 ultione
1800 529 1960 574 sexta:
1988 513 2380 586 persecutionis.

115 635 362 689 Antheros
392 631 553 701 hujus
578 631 875 687 essrrlantis
905 630 1140 685 culmina
1698 618 1745 675 Α
1775 631 2070 687 crassam;-
2096 627 2269 683 almos
2306 626 2419 679 dira
2448 634 2635 680 contra
2666 623 2921 694 prmsulm

114 725 336 795 Capessit
365 723 469 775 alta
504 738 835 793 p:o~cqucns
862 722 1107 790 vestigia.
1776 722 2101 789 Clerumque
2130 734 2300 774 sacrae
2329 716 2471 770 celsa
2506 716 2676 785 plebis
2704 713 2968 782 regmina,

117 816 199 870 llic
221 815 373 883 iligna
401 814 693 883 diligenter
723 825 842 867 acta
875 824 1175 883 martyrum
1423 877 1435 889 θ
1778 813 2085 883 Tribusque
2116 813 2167 866 in
2197 812 2352 865 annis
2383 809 2488 862 line
2525 808 2665 879 regis
2700 805 2984 861 clauditur.

114 906 267 960 Causa
296 905 438 958 beati
469 904 656 956 mortis
681 904 836 959 aluta:
866 903 1107 966 Maximi,
1780 906 2030 960 Vindicta
2061 900 2216 971 cujus
2252 900 2495 970 turgidos
2530 899 2582 952 in
2615 895 2887 967 principes

115 994 198 1059 Qui
224 1009 385 1048 carne
415 1003 619 1065 martyr
651 1010 712 1046 ac
741 995 997 1048 sacerdos
1022 995 1266 1058 solvitur,
1780 996 1931 1050 lllata
1955 994 2121 1062 juste,
2140 1009 2237 1045 ccu
2264 990 2379 1043 lues
2406 988 2696 1059 Egyptios

116 1083 253 1137 botat
281 1083 561 1150 requirens
588 1100 651 1134 at:
679 1083 917 1135 recondit
953 1082 1004 1137 in
1037 1100 1212 1150 sacra;
1622 1126 1627 1131 .
1779 1086 2020 1157 Tal-gora
2049 1086 2184 1139 sexti
2218 1084 2509 1137 lancinavit
2535 1081 2794 1135 verberis.

116 1175 332 1244 Quorum
365 1188 622 1239 meretur,
656 1176 948 1232 Maximino
977 1179 1219 1249 principe
1779 1180 1981 1248 Nempe
2009 1179 2112 1231 hoc
2138 1183 2419 1246 perempto
2447 1172 2705 1243 Puppicni
2739 1170 2979 1242 cuspide,

118 1269 319 1321 Nostros
343 1280 536 1327 agente
564 1281 681 1337 post
707 1269 970 1323 Neronem
1004 1271 1234 1326 turbinis
1781 1269 1913 1322 Cum
1944 1267 2111 1321 fratre
2144 1282 2376 1338 regnans
2402 1281 2573 1320 cresor
2607 1265 2717 1334 ipse
2748 1264 3005 1318 czedilur'

118 1361 246 1413 Sexti
278 1371 478 1415 retecta
512 1361 649 1430 lege,
677 1364 1051 1427 contubernia,
1784 1362 1962 1415 Nostri
1991 1370 2123 1430 quot
2152 1360 2308 1414 annis
2338 1358 2546 1414 enecati
2577 1357 2858 1426 prwsules,

117 1454 227 1517 Quae
253 1452 360 1507 lata
390 1454 692 1509 decessoris
719 1456 843 1509 odio
870 1456 1117 1519 Caesaris,
1784 1455 1935 1508 Datis
1968 1462 2043 1507 tot
2074 1452 2221 1507 orbis
2247 1451 2313 1504 ad
2343 1466 2528 1505 necem
2562 1449 2885 1520 primatibus
2921 1467 2933 1501 :

117 1546 257 1611 Cujus
278 1546 370 1614 pio
396 1546 606 1602 nitebat
630 1548 748 1601 aula
783 1549 999 1603 nomine
1785 1546 1922 1601 Hinc
1954 1544 2259 1602 Gordianus
2285 1544 2422 1598 bella
2452 1551 2658 1613 spectat
2689 1555 2967 1612 prospera.

119 1634 327 1690 Blamtua
357 1646 531 1691 mater
558 1652 720 1707 quant
754 1635 972 1693 fovebat
997 1647 1238 1702 strenue,

1517 1744 1744 1800 CAPUT
1772 1742 1909 1798 Xlll.

730 1842 805 1898 De
833 1842 1038 1897 duobus
1068 1840 1325 1911 Philippis
1353 1842 1756 1911 imperatoribus
1784 1850 1832 1893 et
1861 1835 2052 1892 Pontio
2074 1844 2306 1904 martyre
2322 1842 2368 1886 et
2387 1842 2568 1885 sancto
2597 1829 2858 1884 Favtano.

120 1955 322 2025 Egregia
351 1964 473 2025 post
500 1954 599 2009 hos
626 1954 1007 2024 splendescens
1035 1968 1167 2022 pace
1200 1951 1499 2022 Philippus,
1704 1945 1747 2002 Β
1778 1950 1999 2005 Instruit
2024 1948 2256 2018 anguina
2289 1945 2505 1998 liventis
2532 1942 2721 1997 fraude
2748 1942 2962 2006 veneni,

124 2047 366 2101 Prmceiso
391 2060 598 2115 supera:
627 2047 913 2099 decoratus
941 2044 1160 2099 nomine
1192 2042 1345 2112 legis,
1782 2041 2011 2096 Exacuit
2036 2037 2267 2092 stimulis
2292 2036 2568 2105 agitatque
2589 2034 2654 2086 ad
2683 2033 2823 2086 furta
2856 2032 3144 2086 furentem.

120 2138 420 2207 Participem
448 2136 620 2191 fastus
650 2136 887 2205 genitura
922 2134 1045 2188 facit
1077 2150 1197 2187 esse
1225 2133 1556 2202 Philippum;
1779 2131 1873 2187 llle
1895 2131 2047 2185 dolos
2073 2128 2294 2182 volvens
2325 2126 2545 2194 inopino
2571 2123 2799 2179 crimine
2828 2121 3034 2191 justum

119 2230 323 2285 Pontius
355 2231 452 2284 hos
483 2239 689 2300 nzartyr
711 2224 893 2282 divina
926 2229 989 2281 ad
1021 2227 1201 2281 munia
1230 2226 1431 2280 Christi
1778 2221 2126 2292 Aggreditur,
2158 2219 2422 2287 furvoque
2446 2223 2603 2271 necat
2631 2215 2904 2268 molimine
2937 2228 3138 2283 regem.
3209 2259 3212 2263 .

123 2323 391 2383 Instituens
422 2320 662 2380 monitis,
693 2319 943 2389 prudenti
979 2317 1229 2388 dogmate
1259 2317 1433 2380 vexit,
1778 2312 2028 2380 Principe
2053 2310 2316 2364 subducto
2347 2307 2644 2377 pervadens
2666 2315 2875 2373 sceptra
2904 2314 3196 2374 tyrannus,

124 2411 289 2481 Fulget
317 2421 369 2465 at
398 2411 484 2465 his
515 2420 727 2464 mactus
757 2409 935 2479 palma
968 2408 1068 2461 sub
1098 2406 1411 2471 Valeriano;
1781 2403 1913 2470 Qua:
1939 2416 2037 2455 sua
2067 2409 2193 2455 sunt
2219 2399 2340 2453 diro
2369 2406 2524 2451 curat
2550 2396 2852 2464 producere
2883 2395 3026 2457 nisu,

123 2504 403 2559 Aiueadum
433 2504 644 2574 primus
676 2518 883 2572 regum,
920 2501 1253 2571 prolemque,
1283 2507 1601 2568 patremque
1781 2496 2082 2553 Prosternit
2112 2494 2374 2564 genitum,
2410 2499 2580 2544 totum
2609 2497 2788 2543 movet
2816 2502 2966 2540 arma
2999 2501 3094 2554 per
3119 2500 3341 2555 agmen;

123 2597 362 2652 Concordi
387 2612 650 2652 venerans
677 2597 824 2652 cultu
853 2613 974 2651 cum
1001 2595 1150 2665 prole
1180 2594 1478 2663 Philippus,
1781 2586 1919 2641 lliuc
1943 2585 2145 2651 majora
2174 2593 2383 2654 petens,
2412 2580 2619 2636 Domim
2648 2578 2965 2633 subvertere
2993 2584 3175 2630 castra

126 2687 303 2758 luclyta
334 2698 550 2758 sceptra
582 2690 721 2755 regit
748 2687 985 2741 consorti
1022 2685 1218 2754 fulgida
1251 2685 1418 2738 cultu.
1782 2676 2014 2740 Nititur;
2049 2676 2188 2729 haud
2217 2687 2367 2726 mora
2398 2672 2675 2725 ductorem
2709 2667 3092 2723 moderaminis
3122 2663 3283 2734 hujus
3320 2650 3321 2657 ‘

127 2777 363 2834 Fascibus
387 2780 474 2833 hic
505 2779 667 2843 altus,
701 2778 906 2833 Christi
933 2777 998 2831 ad
1031 2775 1286 2847 mysteria
1319 2787 1537 2837 curvus,
1770 2768 2019 2839 Impetit,
2046 2776 2205 2835 atque
2234 2766 2356 2819 data
2388 2763 2687 2817 Fabianum
2719 2759 2832 2830 lege
2864 2759 3119 2811 trucidat.
3200 2786 3201 2789 η

127 2870 239 2924 Dum
268 2870 487 2925 Pascha:
512 2871 757 2925 excubiis
788 2869 916 2922 ferri
954 2869 1054 2923 sibi
1087 2881 1240 2922 sacra
1273 2874 1509 2935 rogaret,
1782 2858 2028 2914 Crudelis
2053 2857 2271 2927 Scytha:
2299 2853 2420 2909 velli
2451 2852 2663 2924 agmina
2694 2862 2879 2905 sancta
2906 2847 3148 2920 jubentis

125 2958 418 3016 Luetisonos
447 2963 590 3016 inter
613 2974 759 3017 stare
784 2971 837 3016 et
866 2976 960 3015 sua
988 2959 1214 3016 crimina
1247 2957 1438 3012 ﬂentes
1786 2952 2105 3022 Sumpserat
2128 2949 2215 3003 hic
2248 2947 2447 3001 celebri
2480 2943 2675 3015 pra2sul
2708 2942 3074 2997 nmderamina
3103 2948 3271 3005 nutu;

125 3051 439 3124 Praeclpitur,
470 3053 679 3124 farique
702 3064 757 3107 et
781 3054 998 3123 propria
1029 3050 1160 3105 llere
1182 3051 1374 3119 piaela.
1786 3045 1981 3099 Fertur
2007 3042 2149 3096 enim
2175 3041 2447 3109 digressus
2482 3050 2630 3105 agro,
2658 3034 2946 3090 comitatus
2974 3030 3184 3098 amicis,

124 3142 202 3197 llle
226 3145 517 3199 sacerdotis
548 3154 668 3197 voto
698 3144 947 3197 mandata
977 3117 1264 3211 capessens
1284 3148 1303 3206 ,‘
1708 3152 1711 3153 '
1787 3131 2043 3187 Ecclesia:
2068 3138 2383 3199 penetrasse
2408 3125 2651 3187 domum,
2681 3136 2786 3190 qua
2815 3117 3003 3174 concio
3033 3117 3205 3186 plebis

126 3231 328 3288 Pectore
353 3244 461 3290 stat
489 3252 679 3305 prono,
706 3234 940 3303 dispellit
970 3209 1204 3286 culmina
1233 3238 1435 3294 mente,
1786 3224 1844 3278 In
1871 3224 2083 3277 diversa
2108 3219 2329 3274 studeas
2351 3216 2620 3276 certabat,
2651 3222 2707 3266 et
2732 3211 2882 3280 optio
2909 3209 3109 3280 patris;

127 3320 337 3377 Maxima
361 3324 599 3393 supremi
630 3301 820 3376 recolit
844 3324 970 3375 dum
1000 3321 1233 3375 culmina
1267 3319 1437 3389 regni.
1713 3318 1757 3379 C
1789 3314 1976 3368 Astitit
2005 3312 2092 3366 ille
2119 3310 2250 3364 nihil
2276 3304 2569 3363 subeundae
2596 3302 2847 3359 conscius
2880 3301 3056 3366 arcis,

128 3411 369 3484 Lugubris
396 3425 449 3469 at
482 3417 700 3469 tandem
731 3423 1052 3485 patrataque
1081 3413 1312 3468 crimina
1333 3386 1522 3466 lassus
1788 3405 1857 3459 At
1881 3418 2150 3459 smmnam
2181 3407 2343 3453 tantae
2370 3398 2583 3451 visurus
2608 3386 2674 3448 ad
2701 3392 2905 3447 extima
2934 3404 3098 3445 curre.

128 3501 355 3572 buplorat
379 3504 604 3574 supplex
632 3482 831 3557 summi
864 3482 1206 3557 rexinumiua
1236 3501 1400 3570 regis,
1787 3493 1886 3549 llic
1914 3495 2124 3548 discors
2151 3491 2360 3545 diversa
2395 3492 2582 3555 crepat
2618 3485 2743 3538 dum
2777 3482 2976 3536 l‘aiuina
3005 3489 3201 3535 cmtus.

128 3592 463 3665 Divinutnque
494 3610 716 3650 manere
749 3595 838 3665 pio
871 3594 972 3649 sibi
1006 3595 1169 3648 corde
1199 3594 1447 3646 timorem
1788 3584 2087 3638 Dissociata
2116 3595 2312 3652 parans
2338 3579 2496 3645 digne
2526 3577 2734 3631 sociare
2767 3572 3037 3637 columba,

130 3676 455 3757 Deproniens,
488 3689 717 3757 quazsita
755 3687 944 3742 humili
974 3702 1128 3739 sacra
1158 3694 1375 3755 pectore
1404 3682 1611 3737 sumit:
1787 3671 2164 3737 Pacistamica.
2195 3668 2341 3721 νυιιίι
2371 3667 2594 3719 “vorem
2626 3663 2766 3716 Γυηίε
2793 3661 2984 3715 abesse

127 3778 186 3830 At
207 3779 453 3834 Dominus
481 3751 714 3849 pronum
746 3778 907 3832 solito
936 3751 1221 3831 sustollere
1253 3783 1426 3839 curat,
1524 3760 1535 3767 ’
1786 3761 2112 3831 Praecipieus
2140 3758 2317 3821 libris;
2350 3755 2552 3809 sentire
2579 3754 2673 3837 dat
2700 3751 2951 3806 omnibus
2984 3752 3179 3813 unum;

126 3868 359 3927 Fascibus
385 3872 705 3942 ampliﬁcat;
734 3870 834 3924 soli
862 3870 948 3939 pia
972 3868 1092 3936 jura
1119 3866 1371 3921 trementi
1788 3856 1965 3913 Untun
1998 3855 2064 3908 de
2092 3853 2274 3907 multis
2299 3865 2525 3905 censens
2557 3861 2869 3917 prmponere
2898 3845 3131 3907 cunctis,

130 3960 305 4020 Unicus
332 3965 420 4020 hic
444 3963 722 4019 confertur
747 3938 920 4017 honos
949 3977 1149 4031 supero
1178 3960 1369 4015 ordine
1393 3960 1539 4030 regi,
1787 3945 1958 4003 Unius
1993 3962 2093 4000 una
2123 3955 2308 4014 petens
2331 3951 2493 4013 caput
2520 3940 2669 4011 eligit
2698 3938 2948 3993 omnibus
2974 3952 3162 4001 unum.

129 4050 269 4110 Urbis
292 4067 347 4109 ut
367 4057 578 4111 educta;
603 4056 886 4125 praesignia
911 4055 1103 4126 gaudia
1137 4054 1309 4123 ριυωε
1634 4052 1635 4055 ‘
1785 4037 2202 4108 Concordesque
2232 4053 2419 4091 omnes
2448 4046 2652 4106 patrem
2684 4030 2957 4088 connectit
2984 4031 3051 4084 ad
3082 4044 3268 4083 unum.
3330 4100 3333 4107 Ι

128 4145 342 4215 Augusto
369 4151 473 4203 hoc
500 4122 815 4203 ιιιοιιειοωιῖε
845 4122 1005 4203 inieci
1034 4122 1352 4202 millesimus
1378 4162 1573 4210 annus,
1785 4129 2135 4187 Conclamant
2171 4129 2349 4182 cuncti
2381 4127 2589 4181 cmlesti
2620 4123 2853 4181 culmine
2883 4122 3128 4193 dignum,

128 4237 299 4297 Exuuii
320 4241 495 4295 cultus
525 4257 737 4294 summo
767 4241 1070 4294 celebratus
1098 4240 1326 4303 honore,
1635 4273 1638 4278 -

1635 4273 1638 4278 .
1786 4218 2210 4288 Pontiﬁcemque
2235 4217 2420 4286 legunt
2444 4217 2625 4270 divino
2653 4214 2871 4269 numine
2905 4223 3111 4274 notum,

127 4325 257 4392 Quod
280 4331 441 4386 decus
469 4333 573 4386 hoc
600 4333 719 4386 urbi
748 4346 975 4385 ευιιιιηω
1006 4332 1150 4385 inter
1171 4339 1381 4401 sceptra
1409 4329 1634 4398 feratur,
1784 4313 1963 4382 Atque
1992 4311 2135 4365 Petri
2173 4309 2445 4365 cathedrae
2474 4307 2713 4362 Fabiano
2741 4305 2980 4374 regmina
3008 4303 3226 4358 CCdlilll.

129 4416 250 4473 Urbs
278 4429 331 4475 et
356 4421 655 4490 apostolico
676 4422 791 4492 jam
820 4421 1022 4475 dudmn
1054 4397 1304 4492 dogmate
1339 4420 1507 4485 clara,

1786 4404 1997 4474 Quique
2027 4403 2422 4472 triumphorum
2454 4410 2631 4455 servet
2658 4409 2713 4454 ut
2741 4409 2889 4469 gesta
2920 4397 3153 4469 piorum,

128 4504 346 4563 Numinis
374 4488 540 4581 atque
570 4511 640 4580 pii
669 4488 869 4564 sancto-
891 4488 1150 4581 insignita
1177 4510 1401 4573 decore,
1785 4494 1997 4565 Colligit
2022 4494 2228 4564 hocque
2253 4494 2471 4548 studere
2496 4492 2641 4560 operi
2674 4491 2918 4544 decernit
2946 4488 3211 4549 alumnos;

127 4592 346 4671 Principe
370 4575 694 4657 Christi-cola
726 4602 871 4657 celso
898 4575 1257 4670 hocvpolleret
1284 4601 1505 4656 honore.
1787 4587 2082 4642 Ecclesiam
2114 4584 2317 4655 fulgere
2348 4588 2500 4637 docet
2531 4595 2744 4650 quoque
2775 4579 2984 4649 legibus
3009 4575 3195 4635 almis;

188 4666 382 4759 St‘plies
405 4699 464 4744 at
486 4700 772 4762 postquam
802 4666 1301 4760 vestitur-gramine
1327 4690 1499 4754 tellus,
1711 4681 1759 4740 Ι)
1785 4677 1901 4745 Ipse
1930 4675 2239 4744 triumphali
2272 4688 2392 4726 mox
2424 4682 2481 4725 ut
2518 4671 2834 4736 coujunetus
2867 4666 3053 4721 honori
3091 4672 3197 4729 est,

130 4773 447 4850 Septenoque
479 4781 649 4851 replet
678 4782 909 4837 ridentia
943 4757 1143 4836 muenia
1173 4779 1369 4844 fructu,

1787 4767 2178 4838 Dispcrguntnr
2206 4779 2351 4825 oves,
2383 4762 2711 4823 laceranttt“,
2740 4757 3159 4825 carceribusque

127 4862 321 4927 Munere
354 4873 536 4927 divino
562 4875 719 4928 terris
745 4883 1001 4943 regnante
1029 4872 1275 4940 Philippo
1789 4861 2123 4921 Traduntur,
2154 4872 2384 4927 quorum
2419 4857 2630 4926 Moyses
2657 4852 2929 4922 ergastula
2968 4852 3189 4921 longum

128 4953 365 5018 Gentibus
390 4972 447 5017 et
473 4963 791 5035 populisque
810 4942 1049 5017 nitentia
1074 4961 1194 5029 jura
1226 4959 1471 5023 dicante,
1789 4949 1917 5005 Post
1942 4950 2166 5003 tolerata
2202 4946 2370 5018 nigris
2409 4948 2542 5017 petit
2565 4944 2788 5000 aetheris
2814 4946 2960 5001 edita
2990 4942 3179 5014 septis.

130 5043 326 5106 Estuat
355 5054 608 5122 antiquus
636 5056 882 5123 viresque
910 5052 1176 5122 recolligit
1204 5049 1415 5118 anguis,
1792 5044 2028 5099 Diversis
2061 5042 2272 5098 diversa
2301 5042 2443 5111 gerit
2472 5038 2812 5111 praedonibus
2842 5041 3036 5104 hostis,

129 5138 337 5192 Attritus
362 5140 558 5192 totien‘s
581 5161 673 5192 nm-
701 5154 847 5192 tanta
871 5154 1070 5192 trnnrca
1100 5142 1321 5192 inlisus:
1791 5138 2039 5191 lixterius
2069 5136 2288 5192 patulis.
2322 5135 2467 5189 intus
2495 5132 3053 5191 latitantibusarmis,
