3888 5330
515 183 617 236 667
1240 176 1633 235 FLODOARDI
1670 178 1990 236 CANONICI
2032 177 2378 234 REMENSIS
2403 177 2766 236 OPUSCULA
2807 143 3167 236 METRICA:
3671 181 3755 238 668

509 296 745 366 Dispersi
773 302 1065 366 properant
1095 295 1241 366 gnati
1268 295 1490 365 lapsuve
1518 295 1703 360 recisi,
2124 293 2174 353 Α
2200 290 2637 361 Cunctorumque
2667 306 2857 361 preces
2882 291 3039 362 hujus
3069 305 3192 346 mox
3216 301 3339 345 vota
3368 299 3678 362 sequuntur,

506 389 772 444 Maximus
799 395 854 442 et
885 385 1098 455 reliqui,
1127 383 1574 454 confessoresque
1613 383 1800 439 tideles
1824 402 1839 450 ;
2200 381 2303 449 Qui
2332 384 2523 454 punire
2544 384 2653 438 dati
2682 384 3013 453 pedibusque
3045 382 3351 438 advolvitur
3378 382 3523 439 ultor

504 476 707 549 Inclyta
733 476 869 532 bella
897 476 1001 547 poli
1032 484 1268 530 tractant
1294 485 1507 530 rectore
1540 474 1704 528 ﬁdeli.
1787 493 1791 496 ν
2198 472 2476 538 Concessi,
2513 474 2795 544 poscitque
2820 474 3008 530 datum
3034 475 3137 530 sibi
3168 475 3349 529 munia
3380 475 3562 540 ferre;

503 567 700 624 Fertur
728 567 830 622 hoc
865 566 1164 621 instructus
1191 566 1411 620 doctore
1447 565 1512 618 ad
1542 564 1679 619 bella
1716 567 1947 636 gerenda
2200 562 2463 619 Subditur
2492 566 2707 621 addicto
2732 576 3225 636 consternaturqne
3254 567 3505 622 subacto.

502 656 708 714 leica
734 656 1073 719 Pancratins,
1098 664 1293 726 patruo
1322 656 1581 711 ductante
1608 655 1811 724 beato;
2198 653 2292 710 Ille
2318 657 2400 712 sui
2433 664 2755 712 tractaturos
2780 673 2942 713 verso
2969 658 3162 713 ordine
3186 666 3402 720 tractat,

503 751 704 819 Impius
732 750 1033 805 exhorretis
1064 747 1210 802 dolet
1239 747 1454 817 agmina
1485 756 1669 802 sancta
1699 747 1866 808 coire.
2198 745 2567 818 Captoresqne
2595 750 2763 819 capit,
2785 750 3232 822 deviuctoresque
3261 751 3520 818 revincit,

504 839 878 909 Densatasqne
906 853 1106 908 parans
1132 836 1330 892 Christi
1363 836 1582 891 turbare
1607 837 1883 899 cohortes,
2200 837 2589 909 Emacnlatqne
2614 841 2773 895 undis
2801 856 2920 896 sese
2949 841 3153 897 fmdare
3175 851 3455 911 parantes;

503 930 795 985 Ductorem
828 929 971 1000 rapit
1000 944 1030 983 e
1056 928 1254 994 medio,
1283 928 1539 999 pellitque
1568 927 1814 998 relegans
2201 930 2411 1002 Quique
2440 932 2755 988 laborabant
2776 933 2918 987 lntnc
2940 934 3214 991 associare
3244 933 3486 1006 profanis

503 1022 791 1079 Extorrem
818 1022 1156 1091 (lentumque
1185 1021 1370 1076 locans
1388 1020 1577 1090 juneto
1605 1021 1797 1075 ordine
1826 1018 2012 1074 Cellls.
2200 1020 2497 1091 Participes
2519 1021 2719 1077 Christi
2746 1022 2831 1093 pia
2861 1022 2950 1077 dat
2975 1038 3072 1094 per
3097 1024 3360 1094 mysteria
3389 1024 3580 1087 sacris,

505 1114 708 1170 Militia
732 1130 1045 1185 procerum,
1071 1114 1256 1186 nequit
1283 1114 1350 1169 ad
1378 1128 1439 1170 se
1461 1114 1689 1190 jungere
1718 1127 1957 1169 amorem
1980 1128 1999 1182 ς
2200 1108 2368 1164 Addit
2395 1119 2450 1163 et
2477 1110 2729 1165 Ecclesia:
2753 1112 2985 1168 nitentes
3013 1128 3071 1169 se
3099 1114 3298 1169 addere
3328 1114 3514 1181 larvze,

505 1206 772 1276 Principis
807 1207 1110 1278 agminibus
1141 1214 1434 1277 properant
1460 1205 1697 1260 invisere
1722 1204 1879 1259 multi
2202 1203 2457 1258 Annectit
2484 1204 2638 1259 nexis
2667 1209 2949 1260 tendentes
2973 1205 3220 1261 scindere
3244 1220 3431 1261 nexos.

506 1296 685 1367 Atque
717 1297 895 1353 levare
923 1313 1012 1368 pio
1041 1297 1250 1368 pulsum
1279 1297 1535 1352 lenimine
1562 1311 1781 1369 papam.
2206 1291 2394 1347 Saevus
2422 1294 2475 1348 id
2512 1309 2643 1349 aure
2665 1295 2884 1351 trahens
2909 1295 3103 1350 Decius
3135 1296 3408 1366 mittitque
3444 1303 3685 1365 tenetque

508 1385 659 1440 Tunc
685 1386 877 1442 Africa:
903 1388 1015 1453 lux,
1045 1403 1140 1443 ore
1165 1388 1267 1441 ﬁde
1288 1386 1591 1458 Cyprianus
1617 1387 1820 1457 opima,
2117 1387 2125 1393 ”
2205 1385 2553 1452 Candidnlos,
2582 1388 2815 1459 ducique
2841 1389 3011 1446 sacris
3033 1403 3157 1443 cum
3192 1389 3427 1459 praesule
3453 1389 3685 1452 mandat,

509 1475 644 1530 lluie
666 1476 844 1546 jungit
870 1478 1047 1532 radios
1071 1476 1251 1544 jltbari
1279 1478 1547 1548 signando
1573 1477 1750 1533 beatis
2205 1478 2326 1534 Mox
2364 1480 2540 1548 puniri
2560 1479 2668 1534 aris
2693 1480 2740 1534 si
2770 1495 2974 1554 ponere
2997 1480 3155 1537 thura
3184 1488 3508 1535 retractent.

507 1565 909 1623 Grammatibns
934 1569 1121 1624 valida:
1146 1569 1377 1624 Celerini
1412 1578 1560 1639 gesta
1593 1568 1880 1639 palestrae:
2207 1569 2436 1625 Tiroues
2460 1570 2642 1626 divina
2672 1572 2836 1626 rudes
2860 1573 2927 1625 ad
2961 1570 3098 1626 bella
3138 1571 3403 1641 magistro

506 1658 858 1728 Comperiens
886 1660 1084 1714 multos
1113 1677 1264 1731 papae
1292 1661 1557 1715 solamina
1582 1659 1726 1715 ferre
2132 1643 2178 1702 Β
2206 1658 2552 1716 Praecedente
2581 1660 2801 1727 abeunt,
2838 1677 2907 1716 ne
2936 1659 3050 1717 fors
3079 1676 3110 1715 a
3140 1661 3385 1732 principe
3412 1668 3591 1716 turma

506 1746 817 1815 Grassator,
853 1761 1067 1804 revocat
1094 1749 1333 1819 falsoque
1361 1751 1690 1819 suphismate
1710 1749 1918 1818 justum
2204 1750 2522 1806 Desciscens
2546 1751 2688 1807 hosti
2719 1761 2988 1823 praecepta
3016 1761 3218 1823 tropaea
3248 1753 3513 1808 remittat.

508 1838 810 1907 lnsimulat,
843 1852 1031 1895 contra
1056 1843 1198 1911 quod
1229 1843 1439 1912 publica
1464 1842 1584 1909 jura
1614 1842 1821 1898 libellos
2205 1841 2410 1899 Incedit
2430 1842 2626 1912 praesul
2651 1851 2797 1898 tutus
2820 1843 3140 1900 coelestibus
3159 1844 3349 1908 armis,

513 1928 817 1998 Sumpserit
841 1945 905 1984 ac
936 1931 1164 1986 schedas
1190 1932 1473 2003 peregrino
1495 1948 1524 1985 a
1554 1933 1739 1987 littore
1765 1932 1925 1988 latas.
2207 1930 2377 1998 Quem
2415 1931 2612 2003 gaudet
2642 1946 2778 1986 nova
2805 1940 2980 1987 turma
3012 1933 3185 2003 sequi,
3212 1942 3485 2004 sputoque
3502 1932 3687 1989 sacello

515 2040 535 2073 ι
570 2020 884 2077 Grammata
915 2023 1129 2094 suscepi
1166 2025 1377 2078 Domini
1410 2039 1575 2093 super
1606 2024 1739 2095 (ille)
1771 2039 1995 2088 corona,
2209 2021 2437 2076 Sumere
2471 2022 2750 2092 conspersi
2779 2031 3062 2077 maturant
3089 2023 3358 2093 sanguine
3391 2024 3652 2094 palmam;

514 2112 628 2168 Non
660 2130 772 2168 rem
810 2113 1112 2167 Romanam
1141 2115 1223 2169 vel
1263 2115 1474 2185 publica
1512 2116 1798 2170 commoda
1830 2122 2039 2169 contra.
2081 2132 2100 2167 ι
2209 2115 2352 2185 Papa
2378 2124 2670 2170 coronatus
2702 2130 2840 2184 quos
2862 2116 3067 2169 :ethera
3094 2115 3246 2170 ducit
3274 2115 3328 2169 in
3353 2114 3547 2169 altum.

511 2202 583 2258 At
609 2204 752 2258 veris
785 2203 937 2259 furor
963 2204 1160 2260 auditis
1190 2206 1434 2269 etl‘ervet,
1461 2214 1513 2260 et
1541 2221 1639 2260 ora
2208 2206 2279 2261 At
2303 2205 2505 2260 Lucina
2532 2205 2621 2274 pio
2646 2205 2839 2260 mulier
2865 2204 3196 2260 venerabilis
3245 2214 3398 2270 actu,

516 2293 651 2348 'l‘am
681 2305 928 2365 prompte
959 2296 1177 2366 plumbo
1206 2306 1314 2352 tam
1346 2313 1477 2367 pura
1508 2298 1733 2353 fatentia
1766 2297 1961 2363 tundit,
2209 2297 2363 2351 Fulta
2392 2295 2484 2351 Dei
2513 2295 2682 2361 clero,
2717 2293 2978 2350 famulum
3006 2296 3500 2366 stipantecaterva,

511 2384 845 2454 Oppressare
873 2387 1054 2442 hebeti
1082 2388 1234 2442 nisus
1266 2388 1583 2443 discrimine
1610 2402 1817 2442 verum.
2210 2384 2535 2439 Sanctormn
2561 2398 2719 2440 sacra
2748 2385 2992 2439 membra
3019 2385 3150 2454 legit
3170 2397 3470 2458 cryptaque
3489 2385 3675 2443 Calixti

518 2475 740 2530 Ducitur
769 2476 893 2531 hinc
925 2478 1119 2547 praesul
1153 2477 1412 2533 Mavortia
1437 2493 1593 2533 sacra
1620 2478 1854 2542 litatum,
2209 2475 2376 2546 Inque
2396 2490 2494 2530 suo
2523 2475 2671 2531 cultu
2699 2475 2933 2546 pollente
2962 2477 3266 2532 recondidit
3298 2491 3458 2533 arvo.

513 2565 607 2620 Sin
642 2575 888 2623 temnens
918 2579 1133 2637 renuat,
1161 2571 1355 2626 erudas
1390 2579 1658 2625 mactetur
1683 2571 1749 2624 ad
1783 2584 1930 2624 aras.
2215 2565 2387 2635 llujus
2415 2565 2635 2621 Lucina:
2657 2565 2941 2622 Cornelius
2963 2567 3064 2621 iste
3094 2576 3283 2637 rogatu

515 2657 649 2710 Dum
684 2673 836 2712 sacra
867 2657 1109 2716 facturus
1143 2671 1399 2731 properat
1427 2663 1600 2732 magis
1631 2662 1746 2732 ipse
1784 2661 2104 2727 sacrandus,
2212 2654 2536 2712 Sanctorum
2565 2670 2848 2726 procerum
2877 2657 3213 2713 catacumbis
3239 2672 3365 2713 ossa
3391 2656 3616 2722 levarat,

515 2746 626 2801 Hac
656 2763 723 2802 ex
754 2749 943 2803 militia
972 2751 1191 2820 quidam
1220 2751 1447 2807 Cerialis
1472 2754 1664 2807 adacta
2210 2748 2551 2820 Legaratque
2574 2748 2721 2803 Petri
2757 2747 2857 2803 sub
2886 2757 3071 2804 monte
3105 2747 3336 2803 Neronis
3368 2748 3422 2803 in
3453 2748 3649 2813 aulam,

513 2840 762 2910 Quinque
791 2856 886 2911 per
913 2850 1127 2897 testatos
1159 2843 1315 2898 cunis
1348 2859 1444 2914 pro
1474 2844 1701 2914 conjuge
1730 2844 1928 2915 poscit,
2208 2838 2423 2894 Aureus
2446 2840 2500 2894 in
2532 2838 2790 2895 Vaticano
2816 2840 2907 2908 qui
2937 2839 3140 2904 dictus,
3165 2848 3220 2894 et
3245 2839 3297 2893 in
3328 2854 3439 2908 quo

515 2929 686 2998 llujns
712 2941 768 2985 ut
799 2931 849 2985 in
879 2932 992 2986 visu
1020 2933 1196 2987 valeat
1225 2935 1460 3004 gaudere
1488 2935 1682 2989 salute.
2139 2991 2178 3004 _
2211 2926 2531 2984 Arcitenens
2554 2938 2744 2983 nactus
2784 2927 3056 2984 habitarat
3089 2929 3313 2984 delubra
3343 2928 3600 2985 Phoebus.

515 2991 646 3086 Ejus
674 3028 728 3073 at
761 3020 849 3074 ille
883 3022 1098 3076 domum
1132 2991 1352 3079 subiens
1377 3025 1517 3079 hanc
1545 3025 1702 3094 erigit
1730 3023 1926 3096 (aiens)
1957 3038 1972 3077 :
2131 2991 2180 3056 θ
2212 3017 2330 3088 lpse
2352 3017 2528 3073 locum
2546 3016 2701 3086 juxta
2724 3032 2885 3073 cruce
2912 3034 3018 3087 quo
3039 3019 3360 3074 conscendit
3388 3018 3444 3073 in
3467 3029 3606 3073 astra

523 3126 541 3157 ι
582 3108 772 3178 Surge,
815 3111 1027 3179 tuisque
1067 3114 1205 3167 insta
1241 3115 1466 3182 pedibus
1504 3115 1605 3168 sub
1643 3116 1862 3170 nomine
1888 3114 2037 3170 .lesu.
2083 3132 2102 3166 ι
2218 3108 2505 3165 Sidereum
2533 3108 2747 3179 Cephas
2784 3109 3067 3164 Dominum
3097 3124 3196 3179 per
3240 3109 3389 3165 celsa
3417 3117 3647 3173 secutus,

515 3194 662 3250 lilico
690 3196 808 3250 lasta
837 3200 979 3252 subit
1013 3211 1268 3270 percepto
1299 3204 1512 3266 robore,
1547 3218 1732 3257 verum
2220 3204 2457 3276 Pignora
2487 3215 2613 3259 tunc
2640 3203 2791 3258 Pauli
2824 3205 3004 3259 studio
3039 3205 3122 3258 via
3153 3203 3385 3275 sumpsit
3407 3203 3593 3260 eodem

516 3284 650 3338 Esse
674 3284 765 3338 Dei
794 3287 1032 3356 genitum
1065 3289 1306 3344 clamans
1336 3288 1587 3345 Sallustia
1618 3291 1913 3358 Christum,
2220 3284 2522 3364 Hastensis,
2546 3297 2738 3366 capitis
2765 3313 2870 3366 qua
2907 3312 3132 3368 corpore
3158 3297 3303 3352 caede
3332 3297 3541 3352 solutus

518 3375 585 3428 lit
612 3391 837 3433 currens
870 3393 964 3432 vas
993 3379 1179 3448 implet
1207 3395 1371 3450 aqua,
1400 3381 1650 3453 conjurat
1680 3392 1735 3438 et
1763 3393 1886 3439 orat
2211 3387 2504 3457 Quaesitum
2526 3387 2743 3445 Christo
2772 3389 2938 3445 subiit
2963 3388 3284 3447 convinctus
3315 3389 3597 3447 honorem.

516 3463 637 3537 Ipsa
669 3465 882 3523 lavacra
908 3468 1086 3525 ferens
1114 3473 1283 3525 sacris
1311 3488 1370 3527 se
1401 3488 1561 3544 sparg
1583 3488 1643 3530 er
1671 3476 1831 3530 undis
1854 3491 1870 3542 ;

1943 3609 2171 3665 CAPUT
2211 3608 2330 3664 XV.

1800 3699 1877 3753 De
1905 3704 2098 3757 sanctis
2126 3702 2312 3756 Abdon
2341 3708 2387 3753 et
2420 3698 2649 3753 Senucn.

517 3801 670 3855 llaud
701 3810 907 3856 tantum
938 3804 990 3858 in
1019 3821 1275 3874 proceres
1301 3815 1469 3863 totum
1502 3809 1631 3879 quin
1655 3812 1807 3866 saevit
1836 3813 1889 3867 in
1914 3829 2107 3884 agmen
2214 3811 2604 3879 Invehitatqne
2632 3818 2788 3880 parat
2810 3809 3105 3865 deinvictis
3132 3810 3276 3866 clara
3307 3818 3528 3880 tropa‘a,

516 3894 717 3949 Militiie
740 3895 887 3950 furor
913 3896 1001 3952 hic
1031 3900 1269 3965 rabidus,
1307 3901 1518 3971 lateque
1549 3905 1810 3972 petendos
2210 3901 2341 3957 Fert
2362 3915 2420 3955 se
2446 3900 2708 3954 victorem
2739 3899 2886 3954 velut
2913 3915 3041 3955 ense
3070 3901 3348 3972 subegerit
3388 3902 3595 3963 hostes;

517 3984 766 4040 Dcceruit
785 3986 984 4053 justus,
1016 3991 1219 4058 patrias
1243 3991 1549 4062 lymphatas
1578 3992 1632 4048 in
1655 4010 1867 4061 omnes,
2210 3990 2310 4057 Qui
2335 4005 2442 4060 quo
2466 3990 2701 4044 victores
2730 3999 2975 4059 perstant
3003 3993 3261 4046 studuere
3284 3992 3464 4046 duello
3487 4034 3501 4057 ,

515 4074 629 4141 Qua
658 4075 965 4131 dominatur
990 4080 1131 4134 hera,-
1157 4084 1417 4150 prohrosa
1444 4085 1682 4153 potentia
1715 4085 1923 4150 Roma},
2209 4078 2405 4134 Acciet
2429 4078 2724 4143 fEneades,
2759 4090 3041 4150 maguates
3073 4080 3273 4136 excolit
3304 4097 3462 4145 auro,

516 4161 927 4234 lnscqniturque
951 4167 1067 4236 pios
1097 4185 1322 4237 magnus
1343 4187 1447 4240 qua
1482 4173 1722 4227 tenditur
1751 4176 1921 4231 orbis:
2131 4220 2184 4279 Β
2210 4170 2447 4225 Exhibet
2467 4180 2691 4225 ornatos
2728 4170 2907 4225 baccis
2934 4171 3250 4239 cinctosque
3280 4172 3510 4233 catenis,

517 4254 742 4279 ηε.......;.
772 4255 1029 4279 ΠΑ,...,.-----
1094 4259 1247 4279 _l!._,-
1281 4261 1435 4279 ησγμγ.
1538 4263 1578 4279 rt
2212 4259 2470 4279 Il-4__.,s-.
2502 4261 2516 4279 I
2548 4259 2830 4279 __--_',n,s_-
2862 4275 2972 4279 ,---
3008 4276 3081 4279 μί-
3120 4276 3286 4279 ,,-_-,
3329 4271 3411 4279 .s,

517 4254 749 4309 Discutit
771 4255 1057 4320 Oecasum.
1088 4259 1252 4313 ditem
1280 4261 1510 4317 rimatur
1537 4263 1707 4318 Eoum
2131 4254 2184 4279 ν
2211 4259 2478 4314 Monstrat
2502 4259 2834 4315 honoriﬁeos
2858 4275 2977 4315 sese
3004 4276 3295 4330 superasse
3329 4260 3622 4331 toparchas.

519 4343 901 4414 Sepositosque
925 4347 1111 4415 procul
1141 4349 1315 4416 quatit
1337 4351 1455 4405 hare
1480 4351 1673 4420 injuria
1708 4353 1923 4410 Persas.
2208 4350 2423 4405 Laudes
2452 4351 2504 4405 in
2529 4351 3209 4422 propriasstudet,e.\citet
3231 4368 3327 4407 ora
3358 4352 3570 4421 popelli,

518 4432 634 4486 Huc
660 4434 803 4489 Decii
837 4435 1012 4491 rabies
1041 4436 1194 4492 furiis
1218 4439 1440 4494 advecta
1472 4440 1797 4511 pererrans,
2208 4440 2609 4508 Prmtenditqne
2643 4439 2789 4495 feros
2810 4440 2997 4496 hostes
3020 4441 3242 4511 pietatis
3267 4441 3494 4494 amicos:

515 4520 785 4607 Friniates
806 4526 982 4595 gentis
1010 4526 1243 4584 Sennem
1276 4530 1378 4584 sibi
1413 4533 1638 4587 mandat
1660 4545 1715 4588 et
1741 4535 1931 4590 Abdon

1762 4535 1931 4590 tbdon
2206 4528 2388 4584 Jactat
2412 4529 2652 4584 devictos
2674 4544 2767 4584 cor
2789 4528 3039 4583 libertate
3063 4538 3297 4594 tuentes,

519 4615 821 4672 Prmsentes
846 4617 987 4685 ﬁeri,
1017 4620 1217 4675 cultum
1239 4623 1434 4691 quibus
1462 4624 1757 4694 opprobrat
1779 4626 2002 4692 almum,
2207 4621 2265 4676 In
2290 4621 2649 4690 manibusque
2675 4621 2830 4676 datos
2860 4621 3138 4676 calcantes
3163 4631 3379 4693 sceptra
3406 4618 3627 4674 fatetur.‘

520 4707 693 4775 thue
723 4708 862 4763 Deos
890 4721 1298 4767 contemnentes
1324 4714 1574 4783 sintjure
1611 4717 1817 4772 subacti
2211 4714 2440 4769 Miratur
2469 4729 2755 4784 procerum
2778 4714 3026 4783 stupidus
3054 4712 3346 4768 reverenda
3375 4721 3581 4767 senatus

519 4798 777 4873 Romanis
797 4803 1008 4866 merito,
1043 4804 1275 4861 victores
1304 4808 1412 4862 imo
1435 4808 1675 4863 fatentur
2210 4804 2318 4861 Ora
2348 4805 2629 4860 beatorum
2657 4805 2892 4870 Christi;
2924 4813 3238 4859 constanter
3268 4814 3326 4858 at
3356 4804 3429 4858 illi

517 4885 589 4939 Se
618 4885 835 4942 Christo
864 4891 1135 4947 tribuente
1172 4894 1302 4959 Deo,
1333 4911 1441 4965 quo
1470 4914 1633 4965 regna
1661 4899 2020 4970 triumphant,
2207 4898 2346 4952 Dum
2375 4912 2558 4951 coram
2590 4896 2841 4965 intrepidi
2879 4896 3149 4965 praeconia
3182 4895 3374 4950 cmlica
3397 4892 3584 4970 fantur,

516 4978 783 5049 Perﬁdiae,
804 4981 956 5052 cujus
985 4985 1203 5041 laudant
1233 4989 1283 5042 in
1317 4992 1513 5045 smeula
1542 4994 1769 5047 culmen.
1828 4968 1837 4970 ἡ
2210 4987 2433 5042 Devicta
2454 4987 2619 5041 Decio
2650 4987 2932 5041 traduntur
2958 4984 3265 5050 Valeriano,
3308 5037 3324 5055 ,
3404 4968 3423 4987 ’

518 5069 762 5140 Dumque
798 5084 1080 5131 catenatos
1128 5080 1370 5134 custodia
1398 5084 1625 5152 suscipit
1651 5095 1769 5137 arta
2208 5079 2311 5146 Qui
2342 5079 2396 5133 ni
2423 5078 2733 5133 thuriiicent
2761 5077 2934 5131 belvis
2956 5077 3056 5133 hos
3084 5076 3276 5146 pabula
3308 5076 3468 5147 leget.

519 5156 835 5217 Glorilicaut
873 5163 1168 5231 Christum,
1215 5167 1379 5224 decus
1421 5170 1473 5224 id
1510 5173 1653 5239 quod
1700 5188 1915 5243 semper
1950 5191 2101 5229 ama-
2208 5168 2301 5224 Ille
2331 5167 2477 5223 viros
2500 5167 2648 5222 ferus
2670 5167 2988 5237 aggrediens
3020 5177 3298 5236 segmenta
3333 5165 3554 5228 revellit.

1849 5260 1994 5330 [rant
2213 5260 2593 5330 Lathoidreque
2622 5259 2869 5314 litatur-os
2902 5258 3051 5313 velut
3080 5260 3331 5314 admovet
3362 5261 3469 5312 aris
3494 5274 3509 5310 :
