3888 5330
97 378 196 433 669
700 373 787 430 DE
816 377 1091 434 CHRISTI
1131 379 1509 438 TRIUMPHIS
1536 380 1722 438 APUD
1762 382 2046 439 ITALIAM
2086 382 2266 439 LIBRI
2304 383 2442 440 XIV.
2482 415 2548 424 —
2580 383 2705 438 LIB.
2748 379 2834 435 IV.
3269 374 3373 439 670

86 499 325 563 Quatuor
351 503 515 562 atque
536 492 644 546 dati
674 496 947 551 metuendi
979 497 1200 552 rictibus
1239 498 1373 564 ursi,

87 588 405 641 Sanctorum
436 598 605 653 usque
644 586 812 654 pedes
852 586 1103 644 fremitus
1132 591 1359 645 horrore
1395 590 1667 658 feruntur,

86 676 289 746 Ilioque
316 676 436 747 agni
474 675 639 730 veluti
671 687 835 746 pacto
858 677 1080 747 jacuere
1104 682 1388 751 stupende,

87 768 222 822 Lene
245 765 390 822 feras
420 776 477 821 ut
506 768 559 821 in
586 766 909 838 obsequium
945 773 1153 827 venisse
1179 772 1440 844 probares

88 858 525 928 Belligeratornm
549 857 756 916 Christi
787 877 924 932 quos
953 877 1086 933 pace
1115 872 1354 930 tuantur,

86 947 380 1002 Belluarum
410 947 597 1003 feritas
622 949 861 1007 humana
887 952 940 1006 in
966 962 1184 1023 pectora
1218 954 1433 1018 transit,

86 1039 431 1109 Belluinoqtte
460 1040 645 1111 legunt
671 1042 924 1100 homines
949 1043 1162 1100 fervore
1185 1042 1448 1113 petendos

89 1129 311 1186 Pacilice
335 1147 365 1184 a
393 1130 565 1187 belvis
594 1132 830 1190 humana
856 1135 972 1208 lege
1000 1136 1229 1207 petitos;

1698 506 1743 565 Α
1774 501 2168 572 Mittunturque
2194 501 2442 556 homines
2472 499 2669 555 furiata
2702 507 2881 555 mente
2909 499 3225 564 lremenlcs,

1771 594 1948 663 Atque
1980 593 2105 648 ferte
2136 594 2296 648 mites
2327 608 2463 664 quos
2485 607 2793 658 servavere,
2823 592 3112 647 trucidant.

1773 684 2028 741 Perfecto
2050 686 2128 740 sic
2156 685 2370 740 emeriti
2394 685 2692 739 certamine
2718 684 2886 738 functi

1775 776 2008 831 Atltlctte
2034 775 2269 830 subeunt
2290 774 2435 829 victo
2462 773 2642 843 polum
2672 772 2740 827 ab
2769 772 3190 843 amphitheatro,

1779 869 2034 939 lndeptus
2060 884 2293 939 quorum
2325 875 2485 922 noctu
2519 882 2674 920 saera
2704 867 2946 920 membra
2976 864 3211 935 Cyrinus

1786 961 1960 1032 Eripit
1991 970 2152 1031 atque
2186 960 2353 1026 vehit,
2387 958 2703 1029 plumbique
2734 956 2979 1011 recondit
3010 955 3062 1009 itt
3093 967 3241 1017 arca,

1785 1055 1939 1124 Quae,
1963 1054 2182 1110 Christo
2214 1060 2515 1123 retegente,
2541 1057 2733 1123 patent
2761 1057 2882 1122 post
2908 1046 3109 1101 lumine
3133 1043 3299 1119 pacis.

1520 1291 1749 1349 CAPUT
1785 1292 1926 1350 XVI.

1257 1382 1333 1441 De
1359 1386 1556 1440 sanctis
1583 1385 1871 1442 Parthenio
1897 1394 1946 1442 et
1978 1383 2271 1440 Calocerio.

91 1503 403 1561 Parthenius
432 1500 876 1573 Calloceriusque
905 1502 1088 1572 vigore
1117 1502 1386 1568 nitentes,

93 1597 384 1655 Ctesareum
415 1592 541 1649 (idei
574 1593 733 1664 positi
762 1607 985 1648 servare
1013 1592 1211 1659 cubile,

92 1685 339 1754 Egregios
364 1693 519 1740 casto
549 1685 881 1739 decorabant
908 1698 1135 1753 corpore
1166 1696 1367 1748 mores,

95 1777 152 1845 Et
171 1775 387 1831 Christo
411 1787 465 1831 et
498 1775 609 1846 regi
636 1791 732 1829 sua
762 1775 945 1829 munia
980 1774 1122 1828 ferre
1157 1774 1397 1845 probati,

96 1866 212 1932 Qua:
239 1868 385 1938 regis
415 1867 548 1937 regi,
571 1882 693 1936 quae
717 1865 918 1921 Christi
948 1867 1173 1921 reddere
1201 1865 1437 1921 Christo.

98 1957 220 2023 Quis
239 1961 429 2030 opibus
458 1958 667 2035 pollens
693 1958 942 2013 Anatolia
972 1958 1124 2027 virgo
1154 1958 1369 2023 relicta,

99 2048 319 2108 Coosule
340 2062 495 2121 patre
520 2050 608 2120 pio
634 2050 930 2107 decedente
954 2047 1271 2113 IEmiliano,

1783 1504 2067 1570 Quamque
2099 1501 2296 1553 docent
2322 1509 2503 1549 mores
2531 1501 2585 1549 et
2614 1506 2746 1564 opes
2771 1492 3101 1563 conjungere
3131 1489 3374 1558 Christo;

1784 1591 1920 1645 Tum
1949 1605 2115 1644 vanas
2138 1587 2265 1657 quia
2295 1587 2602 1641 detrectant
2630 1598 2790 1640 orare
2820 1582 3038 1652 figuras,

1782 1681 2002 1750 Ignibus
2033 1678 2217 1748 injecti
2245 1684 2504 1747 superant
2530 1675 2780 1731 incendia
2809 1674 2951 1738 tuti,_

1783 1775 2047 1830 Torribus
2069 1784 2125 1830 et
2155 1773 2299 1830 tunsi
2327 1772 2597 1828 scandunt
2620 1769 2860 1826 ccelestia
2890 1768 3017 1827 laeti.

1783 1866 1969 1920 Terris
1999 1865 2242 1934 virgineo
2272 1864 2556 1933 rapiuntur
2580 1876 2811 1931 corpora
2841 1861 3027 1930 Γιηηιο,⁵

1788 1958 2016 2013 Sitlcreo
2044 1956 2200 2011 cmlis
2227 1955 2519 2025 capiuntur
2541 1953 2760 2008 ﬂamina
2792 1968 2979 2023 regno.

1517 2198 1747 2256 CAPUT
1789 2196 1954 2253 XVII.

1226 2292 1305 2347 De
1323 2295 1515 2347 sanctis
1540 2290 1785 2346 Anatolio
1810 2300 1856 2343 et
1891 2286 2148 2341 Victoria.

104 2408 407 2479 lmpugaare
434 2409 583 2462 viros
609 2408 757 2461 lanio
788 2422 886 2461 nec
914 2405 1113 2461 sullicit
1137 2416 1258 2462 atro
1287 2425 1301 2462 :

103 2499 228 2565 Quin
262 2499 405 2554 ferro
436 2509 656 2553 teneras
687 2498 836 2568 pellit
871 2514 1035 2568 super
1059 2508 1204 2554 astra
1233 2498 1463 2568 puellas,

104 2591 326 2657 Quarum
352 2591 603 2646 Anatolia
625 2590 716 2658 jus
745 2592 927 2645 nntndi
954 2602 1010 2645 ct
1039 2591 1278 2646 Victoria
1311 2592 1568 2656 vincunt;

104 2679 221 2734 Dein
259 2681 434 2734 tnundi
462 2695 722 2749 proceres
757 2679 882 2734 caeli
908 2693 1149 2733 convexa
1185 2680 1440 2750 petendo,

105 2771 296 2826 llarum
322 2786 485 2842 regna
508 2772 708 2825 bonam
738 2770 933 2825 melior
955 2770 1204 2840 provexit
1231 2770 1284 2824 in
1313 2770 1443 2836 alta,

106 2860 333 2918 Moribus
357 2870 413 2916 et
439 2861 645 2916 sanctis
675 2870 881 2915 castam
908 2861 1211 2915 castissima
1248 2862 1498 2931 compsit,

105 2952 173 3005 Ac
202 2966 436 3006 vernans
457 2951 643 3005 nitidis
674 2959 921 3005 ornatam
950 2950 1186 3005 cultibus
1217 2950 1390 3004 auxit.

107 3040 231 3096 Nam
255 3044 512 3114 desponsa
547 3042 664 3095 viro
694 3040 906 3095 dnctrix
938 3039 1190 3093 Anatolia
1221 3055 1384 3102 sa'vo,

110 3130 238 3185 Dum
266 3131 457 3200 refugit
490 3132 654 3184 ttedas
681 3139 735 3184 et
760 3128 883 3197 jura
914 3129 1098 3183 subire
1132 3128 1364 3197 profani,

107 3218 320 3274 Mittitur
348 3221 472 3275 huic
503 3219 682 3273 licitos
710 3233 930 3273 suasum
956 3219 1194 3272 Victoria
1229 3232 1424 3285 nexus,

108 3307 308 3380 Pagano
331 3310 557 3380 depaeta
586 3310 704 3364 viro
728 3309 1060 3379 jamjamque
1078 3310 1313 3380 juganda

109 3400 349 3472 Eugenio,
378 3417 501 3471 qua:
530 3402 901 3471 deproperaus
928 3401 1159 3454 suadere
1188 3401 1432 3464 docetur,

109 3491 166 3545 Et
193 3501 408 3563 captare
432 3508 634 3563 parans
661 3493 903 3565 capitur,
934 3506 1248 3560 vcnansque
1278 3494 1541 3562 prehensa
1575 3501 1676 3558 est.

117 3582 341 3655 Erigitur
370 3600 593 3640 versare
622 3586 811 3640 abiens
839 3599 972 3655 Opus
1000 3580 1404 3652 omnipotentis,

109 3672 445 3744 Complanare
473 3685 683 3746 petens,
718 3676 777 3729 lit
806 3690 941 3744 opus
966 3675 1279 3730 venerabile
1308 3676 1506 3731 Christi
1538 3695 1551 3730 :

115 3786 133 3820 ι
163 3770 288 3825 Audi
313 3787 417 3836 me,
446 3787 620 3834 soror,
655 3771 918 3841 incipiens
941 3769 1193 3824 Anatolia
1222 3769 1393 3839 (18!),
1418 3780 1473 3825 et
1509 3774 1557 3840 ip
1575 3786 1623 3825 λι

111 3859 292 3916 Christi
317 3878 433 3918 sntn
467 3862 688 3929 famula,
717 3877 781 3916 ac
808 3864 931 3918 novi
965 3862 1155 3930 legaIia
1179 3861 1356 3918 vincla

114 3949 216 4006 Non
246 3955 503 4008 damnare
534 3954 722 4017 Deum,
752 3962 972 4008 sanctos
1002 3955 1116 4009 haec
1154 3953 1333 4009 vincla
1362 3960 1679 4022 prophetas.

112 4038 225 4094 Haec
253 4042 437 4097 iniisse
464 4052 645 4111 patres
669 4056 903 4111 quorum
930 4043 1213 4097 benedicta
1244 4057 1514 4113 propago;

112 4129 235 4186 Audi
257 4149 358 4199 me,
387 4144 445 4189 et
472 4135 684 4188 sociare
710 4135 828 4188 viro
853 4136 946 4205 qui
974 4135 1112 4190 celet
1140 4136 1313 4190 amice

116 4220 375 4278 Secretunt
406 4225 569 4281 socia:
595 4225 797 4280 Christi
827 4241 927 4281 nec
959 4226 1155 4295 prodat
1183 4224 1480 4289 alumnam,

116 4312 236 4381 Quin
265 4316 441 4371 faveat
463 4317 661 4372 nostris
696 4317 904 4372 blandae
935 4317 1156 4372 dulcore
1186 4316 1410 4370 mariue.
1443 4334 1463 4368 ι

116 4404 225 4461 llaec
248 4405 334 4461 illa
368 4415 606 4471 texente,
642 4405 809 4460 refert
836 4405 1087 4459 Anatolia
1117 4423 1130 4459 :
1166 4423 1185 4456 ι
1220 4405 1410 4470 Vince,

118 4494 155 4551 0
179 4497 425 4565 Victoria,
458 4498 524 4551 ad
558 4499 660 4554 hoc
689 4498 928 4554 Zabulon
960 4498 1203 4553 Victoria
1238 4514 1365 4553 vere

118 4587 233 4646 Esse
254 4607 449 4662 queas;
474 4607 649 4647 vacuo
674 4591 1029 4661 Omnipotens
1056 4590 1377 4645 mortalibus
1400 4590 1531 4645 olim

119 4678 334 4738 Crescite
358 4684 638 4739 mandavit
658 4684 884 4749 nmndo,
920 4682 1198 4752 multoque
1230 4683 1433 4752 replete

118 4769 303 4831 Fettore
332 4776 602 4840 tellurem,
630 4774 872 4844 quatiam
908 4775 1065 4830 modo
1093 4774 1337 4845 germine
1368 4774 1526 4844 plena

122 4862 366 4937 llumanu,
388 4870 642 4926 Christus
666 4880 952 4938 postquam
979 4867 1256 4923 descendit
1284 4866 1353 4920 ab
1375 4868 1576 4932 aethra;

124 4954 447 5030 Multiplicate
471 4960 656 5027 fidem,
681 4969 894 5015 crescat
923 4960 1158 5023 dilectio,
1192 4957 1426 5025 clamat;

124 5024 437 5120 Appi-operat
467 5024 718 5122 regnum,
744 5049 912 5105 etelos
946 5048 1177 5119 replete,
1209 5062 1518 5118 supernum.
1558 5024 1586 5099 ι’

123 5137 252 5193 Talia
280 5152 400 5200 post
434 5140 595 5196 infert
625 5160 638 5195 :
675 5160 693 5192 ι
727 5140 841 5200 Ego
866 5154 985 5200 quae
1016 5154 1113 5200 per
1141 5137 1351 5192 viscera
1376 5138 1578 5199 ChriSti

1787 2424 1806 2456 t
1844 2403 2110 2471 Perpetua
2136 2397 2265 2467 quin
2300 2402 2473 2450 morte
2499 2392 2644 2461 rapis
2672 2390 2902 2460 tuajura
2937 2387 3264 2458 sequentes!

1787 2513 1806 2546 ι
1841 2493 1885 2547 Ο
1914 2492 2052 2547 bona
2090 2489 2373 2559 virginitas
2409 2484 2757 2540 tenebrarum
2787 2482 2928 2537 facta
2960 2482 3225 2547 refutans,

1788 2606 1807 2638 ι
1844 2586 2072 2642 Sidereo
2103 2598 2321 2652 semper
2349 2580 2502 2651 degis
2526 2594 2647 2649 qua:
2670 2577 2872 2631 lumine
2897 2574 3144 2644 compta!
3178 2591 3199 2625 ι

1784 2678 2001 2733 Auditis
2031 2675 2229 2746 quibus
2253 2672 2448 2742 evigila
2476 2670 2713 2739 fletuque
2744 2668 2941 2738 rigata,

1788 2772 1955 2841 lnqne
1983 2768 2292 2839 pavimento
2316 2765 2603 2819 Dominum
2632 2769 2902 2833 prostrata
2932 2758 3135 2830 fatigo;

1787 2863 1913 2917 lhcc
1940 2861 2095 2926 mihi,
2129 2861 2220 2930 qui
2250 2859 2465 2924 tulerat,
2499 2854 2700 2911 referat
2728 2852 3039 2908 dulcissima
3070 2854 3292 2916 rursus;

1786 2954 1879 3010 Sic
1905 2962 2089 3009 strata:
2121 2950 2247 3005 mihi
2280 2947 2628 3020 prosequitur
2654 2944 2996 3017 gratissimus
3021 2942 3213 2997 isdem.

1796 3062 1814 3092 ι
1850 3041 2144 3111 Virginitas
2172 3039 2341 3094 nitide
2368 3036 2564 3107 regalis
2587 3050 2824 3105 purpura
2854 3048 3089 3087 vernans

1706 3163 1751 3226 ε
1792 3134 1879 3186 Est
1907 3148 2012 3203 qua
2042 3134 2133 3202 qui
2166 3130 2407 3185 induitur
2443 3126 2665 3198 reliquis
2695 3123 3043 3226 praestantior
3070 3120 3220 3189 exit;

1788 3223 2085 3295 Virginitas
2107 3223 2215 3276 divi
2248 3236 2463 3292 gemma
2491 3228 2575 3275 est
2599 3216 2836 3287 pretiosa
2861 3212 3076 3268 monilis

1784 3313 2080 3385 Virginitas
2114 3304 2256 3382 regis
2286 3310 2563 3380 inopinum
2592 3322 2790 3362 munus
2817 3307 3077 3369 habetur;

1783 3404 2063 3460 Thesauro
2092 3404 2318 3458 insidias
2350 3402 2569 3455 latitant
2592 3399 2971 3472 huictendere
3003 3396 3172 3461 fures,

1783 3494 1954 3559 Quem
1985 3502 2039 3547 tu
2071 3492 2301 3548 sollicito
2331 3490 2629 3561 advigilans
2663 3489 2927 3543 tutamine
2954 3500 3146 3552 serva;

1784 3585 2012 3639 Divitias
2040 3594 2219 3652 quote
2246 3583 2427 3651 potius
2461 3582 2556 3635 has
2586 3580 2769 3634 noscis
2800 3578 2998 3632 habere
3030 3594 3043 3630 :

1784 3673 1899 3727 Hoc
1924 3681 2099 3727 tutare
2123 3671 2292 3741 magis
2324 3670 2475 3723 furva
2506 3685 2574 3723 ne
2599 3668 2788 3722 fraude
2814 3667 3086 3721 fatiscant.
3120 3683 3139 3716 ι

1785 3765 1881 3821 llis
1911 3764 2138 3832 aliisque
2169 3764 2271 3832 piis
2294 3762 2533 3815 animata
2560 3759 2884 3815 hortaminis
2912 3757 3075 3821 orsis,

1786 3855 2231 3911 Distrahitomne
2260 3853 2426 3906 decus
2453 3851 2588 3904 varii
2623 3848 2859 3904 Victoria
2890 3846 3092 3909 cultus,

1785 3945 2192 4014 Quiesitumqne
2226 3942 2334 3996 Deo
2361 3941 2593 4011 pretium
2623 3940 2849 4010 largitur
2875 3937 3081 4007 egenis.

1784 4037 2078 4107 Accipiunt
2105 4034 2288 4106 sponsi
2316 4042 2598 4105 pactarum
2630 4031 2861 4101 insignia
2885 4037 3056 4099 gesta,

1788 4129 1858 4183 Et
1887 4127 2145 4197 quoniam
2178 4125 2381 4181 Christi
2414 4131 2692 4192 nequeunt
2721 4121 2976 4190 laqueare
3005 4116 3307 4182 columbas,

1788 4218 1996 4273 Pellere
2020 4216 2378 4287 praecipitant,
2414 4214 2683 4283 Decioque
2708 4212 2918 4266 sinente
2944 4224 3040 4279 per
3064 4223 3190 4262 arva

1788 4310 2015 4380 Propria
2042 4309 2284 4380 legantes
2306 4308 2440 4362 arcti
2474 4307 2631 4361 tnodo
2660 4304 2921 4373 fragmina
2953 4299 3108 4372 panis

1790 4401 1889 4456 Vix
1917 4401 2001 4456 vel
2027 4416 2150 4456 sero
2175 4400 2380 4466 ferunt;
2409 4400 2505 4454 sed
2532 4416 2638 4461 non
2666 4396 2871 4467 jt‘jtlllltl
2900 4394 3162 4464 frangunt

1710 4509 1763 4569 ι)
1791 4492 1936 4560 Quas
1960 4492 2163 4550 Christi
2188 4491 2460 4547 confortat
2486 4506 2671 4556 amor;
2703 4487 2982 4541 molimina
3010 4482 3157 4538 nulla

1789 4583 2091 4638 Proﬁciunt
2125 4581 2279 4636 taedis
2307 4582 2406 4635 has
2434 4579 2697 4634 inclinare
2731 4576 2815 4631 vel
2851 4576 2992 4640 aris;

1790 4674 1999 4729 Dttrant
2024 4672 2240 4726 invicta:
2260 4664 2391 4740 post
2413 4671 2564 4739 plura
2594 4667 2857 4736 stupenda
2886 4671 3137 4734 patrata;

1789 4764 2108 4836 Martyrium
2139 4761 2343 4817 celebri
2371 4776 2492 4814 cum
2525 4757 2837 4827 virginitate
2862 4754 3137 4824 jngantes.

1788 4854 1926 4909 Lilia
1963 4855 2118 4908 mista
2152 4851 2290 4907 rosis
2316 4865 2346 4903 a
2375 4847 2594 4904 Christo
2626 4853 2770 4899 serta
2802 4847 3125 4916 capessunt;

1790 4946 2076 5016 Virgineos
2103 4944 2353 5015 equidem
2379 4940 2643 5014 praaclara
2675 4938 2899 4993 monilia
2928 4936 3089 4989 ﬂores

1790 5034 1997 5101 Junxit,
2028 5033 2118 5088 ubi
2143 5032 2378 5104 gladium
2411 5030 2649 5088 Victoria
2679 5027 2847 5082 corde
2876 5023 3106 5094 reCepit.

1786 5124 2088 5182 Percussor
2112 5122 2283 5192 cujus,
2320 5121 2662 5185 Tal3arcltus,
2694 5118 2911 5176 vindice
2946 5118 3111 5184 lepra!
