3888 5330
548 102 647 157 671
1274 94 1663 153 ιἰουοςιιιοι
1691 93 2011 151 CANONICI
2053 94 2401 151 IIEMENSIS
2437 94 2806 152 OI’USCULA
2845 94 3170 152 METRICA.
3687 79 3772 134 (δῖῖ

534 216 897 288 ἰλειιιωιείιιιθ
920 212 1160 276 invasos,
1188 211 1435 281 lunaeque
1464 224 1683 265 recursa
1710 219 1995 281 paventes,
2093 285 2097 288 ν
2148 213 2197 272 Λ
2229 209 2507 267 Admissus
2534 211 2726 266 dextro
2749 219 3055 281 penetraret
3080 226 3270 267 mucro
3300 211 3605 268 sinistrum.

539 285 775 359 Vexatur
804 303 952 357 varia
978 300 1194 374 Tyriam
1218 293 1480 371 perducta
1504 299 1756 371 palmstra
1784 318 1798 355 :
2093 285 2097 288 ’
2229 301 2464 371 Spiritus
2484 302 2774 359 Altithroui
2805 303 3101 358 thalamum
3128 303 3446 359 conscendit
3468 303 3665 369 amatll;

532 398 666 450 Cum
696 379 946 464 serpente
973 395 1186 463 qunqt‘Je
1216 391 1438 448 illmsam
1479 406 1582 447 uox
1615 391 1826 459 integra
1866 390 2092 455 clausit;
2230 394 2543 467 Suscipiunt
2567 397 2777 451 thecam
2801 395 3093 469 Tyrienses
3116 396 3346 466 cuspide
3375 395 3602 451 fossam.

532 486 652 539 Mox
695 482 877 555 ipsum
914 476 1155 539 monstro
1189 482 1528 554 anguilegum
1561 491 1786 552 parente
1818 482 2118 537 vorandum
2227 486 2410 540 Audax
2440 487 2506 540 ad
2533 485 2810 541 Christum
2841 486 3121 557 anguifera
3147 502 3443 542 conversus
3474 487 3545 540 ab
3570 497 3700 550 astu.

530 575 686 630 Mane
711 577 851 647 rapit
877 575 1187 645 Christique
1218 574 1310 628 Dei
1338 574 1536 644 pietate
1564 582 1844 638 venustat;
2227 580 2272 634 A
2298 579 2550 635 claustris
2581 580 2795 633 rabidos
2822 580 3031 648 rapitur
3054 580 3164 648 jam
3191 578 3336 633 mitis
3360 578 3428 632 ad
3458 592 3651 632 enses:

530 667 741 736 Quique
775 667 951 735 palam
983 666 1271 720 Dominum
1298 664 1476 719 fassus
1506 681 1565 719 se
1591 665 1812 719 credere
1847 663 2118 719 Christum
2228 669 2349 725 Mox
2404 680 2563 740 caput
2621 671 2897 726 abscissus
2922 711 2935 733 ,
3011 680 3349 738 mortemque
3409 667 3696 738 triumphat
3742 675 3783 720 et

529 755 781 811 Carceris
814 757 916 810 hac
935 755 1081 809 clara
1114 756 1214 809 sub
1251 752 1407 810 laude
1435 755 1732 809 retruditur
1761 754 1964 819 antris;
3492 757 3728 830 pugnes,

534 842 697 913 Virgo
723 846 808 916 pia
832 846 1074 900 extensis
1102 846 1351 899 nianihus
1379 846 1504 899 dum
1531 853 1649 898 rota
1680 842 1974 913 profundit,
2228 851 2291 905 Et
2325 852 2578 922 quoniam
2614 852 2740 906 hinc
2773 853 2943 922 patria
3003 861 3213 906 mactus
3254 847 3586 905 transfertur
3624 846 3763 902 licunt

530 933 893 1006 Transfigitur
914 936 1059 991 ferro
1088 936 1247 999 latus,
1275 944 1332 989 ut
1360 951 1456 1006 per
1486 945 1778 1002 utrumque
1807 932 2030 986 l‘Ct'ItaS‘J’

1970 1044 2196 1100 CAPUT
2231 1046 2415 1103 XVIII.

1672 1132 1747 1186 De
1773 1134 1969 1188 sanctis
2002 1133 2315 1205 Pergentino
2341 1150 2389 1194 et
2418 1138 2766 1194 Laurentino.

531 1243 684 1299 Tune
709 1244 1066 1316 Pergentinus
1094 1246 1569 1315 Laurentinusque
1600 1249 1766 1314 beati,
2230 1253 2394 1316 Arva,
2435 1252 2573 1322 petit
2601 1267 2658 1306 se
2687 1261 3000 1306 sanctormu
3043 1267 3095 1305 tn
3121 1248 3402 1318 laniosque
3432 1248 3681 1318 ferosque

530 1341 725 1410 Flagra
755 1340 893 1409 apud
920 1340 1162 1394 Aretium
1191 1341 1342 1409 pueri
1372 1342 1573 1411 pietate
1604 1343 1843 1413 gemelli,
2228 1342 2513 1407 Censores,
2554 1341 2823 1396 delatores
2854 1351 3095 1410 nutuque
3133 1340 3411 1405 faventes;

530 1432 670 1485 Dura
704 1430 1105 1500 triumpharunt
1131 1432 1391 1486 miracula
1419 1448 1610 1503 magna
1646 1434 1921 1501 ferentes;
2227 1431 2484 1487 Exeritur
2514 1432 2715 1502 passim
2746 1430 2976 1485 Romani
3009 1432 3061 1484 iu
3093 1429 3311 1485 climata
3344 1428 3497 1499 regni

527 1522 663 1576 Tum
689 1526 833 1577 ferro
864 1522 1027 1577 laceri
1062 1524 1223 1579 simul
1251 1540 1415 1581 aurea
1451 1542 1617 1596 regna
1651 1537 1971 1596 capessunt;
2230 1521 2374 1577 Ultio
2402 1531 2554 1593 peste
2579 1538 2801 1594 vagans,
2831 1533 3197 1592 corruptoque
3224 1538 3350 1575 aere
3373 1520 3574 1575 crudos

523 1613 722 1668 Blmnia
745 1617 1064 1685 corporibus
1089 1616 1284 1675 ﬂorent
1313 1618 1599 1683 animabus
1625 1627 1682 1673 ct
1706 1619 1876 1679 anbra
1897 1659 1912 1684 ,
2150 1650 2196 1711 Β
2227 1614 2467 1670 lnfundit
2488 1616 2866 1687 pecudumque
2907 1615 3296 1683 hominumque
3338 1628 3547 1667 venena
3593 1628 3683 1682 per
3710 1626 3761 1664 ar

530 1703 766 1777 Haecque
803 1708 937 1761 nitet
968 1710 1180 1779 gemina
1214 1710 1453 1781 gaudens
1480 1710 1610 1767 urbs
1637 1711 1756 1766 luce
1794 1713 2027 1781 piorum.
2154 1702 2193 1711 ν
3593 1702 3729 1777 [ωεζ

524 1799 593 1853 Et
624 1800 810 1855 multis
836 1800 1034 1856 Decius
1059 1804 1263 1858 sanctis
1290 1805 1379 1858 ubi
1409 1805 1601 1872 gaudia
1631 1805 1755 1859 vita:
2225 1799 2383 1855 Nulla
2410 1809 2569 1856 vacat
2600 1800 2770 1869 regio,
2812 1816 2917 1854 non
2952 1799 3082 1854 urbs
3112 1815 3332 1870 aspersa
3372 1811 3573 1852 cruore

523 1889 799 1959 Praeparat
826 1893 1098 1958 aetherem,
1129 1910 1267 1963 quos
1303 1896 1369 1950 de
1394 1897 1725 1953 cruciatibus
1756 1905 1902 1952 astra
2222 1893 2525 1957 Justormu,
2550 1902 2884 1961 cunctasque
2914 1891 3103 1945 domos
3130 1889 3451 1960 perstringit
3478 1896 3535 1942 et
3558 1887 3682 1956 ipsis

529 1981 742 2051 Dirigit,
781 1983 1026 2039 indicens
1055 1986 1327 2055 generalia
1356 1987 1619 2056 septiums
1646 2003 1798 2042 arma
2223 1983 2483 2039 Exanllat
2509 1983 2721 2038 meritis
2745 1998 2877 2037 nece
2901 1982 3302 2052 spectatoribus
3328 1979 3501 2044 actis;

524 2071 582 2126 lu
612 2073 816 2128 Christi
843 2075 1097 2144 pupulum
1123 2077 1295 2132 rabidi
1330 2088 1451 2147 post
1485 2078 1625 2133 bella
1654 2078 1908 2145 Neronis,
2222 2076 2302 2131 Ac
2327 2092 2423 2131 ceu
2459 2076 2719 2147 pestifero
2750 2074 2898 2129 trivit
2934 2074 3207 2143 quondam
3242 2085 3370 2126 aere
3411 2085 3539 2124 rura

524 2162 845 2220 Barbaricos
869 2166 1010 2220 inter
1035 2183 1238 2222 cuneos
1263 2168 1356 2222 luit
1387 2179 1505 2224 acta
1533 2185 1760 2234 cruore;
2222 2169 2442 2225 Grande
2466 2184 2629 2223 ruens
2658 2168 2840 2222 Pharii
2869 2167 3055 2221 divino
3072 2164 3301 2219 verbere
3323 2162 3491 2233 regis,

522 2254 592 2309 Et
615 2255 704 2325 qui
739 2267 1052 2328 regnantem
1077 2261 1246 2329 patris
1267 2261 1545 2333 genitique
1577 2262 1852 2318 trucidans
2220 2261 2489 2325 Cultorcs,
2520 2269 2748 2332 segetes,
2775 2259 3021 2329 jumcuta
3052 2269 3107 2311 et
3138 2270 3336 2325 pascua
3366 2263 3639 2319 sternens.

525 2342 831 2402 Fraudibus
867 2348 1133 2419 implicuit
1161 2350 1420 2406 l'atnulum
1443 2368 1565 2408 cum
1598 2353 1748 2423 prole
1780 2353 2110 2424 Philippum,
2220 2353 2485 2408 IEthereo
2509 2354 2734 2408 veniens
2766 2365 2921 2420 aequo
2948 2346 3235 2402 libramine
3272 2343 3456 2415 regnis

524 2431 825 2493 Mercedem
850 2441 1087 2503 meritis,
1124 2442 1341 2497 Christo
1372 2460 1493 2499 cum
1520 2444 1683 2499 Patre
1705 2444 1933 2508 ferente,
2221 2443 2483 2499 linenda:
2504 2442 2675 2514 pestis
2705 2441 2866 2512 digna
2896 2440 2996 2494 sub
3026 2436 3180 2492 clade
3209 2434 3425 2507 tyranni

527 2521 644 2579 Rex
672 2541 839 2599 regno
864 2532 1051 2601 procul
1099 2543 1320 2589 evectus
1349 2551 1471 2590 cum
1504 2536 1654 2606 prole
1680 2544 1945 2604 receptat.
2226 2536 2422 2601 Urbes,
2456 2534 2744 2597 ruricolas,
2770 2531 3003 2604 pecudes
3027 2537 3082 2585 et
3114 2526 3312 2599 pabula
3341 2532 3520 2579 vastat

524 2612 692 2686 quue
725 2635 920 2692 parum
951 2638 1116 2681 cruor
1141 2626 1324 2683 ulcisci
1350 2644 1445 2698 pt'r
1473 2643 1702 2699 quasque
1732 2628 1930 2700 rigavit

1698 2811 2043 2867 CAPI'I‘UL:\
2081 2809 2261 2865 [ΑΒΜ
2302 2804 2559 2873 ΩΕΙΝΤΙ.

668 2915 796 2969 Cn.
966 2947 1033 2959 --
1078 2917 1153 2992 l_)e
1176 2920 1371 2972 sanctis
1396 2918 1559 2992 Lucio
1581 2938 1718 2992 papa
1739 2931 1789 2976 et
1815 2919 2104 2991 Stephano.

887 2987 950 3043 II.
992 3018 1062 3029 --
1088 2989 1161 3042 De
1191 3003 1373 3043 sancta
1404 2987 1663 3057 litt-(lenia;

878 3057 965 3129 III.
1006 3088 1078 3098 --
1120 3059 1193 3129 υε
1221 3062 1418 3112 sanctis
1456 3060 1650 3129 Ruﬁna
1676 3073 1721 3115 et
1752 3061 2022 3119 Secunda.

1014 3158 1086 3167 —
1114 3127 1198 3200 _De
1221 3141 1399 3182 sancto
1426 3127 1578 3200 Sixto
1598 3148 1732 3200 papa
1759 3143 1806 3185 et
1835 3147 2017 3190 sancto
2053 3134 2357 3189 Laurentio.

885 3197 953 3268 V.
991 3227 1063 3238 -
1102 3197 1179 3268 De
1204 3211 1384 3251 sancto
1427 3197 1729 3268 Hippolyto.

891 3267 977 3321 VI.
1018 3297 1090 3308 -—
1127 3267 1205 3322 De
1230 3272 1425 3321 sanctis
1455 3267 1718 3324 Herennio
1744 3282 1790 3327 et
1815 3270 2080 3325 Abnndio.

889 3336 998 3392 VII.
1040 3369 1109 3380 ι-
1148 3339 1225 3391 De
1264 3339 1463 3391 ultione
1495 3341 1652 3409 hujus
1684 3341 2060 3407 persecutionis
2092 3340 2144 3390 in
2182 3333 2424 3387 Valeria"

889 3409 1015 3455 VIII.
1062 3438 1128 3450 —-
1172 3408 1245 3455 De
1267 3410 1622 3455 nersaenlimm
1662 3411 1872 3455 Claudii
1907 3424 1952 3455 et
1984 3408 2177 3455 xultrlis
2209 3405 2392 3455 Lucio.
2422 3448 2424 3454 ι

1651 3363 1652 3383 :
1684 3324 2060 3407 persecutionis
2092 3340 2144 3390 in
2182 3333 2424 3387 Valcrian
2447 3348 2515 3392 (in
2545 3340 2589 3381 ct
2618 3343 2772 3448 rc‘quo
2801 3324 3186 3406 Romanorum.

1662 3411 1872 3455 Claudii
1907 3424 1952 3455 ρι
1984 3408 2177 3455 xultt'lis
2209 3405 2392 3455 LMCIU.
2422 3349 2629 3455 barro.
2690 3398 2818 3450 ἐινο
2846 3407 2891 3448 ει
2930 3393 3185 3448 ΤΙιεοάονί

888 3409 1016 3463 VIII.
1062 3438 1128 3450 --
1171 3408 1245 3462 De
1267 3393 1622 3477 persecutione
1662 3393 1872 3467 Claudii
1907 3424 1952 3465 et
1984 3408 2177 3463 sunrtis
2209 3405 2392 3477 Lucio.
2422 3450 2423 3453 η

1707 3393 1875 3467 (audii
1907 3393 1961 3465 et
1984 3408 2177 3463 sum-tis
2209 3405 2392 3477 Lucio,
2422 3393 2629 3463 Murro,
2665 3393 2818 3450 Petro
2846 3407 2891 3448 et
2930 3393 3242 3450 Theodorio.

892 3479 980 3552 LX.
1024 3480 1209 3552 —7De
1238 3474 1479 3552 (lucentis
1513 3491 1558 3532 et
1590 3485 1863 3552 sexaginta
1894 3480 2050 3536 simul
2083 3474 2425 3545 martyribus.

887 3548 952 3604 Χ.
993 3579 1066 3591 --
1100 3551 1178 3605 De
1199 3561 1382 3605 sancto
1408 3550 1642 3606 Ca‘sario
1669 3548 1902 3608 martum

1696 3638 2041 3702 CAPI'I‘ULA
2080 3639 2259 3696 LIBRI
2303 3635 2525 3692 SEXTI.

686 3734 815 3790 Car.
898 3738 935 3790 Ι.
975 3768 1047 3781 -
1085 3738 1161 3792 De
1191 3750 1371 3793 sancto
1401 3739 1577 3793 Felice
1606 3758 1763 3808 papa.

883 3808 946 3862 υ.
987 3839 1056 3849 -
1096 3808 1170 3863 De
1199 3813 1394 3865 sanctis
1422 3809 1908 3876 Bitsilica!,Modali
1937 3819 1984 3862 et
2012 3807 2188 3859 saviis.

1010 3908 1083 3919 —
1124 3880 1195 3951 Ife
1218 3893 1400 3934 sancto
1430 3882 1683 3951 Agapeto.

1012 3980 1081 3989 —
1123 3949 1196 4003 De
1225 3968 1458 4019 repressa
1481 3949 1845 4020 persecutione
1876 3950 2113 4004 C’aiulii.

883 4017 944 4071 V.
984 4049 1051 4058 —
1091 4019 1166 4072 De
1188 4017 1382 4075 sanctis
1411 4017 1705 4088 Clirysanto
1726 4030 1773 4074 et
1804 4021 1991 4074 Dario.

895 4087 979 4141 VI.
1018 4118 1087 4128 -——
1128 4089 1201 4142 De
1235 4103 1416 4143 sancto
1444 4087 1575 4144 Gaio
1600 4109 1757 4158 papa.

874 4158 977 4212 VII.
1020 4189 1089 4199 —-
1122 4158 1199 4213 De
1227 4161 1422 4215 sanctis
1451 4153 1798 4214 Marcelliano
1824 4168 1870 4212 et
1900 4157 2083 4212 Marco
2107 4166 2261 4225 atque
2294 4153 2627 4210 Sebastiano.

1665 4249 2011 4305 CAPITULA
2052 4246 2230 4303 LIBRI
2284 4241 2581 4300 SEPTIMI.

667 4334 798 4395 CAP.
876 4363 915 4394 ι.
953 4369 1026 4381 —-
1061 4339 1140 4396 De
1176 4351 1359 4395 sancto
1385 4339 1608 4395 Gabinio
1643 4350 1691 4395 et
1723 4340 1992 4396 Susanna.

873 4411 933 4465 ll.
973 4441 1045 4455 --
1079 4411 1155 4464 De
1185 4412 1380 4466 sanctis
1437 4410 1617 4466 Primo
1647 4422 1694 4465 et
1728 4410 2022 4465 Feliciano.

883 4482 963 4537 lll.
999 4512 1076 4525 —
1113 4480 1190 4537 De
1213 4492 1397 4537 sancto
1428 4481 1739 4536 Pancratio.

886 4553 973 4607 IV.
1011 4585 1084 4596 -
1119 4553 1196 4607 De
1224 4555 1420 4609 sanctis
1445 4551 1672 4607 Claudio
1696 4550 2003 4605 Nicostrata
2026 4561 2076 4605 et
2101 4551 2279 4606 sociis.

886 4625 946 4676 ν.
981 4654 1051 4664 --
1090 4625 1165 4676 De
1192 4625 1388 4678 sanctis
1419 4623 1606 4678 Severo
1637 4635 1684 4677 et
1717 4621 2028 4678 Severiano.

890 4693 972 4747 VI.
1015 4725 1081 4735 -—
1121 4693 1198 4746 De
1217 4705 1399 4748 sancto
1429 4693 1674 4749 Cenesio.

895 4763 997 4817 VII.
1038 4794 1109 4805 —
1149 4765 1222 4818 De
1245 4775 1429 4817 sancta
1459 4763 1638 4820 ania.

894 4833 1029 4888 VIII.
1066 4864 1139 4875 —-
1181 4834 1255 4888 De
1276 4836 1473 4887 srmrtis
1506 4835 1821 4889 Marcellino
1843 4845 1889 4887 ct
1923 4832 2110 4890 Petro.

879 4902 972 4958 IX.
1013 4934 1081 4945 --
1132 4903 1206 4957 De
1228 4906 1426 4957 sanctis
1453 4904 1657 4958 duobus
1692 4904 1978 4959 Felicilms.

876 4972 943 5030 Χ.
980 5003 1052 5014 -
1087 4974 1164 5029 De
1186 4985 1366 5029 sancto
1394 4974 1730 5045 Chrysogono
1748 4986 1801 5029 et
1833 4975 2140 5030 Anastasia.

1395 5106 1857 5196 INCIPIT
1927 5104 2286 5192 LIBER
2361 5102 2933 5208 QUINTUS.

1855 5250 2085 5307 CAPUT
2142 5249 2431 5307 PRIMUM.
