  <div class='ocr_page' id='page_1' title='image "/cluster/home/n/w/nwhite01/storage/ocr_20150623/135/hvd.32044015471758/344.png"; bbox 0 0 3888 5330; ppageno 0'>
   <div class='ocr_carea' id='block_1_1' title="bbox 122 335 230 391">
    <p class='ocr_par' dir='ltr' id='par_1_1' title="bbox 122 335 230 391">
     <span class='ocr_line' id='line_1_1' title="bbox 122 335 230 391; baseline -0.019 -1"><span class='ocrx_word' id='word_1_1' title='bbox 122 335 230 391; x_wconf 74' lang='lat'><strong>675</strong></span> 
     </span>
    </p>
   </div>
   <div class='ocr_carea' id='block_1_2' title="bbox 120 440 1425 515">
    <p class='ocr_par' dir='ltr' id='par_1_2' title="bbox 120 440 1425 515">
     <span class='ocr_line' id='line_1_2' title="bbox 120 440 1425 515; baseline -0.008 -12"><span class='ocrx_word' id='word_1_2' title='bbox 120 449 311 503; x_wconf 68' lang='lat' dir='ltr'><strong>Munia</strong></span> <span class='ocrx_word' id='word_1_3' title='bbox 338 443 598 515; x_wconf 85' lang='lat' dir='ltr'><strong>disponit,</strong></span> <span class='ocrx_word' id='word_1_4' title='bbox 618 440 800 511; x_wconf 78' lang='lat' dir='ltr'><strong>iussas</strong></span> <span class='ocrx_word' id='word_1_5' title='bbox 825 441 1141 496; x_wconf 70' lang='lat' dir='ltr'><strong>moderatur</strong></span> <span class='ocrx_word' id='word_1_6' title='bbox 1161 440 1425 495; x_wconf 76' lang='lat' dir='ltr'><strong>habenas.</strong></span> 
     </span>
    </p>
   </div>
   <div class='ocr_carea' id='block_1_3' title="bbox 121 533 1338 600">
    <p class='ocr_par' dir='ltr' id='par_1_3' title="bbox 121 533 1338 600">
     <span class='ocr_line' id='line_1_3' title="bbox 121 533 1338 600; baseline -0.005 -5"><span class='ocrx_word' id='word_1_7' title='bbox 121 540 383 595; x_wconf 84' lang='lat' dir='ltr'><strong>Pnntifici</strong></span> <span class='ocrx_word' id='word_1_8' title='bbox 413 545 599 593; x_wconf 82' lang='lat' dir='ltr'><strong>censet</strong></span> <span class='ocrx_word' id='word_1_9' title='bbox 616 535 790 590; x_wconf 86' lang='lat' dir='ltr'><strong>lectos</strong></span> <span class='ocrx_word' id='word_1_10' title='bbox 810 545 991 589; x_wconf 86' lang='lat' dir='ltr'><strong>astare</strong></span> <span class='ocrx_word' id='word_1_11' title='bbox 1022 533 1338 600; x_wconf 81' lang='lat' dir='ltr'><strong>ministros,</strong></span> 
     </span>
    </p>
   </div>
   <div class='ocr_carea' id='block_1_4' title="bbox 122 624 1294 698">
    <p class='ocr_par' dir='ltr' id='par_1_4' title="bbox 122 624 1294 698">
     <span class='ocr_line' id='line_1_4' title="bbox 122 624 1294 698; baseline -0.008 -12"><span class='ocrx_word' id='word_1_12' title='bbox 122 632 193 686; x_wconf 76' lang='lat' dir='ltr'><strong>Et</strong></span> <span class='ocrx_word' id='word_1_13' title='bbox 216 640 391 686; x_wconf 89' lang='lat' dir='ltr'><strong>testes</strong></span> <span class='ocrx_word' id='word_1_14' title='bbox 412 629 536 682; x_wconf 69' lang='lat' dir='ltr'><strong>vita:</strong></span> <span class='ocrx_word' id='word_1_15' title='bbox 556 625 810 698; x_wconf 63' lang='lat' dir='ltr'><strong>praesenti</strong></span> <span class='ocrx_word' id='word_1_16' title='bbox 835 639 1052 695; x_wconf 84' lang='lat' dir='ltr'><strong>semper</strong></span> <span class='ocrx_word' id='word_1_17' title='bbox 1077 624 1294 689; x_wconf 79' lang='lat' dir='ltr'><strong>adesse,</strong></span> 
     </span>
    </p>
   </div>
   <div class='ocr_carea' id='block_1_5' title="bbox 122 712 1403 790">
    <p class='ocr_par' dir='ltr' id='par_1_5' title="bbox 122 712 1403 790">
     <span class='ocr_line' id='line_1_5' title="bbox 122 712 1403 790; baseline -0.007 -15"><span class='ocrx_word' id='word_1_18' title='bbox 122 720 228 790; x_wconf 84' lang='lat' dir='ltr'><strong>ipsi</strong></span> <span class='ocrx_word' id='word_1_19' title='bbox 258 716 548 788; x_wconf 85' lang='lat' dir='ltr'><strong>pontifices</strong></span> <span class='ocrx_word' id='word_1_20' title='bbox 580 717 735 787; x_wconf 83' lang='lat' dir='ltr'><strong>pacis</strong></span> <span class='ocrx_word' id='word_1_21' title='bbox 757 729 879 785; x_wconf 61' lang='lat' dir='ltr'><strong>quae</strong></span> <span class='ocrx_word' id='word_1_22' title='bbox 912 712 1129 769; x_wconf 80' lang='lat' dir='ltr'><strong>vincula</strong></span> <span class='ocrx_word' id='word_1_23' title='bbox 1161 720 1403 775; x_wconf 87' lang='lat' dir='ltr'><strong>servent,</strong></span> 
     </span>
    </p>
   </div>
   <div class='ocr_carea' id='block_1_6' title="bbox 126 803 1553 879">
    <p class='ocr_par' dir='ltr' id='par_1_6' title="bbox 126 803 1553 879">
     <span class='ocr_line' id='line_1_6' title="bbox 126 803 1553 879; baseline -0.005 -16"><span class='ocrx_word' id='word_1_24' title='bbox 126 808 428 879; x_wconf 83' lang='lat' dir='ltr'><strong>Sacrilegis</strong></span> <span class='ocrx_word' id='word_1_25' title='bbox 454 820 618 876; x_wconf 82' lang='lat' dir='ltr'><strong>super</strong></span> <span class='ocrx_word' id='word_1_26' title='bbox 646 803 900 860; x_wconf 84' lang='lat' dir='ltr'><strong>arcendis</strong></span> <span class='ocrx_word' id='word_1_27' title='bbox 927 819 1048 873; x_wconf 66' lang='lat' dir='ltr'><strong>quas</strong></span> <span class='ocrx_word' id='word_1_28' title='bbox 1072 804 1195 875; x_wconf 84' lang='lat' dir='ltr'><strong>jura</strong></span> <span class='ocrx_word' id='word_1_29' title='bbox 1219 809 1553 873; x_wconf 86' lang='lat' dir='ltr'><strong>sequantur;</strong></span> 
     </span>
    </p>
   </div>
   <div class='ocr_carea' id='block_1_7' title="bbox 126 894 1569 969">
    <p class='ocr_par' dir='ltr' id='par_1_7' title="bbox 126 894 1569 969">
     <span class='ocr_line' id='line_1_7' title="bbox 126 894 1569 969; baseline -0.003 -15"><span class='ocrx_word' id='word_1_30' title='bbox 126 901 377 969; x_wconf 79' lang='lat' dir='ltr'><strong>Dumque</strong></span> <span class='ocrx_word' id='word_1_31' title='bbox 397 898 492 954; x_wconf 88' lang='lat' dir='ltr'><strong>Dei</strong></span> <span class='ocrx_word' id='word_1_32' title='bbox 523 897 774 968; x_wconf 90' lang='lat' dir='ltr'><strong>populum</strong></span> <span class='ocrx_word' id='word_1_33' title='bbox 800 912 898 967; x_wconf 89' lang='lat' dir='ltr'><strong>pro</strong></span> <span class='ocrx_word' id='word_1_34' title='bbox 922 895 1161 967; x_wconf 87' lang='lat' dir='ltr'><strong>regrnine</strong></span> <span class='ocrx_word' id='word_1_35' title='bbox 1187 894 1371 967; x_wconf 86' lang='lat' dir='ltr'><strong>dirigit</strong></span> <span class='ocrx_word' id='word_1_36' title='bbox 1392 910 1569 966; x_wconf 67' lang='lat' dir='ltr'><strong>inquo,</strong></span> 
     </span>
    </p>
   </div>
   <div class='ocr_carea' id='block_1_8' title="bbox 127 986 1289 1057">
    <p class='ocr_par' dir='ltr' id='par_1_8' title="bbox 127 986 1289 1057">
     <span class='ocr_line' id='line_1_8' title="bbox 127 986 1289 1057; baseline -0.003 -12"><span class='ocrx_word' id='word_1_37' title='bbox 127 987 376 1045; x_wconf 74' lang='lat' dir='ltr'><strong>Pastoris</strong></span> <span class='ocrx_word' id='word_1_38' title='bbox 404 988 617 1057; x_wconf 76' lang='lat' dir='ltr'><strong>fulgore</strong></span> <span class='ocrx_word' id='word_1_39' title='bbox 634 988 824 1043; x_wconf 89' lang='lat' dir='ltr'><strong>cluens</strong></span> <span class='ocrx_word' id='word_1_40' title='bbox 845 986 947 1042; x_wconf 85' lang='lat' dir='ltr'><strong>sub</strong></span> <span class='ocrx_word' id='word_1_41' title='bbox 981 986 1289 1052; x_wconf 79' lang='lat' dir='ltr'><strong>Valeriano,</strong></span> 
     </span>
    </p>
   </div>
   <div class='ocr_carea' id='block_1_9' title="bbox 126 1064 1361 1150">
    <p class='ocr_par' dir='ltr' id='par_1_9' title="bbox 126 1064 1361 1150">
     <span class='ocr_line' id='line_1_9' title="bbox 126 1064 1361 1150; baseline -0.004 -13"><span class='ocrx_word' id='word_1_42' title='bbox 126 1082 439 1137; x_wconf 85' lang='lat' dir='ltr'><strong>Truncatus</strong></span> <span class='ocrx_word' id='word_1_43' title='bbox 461 1081 677 1136; x_wconf 81' lang='lat' dir='ltr'><strong>cervice</strong></span> <span class='ocrx_word' id='word_1_44' title='bbox 702 1080 839 1149; x_wconf 89' lang='lat' dir='ltr'><strong>petit</strong></span> <span class='ocrx_word' id='word_1_45' title='bbox 861 1064 1105 1135; x_wconf 80' lang='lat' dir='ltr'><strong>cmlestia</strong></span> <span class='ocrx_word' id='word_1_46' title='bbox 1132 1091 1361 1150; x_wconf 81' lang='lat' dir='ltr'><strong>martyr.</strong></span> 
     </span>
    </p>
   </div>
   <div class='ocr_carea' id='block_1_10' title="bbox 128 1170 1595 1244">
    <p class='ocr_par' dir='ltr' id='par_1_10' title="bbox 128 1170 1595 1244">
     <span class='ocr_line' id='line_1_10' title="bbox 128 1170 1595 1244; baseline -0.002 -15"><span class='ocrx_word' id='word_1_47' title='bbox 128 1174 357 1244; x_wconf 87' lang='lat' dir='ltr'><strong>Quoque</strong></span> <span class='ocrx_word' id='word_1_48' title='bbox 383 1182 710 1244; x_wconf 89' lang='lat' dir='ltr'><strong>potestatem</strong></span> <span class='ocrx_word' id='word_1_49' title='bbox 737 1186 1038 1243; x_wconf 88' lang='lat' dir='ltr'><strong>properans</strong></span> <span class='ocrx_word' id='word_1_50' title='bbox 1071 1172 1345 1227; x_wconf 79' lang='lat' dir='ltr'><strong>contrudit</strong></span> <span class='ocrx_word' id='word_1_51' title='bbox 1375 1170 1595 1226; x_wconf 87' lang='lat' dir='ltr'><strong>alumno</strong></span> 
     </span>
    </p>
   </div>
   <div class='ocr_carea' id='block_1_11' title="bbox 128 1261 1645 1334">
    <p class='ocr_par' dir='ltr' id='par_1_11' title="bbox 128 1261 1645 1334">
     <span class='ocr_line' id='line_1_11' title="bbox 128 1261 1645 1334; baseline 0 -20"><span class='ocrx_word' id='word_1_52' title='bbox 128 1262 409 1334; x_wconf 79' lang='lat' dir='ltr'><strong>l’necipuo</strong></span> <span class='ocrx_word' id='word_1_53' title='bbox 430 1263 691 1318; x_wconf 75' lang='lat' dir='ltr'><strong>Ecclesia:</strong></span> <span class='ocrx_word' id='word_1_54' title='bbox 719 1264 998 1331; x_wconf 89' lang='lat' dir='ltr'><strong>Stephano</strong></span> <span class='ocrx_word' id='word_1_55' title='bbox 1030 1277 1347 1329; x_wconf 83' lang='lat' dir='ltr'><strong>sunnnoqne</strong></span> <span class='ocrx_word' id='word_1_56' title='bbox 1377 1261 1645 1316; x_wconf 77' lang='lat' dir='ltr'><strong>ministro.</strong></span> 
     </span>
    </p>
   </div>
   <div class='ocr_carea' id='block_1_12' title="bbox 130 1351 1312 1425">
    <p class='ocr_par' dir='ltr' id='par_1_12' title="bbox 130 1351 1312 1425">
     <span class='ocr_line' id='line_1_12' title="bbox 130 1351 1312 1425; baseline -0.003 -16"><span class='ocrx_word' id='word_1_57' title='bbox 130 1355 273 1425; x_wconf 85' lang='lat' dir='ltr'><strong>Papa</strong></span> <span class='ocrx_word' id='word_1_58' title='bbox 294 1354 457 1409; x_wconf 86' lang='lat' dir='ltr'><strong>datus</strong></span> <span class='ocrx_word' id='word_1_59' title='bbox 486 1370 594 1408; x_wconf 88' lang='lat' dir='ltr'><strong>nou</strong></span> <span class='ocrx_word' id='word_1_60' title='bbox 622 1353 850 1407; x_wconf 89' lang='lat' dir='ltr'><strong>inferior</strong></span> <span class='ocrx_word' id='word_1_61' title='bbox 879 1353 1082 1407; x_wconf 90' lang='lat' dir='ltr'><strong>virtute</strong></span> <span class='ocrx_word' id='word_1_62' title='bbox 1106 1351 1187 1405; x_wconf 90' lang='lat' dir='ltr'><strong>vel</strong></span> <span class='ocrx_word' id='word_1_63' title='bbox 1216 1365 1312 1405; x_wconf 88' lang='lat' dir='ltr'><strong>ore</strong></span> 
     </span>
    </p>
   </div>
   <div class='ocr_carea' id='block_1_13' title="bbox 130 1440 1612 1512">
    <p class='ocr_par' dir='ltr' id='par_1_13' title="bbox 130 1440 1612 1512">
     <span class='ocr_line' id='line_1_13' title="bbox 130 1440 1612 1512; baseline -0.001 -15"><span class='ocrx_word' id='word_1_64' title='bbox 130 1444 287 1497; x_wconf 79' lang='lat' dir='ltr'><strong>Patre</strong></span> <span class='ocrx_word' id='word_1_65' title='bbox 310 1443 446 1497; x_wconf 90' lang='lat' dir='ltr'><strong>nitet</strong></span> <span class='ocrx_word' id='word_1_66' title='bbox 485 1442 818 1511; x_wconf 82' lang='lat' dir='ltr'><strong>Stephanus,</strong></span> <span class='ocrx_word' id='word_1_67' title='bbox 850 1440 996 1511; x_wconf 87' lang='lat' dir='ltr'><strong>leges</strong></span> <span class='ocrx_word' id='word_1_68' title='bbox 1019 1441 1350 1512; x_wconf 74' lang='lat' dir='ltr'><strong>promulgat,</strong></span> <span class='ocrx_word' id='word_1_69' title='bbox 1377 1450 1432 1494; x_wconf 91' lang='lat' dir='ltr'><strong>et</strong></span> <span class='ocrx_word' id='word_1_70' title='bbox 1453 1450 1612 1495; x_wconf 82' lang='lat' dir='ltr'><strong>ornat</strong></span> 
     </span>
    </p>
   </div>
   <div class='ocr_carea' id='block_1_14' title="bbox 130 1531 1546 1598">
    <p class='ocr_par' dir='ltr' id='par_1_14' title="bbox 130 1531 1546 1598">
     <span class='ocr_line' id='line_1_14' title="bbox 130 1531 1546 1598; baseline -0.003 -9"><span class='ocrx_word' id='word_1_71' title='bbox 130 1534 449 1598; x_wconf 81' lang='lat' dir='ltr'><strong>Ecclesiam,</strong></span> <span class='ocrx_word' id='word_1_72' title='bbox 474 1534 651 1588; x_wconf 79' lang='lat' dir='ltr'><strong>Sacris</strong></span> <span class='ocrx_word' id='word_1_73' title='bbox 683 1542 889 1588; x_wconf 87' lang='lat' dir='ltr'><strong>tantum</strong></span> <span class='ocrx_word' id='word_1_74' title='bbox 916 1533 984 1586; x_wconf 87' lang='lat' dir='ltr'><strong>ad</strong></span> <span class='ocrx_word' id='word_1_75' title='bbox 1016 1548 1172 1588; x_wconf 87' lang='lat' dir='ltr'><strong>sacra</strong></span> <span class='ocrx_word' id='word_1_76' title='bbox 1201 1531 1441 1588; x_wconf 74' lang='lat' dir='ltr'><strong>vesLbus</strong></span> <span class='ocrx_word' id='word_1_77' title='bbox 1471 1536 1546 1585; x_wconf 82' lang='lat' dir='ltr'><strong>uti</strong></span> 
     </span>
    </p>
   </div>
   <div class='ocr_carea' id='block_1_15' title="bbox 132 1623 1322 1690">
    <p class='ocr_par' dir='ltr' id='par_1_15' title="bbox 132 1623 1322 1690">
     <span class='ocr_line' id='line_1_15' title="bbox 132 1623 1322 1690; baseline -0.003 -9"><span class='ocrx_word' id='word_1_78' title='bbox 132 1626 408 1690; x_wconf 85' lang='lat' dir='ltr'><strong>Decernit;</strong></span> <span class='ocrx_word' id='word_1_79' title='bbox 437 1625 526 1680; x_wconf 84' lang='lat' dir='ltr'><strong>hic</strong></span> <span class='ocrx_word' id='word_1_80' title='bbox 550 1624 692 1680; x_wconf 82' lang='lat' dir='ltr'><strong>ovile</strong></span> <span class='ocrx_word' id='word_1_81' title='bbox 722 1624 816 1680; x_wconf 85' lang='lat' dir='ltr'><strong>Dei</strong></span> <span class='ocrx_word' id='word_1_82' title='bbox 846 1625 975 1683; x_wconf 86' lang='lat' dir='ltr'><strong>dum</strong></span> <span class='ocrx_word' id='word_1_83' title='bbox 1000 1623 1322 1681; x_wconf 81' lang='lat' dir='ltr'><strong>Valerianus</strong></span> 
     </span>
    </p>
   </div>
   <div class='ocr_carea' id='block_1_16' title="bbox 130 1718 1325 1783">
    <p class='ocr_par' dir='ltr' id='par_1_16' title="bbox 130 1718 1325 1783">
     <span class='ocr_line' id='line_1_16' title="bbox 130 1718 1325 1783; baseline -0.003 -9"><span class='ocrx_word' id='word_1_84' title='bbox 130 1721 256 1775; x_wconf 86' lang='lat' dir='ltr'><strong>Cum</strong></span> <span class='ocrx_word' id='word_1_85' title='bbox 286 1720 440 1775; x_wconf 88' lang='lat' dir='ltr'><strong>socio</strong></span> <span class='ocrx_word' id='word_1_86' title='bbox 458 1730 652 1774; x_wconf 90' lang='lat' dir='ltr'><strong>octava</strong></span> <span class='ocrx_word' id='word_1_87' title='bbox 688 1720 812 1774; x_wconf 90' lang='lat' dir='ltr'><strong>velli</strong></span> <span class='ocrx_word' id='word_1_88' title='bbox 842 1720 935 1775; x_wconf 90' lang='lat' dir='ltr'><strong>dat</strong></span> <span class='ocrx_word' id='word_1_89' title='bbox 958 1718 1325 1783; x_wconf 88' lang='lat' dir='ltr'><strong>theomachia,</strong></span> 
     </span>
    </p>
   </div>
   <div class='ocr_carea' id='block_1_17' title="bbox 135 1810 1420 1876">
    <p class='ocr_par' dir='ltr' id='par_1_17' title="bbox 135 1810 1420 1876">
     <span class='ocr_line' id='line_1_17' title="bbox 135 1810 1420 1876; baseline -0.001 -11"><span class='ocrx_word' id='word_1_90' title='bbox 135 1811 322 1866; x_wconf 80' lang='lat' dir='ltr'><strong>Ductat</strong></span> <span class='ocrx_word' id='word_1_91' title='bbox 342 1827 472 1866; x_wconf 89' lang='lat' dir='ltr'><strong>oves</strong></span> <span class='ocrx_word' id='word_1_92' title='bbox 492 1810 653 1866; x_wconf 82' lang='lat' dir='ltr'><strong>fortis</strong></span> <span class='ocrx_word' id='word_1_93' title='bbox 674 1813 807 1876; x_wconf 78' lang='lat' dir='ltr'><strong>dux,</strong></span> <span class='ocrx_word' id='word_1_94' title='bbox 840 1813 983 1866; x_wconf 92' lang='lat' dir='ltr'><strong>inter</strong></span> <span class='ocrx_word' id='word_1_95' title='bbox 1008 1812 1149 1867; x_wconf 90' lang='lat' dir='ltr'><strong>bella</strong></span> <span class='ocrx_word' id='word_1_96' title='bbox 1180 1810 1420 1874; x_wconf 90' lang='lat' dir='ltr'><strong>leonum,</strong></span> 
     </span>
    </p>
   </div>
   <div class='ocr_carea' id='block_1_18' title="bbox 133 1900 1387 1972">
    <p class='ocr_par' dir='ltr' id='par_1_18' title="bbox 133 1900 1387 1972">
     <span class='ocr_line' id='line_1_18' title="bbox 133 1900 1387 1972; baseline 0.002 -19"><span class='ocrx_word' id='word_1_97' title='bbox 133 1900 364 1969; x_wconf 86' lang='lat' dir='ltr'><strong>Colligit,</strong></span> <span class='ocrx_word' id='word_1_98' title='bbox 393 1900 664 1967; x_wconf 75' lang='lat' dir='ltr'><strong>hortatur,</strong></span> <span class='ocrx_word' id='word_1_99' title='bbox 693 1902 885 1956; x_wconf 88' lang='lat' dir='ltr'><strong>solidat</strong></span> <span class='ocrx_word' id='word_1_100' title='bbox 914 1912 1173 1972; x_wconf 69' lang='lat' dir='ltr'><strong>priestare</strong></span> <span class='ocrx_word' id='word_1_101' title='bbox 1208 1901 1387 1957; x_wconf 90' lang='lat' dir='ltr'><strong>duello</strong></span> 
     </span>
    </p>
   </div>
   <div class='ocr_carea' id='block_1_19' title="bbox 131 1992 1414 2065">
    <p class='ocr_par' dir='ltr' id='par_1_19' title="bbox 131 1992 1414 2065">
     <span class='ocr_line' id='line_1_19' title="bbox 131 1992 1414 2065; baseline 0.004 -20"><span class='ocrx_word' id='word_1_102' title='bbox 131 1992 502 2062; x_wconf 78' lang='lat' dir='ltr'><strong>Externosque</strong></span> <span class='ocrx_word' id='word_1_103' title='bbox 531 2003 688 2047; x_wconf 84' lang='lat' dir='ltr'><strong>vocat</strong></span> <span class='ocrx_word' id='word_1_104' title='bbox 712 1994 895 2050; x_wconf 83' lang='lat' dir='ltr'><strong>divina</strong></span> <span class='ocrx_word' id='word_1_105' title='bbox 930 1994 982 2050; x_wconf 87' lang='lat' dir='ltr'><strong>in</strong></span> <span class='ocrx_word' id='word_1_106' title='bbox 1007 1996 1189 2065; x_wconf 65' lang='lat' dir='ltr'><strong>praelia</strong></span> <span class='ocrx_word' id='word_1_107' title='bbox 1216 1994 1414 2049; x_wconf 81' lang='lat' dir='ltr'><strong>inultos</strong></span> 
     </span>
    </p>
   </div>
   <div class='ocr_carea' id='block_1_20' title="bbox 130 2080 1542 2156">
    <p class='ocr_par' dir='ltr' id='par_1_20' title="bbox 130 2080 1542 2156">
     <span class='ocr_line' id='line_1_20' title="bbox 130 2080 1542 2156; baseline 0.004 -21"><span class='ocrx_word' id='word_1_108' title='bbox 130 2080 500 2155; x_wconf 78' lang='lat' dir='ltr'><strong>Polleutesqu‘e</strong></span> <span class='ocrx_word' id='word_1_109' title='bbox 529 2088 698 2151; x_wconf 82' lang='lat' dir='ltr'><strong>viros,</strong></span> <span class='ocrx_word' id='word_1_110' title='bbox 724 2102 862 2156; x_wconf 90' lang='lat' dir='ltr'><strong>quos</strong></span> <span class='ocrx_word' id='word_1_111' title='bbox 886 2087 1029 2141; x_wconf 90' lang='lat' dir='ltr'><strong>inter</strong></span> <span class='ocrx_word' id='word_1_112' title='bbox 1059 2088 1265 2142; x_wconf 84' lang='lat' dir='ltr'><strong>honore</strong></span> <span class='ocrx_word' id='word_1_113' title='bbox 1293 2086 1542 2140; x_wconf 80' lang='lat' dir='ltr'><strong>tribunus</strong></span> 
     </span>
    </p>
   </div>
   <div class='ocr_carea' id='block_1_21' title="bbox 130 2175 1492 2250">
    <p class='ocr_par' dir='ltr' id='par_1_21' title="bbox 130 2175 1492 2250">
     <span class='ocr_line' id='line_1_21' title="bbox 130 2175 1492 2250; baseline 0 -19"><span class='ocrx_word' id='word_1_114' title='bbox 130 2175 401 2233; x_wconf 83' lang='lat' dir='ltr'><strong>Nemesius</strong></span> <span class='ocrx_word' id='word_1_115' title='bbox 429 2193 553 2232; x_wconf 89' lang='lat' dir='ltr'><strong>cum</strong></span> <span class='ocrx_word' id='word_1_116' title='bbox 582 2179 734 2249; x_wconf 88' lang='lat' dir='ltr'><strong>plebe</strong></span> <span class='ocrx_word' id='word_1_117' title='bbox 773 2180 964 2234; x_wconf 82' lang='lat' dir='ltr'><strong>donius</strong></span> <span class='ocrx_word' id='word_1_118' title='bbox 995 2196 1059 2235; x_wconf 91' lang='lat' dir='ltr'><strong>ac</strong></span> <span class='ocrx_word' id='word_1_119' title='bbox 1097 2180 1249 2250; x_wconf 90' lang='lat' dir='ltr'><strong>prole</strong></span> <span class='ocrx_word' id='word_1_120' title='bbox 1287 2178 1492 2234; x_wconf 84' lang='lat' dir='ltr'><strong>Lucilla</strong></span> 
     </span>
    </p>
   </div>
   <div class='ocr_carea' id='block_1_22' title="bbox 130 2266 1476 2342">
    <p class='ocr_par' dir='ltr' id='par_1_22' title="bbox 130 2266 1476 2342">
     <span class='ocr_line' id='line_1_22' title="bbox 130 2266 1476 2342; baseline 0.003 -22"><span class='ocrx_word' id='word_1_121' title='bbox 130 2266 470 2337; x_wconf 83' lang='lat' dir='ltr'><strong>Deproperat,</strong></span> <span class='ocrx_word' id='word_1_122' title='bbox 501 2284 623 2339; x_wconf 76' lang='lat' dir='ltr'><strong>qua:</strong></span> <span class='ocrx_word' id='word_1_123' title='bbox 646 2284 785 2323; x_wconf 81' lang='lat' dir='ltr'><strong>ca-ca</strong></span> <span class='ocrx_word' id='word_1_124' title='bbox 809 2270 898 2325; x_wconf 88' lang='lat' dir='ltr'><strong>diu</strong></span> <span class='ocrx_word' id='word_1_125' title='bbox 933 2282 1219 2342; x_wconf 84' lang='lat' dir='ltr'><strong>reparatur</strong></span> <span class='ocrx_word' id='word_1_126' title='bbox 1247 2281 1476 2339; x_wconf 82' lang='lat' dir='ltr'><strong>utroque</strong></span> 
     </span>
    </p>
   </div>
   <div class='ocr_carea' id='block_1_23' title="bbox 129 2355 1500 2427">
    <p class='ocr_par' dir='ltr' id='par_1_23' title="bbox 129 2355 1500 2427">
     <span class='ocr_line' id='line_1_23' title="bbox 129 2355 1500 2427; baseline 0.001 -16"><span class='ocrx_word' id='word_1_127' title='bbox 129 2355 346 2412; x_wconf 85' lang='lat' dir='ltr'><strong>Lumine</strong></span> <span class='ocrx_word' id='word_1_128' title='bbox 362 2359 611 2427; x_wconf 89' lang='lat' dir='ltr'><strong>corporis</strong></span> <span class='ocrx_word' id='word_1_129' title='bbox 639 2374 704 2413; x_wconf 89' lang='lat' dir='ltr'><strong>ac</strong></span> <span class='ocrx_word' id='word_1_130' title='bbox 732 2361 929 2415; x_wconf 88' lang='lat' dir='ltr'><strong>mentis</strong></span> <span class='ocrx_word' id='word_1_131' title='bbox 964 2370 1211 2415; x_wconf 86' lang='lat' dir='ltr'><strong>revocata</strong></span> <span class='ocrx_word' id='word_1_132' title='bbox 1243 2361 1500 2415; x_wconf 83' lang='lat' dir='ltr'><strong>tenebris.</strong></span> 
     </span>
    </p>
   </div>
   <div class='ocr_carea' id='block_1_24' title="bbox 131 2446 1449 2521">
    <p class='ocr_par' dir='ltr' id='par_1_24' title="bbox 131 2446 1449 2521">
     <span class='ocr_line' id='line_1_24' title="bbox 131 2446 1449 2521; baseline 0 -17"><span class='ocrx_word' id='word_1_133' title='bbox 131 2446 237 2505; x_wconf 83' lang='lat' dir='ltr'><strong>Hac</strong></span> <span class='ocrx_word' id='word_1_134' title='bbox 265 2465 325 2505; x_wconf 84' lang='lat' dir='ltr'><strong>se</strong></span> <span class='ocrx_word' id='word_1_135' title='bbox 346 2451 610 2521; x_wconf 66' lang='lat' dir='ltr'><strong>praeclara</strong></span> <span class='ocrx_word' id='word_1_136' title='bbox 646 2451 845 2506; x_wconf 87' lang='lat' dir='ltr'><strong>Christi</strong></span> <span class='ocrx_word' id='word_1_137' title='bbox 874 2453 1172 2507; x_wconf 87' lang='lat' dir='ltr'><strong>irradiante</strong></span> <span class='ocrx_word' id='word_1_138' title='bbox 1207 2452 1449 2516; x_wconf 88' lang='lat' dir='ltr'><strong>lucerna,</strong></span> 
     </span>
    </p>
   </div>
   <div class='ocr_carea' id='block_1_25' title="bbox 129 2537 1445 2613">
    <p class='ocr_par' dir='ltr' id='par_1_25' title="bbox 129 2537 1445 2613">
     <span class='ocr_line' id='line_1_25' title="bbox 129 2537 1445 2613; baseline 0.002 -21"><span class='ocrx_word' id='word_1_139' title='bbox 129 2537 377 2595; x_wconf 78' lang='lat' dir='ltr'><strong>Fascibus</strong></span> <span class='ocrx_word' id='word_1_140' title='bbox 405 2541 680 2596; x_wconf 74' lang='lat' dir='ltr'><strong>excellens</strong></span> <span class='ocrx_word' id='word_1_141' title='bbox 704 2542 915 2596; x_wconf 76' lang='lat' dir='ltr'><strong>accedit</strong></span> <span class='ocrx_word' id='word_1_142' title='bbox 939 2542 1220 2613; x_wconf 86' lang='lat' dir='ltr'><strong>Olympius</strong></span> <span class='ocrx_word' id='word_1_143' title='bbox 1244 2542 1445 2611; x_wconf 67' lang='lat' dir='ltr'><strong>inquis,</strong></span> 
     </span>
    </p>
   </div>
   <div class='ocr_carea' id='block_1_26' title="bbox 128 2625 1577 2701">
    <p class='ocr_par' dir='ltr' id='par_1_26' title="bbox 128 2625 1577 2701">
     <span class='ocr_line' id='line_1_26' title="bbox 128 2625 1577 2701; baseline -0.001 -18"><span class='ocrx_word' id='word_1_144' title='bbox 128 2625 353 2701; x_wconf 82' lang='lat' dir='ltr'><strong>Conjuge</strong></span> <span class='ocrx_word' id='word_1_145' title='bbox 385 2643 510 2684; x_wconf 88' lang='lat' dir='ltr'><strong>cum</strong></span> <span class='ocrx_word' id='word_1_146' title='bbox 542 2631 730 2700; x_wconf 90' lang='lat' dir='ltr'><strong>genito</strong></span> <span class='ocrx_word' id='word_1_147' title='bbox 756 2630 1077 2701; x_wconf 76' lang='lat' dir='ltr'><strong>famulisque</strong></span> <span class='ocrx_word' id='word_1_148' title='bbox 1105 2632 1352 2687; x_wconf 77' lang='lat' dir='ltr'><strong>fidelibus</strong></span> <span class='ocrx_word' id='word_1_149' title='bbox 1378 2632 1577 2693; x_wconf 72' lang='lat' dir='ltr'><strong>auctis,</strong></span> 
     </span>
    </p>
   </div>
   <div class='ocr_carea' id='block_1_27' title="bbox 129 2714 1531 2793">
    <p class='ocr_par' dir='ltr' id='par_1_27' title="bbox 129 2714 1531 2793">
     <span class='ocr_line' id='line_1_27' title="bbox 129 2714 1531 2793; baseline 0.002 -22"><span class='ocrx_word' id='word_1_150' title='bbox 129 2714 219 2784; x_wconf 90' lang='lat' dir='ltr'><strong>Qui</strong></span> <span class='ocrx_word' id='word_1_151' title='bbox 246 2717 474 2774; x_wconf 89' lang='lat' dir='ltr'><strong>ﬂammis</strong></span> <span class='ocrx_word' id='word_1_152' title='bbox 501 2736 696 2774; x_wconf 89' lang='lat' dir='ltr'><strong>aurum</strong></span> <span class='ocrx_word' id='word_1_153' title='bbox 723 2721 870 2775; x_wconf 86' lang='lat' dir='ltr'><strong>velut</strong></span> <span class='ocrx_word' id='word_1_154' title='bbox 906 2732 1296 2793; x_wconf 78' lang='lat' dir='ltr'><strong>argentumque</strong></span> <span class='ocrx_word' id='word_1_155' title='bbox 1318 2724 1531 2793; x_wconf 90' lang='lat' dir='ltr'><strong>probati</strong></span> 
     </span>
    </p>
   </div>
   <div class='ocr_carea' id='block_1_28' title="bbox 129 2805 1443 2880">
    <p class='ocr_par' dir='ltr' id='par_1_28' title="bbox 129 2805 1443 2880">
     <span class='ocr_line' id='line_1_28' title="bbox 129 2805 1443 2880; baseline 0.003 -20"><span class='ocrx_word' id='word_1_156' title='bbox 129 2805 438 2879; x_wconf 71' lang='lat' dir='ltr'><strong>Synipronio</strong></span> <span class='ocrx_word' id='word_1_157' title='bbox 457 2810 582 2866; x_wconf 67' lang='lat' dir='ltr'><strong>caeli</strong></span> <span class='ocrx_word' id='word_1_158' title='bbox 613 2812 851 2867; x_wconf 91' lang='lat' dir='ltr'><strong>subeunt</strong></span> <span class='ocrx_word' id='word_1_159' title='bbox 868 2810 1064 2880; x_wconf 88' lang='lat' dir='ltr'><strong>juncto</strong></span> <span class='ocrx_word' id='word_1_160' title='bbox 1087 2812 1257 2867; x_wconf 88' lang='lat' dir='ltr'><strong>ardua</strong></span> <span class='ocrx_word' id='word_1_161' title='bbox 1289 2812 1443 2868; x_wconf 88' lang='lat' dir='ltr'><strong>clari.</strong></span> 
     </span>
    </p>
   </div>
   <div class='ocr_carea' id='block_1_29' title="bbox 128 2893 1327 2971">
    <p class='ocr_par' dir='ltr' id='par_1_29' title="bbox 128 2893 1327 2971">
     <span class='ocr_line' id='line_1_29' title="bbox 128 2893 1327 2971; baseline 0.005 -22"><span class='ocrx_word' id='word_1_162' title='bbox 128 2893 389 2955; x_wconf 75' lang='lat' dir='ltr'><strong>Nemesius</strong></span> <span class='ocrx_word' id='word_1_163' title='bbox 411 2901 615 2955; x_wconf 80' lang='lat' dir='ltr'><strong>Christi</strong></span> <span class='ocrx_word' id='word_1_164' title='bbox 643 2901 809 2957; x_wconf 85' lang='lat' dir='ltr'><strong>levita</strong></span> <span class='ocrx_word' id='word_1_165' title='bbox 840 2911 1090 2957; x_wconf 88' lang='lat' dir='ltr'><strong>sacratur</strong></span> <span class='ocrx_word' id='word_1_166' title='bbox 1118 2910 1177 2956; x_wconf 92' lang='lat' dir='ltr'><strong>ut</strong></span> <span class='ocrx_word' id='word_1_167' title='bbox 1201 2904 1327 2971; x_wconf 89' lang='lat' dir='ltr'><strong>aris,</strong></span> 
     </span>
    </p>
   </div>
   <div class='ocr_carea' id='block_1_30' title="bbox 131 2987 1578 3063">
    <p class='ocr_par' dir='ltr' id='par_1_30' title="bbox 131 2987 1578 3063">
     <span class='ocr_line' id='line_1_30' title="bbox 131 2987 1578 3063; baseline 0.005 -21"><span class='ocrx_word' id='word_1_168' title='bbox 131 2987 267 3045; x_wconf 81' lang='lat' dir='ltr'><strong>Hunc</strong></span> <span class='ocrx_word' id='word_1_169' title='bbox 297 2991 416 3045; x_wconf 89' lang='lat' dir='ltr'><strong>sine</strong></span> <span class='ocrx_word' id='word_1_170' title='bbox 435 2990 643 3059; x_wconf 86' lang='lat' dir='ltr'><strong>judicio</strong></span> <span class='ocrx_word' id='word_1_171' title='bbox 671 3006 927 3062; x_wconf 89' lang='lat' dir='ltr'><strong>proceres</strong></span> <span class='ocrx_word' id='word_1_172' title='bbox 954 3006 1276 3063; x_wconf 88' lang='lat' dir='ltr'><strong>quacunque</strong></span> <span class='ocrx_word' id='word_1_173' title='bbox 1307 3005 1578 3063; x_wconf 83' lang='lat' dir='ltr'><strong>repertum</strong></span> 
     </span>
    </p>
   </div>
   <div class='ocr_carea' id='block_1_31' title="bbox 130 3077 1479 3153">
    <p class='ocr_par' dir='ltr' id='par_1_31' title="bbox 130 3077 1479 3153">
     <span class='ocr_line' id='line_1_31' title="bbox 130 3077 1479 3153; baseline 0.007 -22"><span class='ocrx_word' id='word_1_174' title='bbox 130 3077 433 3151; x_wconf 68' lang='lat' dir='ltr'><strong>Praecipiunt</strong></span> <span class='ocrx_word' id='word_1_175' title='bbox 459 3082 643 3152; x_wconf 91' lang='lat' dir='ltr'><strong>plecti.</strong></span> <span class='ocrx_word' id='word_1_176' title='bbox 671 3081 879 3152; x_wconf 89' lang='lat' dir='ltr'><strong>Supera</strong></span> <span class='ocrx_word' id='word_1_177' title='bbox 915 3083 963 3138; x_wconf 88' lang='lat' dir='ltr'><strong>is</strong></span> <span class='ocrx_word' id='word_1_178' title='bbox 990 3084 1191 3139; x_wconf 89' lang='lat' dir='ltr'><strong>virtute</strong></span> <span class='ocrx_word' id='word_1_179' title='bbox 1220 3084 1479 3153; x_wconf 88' lang='lat' dir='ltr'><strong>repletus,</strong></span> 
     </span>
    </p>
   </div>
   <div class='ocr_carea' id='block_1_32' title="bbox 130 3169 1546 3247">
    <p class='ocr_par' dir='ltr' id='par_1_32' title="bbox 130 3169 1546 3247">
     <span class='ocr_line' id='line_1_32' title="bbox 130 3169 1546 3247; baseline 0.006 -25"><span class='ocrx_word' id='word_1_180' title='bbox 130 3169 230 3225; x_wconf 83' lang='lat' dir='ltr'><strong>Non</strong></span> <span class='ocrx_word' id='word_1_181' title='bbox 259 3181 434 3226; x_wconf 86' lang='lat' dir='ltr'><strong>cessat</strong></span> <span class='ocrx_word' id='word_1_182' title='bbox 451 3172 689 3227; x_wconf 87' lang='lat' dir='ltr'><strong>lustrare</strong></span> <span class='ocrx_word' id='word_1_183' title='bbox 714 3174 905 3229; x_wconf 90' lang='lat' dir='ltr'><strong>domos</strong></span> <span class='ocrx_word' id='word_1_184' title='bbox 927 3184 1089 3243; x_wconf 90' lang='lat' dir='ltr'><strong>atque</strong></span> <span class='ocrx_word' id='word_1_185' title='bbox 1108 3184 1264 3230; x_wconf 89' lang='lat' dir='ltr'><strong>antra</strong></span> <span class='ocrx_word' id='word_1_186' title='bbox 1292 3176 1505 3247; x_wconf 88' lang='lat' dir='ltr'><strong>piorum</strong></span> <span class='ocrx_word' id='word_1_187' title='bbox 1531 3194 1546 3230; x_wconf 92' lang='lat'><strong>:</strong></span> 
     </span>
    </p>
   </div>
   <div class='ocr_carea' id='block_1_33' title="bbox 127 3262 1399 3337">
    <p class='ocr_par' dir='ltr' id='par_1_33' title="bbox 127 3262 1399 3337">
     <span class='ocr_line' id='line_1_33' title="bbox 127 3262 1399 3337; baseline 0.002 -20"><span class='ocrx_word' id='word_1_188' title='bbox 127 3262 311 3330; x_wconf 66' lang='lat' dir='ltr'><strong>Quaerit</strong></span> <span class='ocrx_word' id='word_1_189' title='bbox 327 3273 383 3319; x_wconf 88' lang='lat' dir='ltr'><strong>et</strong></span> <span class='ocrx_word' id='word_1_190' title='bbox 406 3265 711 3330; x_wconf 81' lang='lat' dir='ltr'><strong>abstrusos,</strong></span> <span class='ocrx_word' id='word_1_191' title='bbox 748 3280 916 3321; x_wconf 84' lang='lat' dir='ltr'><strong>censu</strong></span> <span class='ocrx_word' id='word_1_192' title='bbox 941 3265 1148 3320; x_wconf 88' lang='lat' dir='ltr'><strong>solatur</strong></span> <span class='ocrx_word' id='word_1_193' title='bbox 1180 3282 1399 3337; x_wconf 86' lang='lat' dir='ltr'><strong>egenos,</strong></span> 
     </span>
    </p>
   </div>
   <div class='ocr_carea' id='block_1_34' title="bbox 126 3357 1423 3431">
    <p class='ocr_par' dir='ltr' id='par_1_34' title="bbox 126 3357 1423 3431">
     <span class='ocr_line' id='line_1_34' title="bbox 126 3357 1423 3431; baseline 0.005 -21"><span class='ocrx_word' id='word_1_194' title='bbox 126 3357 518 3430; x_wconf 77' lang='lat' dir='ltr'><strong>Adveniensque</strong></span> <span class='ocrx_word' id='word_1_195' title='bbox 548 3360 689 3414; x_wconf 89' lang='lat' dir='ltr'><strong>viam</strong></span> <span class='ocrx_word' id='word_1_196' title='bbox 720 3375 841 3430; x_wconf 66' lang='lat' dir='ltr'><strong>quae</strong></span> <span class='ocrx_word' id='word_1_197' title='bbox 864 3361 1058 3429; x_wconf 91' lang='lat' dir='ltr'><strong>priscis</strong></span> <span class='ocrx_word' id='word_1_198' title='bbox 1084 3362 1254 3431; x_wconf 83' lang='lat' dir='ltr'><strong>Appia</strong></span> <span class='ocrx_word' id='word_1_199' title='bbox 1282 3364 1423 3418; x_wconf 86' lang='lat' dir='ltr'><strong>dicta</strong></span> 
     </span>
    </p>
   </div>
   <div class='ocr_carea' id='block_1_35' title="bbox 127 3444 1544 3520">
    <p class='ocr_par' dir='ltr' id='par_1_35' title="bbox 127 3444 1544 3520">
     <span class='ocr_line' id='line_1_35' title="bbox 127 3444 1544 3520; baseline 0.005 -19"><span class='ocrx_word' id='word_1_200' title='bbox 127 3444 380 3518; x_wconf 85' lang='lat' dir='ltr'><strong>Comperit</strong></span> <span class='ocrx_word' id='word_1_201' title='bbox 399 3451 491 3504; x_wconf 86' lang='lat' dir='ltr'><strong>hic</strong></span> <span class='ocrx_word' id='word_1_202' title='bbox 511 3449 670 3505; x_wconf 79' lang='lat' dir='ltr'><strong>Marti</strong></span> <span class='ocrx_word' id='word_1_203' title='bbox 701 3466 860 3505; x_wconf 84' lang='lat' dir='ltr'><strong>sacra</strong></span> <span class='ocrx_word' id='word_1_204' title='bbox 889 3452 1126 3520; x_wconf 87' lang='lat' dir='ltr'><strong>pendere</strong></span> <span class='ocrx_word' id='word_1_205' title='bbox 1149 3450 1498 3508; x_wconf 85' lang='lat' dir='ltr'><strong>Valerianum</strong></span> <span class='ocrx_word' id='word_1_206' title='bbox 1529 3470 1544 3508; x_wconf 89' lang='lat'><strong>:</strong></span> 
     </span>
    </p>
   </div>
   <div class='ocr_carea' id='block_1_36' title="bbox 126 3536 1541 3618">
    <p class='ocr_par' dir='ltr' id='par_1_36' title="bbox 126 3536 1541 3618">
     <span class='ocr_line' id='line_1_36' title="bbox 126 3536 1541 3618; baseline 0.006 -25"><span class='ocrx_word' id='word_1_207' title='bbox 126 3536 202 3602; x_wconf 83' lang='lat' dir='ltr'><strong>Et,</strong></span> <span class='ocrx_word' id='word_1_208' title='bbox 228 3543 451 3609; x_wconf 80' lang='lat' dir='ltr'><strong>genibus</strong></span> <span class='ocrx_word' id='word_1_209' title='bbox 475 3542 650 3602; x_wconf 80' lang='lat' dir='ltr'><strong>ﬂexis.</strong></span> <span class='ocrx_word' id='word_1_210' title='bbox 674 3544 870 3600; x_wconf 66' lang='lat' dir='ltr'><strong>coelum</strong></span> <span class='ocrx_word' id='word_1_211' title='bbox 902 3554 1214 3615; x_wconf 83' lang='lat' dir='ltr'><strong>terramque</strong></span> <span class='ocrx_word' id='word_1_212' title='bbox 1243 3546 1541 3618; x_wconf 73' lang='lat' dir='ltr'><strong>[tegentem</strong></span> 
     </span>
    </p>
   </div>
   <div class='ocr_carea' id='block_1_37' title="bbox 127 3627 1408 3701">
    <p class='ocr_par' dir='ltr' id='par_1_37' title="bbox 127 3627 1408 3701">
     <span class='ocr_line' id='line_1_37' title="bbox 127 3627 1408 3701; baseline 0.008 -16"><span class='ocrx_word' id='word_1_213' title='bbox 127 3627 331 3701; x_wconf 77' lang='lat' dir='ltr'><strong>Exorat,</strong></span> <span class='ocrx_word' id='word_1_214' title='bbox 355 3634 540 3690; x_wconf 79' lang='lat' dir='ltr'><strong>fanum</strong></span> <span class='ocrx_word' id='word_1_215' title='bbox 569 3651 728 3692; x_wconf 90' lang='lat' dir='ltr'><strong>secus</strong></span> <span class='ocrx_word' id='word_1_216' title='bbox 758 3647 816 3691; x_wconf 89' lang='lat' dir='ltr'><strong>ut</strong></span> <span class='ocrx_word' id='word_1_217' title='bbox 845 3639 948 3693; x_wconf 89' lang='lat' dir='ltr'><strong>sub</strong></span> <span class='ocrx_word' id='word_1_218' title='bbox 971 3640 1187 3694; x_wconf 89' lang='lat' dir='ltr'><strong>nomine</strong></span> <span class='ocrx_word' id='word_1_219' title='bbox 1207 3638 1408 3695; x_wconf 86' lang='lat' dir='ltr'><strong>Christi</strong></span> 
     </span>
    </p>
   </div>
   <div class='ocr_carea' id='block_1_38' title="bbox 128 3720 1350 3799">
    <p class='ocr_par' dir='ltr' id='par_1_38' title="bbox 128 3720 1350 3799">
     <span class='ocr_line' id='line_1_38' title="bbox 128 3720 1350 3799; baseline 0.006 -23"><span class='ocrx_word' id='word_1_220' title='bbox 128 3720 277 3790; x_wconf 86' lang='lat' dir='ltr'><strong>Quem</strong></span> <span class='ocrx_word' id='word_1_221' title='bbox 300 3728 456 3781; x_wconf 90' lang='lat' dir='ltr'><strong>terris</strong></span> <span class='ocrx_word' id='word_1_222' title='bbox 480 3727 629 3781; x_wconf 89' lang='lat' dir='ltr'><strong>misit</strong></span> <span class='ocrx_word' id='word_1_223' title='bbox 655 3728 909 3799; x_wconf 77' lang='lat' dir='ltr'><strong>dignetur</strong></span> <span class='ocrx_word' id='word_1_224' title='bbox 931 3728 1077 3784; x_wconf 88' lang='lat' dir='ltr'><strong>ferre</strong></span> <span class='ocrx_word' id='word_1_225' title='bbox 1098 3729 1350 3796; x_wconf 87' lang='lat' dir='ltr'><strong>salutem,</strong></span> 
     </span>
    </p>
   </div>
   <div class='ocr_carea' id='block_1_39' title="bbox 129 3811 1504 3893">
    <p class='ocr_par' dir='ltr' id='par_1_39' title="bbox 129 3811 1504 3893">
     <span class='ocr_line' id='line_1_39' title="bbox 129 3811 1504 3893; baseline 0.008 -26"><span class='ocrx_word' id='word_1_226' title='bbox 129 3811 402 3869; x_wconf 80' lang='lat' dir='ltr'><strong>Consilium</strong></span> <span class='ocrx_word' id='word_1_227' title='bbox 438 3817 649 3873; x_wconf 82' lang='lat' dir='ltr'><strong>fraudis</strong></span> <span class='ocrx_word' id='word_1_228' title='bbox 684 3821 786 3874; x_wconf 86' lang='lat' dir='ltr'><strong>hoc</strong></span> <span class='ocrx_word' id='word_1_229' title='bbox 821 3835 930 3890; x_wconf 91' lang='lat' dir='ltr'><strong>quo</strong></span> <span class='ocrx_word' id='word_1_230' title='bbox 954 3820 1197 3875; x_wconf 81' lang='lat' dir='ltr'><strong>solvatur</strong></span> <span class='ocrx_word' id='word_1_231' title='bbox 1223 3822 1504 3893; x_wconf 90' lang='lat' dir='ltr'><strong>iniquum,</strong></span> 
     </span>
    </p>
   </div>
   <div class='ocr_carea' id='block_1_40' title="bbox 126 3901 1537 3983">
    <p class='ocr_par' dir='ltr' id='par_1_40' title="bbox 126 3901 1537 3983">
     <span class='ocr_line' id='line_1_40' title="bbox 126 3901 1537 3983; baseline 0.009 -28"><span class='ocrx_word' id='word_1_232' title='bbox 126 3901 167 3955; x_wconf 76' lang='grc' dir='ltr'><strong>Δ</strong></span> <span class='ocrx_word' id='word_1_233' title='bbox 187 3902 380 3973; x_wconf 82' lang='lat' dir='ltr'><strong>laqueis</strong></span> <span class='ocrx_word' id='word_1_234' title='bbox 409 3904 625 3960; x_wconf 78' lang='lat' dir='ltr'><strong>Saturne</strong></span> <span class='ocrx_word' id='word_1_235' title='bbox 663 3909 847 3963; x_wconf 89' lang='lat' dir='ltr'><strong>miseri</strong></span> <span class='ocrx_word' id='word_1_236' title='bbox 878 3919 937 3964; x_wconf 91' lang='lat' dir='ltr'><strong>ut</strong></span> <span class='ocrx_word' id='word_1_237' title='bbox 962 3911 1283 3980; x_wconf 87' lang='lat' dir='ltr'><strong>resipiscere</strong></span> <span class='ocrx_word' id='word_1_238' title='bbox 1307 3915 1537 3983; x_wconf 75' lang='lat' dir='ltr'><strong>possint.</strong></span> 
     </span>
    </p>
   </div>
   <div class='ocr_carea' id='block_1_41' title="bbox 128 3990 1572 4073">
    <p class='ocr_par' dir='ltr' id='par_1_41' title="bbox 128 3990 1572 4073">
     <span class='ocr_line' id='line_1_41' title="bbox 128 3990 1572 4073; baseline 0.01 -28"><span class='ocrx_word' id='word_1_239' title='bbox 128 3990 366 4049; x_wconf 67' lang='lat' dir='ltr'><strong>Maximus</strong></span> <span class='ocrx_word' id='word_1_240' title='bbox 393 3996 543 4051; x_wconf 89' lang='lat' dir='ltr'><strong>intus</strong></span> <span class='ocrx_word' id='word_1_241' title='bbox 563 4007 684 4050; x_wconf 87' lang='lat' dir='ltr'><strong>erat</strong></span> <span class='ocrx_word' id='word_1_242' title='bbox 712 4000 901 4054; x_wconf 91' lang='lat' dir='ltr'><strong>consul</strong></span> <span class='ocrx_word' id='word_1_243' title='bbox 930 4002 1043 4071; x_wconf 90' lang='lat' dir='ltr'><strong>qui,</strong></span> <span class='ocrx_word' id='word_1_244' title='bbox 1082 4003 1326 4057; x_wconf 71' lang='lat' dir='ltr'><strong>dzrmone</strong></span> <span class='ocrx_word' id='word_1_245' title='bbox 1352 4014 1572 4073; x_wconf 82' lang='lat' dir='ltr'><strong>captus,</strong></span> 
     </span>
    </p>
   </div>
   <div class='ocr_carea' id='block_1_42' title="bbox 133 4082 1594 4164">
    <p class='ocr_par' dir='ltr' id='par_1_42' title="bbox 133 4082 1594 4164">
     <span class='ocr_line' id='line_1_42' title="bbox 133 4082 1594 4164; baseline 0.012 -31"><span class='ocrx_word' id='word_1_246' title='bbox 133 4100 147 4132; x_wconf 75' lang='grc' dir='ltr'>ι</span> <span class='ocrx_word' id='word_1_247' title='bbox 178 4082 464 4151; x_wconf 82' lang='lat' dir='ltr'><strong>Nemesius,</strong></span> <span class='ocrx_word' id='word_1_248' title='bbox 495 4103 621 4142; x_wconf 78' lang='lat' dir='ltr'><strong>mox</strong></span> <span class='ocrx_word' id='word_1_249' title='bbox 646 4088 939 4156; x_wconf 80' lang='lat' dir='ltr'><strong>exclamat,</strong></span> <span class='ocrx_word' id='word_1_250' title='bbox 973 4106 1058 4145; x_wconf 82' lang='lat' dir='ltr'><strong>me</strong></span> <span class='ocrx_word' id='word_1_251' title='bbox 1089 4093 1326 4147; x_wconf 87' lang='lat' dir='ltr'><strong>incendit</strong></span> <span class='ocrx_word' id='word_1_252' title='bbox 1358 4102 1412 4147; x_wconf 91' lang='lat' dir='ltr'><strong>et</strong></span> <span class='ocrx_word' id='word_1_253' title='bbox 1436 4095 1594 4164; x_wconf 50' lang='lat' dir='ltr'><strong>binus</strong></span> 
     </span>
    </p>
   </div>
   <div class='ocr_carea' id='block_1_43' title="bbox 127 4171 1470 4254">
    <p class='ocr_par' dir='ltr' id='par_1_43' title="bbox 127 4171 1470 4254">
     <span class='ocr_line' id='line_1_43' title="bbox 127 4171 1470 4254; baseline 0.009 -29"><span class='ocrx_word' id='word_1_254' title='bbox 127 4171 433 4230; x_wconf 73' lang='lat' dir='ltr'><strong>Christicolae</strong></span> <span class='ocrx_word' id='word_1_255' title='bbox 458 4177 593 4231; x_wconf 91' lang='lat' dir='ltr'><strong>dure</strong></span> <span class='ocrx_word' id='word_1_256' title='bbox 617 4180 869 4234; x_wconf 87' lang='lat' dir='ltr'><strong>crucians</strong></span> <span class='ocrx_word' id='word_1_257' title='bbox 892 4196 979 4235; x_wconf 90' lang='lat' dir='ltr'><strong>me</strong></span> <span class='ocrx_word' id='word_1_258' title='bbox 1003 4182 1178 4236; x_wconf 91' lang='lat' dir='ltr'><strong>oratio</strong></span> <span class='ocrx_word' id='word_1_259' title='bbox 1205 4191 1470 4254; x_wconf 62' lang='lat' dir='ltr'><strong>torquet.»</strong></span> 
     </span>
    </p>
   </div>
   <div class='ocr_carea' id='block_1_44' title="bbox 127 4260 1317 4339">
    <p class='ocr_par' dir='ltr' id='par_1_44' title="bbox 127 4260 1317 4339">
     <span class='ocr_line' id='line_1_44' title="bbox 127 4260 1317 4339; baseline 0.011 -24"><span class='ocrx_word' id='word_1_260' title='bbox 127 4260 336 4320; x_wconf 80' lang='lat' dir='ltr'><strong>Delubra</strong></span> <span class='ocrx_word' id='word_1_261' title='bbox 354 4268 559 4337; x_wconf 85' lang='lat' dir='ltr'><strong>egressi</strong></span> <span class='ocrx_word' id='word_1_262' title='bbox 583 4269 801 4337; x_wconf 89' lang='lat' dir='ltr'><strong>quidam</strong></span> <span class='ocrx_word' id='word_1_263' title='bbox 835 4281 1056 4327; x_wconf 89' lang='lat' dir='ltr'><strong>tenuere</strong></span> <span class='ocrx_word' id='word_1_264' title='bbox 1076 4273 1317 4339; x_wconf 90' lang='lat' dir='ltr'><strong>beatum,</strong></span> 
     </span>
    </p>
   </div>
   <div class='ocr_carea' id='block_1_45' title="bbox 126 4352 1597 4427">
    <p class='ocr_par' dir='ltr' id='par_1_45' title="bbox 126 4352 1597 4427">
     <span class='ocr_line' id='line_1_45' title="bbox 126 4352 1597 4427; baseline 0.012 -22"><span class='ocrx_word' id='word_1_265' title='bbox 126 4352 269 4418; x_wconf 83' lang='lat' dir='ltr'><strong>Quem</strong></span> <span class='ocrx_word' id='word_1_266' title='bbox 295 4359 508 4427; x_wconf 89' lang='lat' dir='ltr'><strong>probris</strong></span> <span class='ocrx_word' id='word_1_267' title='bbox 535 4359 665 4414; x_wconf 91' lang='lat' dir='ltr'><strong>dum</strong></span> <span class='ocrx_word' id='word_1_268' title='bbox 695 4361 1006 4426; x_wconf 80' lang='lat' dir='ltr'><strong>conﬁciunt,</strong></span> <span class='ocrx_word' id='word_1_269' title='bbox 1029 4378 1096 4417; x_wconf 89' lang='lat' dir='ltr'><strong>eu</strong></span> <span class='ocrx_word' id='word_1_270' title='bbox 1129 4364 1399 4423; x_wconf 81' lang='lat' dir='ltr'><strong>Maximus</strong></span> <span class='ocrx_word' id='word_1_271' title='bbox 1433 4365 1597 4424; x_wconf 80' lang='lat' dir='ltr'><strong>efﬂat.</strong></span> 
     </span>
    </p>
   </div>
   <div class='ocr_carea' id='block_1_46' title="bbox 124 4439 1205 4521">
    <p class='ocr_par' dir='ltr' id='par_1_46' title="bbox 124 4439 1205 4521">
     <span class='ocr_line' id='line_1_46' title="bbox 124 4439 1205 4521; baseline 0.012 -26"><span class='ocrx_word' id='word_1_272' title='bbox 124 4439 187 4496; x_wconf 90' lang='lat' dir='ltr'><strong>llli</strong></span> <span class='ocrx_word' id='word_1_273' title='bbox 212 4442 512 4502; x_wconf 79' lang='lat' dir='ltr'><strong>Nemesium</strong></span> <span class='ocrx_word' id='word_1_274' title='bbox 539 4449 844 4518; x_wconf 85' lang='lat' dir='ltr'><strong>perducunt</strong></span> <span class='ocrx_word' id='word_1_275' title='bbox 881 4450 1205 4521; x_wconf 86' lang='lat' dir='ltr'><strong>Valeriano;</strong></span> 
     </span>
    </p>
   </div>
   <div class='ocr_carea' id='block_1_47' title="bbox 124 4532 1479 4617">
    <p class='ocr_par' dir='ltr' id='par_1_47' title="bbox 124 4532 1479 4617">
     <span class='ocr_line' id='line_1_47' title="bbox 124 4532 1479 4617; baseline 0.014 -31"><span class='ocrx_word' id='word_1_276' title='bbox 124 4532 306 4605; x_wconf 84' lang='lat' dir='ltr'><strong>Quique</strong></span> <span class='ocrx_word' id='word_1_277' title='bbox 333 4538 458 4595; x_wconf 90' lang='lat' dir='ltr'><strong>dolo</strong></span> <span class='ocrx_word' id='word_1_278' title='bbox 481 4541 724 4596; x_wconf 89' lang='lat' dir='ltr'><strong>mulcens</strong></span> <span class='ocrx_word' id='word_1_279' title='bbox 744 4543 973 4614; x_wconf 90' lang='lat' dir='ltr'><strong>insignia</strong></span> <span class='ocrx_word' id='word_1_280' title='bbox 1003 4546 1179 4615; x_wconf 88' lang='lat' dir='ltr'><strong>prisca</strong></span> <span class='ocrx_word' id='word_1_281' title='bbox 1211 4560 1479 4617; x_wconf 85' lang='lat' dir='ltr'><strong>recenset,</strong></span> 
     </span>
    </p>
   </div>
   <div class='ocr_carea' id='block_1_48' title="bbox 124 4620 1396 4708">
    <p class='ocr_par' dir='ltr' id='par_1_48' title="bbox 124 4620 1396 4708">
     <span class='ocr_line' id='line_1_48' title="bbox 124 4620 1396 4708; baseline 0.013 -28"><span class='ocrx_word' id='word_1_282' title='bbox 124 4620 230 4693; x_wconf 79' lang='lat' dir='ltr'><strong>Ejus</strong></span> <span class='ocrx_word' id='word_1_283' title='bbox 254 4632 492 4686; x_wconf 88' lang='lat' dir='ltr'><strong>consiliis</strong></span> <span class='ocrx_word' id='word_1_284' title='bbox 513 4631 693 4689; x_wconf 85' lang='lat' dir='ltr'><strong>fuerat</strong></span> <span class='ocrx_word' id='word_1_285' title='bbox 719 4650 839 4704; x_wconf 75' lang='lat' dir='ltr'><strong>qua:</strong></span> <span class='ocrx_word' id='word_1_286' title='bbox 867 4648 1123 4706; x_wconf 81' lang='lat' dir='ltr'><strong>expertus</strong></span> <span class='ocrx_word' id='word_1_287' title='bbox 1151 4648 1205 4694; x_wconf 93' lang='lat' dir='ltr'><strong>et</strong></span> <span class='ocrx_word' id='word_1_288' title='bbox 1229 4641 1396 4708; x_wconf 82' lang='lat' dir='ltr'><strong>actis;</strong></span> 
     </span>
    </p>
   </div>
   <div class='ocr_carea' id='block_1_49' title="bbox 124 4712 1430 4795">
    <p class='ocr_par' dir='ltr' id='par_1_49' title="bbox 124 4712 1430 4795">
     <span class='ocr_line' id='line_1_49' title="bbox 124 4712 1430 4795; baseline 0.015 -29"><span class='ocrx_word' id='word_1_289' title='bbox 124 4712 460 4791; x_wconf 87' lang='lat' dir='ltr'><strong>llortaturque</strong></span> <span class='ocrx_word' id='word_1_290' title='bbox 487 4722 588 4777; x_wconf 90' lang='lat' dir='ltr'><strong>coli</strong></span> <span class='ocrx_word' id='word_1_291' title='bbox 618 4724 772 4779; x_wconf 88' lang='lat' dir='ltr'><strong>divos</strong></span> <span class='ocrx_word' id='word_1_292' title='bbox 796 4725 995 4795; x_wconf 87' lang='lat' dir='ltr'><strong>quibus</strong></span> <span class='ocrx_word' id='word_1_293' title='bbox 1025 4728 1256 4785; x_wconf 69' lang='lat' dir='ltr'><strong>haeserat</strong></span> <span class='ocrx_word' id='word_1_294' title='bbox 1282 4741 1430 4788; x_wconf 84' lang='lat' dir='ltr'><strong>ante.</strong></span> 
     </span>
    </p>
   </div>
   <div class='ocr_carea' id='block_1_50' title="bbox 123 4802 1598 4888">
    <p class='ocr_par' dir='ltr' id='par_1_50' title="bbox 123 4802 1598 4888">
     <span class='ocr_line' id='line_1_50' title="bbox 123 4802 1598 4888; baseline 0.016 -30"><span class='ocrx_word' id='word_1_295' title='bbox 123 4802 233 4861; x_wconf 83' lang='lat' dir='ltr'><strong>Tum</strong></span> <span class='ocrx_word' id='word_1_296' title='bbox 260 4813 503 4868; x_wconf 85' lang='lat' dir='ltr'><strong>madidus</strong></span> <span class='ocrx_word' id='word_1_297' title='bbox 533 4814 789 4887; x_wconf 83' lang='lat' dir='ltr'><strong>lacrymis</strong></span> <span class='ocrx_word' id='word_1_298' title='bbox 822 4820 1111 4888; x_wconf 88' lang='lat' dir='ltr'><strong>respondet</strong></span> <span class='ocrx_word' id='word_1_299' title='bbox 1140 4823 1205 4874; x_wconf 87' lang='lat' dir='ltr'><strong>ad</strong></span> <span class='ocrx_word' id='word_1_300' title='bbox 1230 4823 1332 4878; x_wconf 85' lang='lat' dir='ltr'><strong>ista</strong></span> <span class='ocrx_word' id='word_1_301' title='bbox 1365 4825 1598 4881; x_wconf 87' lang='lat' dir='ltr'><strong>diacon:</strong></span> 
     </span>
    </p>
   </div>
   <div class='ocr_carea' id='block_1_51' title="bbox 125 4901 1501 4986">
    <p class='ocr_par' dir='ltr' id='par_1_51' title="bbox 125 4901 1501 4986">
     <span class='ocr_line' id='line_1_51' title="bbox 125 4901 1501 4986; baseline 0.012 -33"><span class='ocrx_word' id='word_1_302' title='bbox 125 4914 138 4945; x_wconf 83' lang='lat' dir='ltr'><strong>I</strong></span> <span class='ocrx_word' id='word_1_303' title='bbox 170 4901 375 4973; x_wconf 88' lang='lat' dir='ltr'><strong>Semper</strong></span> <span class='ocrx_word' id='word_1_304' title='bbox 394 4921 498 4976; x_wconf 92' lang='lat' dir='ltr'><strong>ego</strong></span> <span class='ocrx_word' id='word_1_305' title='bbox 526 4906 711 4964; x_wconf 79' lang='lat' dir='ltr'><strong>iutelix</strong></span> <span class='ocrx_word' id='word_1_306' title='bbox 745 4925 932 4966; x_wconf 91' lang='lat' dir='ltr'><strong>verum</strong></span> <span class='ocrx_word' id='word_1_307' title='bbox 966 4913 1269 4982; x_wconf 86' lang='lat' dir='ltr'><strong>stultnsque</strong></span> <span class='ocrx_word' id='word_1_308' title='bbox 1305 4916 1501 4986; x_wconf 86' lang='lat' dir='ltr'><strong>refugi,</strong></span> 
     </span>
    </p>
   </div>
   <div class='ocr_carea' id='block_1_52' title="bbox 124 4986 1549 5076">
    <p class='ocr_par' dir='ltr' id='par_1_52' title="bbox 124 4986 1549 5076">
     <span class='ocr_line' id='line_1_52' title="bbox 124 4986 1549 5076; baseline 0.014 -33"><span class='ocrx_word' id='word_1_309' title='bbox 124 4986 368 5064; x_wconf 73' lang='lat' dir='ltr'><strong>Eﬂudique</strong></span> <span class='ocrx_word' id='word_1_310' title='bbox 399 4997 803 5065; x_wconf 42' lang='lat' dir='ltr'><strong>reusﬁarmtnm</strong></span> <span class='ocrx_word' id='word_1_311' title='bbox 834 5000 1240 5074; x_wconf 83' lang='lat' dir='ltr'><strong>innocuumque</strong></span> <span class='ocrx_word' id='word_1_312' title='bbox 1265 5020 1549 5076; x_wconf 87' lang='lat' dir='ltr'><strong>cruorem;</strong></span> 
     </span>
    </p>
   </div>
   <div class='ocr_carea' id='block_1_53' title="bbox 119 5076 1486 5169">
    <p class='ocr_par' dir='ltr' id='par_1_53' title="bbox 119 5076 1486 5169">
     <span class='ocr_line' id='line_1_53' title="bbox 119 5076 1486 5169; baseline 0.018 -38"><span class='ocrx_word' id='word_1_313' title='bbox 119 5076 195 5135; x_wconf 86' lang='lat' dir='ltr'><strong>llis</strong></span> <span class='ocrx_word' id='word_1_314' title='bbox 218 5098 426 5155; x_wconf 88' lang='lat' dir='ltr'><strong>quoque</strong></span> <span class='ocrx_word' id='word_1_315' title='bbox 462 5088 684 5159; x_wconf 89' lang='lat' dir='ltr'><strong>ﬂagitiis</strong></span> <span class='ocrx_word' id='word_1_316' title='bbox 713 5093 993 5161; x_wconf 84' lang='lat' dir='ltr'><strong>vergentia</strong></span> <span class='ocrx_word' id='word_1_317' title='bbox 1032 5094 1172 5149; x_wconf 85' lang='lat' dir='ltr'><strong>colla</strong></span> <span class='ocrx_word' id='word_1_318' title='bbox 1205 5108 1486 5169; x_wconf 86' lang='lat' dir='ltr'><strong>gravatus,</strong></span> 
     </span>
    </p>
   </div>
   <div class='ocr_carea' id='block_1_54' title="bbox 120 5165 1448 5256">
    <p class='ocr_par' dir='ltr' id='par_1_54' title="bbox 120 5165 1448 5256">
     <span class='ocr_line' id='line_1_54' title="bbox 120 5165 1448 5256; baseline 0.016 -34"><span class='ocrx_word' id='word_1_319' title='bbox 120 5165 229 5227; x_wconf 79' lang='lat' dir='ltr'><strong>Sero</strong></span> <span class='ocrx_word' id='word_1_320' title='bbox 254 5176 395 5242; x_wconf 82' lang='lat' dir='ltr'><strong>licet,</strong></span> <span class='ocrx_word' id='word_1_321' title='bbox 423 5178 643 5246; x_wconf 80' lang='lat' dir='ltr'><strong>plastem</strong></span> <span class='ocrx_word' id='word_1_322' title='bbox 673 5183 906 5250; x_wconf 61' lang='lat' dir='ltr'><strong>prppria:</strong></span> <span class='ocrx_word' id='word_1_323' title='bbox 928 5198 1197 5254; x_wconf 81' lang='lat' dir='ltr'><strong>cognosco</strong></span> <span class='ocrx_word' id='word_1_324' title='bbox 1232 5188 1448 5256; x_wconf 63' lang='lat' dir='ltr'><strong>figurae;</strong></span> 
     </span>
    </p>
   </div>
   <div class='ocr_carea' id='block_1_55' title="bbox 736 304 2862 384">
    <p class='ocr_par' dir='ltr' id='par_1_55' title="bbox 736 304 2862 384">
     <span class='ocr_line' id='line_1_55' title="bbox 736 304 2862 384; baseline -0.003 0"><span class='ocrx_word' id='word_1_325' title='bbox 736 327 824 384; x_wconf 76' lang='lat' dir='ltr'><strong>ns</strong></span> <span class='ocrx_word' id='word_1_326' title='bbox 867 326 1143 384; x_wconf 80' lang='lat' dir='ltr'><strong>cuuisn</strong></span> <span class='ocrx_word' id='word_1_327' title='bbox 1184 304 1782 382; x_wconf 65' lang='lat' dir='ltr'><strong>&#39;rutunerS&#39;imo</strong></span> <span class='ocrx_word' id='word_1_328' title='bbox 1824 318 2110 376; x_wconf 62' lang='lat' dir='ltr'><strong>musa</strong></span> <span class='ocrx_word' id='word_1_329' title='bbox 2156 316 2334 377; x_wconf 69' lang='lat' dir='ltr'><strong>UBRI</strong></span> <span class='ocrx_word' id='word_1_330' title='bbox 2366 316 2504 377; x_wconf 80' lang='lat' dir='ltr'><strong>xw.</strong></span> <span class='ocrx_word' id='word_1_331' title='bbox 2536 323 2754 377; x_wconf 81' lang='lat' dir='ltr'><strong>—uu.</strong></span> <span class='ocrx_word' id='word_1_332' title='bbox 2799 322 2862 377; x_wconf 83' lang='lat' dir='ltr'><strong>v.</strong></span> 
     </span>
    </p>
   </div>
   <div class='ocr_carea' id='block_1_56' title="bbox 3314 326 3419 380">
    <p class='ocr_par' dir='ltr' id='par_1_56' title="bbox 3314 326 3419 380">
     <span class='ocr_line' id='line_1_56' title="bbox 3314 326 3419 380; baseline 0 -1"><span class='ocrx_word' id='word_1_333' title='bbox 3314 326 3419 380; x_wconf 67' lang='grc' dir='ltr'><strong>οτι</strong></span> 
     </span>
    </p>
   </div>
   <div class='ocr_carea' id='block_1_57' title="bbox 1742 431 3419 511">
    <p class='ocr_par' dir='ltr' id='par_1_57' title="bbox 1742 431 3419 511">
     <span class='ocr_line' id='line_1_57' title="bbox 1742 431 3419 511; baseline 0.004 -26"><span class='ocrx_word' id='word_1_334' title='bbox 1742 441 1791 498; x_wconf 78' lang='grc' dir='ltr'><strong>Α</strong></span> <span class='ocrx_word' id='word_1_335' title='bbox 1820 431 1992 499; x_wconf 83' lang='lat' dir='ltr'><strong>Quam</strong></span> <span class='ocrx_word' id='word_1_336' title='bbox 2023 433 2195 503; x_wconf 89' lang='lat' dir='ltr'><strong>patris</strong></span> <span class='ocrx_word' id='word_1_337' title='bbox 2225 444 2351 489; x_wconf 89' lang='lat' dir='ltr'><strong>ante</strong></span> <span class='ocrx_word' id='word_1_338' title='bbox 2373 434 2558 489; x_wconf 88' lang='lat' dir='ltr'><strong>oculos</strong></span> <span class='ocrx_word' id='word_1_339' title='bbox 2598 434 2759 506; x_wconf 88' lang='lat' dir='ltr'><strong>plecti</strong></span> <span class='ocrx_word' id='word_1_340' title='bbox 2805 435 2957 503; x_wconf 89' lang='lat' dir='ltr'><strong>dant,</strong></span> <span class='ocrx_word' id='word_1_341' title='bbox 3008 437 3111 491; x_wconf 89' lang='lat' dir='ltr'><strong>hac</strong></span> <span class='ocrx_word' id='word_1_342' title='bbox 3161 436 3419 511; x_wconf 70' lang='lat' dir='ltr'><strong>subigun-</strong></span> 
     </span>
    </p>
   </div>
   <div class='ocr_carea' id='block_1_58' title="bbox 3193 528 3345 603">
    <p class='ocr_par' dir='ltr' id='par_1_58' title="bbox 3193 528 3345 603">
     <span class='ocr_line' id='line_1_58' title="bbox 3193 528 3345 603; baseline 0 -17"><span class='ocrx_word' id='word_1_343' title='bbox 3193 528 3345 603; x_wconf 79' lang='lat' dir='ltr'><strong>[dum</strong></span> 
     </span>
    </p>
   </div>
   <div class='ocr_carea' id='block_1_59' title="bbox 1827 614 3090 689">
    <p class='ocr_par' dir='ltr' id='par_1_59' title="bbox 1827 614 3090 689">
     <span class='ocr_line' id='line_1_59' title="bbox 1827 614 3090 689; baseline 0.002 -17"><span class='ocrx_word' id='word_1_344' title='bbox 1827 614 2073 672; x_wconf 85' lang='lat' dir='ltr'><strong>Flamine</strong></span> <span class='ocrx_word' id='word_1_345' title='bbox 2102 617 2383 672; x_wconf 90' lang='lat' dir='ltr'><strong>robustum</strong></span> <span class='ocrx_word' id='word_1_346' title='bbox 2415 617 2600 673; x_wconf 84' lang='lat' dir='ltr'><strong>divino</strong></span> <span class='ocrx_word' id='word_1_347' title='bbox 2626 618 2772 673; x_wconf 59' lang='lat' dir='ltr'><strong>crede</strong></span> <span class='ocrx_word' id='word_1_348' title='bbox 2798 628 3051 689; x_wconf 90' lang='lat' dir='ltr'><strong>putantes</strong></span> <span class='ocrx_word' id='word_1_349' title='bbox 3076 638 3090 674; x_wconf 89' lang='lat'><strong>:</strong></span> 
     </span>
    </p>
   </div>
   <div class='ocr_carea' id='block_1_60' title="bbox 1827 703 3178 783">
    <p class='ocr_par' dir='ltr' id='par_1_60' title="bbox 1827 703 3178 783">
     <span class='ocr_line' id='line_1_60' title="bbox 1827 703 3178 783; baseline 0.005 -24"><span class='ocrx_word' id='word_1_350' title='bbox 1827 703 2028 760; x_wconf 60' lang='lat' dir='ltr'><strong>Laetior</strong></span> <span class='ocrx_word' id='word_1_351' title='bbox 2056 715 2112 760; x_wconf 91' lang='lat' dir='ltr'><strong>at</strong></span> <span class='ocrx_word' id='word_1_352' title='bbox 2139 707 2341 761; x_wconf 90' lang='lat' dir='ltr'><strong>sobolis</strong></span> <span class='ocrx_word' id='word_1_353' title='bbox 2366 709 2465 762; x_wconf 88' lang='lat' dir='ltr'><strong>sub</strong></span> <span class='ocrx_word' id='word_1_354' title='bbox 2488 708 2673 780; x_wconf 67' lang='lat' dir='ltr'><strong>Strage</strong></span> <span class='ocrx_word' id='word_1_355' title='bbox 2704 711 2983 765; x_wconf 87' lang='lat' dir='ltr'><strong>ardentior</strong></span> <span class='ocrx_word' id='word_1_356' title='bbox 3017 721 3178 783; x_wconf 85' lang='lat' dir='ltr'><strong>atque</strong></span> 
     </span>
    </p>
   </div>
   <div class='ocr_carea' id='block_1_61' title="bbox 1826 794 3173 873">
    <p class='ocr_par' dir='ltr' id='par_1_61' title="bbox 1826 794 3173 873">
     <span class='ocr_line' id='line_1_61' title="bbox 1826 794 3173 873; baseline 0.007 -23"><span class='ocrx_word' id='word_1_357' title='bbox 1826 794 2070 852; x_wconf 79' lang='lat' dir='ltr'><strong>Eﬂicitur</strong></span> <span class='ocrx_word' id='word_1_358' title='bbox 2087 794 2202 865; x_wconf 86' lang='lat' dir='ltr'><strong>jam</strong></span> <span class='ocrx_word' id='word_1_359' title='bbox 2226 813 2407 867; x_wconf 65' lang='lat' dir='ltr'><strong>praeco</strong></span> <span class='ocrx_word' id='word_1_360' title='bbox 2449 799 2572 865; x_wconf 86' lang='lat' dir='ltr'><strong>Dei;</strong></span> <span class='ocrx_word' id='word_1_361' title='bbox 2611 815 2709 854; x_wconf 88' lang='lat' dir='ltr'><strong>nec</strong></span> <span class='ocrx_word' id='word_1_362' title='bbox 2735 816 2891 870; x_wconf 71' lang='lat' dir='ltr'><strong>posse</strong></span> <span class='ocrx_word' id='word_1_363' title='bbox 2913 803 3173 873; x_wconf 89' lang='lat' dir='ltr'><strong>probatus</strong></span> 
     </span>
    </p>
   </div>
   <div class='ocr_carea' id='block_1_62' title="bbox 1824 886 2887 961">
    <p class='ocr_par' dir='ltr' id='par_1_62' title="bbox 1824 886 2887 961">
     <span class='ocr_line' id='line_1_62' title="bbox 1824 886 2887 961; baseline 0.009 -21"><span class='ocrx_word' id='word_1_364' title='bbox 1824 887 1870 941; x_wconf 77' lang='grc' dir='ltr'><strong>Δ</strong></span> <span class='ocrx_word' id='word_1_365' title='bbox 1892 886 2093 943; x_wconf 88' lang='lat' dir='ltr'><strong>Christi</strong></span> <span class='ocrx_word' id='word_1_366' title='bbox 2120 890 2298 945; x_wconf 87' lang='lat' dir='ltr'><strong>valido</strong></span> <span class='ocrx_word' id='word_1_367' title='bbox 2330 890 2469 947; x_wconf 89' lang='lat' dir='ltr'><strong>ﬂecti</strong></span> <span class='ocrx_word' id='word_1_368' title='bbox 2497 894 2710 950; x_wconf 88' lang='lat' dir='ltr'><strong>fervore</strong></span> <span class='ocrx_word' id='word_1_369' title='bbox 2740 894 2887 961; x_wconf 82' lang='lat' dir='ltr'><strong>fidei,</strong></span> 
     </span>
    </p>
   </div>
   <div class='ocr_carea' id='block_1_63' title="bbox 1825 977 3091 1054">
    <p class='ocr_par' dir='ltr' id='par_1_63' title="bbox 1825 977 3091 1054">
     <span class='ocr_line' id='line_1_63' title="bbox 1825 977 3091 1054; baseline 0.007 -21"><span class='ocrx_word' id='word_1_370' title='bbox 1825 977 1957 1033; x_wconf 82' lang='lat' dir='ltr'><strong>Dnci</strong></span> <span class='ocrx_word' id='word_1_371' title='bbox 1986 982 2298 1050; x_wconf 69' lang='lat' dir='ltr'><strong>praecipitur</strong></span> <span class='ocrx_word' id='word_1_372' title='bbox 2325 982 2512 1039; x_wconf 78' lang='lat' dir='ltr'><strong>Martis</strong></span> <span class='ocrx_word' id='word_1_373' title='bbox 2547 986 2625 1039; x_wconf 88' lang='lat' dir='ltr'><strong>sic</strong></span> <span class='ocrx_word' id='word_1_374' title='bbox 2650 997 2778 1041; x_wconf 90' lang='lat' dir='ltr'><strong>ante</strong></span> <span class='ocrx_word' id='word_1_375' title='bbox 2798 987 3091 1054; x_wconf 84' lang='lat' dir='ltr'><strong>sacellum;</strong></span> 
     </span>
    </p>
   </div>
   <div class='ocr_carea' id='block_1_64' title="bbox 1823 1058 3215 1149">
    <p class='ocr_par' dir='ltr' id='par_1_64' title="bbox 1823 1058 3215 1149">
     <span class='ocr_line' id='line_1_64' title="bbox 1823 1058 3215 1149; baseline 0.011 -26"><span class='ocrx_word' id='word_1_376' title='bbox 1823 1066 1940 1123; x_wconf 80' lang='lat' dir='ltr'><strong>Jani</strong></span> <span class='ocrx_word' id='word_1_377' title='bbox 1971 1058 2173 1127; x_wconf 79' lang='lat' dir='ltr'><strong>Virtute</strong></span> <span class='ocrx_word' id='word_1_378' title='bbox 2205 1062 2593 1145; x_wconf 86' lang='lat' dir='ltr'><strong>triumphatum</strong></span> <span class='ocrx_word' id='word_1_379' title='bbox 2624 1093 2881 1134; x_wconf 87' lang='lat' dir='ltr'><strong>mucrone</strong></span> <span class='ocrx_word' id='word_1_380' title='bbox 2907 1081 3215 1149; x_wconf 61' lang='lat' dir='ltr'><strong>palaestram</strong></span> 
     </span>
    </p>
   </div>
   <div class='ocr_carea' id='block_1_65' title="bbox 1824 1161 3358 1241">
    <p class='ocr_par' dir='ltr' id='par_1_65' title="bbox 1824 1161 3358 1241">
     <span class='ocr_line' id='line_1_65' title="bbox 1824 1161 3358 1241; baseline 0.01 -26"><span class='ocrx_word' id='word_1_381' title='bbox 1824 1161 2124 1229; x_wconf 82' lang='lat' dir='ltr'><strong>Terminat,</strong></span> <span class='ocrx_word' id='word_1_382' title='bbox 2148 1168 2528 1237; x_wconf 70' lang='lat' dir='ltr'><strong>abscissusque</strong></span> <span class='ocrx_word' id='word_1_383' title='bbox 2551 1181 2714 1239; x_wconf 85' lang='lat' dir='ltr'><strong>caput</strong></span> <span class='ocrx_word' id='word_1_384' title='bbox 2739 1174 2877 1241; x_wconf 86' lang='lat' dir='ltr'><strong>petit</strong></span> <span class='ocrx_word' id='word_1_385' title='bbox 2898 1176 3029 1227; x_wconf 72' lang='lat' dir='ltr'><strong>wtht</strong></span> <span class='ocrx_word' id='word_1_386' title='bbox 3043 1189 3102 1229; x_wconf 87' lang='lat' dir='ltr'><strong>ra</strong></span> <span class='ocrx_word' id='word_1_387' title='bbox 3128 1185 3358 1231; x_wconf 83' lang='lat' dir='ltr'><strong>mactus.</strong></span> 
     </span>
    </p>
   </div>
   <div class='ocr_carea' id='block_1_66' title="bbox 1822 1250 3263 1331">
    <p class='ocr_par' dir='ltr' id='par_1_66' title="bbox 1822 1250 3263 1331">
     <span class='ocr_line' id='line_1_66' title="bbox 1822 1250 3263 1331; baseline 0.011 -26"><span class='ocrx_word' id='word_1_388' title='bbox 1822 1250 2058 1306; x_wconf 77' lang='lat' dir='ltr'><strong>Membra</strong></span> <span class='ocrx_word' id='word_1_389' title='bbox 2091 1255 2243 1310; x_wconf 84' lang='lat' dir='ltr'><strong>addit</strong></span> <span class='ocrx_word' id='word_1_390' title='bbox 2271 1258 2579 1326; x_wconf 77' lang='lat' dir='ltr'><strong>Stephanus</strong></span> <span class='ocrx_word' id='word_1_391' title='bbox 2604 1272 2847 1330; x_wconf 83' lang='lat' dir='ltr'><strong>cognata:</strong></span> <span class='ocrx_word' id='word_1_392' title='bbox 2882 1272 3057 1318; x_wconf 85' lang='lat' dir='ltr'><strong>terrea</strong></span> <span class='ocrx_word' id='word_1_393' title='bbox 3084 1277 3263 1331; x_wconf 67' lang='lat' dir='ltr'><strong>terra),</strong></span> 
     </span>
    </p>
   </div>
   <div class='ocr_carea' id='block_1_67' title="bbox 1822 1342 3096 1420">
    <p class='ocr_par' dir='ltr' id='par_1_67' title="bbox 1822 1342 3096 1420">
     <span class='ocr_line' id='line_1_67' title="bbox 1822 1342 3096 1420; baseline 0.012 -24"><span class='ocrx_word' id='word_1_394' title='bbox 1822 1342 1952 1410; x_wconf 78' lang='lat' dir='ltr'><strong>Qua:</strong></span> <span class='ocrx_word' id='word_1_395' title='bbox 1976 1343 2162 1402; x_wconf 75' lang='lat' dir='ltr'><strong>Sixtus</strong></span> <span class='ocrx_word' id='word_1_396' title='bbox 2185 1348 2428 1419; x_wconf 86' lang='lat' dir='ltr'><strong>relegens</strong></span> <span class='ocrx_word' id='word_1_397' title='bbox 2449 1362 2571 1420; x_wconf 87' lang='lat' dir='ltr'><strong>post</strong></span> <span class='ocrx_word' id='word_1_398' title='bbox 2595 1355 2904 1409; x_wconf 87' lang='lat' dir='ltr'><strong>accuratius</strong></span> <span class='ocrx_word' id='word_1_399' title='bbox 2929 1357 3096 1412; x_wconf 89' lang='lat' dir='ltr'><strong>abdit.</strong></span> 
     </span>
    </p>
   </div>
   <div class='ocr_carea' id='block_1_68' title="bbox 1821 1430 3228 1512">
    <p class='ocr_par' dir='ltr' id='par_1_68' title="bbox 1821 1430 3228 1512">
     <span class='ocr_line' id='line_1_68' title="bbox 1821 1430 3228 1512; baseline 0.014 -26"><span class='ocrx_word' id='word_1_400' title='bbox 1821 1430 2219 1503; x_wconf 85' lang='lat' dir='ltr'><strong>Sytnphronius</strong></span> <span class='ocrx_word' id='word_1_401' title='bbox 2247 1438 2405 1508; x_wconf 84' lang='lat' dir='ltr'><strong>hujus</strong></span> <span class='ocrx_word' id='word_1_402' title='bbox 2433 1452 2550 1512; x_wconf 88' lang='lat' dir='ltr'><strong>post</strong></span> <span class='ocrx_word' id='word_1_403' title='bbox 2578 1441 2766 1496; x_wconf 82' lang='lat' dir='ltr'><strong>funera</strong></span> <span class='ocrx_word' id='word_1_404' title='bbox 2803 1444 2941 1500; x_wconf 88' lang='lat' dir='ltr'><strong>fidus</strong></span> <span class='ocrx_word' id='word_1_405' title='bbox 2972 1448 3228 1507; x_wconf 85' lang='lat' dir='ltr'><strong>alumnus</strong></span> 
     </span>
    </p>
   </div>
   <div class='ocr_carea' id='block_1_69' title="bbox 1821 1520 3034 1603">
    <p class='ocr_par' dir='ltr' id='par_1_69' title="bbox 1821 1520 3034 1603">
     <span class='ocr_line' id='line_1_69' title="bbox 1821 1520 3034 1603; baseline 0.012 -30"><span class='ocrx_word' id='word_1_406' title='bbox 1821 1520 2045 1577; x_wconf 76' lang='lat' dir='ltr'><strong>Sistitur</strong></span> <span class='ocrx_word' id='word_1_407' title='bbox 2070 1536 2312 1580; x_wconf 86' lang='lat' dir='ltr'><strong>arctatus</strong></span> <span class='ocrx_word' id='word_1_408' title='bbox 2344 1530 2465 1583; x_wconf 85' lang='lat' dir='ltr'><strong>fidei</strong></span> <span class='ocrx_word' id='word_1_409' title='bbox 2497 1546 2596 1601; x_wconf 85' lang='lat' dir='ltr'><strong>pro</strong></span> <span class='ocrx_word' id='word_1_410' title='bbox 2635 1532 2754 1588; x_wconf 86' lang='lat' dir='ltr'><strong>luce</strong></span> <span class='ocrx_word' id='word_1_411' title='bbox 2784 1543 3034 1603; x_wconf 75' lang='lat' dir='ltr'><strong>tyrannm,</strong></span> 
     </span>
    </p>
   </div>
   <div class='ocr_carea' id='block_1_70' title="bbox 1818 1610 3263 1695">
    <p class='ocr_par' dir='ltr' id='par_1_70' title="bbox 1818 1610 3263 1695">
     <span class='ocr_line' id='line_1_70' title="bbox 1818 1610 3263 1695; baseline 0.012 -32"><span class='ocrx_word' id='word_1_412' title='bbox 1818 1610 2211 1685; x_wconf 79' lang='lat' dir='ltr'><strong>Mandatnrque</strong></span> <span class='ocrx_word' id='word_1_413' title='bbox 2240 1620 2352 1671; x_wconf 81' lang='lat' dir='ltr'><strong>dari</strong></span> <span class='ocrx_word' id='word_1_414' title='bbox 2383 1622 2596 1674; x_wconf 89' lang='lat' dir='ltr'><strong>cuidam</strong></span> <span class='ocrx_word' id='word_1_415' title='bbox 2628 1624 2694 1676; x_wconf 91' lang='lat' dir='ltr'><strong>ad</strong></span> <span class='ocrx_word' id='word_1_416' title='bbox 2724 1632 2992 1677; x_wconf 86' lang='lat' dir='ltr'><strong>tormenta</strong></span> <span class='ocrx_word' id='word_1_417' title='bbox 3019 1626 3263 1695; x_wconf 89' lang='lat' dir='ltr'><strong>tribuno,</strong></span> 
     </span>
    </p>
   </div>
   <div class='ocr_carea' id='block_1_71' title="bbox 1822 1701 3039 1784">
    <p class='ocr_par' dir='ltr' id='par_1_71' title="bbox 1822 1701 3039 1784">
     <span class='ocr_line' id='line_1_71' title="bbox 1822 1701 3039 1784; baseline 0.011 -27"><span class='ocrx_word' id='word_1_418' title='bbox 1822 1701 1995 1773; x_wconf 83' lang='lat' dir='ltr'><strong>thue</strong></span> <span class='ocrx_word' id='word_1_419' title='bbox 2017 1704 2304 1763; x_wconf 81' lang='lat' dir='ltr'><strong>facultates</strong></span> <span class='ocrx_word' id='word_1_420' title='bbox 2325 1712 2602 1780; x_wconf 73' lang='lat' dir='ltr'><strong>perquirat</strong></span> <span class='ocrx_word' id='word_1_421' title='bbox 2628 1712 2908 1784; x_wconf 80' lang='lat' dir='ltr'><strong>Olympius</strong></span> <span class='ocrx_word' id='word_1_422' title='bbox 2932 1717 3039 1769; x_wconf 88' lang='lat' dir='ltr'><strong>acti</strong></span> 
     </span>
    </p>
   </div>
   <div class='ocr_carea' id='block_1_72' title="bbox 1737 1792 3106 1886">
    <p class='ocr_par' dir='ltr' id='par_1_72' title="bbox 1737 1792 3106 1886">
     <span class='ocr_line' id='line_1_72' title="bbox 1737 1792 3106 1886; baseline 0.012 -40"><span class='ocrx_word' id='word_1_423' title='bbox 1737 1825 1786 1886; x_wconf 76' lang='grc' dir='ltr'><strong>Β</strong></span> <span class='ocrx_word' id='word_1_424' title='bbox 1815 1792 2081 1874; x_wconf 68' lang='lat' dir='ltr'><strong>Nemesii;</strong></span> <span class='ocrx_word' id='word_1_425' title='bbox 2110 1799 2202 1868; x_wconf 89' lang='lat' dir='ltr'><strong>qui</strong></span> <span class='ocrx_word' id='word_1_426' title='bbox 2231 1803 2532 1871; x_wconf 85' lang='lat' dir='ltr'><strong>suscipiens</strong></span> <span class='ocrx_word' id='word_1_427' title='bbox 2560 1817 2826 1876; x_wconf 62' lang='lat' dir='ltr'><strong>praecepta</strong></span> <span class='ocrx_word' id='word_1_428' title='bbox 2860 1808 3106 1863; x_wconf 87' lang='lat' dir='ltr'><strong>revolvit.</strong></span> 
     </span>
    </p>
   </div>
   <div class='ocr_carea' id='block_1_73' title="bbox 1813 1886 3362 1974">
    <p class='ocr_par' dir='ltr' id='par_1_73' title="bbox 1813 1886 3362 1974">
     <span class='ocr_line' id='line_1_73' title="bbox 1813 1886 3362 1974; baseline 0.014 -33"><span class='ocrx_word' id='word_1_429' title='bbox 1813 1886 2208 1959; x_wconf 81' lang='lat' dir='ltr'><strong>Symphronius</strong></span> <span class='ocrx_word' id='word_1_430' title='bbox 2239 1912 2251 1947; x_wconf 89' lang='lat'><strong>:</strong></span> <span class='ocrx_word' id='word_1_431' title='bbox 2288 1914 2305 1946; x_wconf 76' lang='grc' dir='ltr'>ι</span> <span class='ocrx_word' id='word_1_432' title='bbox 2345 1895 2476 1949; x_wconf 85' lang='lat' dir='ltr'><strong>Doni</strong></span> <span class='ocrx_word' id='word_1_433' title='bbox 2503 1899 2555 1951; x_wconf 91' lang='lat' dir='ltr'><strong>ni</strong></span> <span class='ocrx_word' id='word_1_434' title='bbox 2586 1914 2784 1955; x_wconf 89' lang='lat' dir='ltr'><strong>census</strong></span> <span class='ocrx_word' id='word_1_435' title='bbox 2808 1902 2852 1955; x_wconf 88' lang='lat' dir='ltr'><strong>si</strong></span> <span class='ocrx_word' id='word_1_436' title='bbox 2890 1918 3133 1971; x_wconf 69' lang='lat' dir='ltr'><strong>qumrere</strong></span> <span class='ocrx_word' id='word_1_437' title='bbox 3153 1903 3362 1974; x_wconf 76' lang='lat' dir='ltr'><strong>jussus,</strong></span> 
     </span>
    </p>
   </div>
   <div class='ocr_carea' id='block_1_74' title="bbox 1807 1979 3051 2065">
    <p class='ocr_par' dir='ltr' id='par_1_74' title="bbox 1807 1979 3051 2065">
     <span class='ocr_line' id='line_1_74' title="bbox 1807 1979 3051 2065; baseline 0.013 -31"><span class='ocrx_word' id='word_1_438' title='bbox 1807 1979 1926 2035; x_wconf 80' lang='lat' dir='ltr'><strong>Jatn</strong></span> <span class='ocrx_word' id='word_1_439' title='bbox 1956 1984 2120 2039; x_wconf 91' lang='lat' dir='ltr'><strong>retuli</strong></span> <span class='ocrx_word' id='word_1_440' title='bbox 2147 1988 2366 2043; x_wconf 79' lang='lat' dir='ltr'><strong>Christo</strong></span> <span class='ocrx_word' id='word_1_441' title='bbox 2400 1991 2511 2060; x_wconf 85' lang='lat' dir='ltr'><strong>regi</strong></span> <span class='ocrx_word' id='word_1_442' title='bbox 2536 1991 2853 2047; x_wconf 87' lang='lat' dir='ltr'><strong>famularier</strong></span> <span class='ocrx_word' id='word_1_443' title='bbox 2879 2005 3005 2065; x_wconf 87' lang='lat' dir='ltr'><strong>apto</strong></span> <span class='ocrx_word' id='word_1_444' title='bbox 3036 2012 3051 2063; x_wconf 92' lang='lat'><strong>;</strong></span> 
     </span>
    </p>
   </div>
   <div class='ocr_carea' id='block_1_75' title="bbox 1805 2071 3111 2156">
    <p class='ocr_par' dir='ltr' id='par_1_75' title="bbox 1805 2071 3111 2156">
     <span class='ocr_line' id='line_1_75' title="bbox 1805 2071 3111 2156; baseline 0.013 -29"><span class='ocrx_word' id='word_1_445' title='bbox 1805 2071 1878 2127; x_wconf 81' lang='lat' dir='ltr'><strong>At</strong></span> <span class='ocrx_word' id='word_1_446' title='bbox 1900 2074 1944 2128; x_wconf 90' lang='lat' dir='ltr'><strong>si</strong></span> <span class='ocrx_word' id='word_1_447' title='bbox 1976 2077 2289 2133; x_wconf 89' lang='lat' dir='ltr'><strong>sacrificare</strong></span> <span class='ocrx_word' id='word_1_448' title='bbox 2313 2079 2498 2149; x_wconf 86' lang='lat' dir='ltr'><strong>jnbes,</strong></span> <span class='ocrx_word' id='word_1_449' title='bbox 2530 2099 2684 2138; x_wconf 88' lang='lat' dir='ltr'><strong>sacra</strong></span> <span class='ocrx_word' id='word_1_450' title='bbox 2717 2085 2824 2141; x_wconf 68' lang='lat' dir='ltr'><strong>libo</strong></span> <span class='ocrx_word' id='word_1_451' title='bbox 2853 2087 3111 2156; x_wconf 71' lang='lat' dir='ltr'><strong>libenter,</strong></span> 
     </span>
    </p>
   </div>
   <div class='ocr_carea' id='block_1_76' title="bbox 1807 2160 3215 2248">
    <p class='ocr_par' dir='ltr' id='par_1_76' title="bbox 1807 2160 3215 2248">
     <span class='ocr_line' id='line_1_76' title="bbox 1807 2160 3215 2248; baseline 0.017 -34"><span class='ocrx_word' id='word_1_452' title='bbox 1807 2160 1912 2215; x_wconf 82' lang='lat' dir='ltr'><strong>Sed</strong></span> <span class='ocrx_word' id='word_1_453' title='bbox 1943 2163 2067 2218; x_wconf 86' lang='lat' dir='ltr'><strong>Jesu</strong></span> <span class='ocrx_word' id='word_1_454' title='bbox 2100 2167 2333 2224; x_wconf 89' lang='lat' dir='ltr'><strong>Domino</strong></span> <span class='ocrx_word' id='word_1_455' title='bbox 2361 2182 2605 2227; x_wconf 88' lang='lat' dir='ltr'><strong>votorum</strong></span> <span class='ocrx_word' id='word_1_456' title='bbox 2634 2190 2697 2229; x_wconf 90' lang='lat' dir='ltr'><strong>ac</strong></span> <span class='ocrx_word' id='word_1_457' title='bbox 2727 2176 2904 2233; x_wconf 90' lang='lat' dir='ltr'><strong>laudis</strong></span> <span class='ocrx_word' id='word_1_458' title='bbox 2932 2180 3215 2248; x_wconf 86' lang='lat' dir='ltr'><strong>honorem,</strong></span> 
     </span>
    </p>
   </div>
   <div class='ocr_carea' id='block_1_77' title="bbox 1804 2256 3208 2330">
    <p class='ocr_par' dir='ltr' id='par_1_77' title="bbox 1804 2256 3208 2330">
     <span class='ocr_line' id='line_1_77' title="bbox 1804 2256 3208 2330; baseline 0.017 -23"><span class='ocrx_word' id='word_1_459' title='bbox 1804 2256 1901 2308; x_wconf 83' lang='lat' dir='ltr'><strong>Cui</strong></span> <span class='ocrx_word' id='word_1_460' title='bbox 1928 2257 2188 2315; x_wconf 86' lang='lat' dir='ltr'><strong>Dominus</strong></span> <span class='ocrx_word' id='word_1_461' title='bbox 2208 2278 2265 2316; x_wconf 88' lang='lat' dir='ltr'><strong>se</strong></span> <span class='ocrx_word' id='word_1_462' title='bbox 2290 2263 2573 2320; x_wconf 80' lang='lat' dir='ltr'><strong>Nemesius</strong></span> <span class='ocrx_word' id='word_1_463' title='bbox 2596 2285 2748 2324; x_wconf 88' lang='lat' dir='ltr'><strong>meus</strong></span> <span class='ocrx_word' id='word_1_464' title='bbox 2770 2274 2967 2327; x_wconf 86' lang='lat' dir='ltr'><strong>obtulit</strong></span> <span class='ocrx_word' id='word_1_465' title='bbox 2996 2276 3156 2330; x_wconf 88' lang='lat' dir='ltr'><strong>altor.</strong></span> <span class='ocrx_word' id='word_1_466' title='bbox 3187 2296 3208 2329; x_wconf 69' lang='grc' dir='ltr'><strong><em>ι</em></strong></span> 
     </span>
    </p>
   </div>
   <div class='ocr_carea' id='block_1_78' title="bbox 1804 2342 3057 2431">
    <p class='ocr_par' dir='ltr' id='par_1_78' title="bbox 1804 2342 3057 2431">
     <span class='ocr_line' id='line_1_78' title="bbox 1804 2342 3057 2431; baseline 0.017 -34"><span class='ocrx_word' id='word_1_467' title='bbox 1804 2342 1930 2400; x_wconf 60' lang='lat' dir='ltr'><strong>Haec</strong></span> <span class='ocrx_word' id='word_1_468' title='bbox 1957 2348 2024 2402; x_wconf 89' lang='lat' dir='ltr'><strong>ad</strong></span> <span class='ocrx_word' id='word_1_469' title='bbox 2055 2349 2197 2403; x_wconf 88' lang='lat' dir='ltr'><strong>dicta</strong></span> <span class='ocrx_word' id='word_1_470' title='bbox 2226 2354 2363 2408; x_wconf 81' lang='lat' dir='ltr'><strong>truci</strong></span> <span class='ocrx_word' id='word_1_471' title='bbox 2403 2358 2639 2426; x_wconf 83' lang='lat' dir='ltr'><strong>repletus</strong></span> <span class='ocrx_word' id='word_1_472' title='bbox 2662 2360 2941 2431; x_wconf 84' lang='lat' dir='ltr'><strong>Olympius</strong></span> <span class='ocrx_word' id='word_1_473' title='bbox 2973 2364 3057 2419; x_wconf 87' lang='lat' dir='ltr'><strong>ira</strong></span> 
     </span>
    </p>
   </div>
   <div class='ocr_carea' id='block_1_79' title="bbox 1801 2437 3061 2510">
    <p class='ocr_par' dir='ltr' id='par_1_79' title="bbox 1801 2437 3061 2510">
     <span class='ocr_line' id='line_1_79' title="bbox 1801 2437 3061 2510; baseline 0.015 -18"><span class='ocrx_word' id='word_1_474' title='bbox 1801 2437 2034 2508; x_wconf 88' lang='lat' dir='ltr'><strong>Imperat</strong></span> <span class='ocrx_word' id='word_1_475' title='bbox 2054 2451 2339 2500; x_wconf 77' lang='lat' dir='ltr'><strong>extensum</strong></span> <span class='ocrx_word' id='word_1_476' title='bbox 2370 2447 2541 2505; x_wconf 84' lang='lat' dir='ltr'><strong>fustes</strong></span> <span class='ocrx_word' id='word_1_477' title='bbox 2573 2452 2803 2506; x_wconf 87' lang='lat' dir='ltr'><strong>tolerare</strong></span> <span class='ocrx_word' id='word_1_478' title='bbox 2831 2463 3061 2510; x_wconf 78' lang='lat' dir='ltr'><strong>catasta.</strong></span> 
     </span>
    </p>
   </div>
   <div class='ocr_carea' id='block_1_80' title="bbox 1800 2528 3109 2609">
    <p class='ocr_par' dir='ltr' id='par_1_80' title="bbox 1800 2528 3109 2609">
     <span class='ocr_line' id='line_1_80' title="bbox 1800 2528 3109 2609; baseline 0.018 -30"><span class='ocrx_word' id='word_1_479' title='bbox 1800 2528 2012 2584; x_wconf 82' lang='lat' dir='ltr'><strong>Aureus</strong></span> <span class='ocrx_word' id='word_1_480' title='bbox 2034 2532 2232 2588; x_wconf 86' lang='lat' dir='ltr'><strong>allatus</strong></span> <span class='ocrx_word' id='word_1_481' title='bbox 2255 2537 2464 2606; x_wconf 88' lang='lat' dir='ltr'><strong>tripoda</strong></span> <span class='ocrx_word' id='word_1_482' title='bbox 2492 2550 2613 2609; x_wconf 85' lang='lat' dir='ltr'><strong>post</strong></span> <span class='ocrx_word' id='word_1_483' title='bbox 2639 2542 2861 2597; x_wconf 81' lang='lat' dir='ltr'><strong>verbera</strong></span> <span class='ocrx_word' id='word_1_484' title='bbox 2895 2545 3109 2602; x_wconf 77' lang='lat' dir='ltr'><strong>Mavors</strong></span> 
     </span>
    </p>
   </div>
   <div class='ocr_carea' id='block_1_81' title="bbox 1800 2619 3275 2713">
    <p class='ocr_par' dir='ltr' id='par_1_81' title="bbox 1800 2619 3275 2713">
     <span class='ocr_line' id='line_1_81' title="bbox 1800 2619 3275 2713; baseline 0.018 -40"><span class='ocrx_word' id='word_1_485' title='bbox 1800 2619 1937 2674; x_wconf 89' lang='lat' dir='ltr'><strong>Cera</strong></span> <span class='ocrx_word' id='word_1_486' title='bbox 1966 2631 2024 2676; x_wconf 92' lang='lat' dir='ltr'><strong>ut</strong></span> <span class='ocrx_word' id='word_1_487' title='bbox 2051 2624 2119 2678; x_wconf 87' lang='lat' dir='ltr'><strong>ab</strong></span> <span class='ocrx_word' id='word_1_488' title='bbox 2152 2626 2273 2696; x_wconf 88' lang='lat' dir='ltr'><strong>igne</strong></span> <span class='ocrx_word' id='word_1_489' title='bbox 2295 2629 2466 2684; x_wconf 86' lang='lat' dir='ltr'><strong>tinens</strong></span> <span class='ocrx_word' id='word_1_490' title='bbox 2493 2632 2560 2686; x_wconf 93' lang='lat' dir='ltr'><strong>ad</strong></span> <span class='ocrx_word' id='word_1_491' title='bbox 2591 2634 2754 2688; x_wconf 66' lang='lat' dir='ltr'><strong>verba</strong></span> <span class='ocrx_word' id='word_1_492' title='bbox 2779 2637 3069 2692; x_wconf 82' lang='lat' dir='ltr'><strong>resolvitur</strong></span> <span class='ocrx_word' id='word_1_493' title='bbox 3096 2640 3275 2713; x_wconf 75' lang='lat' dir='ltr'><strong>hujus.</strong></span> 
     </span>
    </p>
   </div>
   <div class='ocr_carea' id='block_1_82' title="bbox 1800 2713 3103 2800">
    <p class='ocr_par' dir='ltr' id='par_1_82' title="bbox 1800 2713 3103 2800">
     <span class='ocr_line' id='line_1_82' title="bbox 1800 2713 3103 2800; baseline 0.015 -33"><span class='ocrx_word' id='word_1_494' title='bbox 1800 2713 2060 2782; x_wconf 82' lang='lat' dir='ltr'><strong>Cognitor</strong></span> <span class='ocrx_word' id='word_1_495' title='bbox 2088 2715 2175 2770; x_wconf 87' lang='lat' dir='ltr'><strong>his</strong></span> <span class='ocrx_word' id='word_1_496' title='bbox 2205 2721 2454 2788; x_wconf 83' lang='lat' dir='ltr'><strong>stupidus</strong></span> <span class='ocrx_word' id='word_1_497' title='bbox 2481 2725 2686 2778; x_wconf 84' lang='lat' dir='ltr'><strong>secedit</strong></span> <span class='ocrx_word' id='word_1_498' title='bbox 2706 2735 2758 2780; x_wconf 91' lang='lat' dir='ltr'><strong>et</strong></span> <span class='ocrx_word' id='word_1_499' title='bbox 2785 2737 2904 2782; x_wconf 87' lang='lat' dir='ltr'><strong>acta</strong></span> <span class='ocrx_word' id='word_1_500' title='bbox 2930 2728 3103 2800; x_wconf 83' lang='lat' dir='ltr'><strong>jugali</strong></span> 
     </span>
    </p>
   </div>
   <div class='ocr_carea' id='block_1_83' title="bbox 1799 2801 3094 2890">
    <p class='ocr_par' dir='ltr' id='par_1_83' title="bbox 1799 2801 3094 2890">
     <span class='ocr_line' id='line_1_83' title="bbox 1799 2801 3094 2890; baseline 0.017 -35"><span class='ocrx_word' id='word_1_501' title='bbox 1799 2801 2203 2861; x_wconf 86' lang='lat' dir='ltr'><strong>Commemorat</strong></span> <span class='ocrx_word' id='word_1_502' title='bbox 2230 2809 2337 2863; x_wconf 89' lang='lat' dir='ltr'><strong>divi</strong></span> <span class='ocrx_word' id='word_1_503' title='bbox 2360 2812 2646 2868; x_wconf 77' lang='lat' dir='ltr'><strong>etmfcssor</strong></span> <span class='ocrx_word' id='word_1_504' title='bbox 2667 2827 2725 2871; x_wconf 91' lang='lat' dir='ltr'><strong>ut</strong></span> <span class='ocrx_word' id='word_1_505' title='bbox 2744 2834 2839 2872; x_wconf 90' lang='lat' dir='ltr'><strong>ora</strong></span> <span class='ocrx_word' id='word_1_506' title='bbox 2870 2820 3094 2890; x_wconf 87' lang='lat' dir='ltr'><strong>liquarit</strong></span> 
     </span>
    </p>
   </div>
   <div class='ocr_carea' id='block_1_84' title="bbox 1802 2890 3341 2987">
    <p class='ocr_par' dir='ltr' id='par_1_84' title="bbox 1802 2890 3341 2987">
     <span class='ocr_line' id='line_1_84' title="bbox 1802 2890 3341 2987; baseline 0.017 -42"><span class='ocrx_word' id='word_1_507' title='bbox 1802 2890 2271 2977; x_wconf 29' lang='lat' dir='ltr'><strong>Bellivagi,&#39;atque</strong></span> <span class='ocrx_word' id='word_1_508' title='bbox 2300 2915 2393 2954; x_wconf 89' lang='lat' dir='ltr'><strong>reo</strong></span> <span class='ocrx_word' id='word_1_509' title='bbox 2416 2905 2630 2958; x_wconf 88' lang='lat' dir='ltr'><strong>veniam</strong></span> <span class='ocrx_word' id='word_1_510' title='bbox 2655 2905 2833 2976; x_wconf 89' lang='lat' dir='ltr'><strong>placet</strong></span> <span class='ocrx_word' id='word_1_511' title='bbox 2859 2925 2981 2965; x_wconf 89' lang='lat' dir='ltr'><strong>esse</strong></span> <span class='ocrx_word' id='word_1_512' title='bbox 3018 2915 3341 2987; x_wconf 83' lang='lat' dir='ltr'><strong>petendam;</strong></span> 
     </span>
    </p>
   </div>
   <div class='ocr_carea' id='block_1_85' title="bbox 1796 2979 3211 3072">
    <p class='ocr_par' dir='ltr' id='par_1_85' title="bbox 1796 2979 3211 3072">
     <span class='ocr_line' id='line_1_85' title="bbox 1796 2979 3211 3072; baseline 0.018 -37"><span class='ocrx_word' id='word_1_513' title='bbox 1796 2979 2095 3037; x_wconf 84' lang='lat' dir='ltr'><strong>Consilium</strong></span> <span class='ocrx_word' id='word_1_514' title='bbox 2124 2990 2292 3043; x_wconf 89' lang='lat' dir='ltr'><strong>menti</strong></span> <span class='ocrx_word' id='word_1_515' title='bbox 2322 2993 2465 3061; x_wconf 86' lang='lat' dir='ltr'><strong>quod</strong></span> <span class='ocrx_word' id='word_1_516' title='bbox 2493 3006 2552 3047; x_wconf 91' lang='lat' dir='ltr'><strong>ut</strong></span> <span class='ocrx_word' id='word_1_517' title='bbox 2580 2998 2863 3053; x_wconf 89' lang='lat' dir='ltr'><strong>amborum</strong></span> <span class='ocrx_word' id='word_1_518' title='bbox 2898 2979 3034 3058; x_wconf 78' lang='lat' dir='ltr'><strong>utile</strong></span> <span class='ocrx_word' id='word_1_519' title='bbox 3050 3004 3211 3072; x_wconf 87' lang='lat' dir='ltr'><strong>sedit,</strong></span> 
     </span>
    </p>
   </div>
   <div class='ocr_carea' id='block_1_86' title="bbox 1794 3071 3022 3161">
    <p class='ocr_par' dir='ltr' id='par_1_86' title="bbox 1794 3071 3022 3161">
     <span class='ocr_line' id='line_1_86' title="bbox 1794 3071 3022 3161; baseline 0.017 -35"><span class='ocrx_word' id='word_1_520' title='bbox 1794 3071 2094 3149; x_wconf 21' lang='lat' dir='ltr'><strong>lt‘ortior‘ut</strong></span> <span class='ocrx_word' id='word_1_521' title='bbox 2120 3076 2244 3132; x_wconf 80' lang='lat' dir='ltr'><strong>fuso</strong></span> <span class='ocrx_word' id='word_1_522' title='bbox 2267 3080 2432 3136; x_wconf 79' lang='lat' dir='ltr'><strong>fuerit</strong></span> <span class='ocrx_word' id='word_1_523' title='bbox 2460 3086 2553 3154; x_wconf 91' lang='lat' dir='ltr'><strong>qui</strong></span> <span class='ocrx_word' id='word_1_524' title='bbox 2592 3085 2761 3143; x_wconf 82' lang='lat' dir='ltr'><strong>Marte</strong></span> <span class='ocrx_word' id='word_1_525' title='bbox 2786 3102 3022 3161; x_wconf 86' lang='lat' dir='ltr'><strong>petatur,</strong></span> 
     </span>
    </p>
   </div>
   <div class='ocr_carea' id='block_1_87' title="bbox 1720 3160 3236 3260">
    <p class='ocr_par' dir='ltr' id='par_1_87' title="bbox 1720 3160 3236 3260">
     <span class='ocr_line' id='line_1_87' title="bbox 1720 3160 3236 3260; baseline 0.02 -46"><span class='ocrx_word' id='word_1_526' title='bbox 1720 3177 1765 3240; x_wconf 73' lang='grc' dir='ltr'>ρ</span> <span class='ocrx_word' id='word_1_527' title='bbox 1796 3160 1964 3219; x_wconf 81' lang='lat' dir='ltr'><strong>Nocte</strong></span> <span class='ocrx_word' id='word_1_528' title='bbox 1984 3166 2144 3220; x_wconf 86' lang='lat' dir='ltr'><strong>simul</strong></span> <span class='ocrx_word' id='word_1_529' title='bbox 2172 3171 2415 3236; x_wconf 90' lang='lat' dir='ltr'><strong>veniunt,</strong></span> <span class='ocrx_word' id='word_1_530' title='bbox 2440 3184 2605 3243; x_wconf 89' lang='lat' dir='ltr'><strong>gnato</strong></span> <span class='ocrx_word' id='word_1_531' title='bbox 2633 3182 2945 3249; x_wconf 88' lang='lat' dir='ltr'><strong>comitante,</strong></span> <span class='ocrx_word' id='word_1_532' title='bbox 2974 3160 3074 3241; x_wconf 82' lang='lat' dir='ltr'><strong>sub</strong></span> <span class='ocrx_word' id='word_1_533' title='bbox 3099 3187 3236 3260; x_wconf 83' lang='lat' dir='ltr'><strong>ipsa,</strong></span> 
     </span>
    </p>
   </div>
   <div class='ocr_carea' id='block_1_88' title="bbox 1795 3254 3119 3348">
    <p class='ocr_par' dir='ltr' id='par_1_88' title="bbox 1795 3254 3119 3348">
     <span class='ocr_line' id='line_1_88' title="bbox 1795 3254 3119 3348; baseline 0.018 -38"><span class='ocrx_word' id='word_1_534' title='bbox 1795 3254 2078 3315; x_wconf 90' lang='lat' dir='ltr'><strong>Theodoto</strong></span> <span class='ocrx_word' id='word_1_535' title='bbox 2099 3263 2311 3332; x_wconf 85' lang='lat' dir='ltr'><strong>genitus</strong></span> <span class='ocrx_word' id='word_1_536' title='bbox 2335 3267 2425 3335; x_wconf 88' lang='lat' dir='ltr'><strong>qui</strong></span> <span class='ocrx_word' id='word_1_537' title='bbox 2451 3267 2598 3324; x_wconf 90' lang='lat' dir='ltr'><strong>solus</strong></span> <span class='ocrx_word' id='word_1_538' title='bbox 2628 3273 2843 3342; x_wconf 90' lang='lat' dir='ltr'><strong>utrique</strong></span> <span class='ocrx_word' id='word_1_539' title='bbox 2872 3280 3119 3348; x_wconf 88' lang='lat' dir='ltr'><strong>parenti;</strong></span> 
     </span>
    </p>
   </div>
   <div class='ocr_carea' id='block_1_89' title="bbox 1794 3350 3179 3440">
    <p class='ocr_par' dir='ltr' id='par_1_89' title="bbox 1794 3350 3179 3440">
     <span class='ocr_line' id='line_1_89' title="bbox 1794 3350 3179 3440; baseline 0.018 -37"><span class='ocrx_word' id='word_1_540' title='bbox 1794 3350 1993 3421; x_wconf 83' lang='lat' dir='ltr'><strong>Sicque</strong></span> <span class='ocrx_word' id='word_1_541' title='bbox 2012 3355 2095 3408; x_wconf 89' lang='lat' dir='ltr'><strong>sui</strong></span> <span class='ocrx_word' id='word_1_542' title='bbox 2121 3356 2348 3425; x_wconf 88' lang='lat' dir='ltr'><strong>pedibus</strong></span> <span class='ocrx_word' id='word_1_543' title='bbox 2371 3360 2534 3414; x_wconf 86' lang='lat' dir='ltr'><strong>vincti</strong></span> <span class='ocrx_word' id='word_1_544' title='bbox 2564 3377 2624 3417; x_wconf 90' lang='lat' dir='ltr'><strong>se</strong></span> <span class='ocrx_word' id='word_1_545' title='bbox 2647 3373 2893 3423; x_wconf 89' lang='lat' dir='ltr'><strong>sternere</strong></span> <span class='ocrx_word' id='word_1_546' title='bbox 2912 3372 3179 3440; x_wconf 85' lang='lat' dir='ltr'><strong>gaudent,</strong></span> 
     </span>
    </p>
   </div>
   <div class='ocr_carea' id='block_1_90' title="bbox 1793 3446 3021 3528">
    <p class='ocr_par' dir='ltr' id='par_1_90' title="bbox 1793 3446 3021 3528">
     <span class='ocr_line' id='line_1_90' title="bbox 1793 3446 3021 3528; baseline 0.019 -31"><span class='ocrx_word' id='word_1_547' title='bbox 1793 3446 2001 3515; x_wconf 28' lang='lat' dir='ltr'><strong>Salv‘ari</strong></span> <span class='ocrx_word' id='word_1_548' title='bbox 2026 3461 2248 3506; x_wconf 89' lang='lat' dir='ltr'><strong>orantes</strong></span> <span class='ocrx_word' id='word_1_549' title='bbox 2271 3467 2335 3507; x_wconf 89' lang='lat' dir='ltr'><strong>ac</strong></span> <span class='ocrx_word' id='word_1_550' title='bbox 2360 3455 2683 3522; x_wconf 75' lang='lat' dir='ltr'><strong>pwnituisse</strong></span> <span class='ocrx_word' id='word_1_551' title='bbox 2707 3460 3021 3528; x_wconf 87' lang='lat' dir='ltr'><strong>probantes.</strong></span> 
     </span>
    </p>
   </div>
   <div class='ocr_carea' id='block_1_91' title="bbox 1786 3538 2952 3611">
    <p class='ocr_par' dir='ltr' id='par_1_91' title="bbox 1786 3538 2952 3611">
     <span class='ocr_line' id='line_1_91' title="bbox 1786 3538 2952 3611; baseline 0.014 -18"><span class='ocrx_word' id='word_1_552' title='bbox 1786 3538 2009 3595; x_wconf 80' lang='lat' dir='ltr'><strong>Accitus</strong></span> <span class='ocrx_word' id='word_1_553' title='bbox 2033 3544 2229 3611; x_wconf 55' lang='lat' dir='ltr'><strong>praesul</strong></span> <span class='ocrx_word' id='word_1_554' title='bbox 2255 3548 2476 3603; x_wconf 87' lang='lat' dir='ltr'><strong>monitis</strong></span> <span class='ocrx_word' id='word_1_555' title='bbox 2497 3549 2809 3606; x_wconf 62' lang='lat' dir='ltr'><strong>caelestibus</strong></span> <span class='ocrx_word' id='word_1_556' title='bbox 2831 3553 2952 3610; x_wconf 90' lang='lat' dir='ltr'><strong>illos</strong></span> 
     </span>
    </p>
   </div>
   <div class='ocr_carea' id='block_1_92' title="bbox 1790 3629 3081 3713">
    <p class='ocr_par' dir='ltr' id='par_1_92' title="bbox 1790 3629 3081 3713">
     <span class='ocr_line' id='line_1_92' title="bbox 1790 3629 3081 3713; baseline 0.017 -32"><span class='ocrx_word' id='word_1_557' title='bbox 1790 3629 2011 3697; x_wconf 90' lang='lat' dir='ltr'><strong>lmbuit,</strong></span> <span class='ocrx_word' id='word_1_558' title='bbox 2042 3635 2391 3706; x_wconf 73' lang='lat' dir='ltr'><strong>:ethereaque</strong></span> <span class='ocrx_word' id='word_1_559' title='bbox 2415 3640 2679 3697; x_wconf 86' lang='lat' dir='ltr'><strong>nitescere</strong></span> <span class='ocrx_word' id='word_1_560' title='bbox 2700 3645 2914 3713; x_wconf 85' lang='lat' dir='ltr'><strong>perlicit</strong></span> <span class='ocrx_word' id='word_1_561' title='bbox 2943 3647 3081 3703; x_wconf 87' lang='lat' dir='ltr'><strong>unda</strong></span> 
     </span>
    </p>
   </div>
   <div class='ocr_carea' id='block_1_93' title="bbox 1787 3718 3144 3804">
    <p class='ocr_par' dir='ltr' id='par_1_93' title="bbox 1787 3718 3144 3804">
     <span class='ocr_line' id='line_1_93' title="bbox 1787 3718 3144 3804; baseline 0.013 -30"><span class='ocrx_word' id='word_1_562' title='bbox 1787 3718 1971 3774; x_wconf 83' lang='lat' dir='ltr'><strong>Gratia</strong></span> <span class='ocrx_word' id='word_1_563' title='bbox 2004 3738 2141 3791; x_wconf 86' lang='lat' dir='ltr'><strong>quos</strong></span> <span class='ocrx_word' id='word_1_564' title='bbox 2167 3724 2370 3780; x_wconf 87' lang='lat' dir='ltr'><strong>Christi</strong></span> <span class='ocrx_word' id='word_1_565' title='bbox 2407 3728 2585 3796; x_wconf 91' lang='lat' dir='ltr'><strong>pluvia</strong></span> <span class='ocrx_word' id='word_1_566' title='bbox 2618 3736 2922 3799; x_wconf 86' lang='lat' dir='ltr'><strong>penetravit</strong></span> <span class='ocrx_word' id='word_1_567' title='bbox 2945 3737 3144 3804; x_wconf 89' lang='lat' dir='ltr'><strong>opima.</strong></span> 
     </span>
    </p>
   </div>
   <div class='ocr_carea' id='block_1_94' title="bbox 1784 3810 3168 3893">
    <p class='ocr_par' dir='ltr' id='par_1_94' title="bbox 1784 3810 3168 3893">
     <span class='ocr_line' id='line_1_94' title="bbox 1784 3810 3168 3893; baseline 0.017 -31"><span class='ocrx_word' id='word_1_568' title='bbox 1784 3810 1983 3864; x_wconf 81' lang='lat' dir='ltr'><strong>Auditu</strong></span> <span class='ocrx_word' id='word_1_569' title='bbox 2014 3828 2301 3882; x_wconf 90' lang='lat' dir='ltr'><strong>procerum</strong></span> <span class='ocrx_word' id='word_1_570' title='bbox 2328 3834 2438 3888; x_wconf 88' lang='lat' dir='ltr'><strong>quo</strong></span> <span class='ocrx_word' id='word_1_571' title='bbox 2468 3819 2672 3877; x_wconf 86' lang='lat' dir='ltr'><strong>fervida</strong></span> <span class='ocrx_word' id='word_1_572' title='bbox 2700 3837 2920 3893; x_wconf 86' lang='lat' dir='ltr'><strong>pectora</strong></span> <span class='ocrx_word' id='word_1_573' title='bbox 2950 3840 3168 3887; x_wconf 89' lang='lat' dir='ltr'><strong>sanctos</strong></span> 
     </span>
    </p>
   </div>
   <div class='ocr_carea' id='block_1_95' title="bbox 1785 3897 3203 3990">
    <p class='ocr_par' dir='ltr' id='par_1_95' title="bbox 1785 3897 3203 3990">
     <span class='ocr_line' id='line_1_95' title="bbox 1785 3897 3203 3990; baseline 0.018 -38"><span class='ocrx_word' id='word_1_574' title='bbox 1785 3897 1904 3988; x_wconf 82' lang='lat' dir='ltr'><strong>llos</strong></span> <span class='ocrx_word' id='word_1_575' title='bbox 1922 3903 2024 3956; x_wconf 90' lang='lat' dir='ltr'><strong>sibi</strong></span> <span class='ocrx_word' id='word_1_576' title='bbox 2055 3915 2349 3973; x_wconf 62' lang='lat' dir='ltr'><strong>prtesentes</strong></span> <span class='ocrx_word' id='word_1_577' title='bbox 2379 3909 2494 3964; x_wconf 86' lang='lat' dir='ltr'><strong>fieri</strong></span> <span class='ocrx_word' id='word_1_578' title='bbox 2521 3898 2675 3968; x_wconf 79' lang='lat' dir='ltr'><strong>torvo</strong></span> <span class='ocrx_word' id='word_1_579' title='bbox 2704 3916 2902 3987; x_wconf 87' lang='lat' dir='ltr'><strong>impete</strong></span> <span class='ocrx_word' id='word_1_580' title='bbox 2929 3924 3203 3990; x_wconf 83' lang='lat' dir='ltr'><strong>mandant,</strong></span> 
     </span>
    </p>
   </div>
   <div class='ocr_carea' id='block_1_96' title="bbox 1784 3982 3143 4076">
    <p class='ocr_par' dir='ltr' id='par_1_96' title="bbox 1784 3982 3143 4076">
     <span class='ocr_line' id='line_1_96' title="bbox 1784 3982 3143 4076; baseline 0.018 -31"><span class='ocrx_word' id='word_1_581' title='bbox 1784 3982 2196 4064; x_wconf 68' lang='lat' dir='ltr'><strong>Canilentcsque</strong></span> <span class='ocrx_word' id='word_1_582' title='bbox 2233 4000 2355 4070; x_wconf 82' lang='lat' dir='ltr'><strong>agni</strong></span> <span class='ocrx_word' id='word_1_583' title='bbox 2385 4002 2555 4058; x_wconf 88' lang='lat' dir='ltr'><strong>belvis</strong></span> <span class='ocrx_word' id='word_1_584' title='bbox 2581 3982 2866 4076; x_wconf 68' lang='lat' dir='ltr'><strong>raptaniur</strong></span> <span class='ocrx_word' id='word_1_585' title='bbox 2890 4012 3143 4069; x_wconf 87' lang='lat' dir='ltr'><strong>acerbis:</strong></span> 
     </span>
    </p>
   </div>
   <div class='ocr_carea' id='block_1_97' title="bbox 1786 4082 3261 4176">
    <p class='ocr_par' dir='ltr' id='par_1_97' title="bbox 1786 4082 3261 4176">
     <span class='ocr_line' id='line_1_97' title="bbox 1786 4082 3261 4176; baseline 0.019 -41"><span class='ocrx_word' id='word_1_586' title='bbox 1786 4082 2183 4155; x_wconf 84' lang='lat' dir='ltr'><strong>Symphrouius</strong></span> <span class='ocrx_word' id='word_1_587' title='bbox 2209 4087 2355 4146; x_wconf 78' lang='lat' dir='ltr'><strong>ferro</strong></span> <span class='ocrx_word' id='word_1_588' title='bbox 2383 4108 2601 4162; x_wconf 82' lang='lat' dir='ltr'><strong>pressus</strong></span> <span class='ocrx_word' id='word_1_589' title='bbox 2628 4099 2960 4171; x_wconf 82' lang='lat' dir='ltr'><strong>strictosque</strong></span> <span class='ocrx_word' id='word_1_590' title='bbox 2983 4105 3261 4176; x_wconf 73' lang='lat' dir='ltr'><strong>capistris,</strong></span> 
     </span>
    </p>
   </div>
   <div class='ocr_carea' id='block_1_98' title="bbox 1782 4173 3019 4263">
    <p class='ocr_par' dir='ltr' id='par_1_98' title="bbox 1782 4173 3019 4263">
     <span class='ocr_line' id='line_1_98' title="bbox 1782 4173 3019 4263; baseline 0.019 -37"><span class='ocrx_word' id='word_1_591' title='bbox 1782 4173 1967 4230; x_wconf 85' lang='lat' dir='ltr'><strong>Nudus</strong></span> <span class='ocrx_word' id='word_1_592' title='bbox 1992 4185 2047 4231; x_wconf 89' lang='lat' dir='ltr'><strong>et</strong></span> <span class='ocrx_word' id='word_1_593' title='bbox 2078 4193 2300 4237; x_wconf 81' lang='lat' dir='ltr'><strong>exertus</strong></span> <span class='ocrx_word' id='word_1_594' title='bbox 2329 4194 2485 4253; x_wconf 90' lang='lat' dir='ltr'><strong>grato</strong></span> <span class='ocrx_word' id='word_1_595' title='bbox 2510 4188 2818 4257; x_wconf 84' lang='lat' dir='ltr'><strong>assignatur</strong></span> <span class='ocrx_word' id='word_1_596' title='bbox 2840 4194 3019 4263; x_wconf 85' lang='lat' dir='ltr'><strong>agoni.</strong></span> 
     </span>
    </p>
   </div>
   <div class='ocr_carea' id='block_1_99' title="bbox 1722 4268 3080 4355">
    <p class='ocr_par' dir='ltr' id='par_1_99' title="bbox 1722 4268 3080 4355">
     <span class='ocr_line' id='line_1_99' title="bbox 1722 4268 3080 4355; baseline 0.018 -37"><span class='ocrx_word' id='word_1_597' title='bbox 1722 4312 1723 4317; x_wconf 47' lang='grc' dir='ltr'><strong>η</strong></span> <span class='ocrx_word' id='word_1_598' title='bbox 1780 4268 2004 4338; x_wconf 85' lang='lat' dir='ltr'><strong>Augusti</strong></span> <span class='ocrx_word' id='word_1_599' title='bbox 2034 4285 2334 4328; x_wconf 89' lang='lat' dir='ltr'><strong>memorant</strong></span> <span class='ocrx_word' id='word_1_600' title='bbox 2360 4292 2550 4346; x_wconf 65' lang='lat' dir='ltr'><strong>pinnas</strong></span> <span class='ocrx_word' id='word_1_601' title='bbox 2569 4279 2789 4338; x_wconf 80' lang='lat' dir='ltr'><strong>diﬂerrc</strong></span> <span class='ocrx_word' id='word_1_602' title='bbox 2817 4286 3037 4353; x_wconf 84' lang='lat' dir='ltr'><strong>tribuno</strong></span> <span class='ocrx_word' id='word_1_603' title='bbox 3062 4326 3080 4355; x_wconf 85' lang='lat'><strong>,</strong></span> 
     </span>
    </p>
   </div>
   <div class='ocr_carea' id='block_1_100' title="bbox 1779 4358 3117 4445">
    <p class='ocr_par' dir='ltr' id='par_1_100' title="bbox 1779 4358 3117 4445">
     <span class='ocr_line' id='line_1_100' title="bbox 1779 4358 3117 4445; baseline 0.016 -33"><span class='ocrx_word' id='word_1_604' title='bbox 1779 4358 1902 4413; x_wconf 82' lang='lat' dir='ltr'><strong>Sitit</strong></span> <span class='ocrx_word' id='word_1_605' title='bbox 1936 4361 2081 4416; x_wconf 87' lang='lat' dir='ltr'><strong>velut</strong></span> <span class='ocrx_word' id='word_1_606' title='bbox 2108 4364 2312 4421; x_wconf 88' lang='lat' dir='ltr'><strong>indubii</strong></span> <span class='ocrx_word' id='word_1_607' title='bbox 2337 4367 2490 4424; x_wconf 88' lang='lat' dir='ltr'><strong>divos</strong></span> <span class='ocrx_word' id='word_1_608' title='bbox 2528 4370 2675 4428; x_wconf 88' lang='lat' dir='ltr'><strong>hunc</strong></span> <span class='ocrx_word' id='word_1_609' title='bbox 2707 4373 2951 4445; x_wconf 85' lang='lat' dir='ltr'><strong>linquere</strong></span> <span class='ocrx_word' id='word_1_610' title='bbox 2975 4378 3117 4434; x_wconf 89' lang='lat' dir='ltr'><strong>nolle</strong></span> 
     </span>
    </p>
   </div>
   <div class='ocr_carea' id='block_1_101' title="bbox 1781 4451 3274 4530">
    <p class='ocr_par' dir='ltr' id='par_1_101' title="bbox 1781 4451 3274 4530">
     <span class='ocr_line' id='line_1_101' title="bbox 1781 4451 3274 4530; baseline 0.017 -27"><span class='ocrx_word' id='word_1_611' title='bbox 1781 4451 2009 4521; x_wconf 83' lang='lat' dir='ltr'><strong>Semper</strong></span> <span class='ocrx_word' id='word_1_612' title='bbox 2038 4454 2314 4522; x_wconf 89' lang='lat' dir='ltr'><strong>adoratos,</strong></span> <span class='ocrx_word' id='word_1_613' title='bbox 2341 4458 2496 4527; x_wconf 91' lang='lat' dir='ltr'><strong>prius</strong></span> <span class='ocrx_word' id='word_1_614' title='bbox 2522 4462 2588 4515; x_wconf 89' lang='lat' dir='ltr'><strong>ad</strong></span> <span class='ocrx_word' id='word_1_615' title='bbox 2619 4476 2852 4530; x_wconf 90' lang='lat' dir='ltr'><strong>quorum</strong></span> <span class='ocrx_word' id='word_1_616' title='bbox 2883 4481 3037 4522; x_wconf 88' lang='lat' dir='ltr'><strong>sacra</strong></span> <span class='ocrx_word' id='word_1_617' title='bbox 3067 4470 3274 4529; x_wconf 77' lang='lat' dir='ltr'><strong>multos</strong></span> 
     </span>
    </p>
   </div>
   <div class='ocr_carea' id='block_1_102' title="bbox 1705 4538 3071 4617">
    <p class='ocr_par' dir='ltr' id='par_1_102' title="bbox 1705 4538 3071 4617">
     <span class='ocr_line' id='line_1_102' title="bbox 1705 4538 3071 4617; baseline 0.01 -18"><span class='ocrx_word' id='word_1_618' title='bbox 1705 4538 1752 4599; x_wconf 84' lang='lat' dir='ltr'><strong>D</strong></span> <span class='ocrx_word' id='word_1_619' title='bbox 1780 4540 2070 4613; x_wconf 85' lang='lat' dir='ltr'><strong>Suppliciis</strong></span> <span class='ocrx_word' id='word_1_620' title='bbox 2097 4547 2224 4617; x_wconf 89' lang='lat' dir='ltr'><strong>egit,</strong></span> <span class='ocrx_word' id='word_1_621' title='bbox 2258 4562 2357 4603; x_wconf 90' lang='lat' dir='ltr'><strong>nec</strong></span> <span class='ocrx_word' id='word_1_622' title='bbox 2388 4549 2536 4606; x_wconf 91' lang='lat' dir='ltr'><strong>iners</strong></span> <span class='ocrx_word' id='word_1_623' title='bbox 2561 4552 2766 4608; x_wconf 89' lang='lat' dir='ltr'><strong>fudisse</strong></span> <span class='ocrx_word' id='word_1_624' title='bbox 2797 4572 3071 4613; x_wconf 89' lang='lat' dir='ltr'><strong>cruorem.</strong></span> 
     </span>
    </p>
   </div>
   <div class='ocr_carea' id='block_1_103' title="bbox 1778 4633 3213 4720">
    <p class='ocr_par' dir='ltr' id='par_1_103' title="bbox 1778 4633 3213 4720">
     <span class='ocr_line' id='line_1_103' title="bbox 1778 4633 3213 4720; baseline 0.015 -34"><span class='ocrx_word' id='word_1_625' title='bbox 1778 4633 1978 4703; x_wconf 86' lang='lat' dir='ltr'><strong>lmpins</strong></span> <span class='ocrx_word' id='word_1_626' title='bbox 2008 4636 2142 4692; x_wconf 65' lang='lat' dir='ltr'><strong>haec.</strong></span> <span class='ocrx_word' id='word_1_627' title='bbox 2176 4637 2268 4693; x_wconf 91' lang='lat' dir='ltr'><strong>llle</strong></span> <span class='ocrx_word' id='word_1_628' title='bbox 2294 4655 2307 4692; x_wconf 92' lang='lat'><strong>:</strong></span> <span class='ocrx_word' id='word_1_629' title='bbox 2343 4658 2361 4691; x_wconf 74' lang='grc' dir='ltr'><strong>ε</strong></span> <span class='ocrx_word' id='word_1_630' title='bbox 2388 4639 2456 4695; x_wconf 86' lang='lat' dir='ltr'><strong>Ut</strong></span> <span class='ocrx_word' id='word_1_631' title='bbox 2479 4658 2585 4696; x_wconf 92' lang='lat' dir='ltr'><strong>non</strong></span> <span class='ocrx_word' id='word_1_632' title='bbox 2624 4645 2765 4699; x_wconf 88' lang='lat' dir='ltr'><strong>sicut</strong></span> <span class='ocrx_word' id='word_1_633' title='bbox 2793 4646 3072 4718; x_wconf 86' lang='lat' dir='ltr'><strong>Olympius</strong></span> <span class='ocrx_word' id='word_1_634' title='bbox 3094 4652 3213 4720; x_wconf 85' lang='lat' dir='ltr'><strong>egi;</strong></span> 
     </span>
    </p>
   </div>
   <div class='ocr_carea' id='block_1_104' title="bbox 1779 4727 3302 4813">
    <p class='ocr_par' dir='ltr' id='par_1_104' title="bbox 1779 4727 3302 4813">
     <span class='ocr_line' id='line_1_104' title="bbox 1779 4727 3302 4813; baseline 0.012 -34"><span class='ocrx_word' id='word_1_635' title='bbox 1779 4727 2012 4784; x_wconf 65' lang='lat' dir='ltr'><strong>Paenitet</strong></span> <span class='ocrx_word' id='word_1_636' title='bbox 2048 4739 2103 4785; x_wconf 91' lang='lat' dir='ltr'><strong>at</strong></span> <span class='ocrx_word' id='word_1_637' title='bbox 2124 4731 2366 4796; x_wconf 89' lang='lat' dir='ltr'><strong>sceleris,</strong></span> <span class='ocrx_word' id='word_1_638' title='bbox 2396 4733 2769 4805; x_wconf 84' lang='lat' dir='ltr'><strong>lacrymasque</strong></span> <span class='ocrx_word' id='word_1_639' title='bbox 2794 4739 3010 4794; x_wconf 78' lang='lat' dir='ltr'><strong>ell‘uudo</strong></span> <span class='ocrx_word' id='word_1_640' title='bbox 3041 4737 3302 4813; x_wconf 80' lang='lat' dir='ltr'><strong>Tonanti,</strong></span> 
     </span>
    </p>
   </div>
   <div class='ocr_carea' id='block_1_105' title="bbox 1773 4819 3288 4902">
    <p class='ocr_par' dir='ltr' id='par_1_105' title="bbox 1773 4819 3288 4902">
     <span class='ocr_line' id='line_1_105' title="bbox 1773 4819 3288 4902; baseline 0.011 -27"><span class='ocrx_word' id='word_1_641' title='bbox 1773 4819 1872 4876; x_wconf 90' lang='lat' dir='ltr'><strong>Cui</strong></span> <span class='ocrx_word' id='word_1_642' title='bbox 1895 4820 2148 4890; x_wconf 82' lang='lat' dir='ltr'><strong>famulor,</strong></span> <span class='ocrx_word' id='word_1_643' title='bbox 2172 4825 2317 4879; x_wconf 86' lang='lat' dir='ltr'><strong>Patri</strong></span> <span class='ocrx_word' id='word_1_644' title='bbox 2344 4837 2399 4881; x_wconf 90' lang='lat' dir='ltr'><strong>et</strong></span> <span class='ocrx_word' id='word_1_645' title='bbox 2423 4827 2619 4881; x_wconf 86' lang='lat' dir='ltr'><strong>Genitn</strong></span> <span class='ocrx_word' id='word_1_646' title='bbox 2640 4845 2762 4886; x_wconf 89' lang='lat' dir='ltr'><strong>cum</strong></span> <span class='ocrx_word' id='word_1_647' title='bbox 2795 4830 3039 4888; x_wconf 83' lang='lat' dir='ltr'><strong>Flumine</strong></span> <span class='ocrx_word' id='word_1_648' title='bbox 3072 4844 3288 4902; x_wconf 76' lang='lat' dir='ltr'><strong>sancto,</strong></span> 
     </span>
    </p>
   </div>
   <div class='ocr_carea' id='block_1_106' title="bbox 1775 4909 3139 4996">
    <p class='ocr_par' dir='ltr' id='par_1_106' title="bbox 1775 4909 3139 4996">
     <span class='ocr_line' id='line_1_106' title="bbox 1775 4909 3139 4996; baseline 0.01 -33"><span class='ocrx_word' id='word_1_649' title='bbox 1775 4909 2005 4967; x_wconf 82' lang='lat' dir='ltr'><strong>Parcere</strong></span> <span class='ocrx_word' id='word_1_650' title='bbox 2034 4914 2288 4983; x_wconf 88' lang='lat' dir='ltr'><strong>dignetur</strong></span> <span class='ocrx_word' id='word_1_651' title='bbox 2312 4917 2529 4986; x_wconf 86' lang='lat' dir='ltr'><strong>probris</strong></span> <span class='ocrx_word' id='word_1_652' title='bbox 2552 4934 2674 4987; x_wconf 74' lang='lat' dir='ltr'><strong>qua:</strong></span> <span class='ocrx_word' id='word_1_653' title='bbox 2703 4920 2961 4980; x_wconf 88' lang='lat' dir='ltr'><strong>immania</strong></span> <span class='ocrx_word' id='word_1_654' title='bbox 2998 4922 3139 4996; x_wconf 80' lang='lat' dir='ltr'><strong>gessi</strong></span> 
     </span>
    </p>
   </div>
   <div class='ocr_carea' id='block_1_107' title="bbox 1772 5000 3381 5085">
    <p class='ocr_par' dir='ltr' id='par_1_107' title="bbox 1772 5000 3381 5085">
     <span class='ocr_line' id='line_1_107' title="bbox 1772 5000 3381 5085; baseline 0.014 -32"><span class='ocrx_word' id='word_1_655' title='bbox 1772 5000 1827 5056; x_wconf 90' lang='lat' dir='ltr'><strong>lu</strong></span> <span class='ocrx_word' id='word_1_656' title='bbox 1853 5013 2089 5068; x_wconf 83' lang='lat' dir='ltr'><strong>sanctos,</strong></span> <span class='ocrx_word' id='word_1_657' title='bbox 2123 5021 2355 5074; x_wconf 87' lang='lat' dir='ltr'><strong>quorum</strong></span> <span class='ocrx_word' id='word_1_658' title='bbox 2385 5024 2483 5078; x_wconf 86' lang='lat' dir='ltr'><strong>per</strong></span> <span class='ocrx_word' id='word_1_659' title='bbox 2507 5024 2593 5062; x_wconf 86' lang='lat' dir='ltr'><strong>me</strong></span> <span class='ocrx_word' id='word_1_660' title='bbox 2640 5026 2768 5065; x_wconf 85' lang='lat' dir='ltr'><strong>arva</strong></span> <span class='ocrx_word' id='word_1_661' title='bbox 2800 5030 2996 5071; x_wconf 88' lang='lat' dir='ltr'><strong>cruore</strong></span> <span class='ocrx_word' id='word_1_662' title='bbox 3028 5015 3301 5085; x_wconf 84' lang='lat' dir='ltr'><strong>rigantur.</strong></span> <span class='ocrx_word' id='word_1_663' title='bbox 3356 5049 3381 5082; x_wconf 72' lang='grc' dir='ltr'>τ</span> 
     </span>
    </p>
   </div>
   <div class='ocr_carea' id='block_1_108' title="bbox 1770 5089 3105 5162">
    <p class='ocr_par' dir='ltr' id='par_1_108' title="bbox 1770 5089 3105 5162">
     <span class='ocr_line' id='line_1_108' title="bbox 1770 5089 3105 5162; baseline 0.01 -20"><span class='ocrx_word' id='word_1_664' title='bbox 1770 5089 2024 5145; x_wconf 89' lang='lat' dir='ltr'><strong>Cousnmi</strong></span> <span class='ocrx_word' id='word_1_665' title='bbox 2058 5094 2264 5162; x_wconf 86' lang='lat' dir='ltr'><strong>pariter</strong></span> <span class='ocrx_word' id='word_1_666' title='bbox 2286 5093 2519 5152; x_wconf 75' lang='lat' dir='ltr'><strong>llainaiis</strong></span> <span class='ocrx_word' id='word_1_667' title='bbox 2548 5101 2822 5156; x_wconf 90' lang='lat' dir='ltr'><strong>sententia</strong></span> <span class='ocrx_word' id='word_1_668' title='bbox 2864 5105 3105 5159; x_wconf 87' lang='lat' dir='ltr'><strong>mandat.</strong></span> 
     </span>
    </p>
   </div>
   <div class='ocr_carea' id='block_1_109' title="bbox 1774 5181 3209 5262">
    <p class='ocr_par' dir='ltr' id='par_1_109' title="bbox 1774 5181 3209 5262">
     <span class='ocr_line' id='line_1_109' title="bbox 1774 5181 3209 5262; baseline 0.009 -29"><span class='ocrx_word' id='word_1_669' title='bbox 1774 5181 1924 5236; x_wconf 87' lang='lat' dir='ltr'><strong>Ducti</strong></span> <span class='ocrx_word' id='word_1_670' title='bbox 1959 5199 2081 5237; x_wconf 81' lang='lat' dir='ltr'><strong>mox</strong></span> <span class='ocrx_word' id='word_1_671' title='bbox 2116 5196 2243 5238; x_wconf 88' lang='lat' dir='ltr'><strong>ante</strong></span> <span class='ocrx_word' id='word_1_672' title='bbox 2275 5203 2370 5241; x_wconf 90' lang='lat' dir='ltr'><strong>ora</strong></span> <span class='ocrx_word' id='word_1_673' title='bbox 2402 5189 2551 5245; x_wconf 84' lang='lat' dir='ltr'><strong>Jovis</strong></span> <span class='ocrx_word' id='word_1_674' title='bbox 2581 5191 2897 5251; x_wconf 85' lang='lat' dir='ltr'><strong>holocausta</strong></span> <span class='ocrx_word' id='word_1_675' title='bbox 2925 5202 3209 5262; x_wconf 87' lang='lat' dir='ltr'><strong>parantur;</strong></span> 
     </span>
    </p>
   </div>
  </div>
