3888 5330
560 298 666 355 675

546 411 877 484 Martyribus
904 425 1088 465 curam
1120 410 1389 466 celebrem
1419 411 1598 467 fecere
1626 411 1997 467 Decembrem.

622 503 732 559 llos
758 503 938 557 crucis
959 501 1262 570 insequitur
1293 516 1389 571 per
1418 503 1599 557 mttnia
1638 503 1987 558 'I‘ertulianus

545 594 716 661 Quem
747 592 854 646 divi
886 591 1196 661 Stephanus
1219 591 1385 648 fontis
1421 593 1704 662 splendore
1737 603 1985 659 novarat,

546 683 657 738 Nec
684 698 832 737 mora
861 682 1240 754 presbyterum
1273 682 1419 753 larga
1453 684 1692 739 bonitate
1722 692 1987 740 Sacrarat.

542 772 639 827 Cui
670 783 851 828 castos
889 773 1034 827 inter
1069 774 1308 828 monitus
1334 782 1389 829 et
1416 775 1578 829 verba
1612 776 1803 831 salutis

450 912 465 927 ,
540 862 816 918 Caesoruut
852 862 1055 919 Christi
1088 866 1404 935 perquirere
1429 882 1656 936 corpora
1682 866 1864 935 jussit.

543 953 648 1008 Per
686 953 910 1009 biduum
939 956 1113 1010 sacris
1140 956 1231 1009 vix
1262 957 1439 1011 debita
1472 957 1710 1012 soltrerat
1738 958 1872 1023 aris,

542 1044 747 1099 Tentus
769 1055 824 1100 et
847 1061 877 1100 a
905 1044 1089 1101 Marco
1115 1054 1223 1101 stat
1260 1046 1454 1103 ductus
1482 1047 1768 1104 Valeriano
1796 1066 1809 1103 :

541 1134 658 1191 Huc
684 1136 772 1191 ille
796 1145 1078 1192 extensum
1104 1137 1332 1192 mactari
1365 1138 1557 1193 robore
1585 1139 1767 1193 tradit.

548 1226 785 1282 Caeditur
809 1227 1119 1284 acclamans
1147 1245 1161 1282 :
1192 1249 1211 1281 ι
1248 1228 1443 1285 Grates
1474 1230 1569 1285 tibi
1601 1231 1804 1300 pendo,
1836 1231 2068 1304 benigne

540 1315 664 1370 Jesu
702 1316 917 1372 Christe
949 1318 1109 1382 Deus,
1142 1319 1267 1388 quia
1296 1334 1379 1372 me
1407 1334 1512 1372 non
1541 1319 1735 1373 dividis
1765 1319 1947 1383 almis,

544 1407 614 1464 Ut
640 1409 770 1463 mihi
797 1409 909 1480 jam
943 1408 1205 1464 Dominus
1230 1410 1489 1480 jungatur
1515 1408 1814 1479 Olympius,
1845 1420 1967 1466 aeto

540 1498 641 1565 Qui
674 1513 757 1553 me
783 1500 1042 1568 martyrio
1065 1499 1343 1570 praecessit
1373 1500 1440 1554 ad
1462 1500 1570 1554 alta
1600 1501 1924 1569 sequendus.
1961 1519 1979 1553 ι

539 1588 665 1644 Haec
690 1590 813 1643 dum
850 1590 1171 1661 proclamat,
1199 1590 1352 1645 lateri
1382 1592 1708 1645 mandantur
1734 1593 1952 1661 utrique

538 1681 749 1749 Apponi
780 1679 1029 1743 llamnun,
1066 1691 1433 1753 constansque
1460 1696 1521 1736 ea
1550 1681 1705 1737 l.rtus
1733 1690 1785 1736 et
1811 1682 1952 1736 inter
1980 1699 1993 1735 :

544 1791 564 1825 ι
600 1772 807 1827 Matura
836 1775 978 1843 quod
1008 1774 1144 1844 agis,
1176 1774 1359 1837 miser,
1387 1782 1443 1827 ttt
1473 1772 1769 1842 pernicius,
1804 1772 2001 1842 inquit,

538 1862 622 1917 Me
639 1864 740 1919 hoc
753 1863 963 1918 fervore
988 1863 1131 1917 leves
1161 1863 1536 1918 holocaustum
1554 1873 1609 1919 et
1629 1872 1872 1917 aromata
1887 1862 2126 1929 Christo,

537 1952 786 2009 Peecatis
812 1954 1090 2024 gravidum
1123 1953 1267 2018 licet,
1293 1954 1397 2009 huc
1430 1963 1609 2008 tamen
1647 1953 2121 2024 auspicel‘ultum.»

538 2042 747 2097 Invidet
784 2043 871 2097 his
896 2042 1092 2108 lanius,
1120 2041 1319 2106 dill‘crt,
1347 2044 1486 2113 rapit
1512 2042 1725 2112 ignibus
1754 2053 1916 2113 atque

540 2130 732 2186 Tradit
758 2130 1005 2201 Sapricio
1036 2132 1242 2187 trucior
1271 2134 1360 2201 qui
1387 2134 1624 2187 creditus
1657 2133 1805 2202 ipso;

542 2221 723 2277 Rebus
760 2223 809 2277 id
842 2221 929 2279 tlle
958 2224 1171 2293 probat,
1202 2225 1351 2279 saxis
1377 2240 1497 2277 nam
1527 2224 1755 2293 proterit
1778 2240 1894 2290 ora,

542 2311 744 2383 Sicque
769 2314 860 2368 diu
893 2324 1106 2385 torquet
1127 2330 1352 2386 pensum
1385 2317 1735 2386 amhnritque
1757 2326 1984 2371 catasta.

539 2406 757 2477 Ignibus
778 2408 831 2461 in
866 2409 1057 2463 mediis
1085 2408 1270 2463 divino
1298 2418 1445 2464 tutus
1476 2409 1707 2472 honore,

538 2496 809 2553 Praedicat
830 2513 952 2554 esse
975 2498 1143 2554 Deum
1169 2499 1323 2554 caelis
1347 2515 1509 2569 super
1535 2499 1717 2554 omnia
1746 2498 2046 2555 Christum.

540 2588 778 2645 Invictus
800 2592 994 2661 ptenis,
1025 2593 1112 2646 ubi
1148 2591 1317 2646 fertur
1339 2590 1648 2656 Valeriano,

543 2678 663 2734 Mox
691 2681 1075 2750 caputahscidi
1110 2681 1270 2735 celeri
1308 2696 1566 2737 mucrone
1591 2680 1832 2748 jubetnr.

543 2769 801 2826 Termine
827 2771 1105 2841 depositus
1133 2771 1379 2842 jugulum
1409 2772 1545 2842 petit
1566 2773 1771 2825 arthera
1800 2778 2001 2824 sectus.

542 2860 884 2933 Hymnidicis
913 2863 1109 2934 praesul
1138 2862 1443 2934 Stephanus
1480 2854 1623 2917 ld‘cat
1646 2877 1768 2917 ossa
1797 2861 1988 2916 Latina

547 2951 788 3024 Stipatus
817 2955 1004 3011 cuneis
1028 2954 1304 3026 scissaque
1333 2955 1575 3011 recondit
1602 2969 1790 3021 arena,
1846 2999 1862 3012 .

543 3042 841 3115 Presbyter
863 3046 1073 3115 hacque
1096 3045 1266 3101 bonos
1325 3044 1474 3118 (182)
1524 3043 1756 3100 Faustus
1808 3044 2132 3113 Maurusque

1805 3132 1816 3205 |
1833 3133 2054 3203 recepti.

546 3220 720 3287 Tunc,
744 3223 864 3278 aliis
880 3224 1084 3292 septem
1104 3225 1306 3294 junctis
1332 3225 1420 3294 qui
1448 3235 1689 3293 tempore
1715 3225 1769 3279 in
1801 3226 1917 3295 ipso

546 3310 745 3366 Caelica
773 3314 1016 3383 martyrii
1047 3314 1279 3367 subeunt
1309 3314 1605 3383 penetralia
1639 3314 1812 3368 lauro.

547 3402 645 3457 llis
667 3402 903 3457 cinctum
928 3404 1141 3469 studiis,
1172 3406 1366 3460 missas
1388 3406 1455 3459 ad
1481 3406 1637 3459 busta
1666 3406 1881 3474 piorum

543 3492 603 3547 lu
629 3492 896 3563 specubus
925 3493 1233 3558 celebrare,
1265 3510 1450 3551 sacros
1477 3497 1579 3550 huc
1601 3510 1797 3566 cogere
1826 3504 2020 3563 cretus,

543 3583 827 3654 Lyntphati
854 3599 1109 3655 proceres
1146 3585 1477 3657 Stephanum
1525 3586 1589 3640 ad
1634 3594 1899 3640 tormenta
1944 3586 2125 3655 requi-

1204 3736 1206 3739 ,
1883 3678 2054 3751 [runt,

543 3766 851 3841 Militizeque
882 3787 1040 3825 manu
1068 3781 1282 3843 raptum
1317 3782 1559 3839 tenuere,
1585 3772 1784 3843 jugntis

542 3858 793 3915 Pluribus
813 3875 845 3916 e
872 3862 1018 3916 clero
1044 3863 1264 3916 senibus
1297 3862 1525 3933 [illisque
1551 3866 1844 3929 ministris;

542 3947 779 4006 Pmsule
802 3950 1110 4008 Caesareum
1133 3951 1287 4022 jusso
1318 3962 1603 4022 penetrare
1636 3954 1889 4018 tribunal,

2156 1778 2203 1837 B

1303 299 1696 357 FLODOABDI
1737 298 2057 357 CANONICI
2095 295 2445 358 REMENSlS
2483 303 2848 362 OPUSCULA
2889 303 3212 361 METRlCA.
3709 308 3801 362 676

2140 460 2150 470 .
2235 408 2341 468 Sed
2370 415 2486 472 solo
2518 435 2531 472 :
2571 435 2588 468 ι
2625 415 2704 472 Tu
2733 433 2800 472 ne
2835 433 2894 472 es
2937 417 3274 487 Stephanus,
3310 415 3437 473 huic
3470 419 3799 486 Valerianus,

2231 505 2455 562 Publica
2490 509 2705 564 conaris
2732 509 2882 579 regni
2908 509 2998 578 qui
3021 517 3238 564 vertere
3260 509 3406 579 jura,

2231 595 2490 655 Suasibus
2515 609 2570 656 et
2591 600 2773 671 pravis
2797 601 3053 671 populum
3090 602 3420 670 monitisque
3445 601 3697 672 malignis

2226 688 2271 740 A
2300 689 2477 758 patrio
2510 691 2691 745 divum
2717 690 2869 760 Cogis
2907 690 3187 746 discedere
3216 691 3407 745 cultu?

2227 806 2297 816 ——
2325 777 2445 834 Non
2471 780 2742 850 equidem,
2769 779 3016 845 antistes,
3042 782 3188 834 nitor
3210 795 3323 835 rem
3344 788 3563 837 vertere
3581 780 3752 853 regni,

2226 869 2298 922 At
2317 883 2510 924 moneo
2538 858 2929 941 quo,'desertis
2956 870 3048 939 qui
3075 870 3129 924 in
3162 869 3288 925 fana
3316 871 3575 926 coluntur

2230 959 2592 1025 Dtemonibus,
2618 960 2905 1015 Dominum
2928 972 3109 1014 kum
3134 974 3433 1030 verumque
3459 970 3756 1028 renosraat,

2227 1049 2327 1118 Qui
2359 1049 2486 1105 caeli
2508 1059 2775 1120 terraeque
2802 1049 2987 1115 Sator,
3013 1050 3105 1120 qui
3131 1065 3254 1104 cum
3278 1049 3438 1106 Patre
3463 1049 3709 1106 Christus

2227 1139 2488 1195 Flaminis
2509 1152 2565 1194 et
2593 1141 2766 1194 sancti
2793 1140 2994 1196 virtute
3020 1140 3074 1194 in
3106 1139 3301 1196 saecula
3327 1150 3542 1212 regnat,

2227 1233 2304 1289 Ne
2326 1243 2551 1304 pereant
2576 1234 2736 1290 simul
2760 1243 2964 1289 aeterna
2992 1250 3114 1290 cum
3137 1235 3380 1290 dtemoue
3411 1235 3637 1289 ntulcta.
3674 1255 3690 1285 ι

2228 1326 2546 1382 Valerianus
2576 1323 2640 1379 ad
2672 1323 2791 1379 haec
2810 1322 2997 1377 Martis
3022 1324 3279 1393 praecepit
3300 1323 3367 1378 ad
3396 1324 3569 1379 aedem

2227 1413 2382 1470 Hunc
2405 1413 2574 1468 minui
2605 1413 2808 1482 capite,
2839 1410 3069 1482 elligiem
3096 1412 3150 1465 ni
3180 1412 3419 1466 numinis
3444 1421 3585 1467 oret.

2225 1504 2506 1575 Aspiciens
2532 1504 2731 1558 ductus
2755 1503 3017 1557 Mavortia
3043 1503 3166 1555 fana
3197 1503 3389 1558 beatus

2227 1594 2421 1667 Dirigit
2446 1595 2512 1648 ad
2543 1593 2739 1649 cmlum
2770 1593 2920 1648 visus
2940 1600 2996 1648 et
3017 1593 3205 1657 corda,
3235 1592 3536 1647 Tonantem

2228 1682 2323 1739 llis
2368 1698 2596 1755 poscens
2644 1701 2658 1738 :
2711 1700 2731 1736 ι
2786 1682 3016 1739 Domine
3062 1682 3425 1753 omnipotens,
3459 1684 3625 1739 Pater
3663 1684 3796 1741 unica

3499 1775 3736 1848 [Christi,

2230 1862 2330 1930 Qui
2355 1863 2670 1920 destruxisti
2696 1864 2862 1920 variis
2886 1863 3212 1936 Babylonica
3235 1866 3430 1922 turrim
3526 1896 3544 1908 -

2228 1954 2474 2019 Fatibus,
2507 1970 2601 2010 ora
2627 1964 2829 2019 terens,
2855 1954 2956 2011 hoc
2987 1966 3039 2011 tu
3072 1972 3284 2027 quoque
3299 1958 3520 2012 destrue
3546 1957 3738 2021 fanum,

2229 2046 2344 2112 Qua
2371 2044 2691 2116 populorum
2723 2049 2920 2104 animae
2947 2049 3094 2105 cultu
3120 2050 3423 2120 perduntur
3452 2051 3659 2120 iniquo.
3692 2070 3710 2103 ι

2228 2134 2433 2190 Annuit
2454 2134 2809 2205 Omnipotens
2834 2140 2990 2204 votis,
3015 2141 3357 2211 tonitrusque
3385 2139 3603 2211 lragore

2229 2223 2539 2295 Respondet
2565 2226 2816 2296 precibus
2844 2243 3054 2282 summa
3080 2229 3149 2284 de
3181 2228 3324 2284 nube
3344 2244 3674 2293 coruscans,

2229 2313 2478 2368 Fulmina
2501 2314 2799 2380 dissiliunt,
2821 2325 2875 2370 et
2898 2315 3066 2372 Marte
3093 2317 3368 2386 potentior
3388 2319 3563 2374 :edem

2231 2402 2418 2457 Martis
2429 2404 2592 2460 humo
2603 2407 2816 2461 sternit.
2835 2406 3046 2462 Mavors
3059 2406 3367 2464 imbellisad
3382 2408 3684 2481 ista(l85):t
3696 2407 3792 2463 Haec

2231 2493 2497 2549 Panditur
2525 2505 2580 2550 et
2603 2496 2827 2562 Christi,
2856 2497 3004 2554 Jovis
3040 2499 3154 2554 haec
3198 2514 3305 2554 non
3338 2499 3576 2556 fulmina
3601 2510 3738 2555 nutu.
3772 2519 3788 2550 ι

2233 2581 2533 2654 Diffugiunt
2560 2586 2710 2651 lanii,
2740 2602 2849 2642 non
2876 2587 2978 2643 hos
3009 2588 3205 2644 ﬁducia
3238 2590 3430 2646 Martis

2235 2673 2522 2741 Continet;
2557 2676 2700 2732 haud
2730 2677 2884 2741 litlos,
2915 2679 3060 2734 haud
3083 2695 3142 2735 se
3166 2689 3399 2747 tutatur,
3430 2681 3697 2738 alumnos.

2230 2764 2301 2817 At
2333 2764 2468 2820 liber
2499 2766 2589 2835 pia
2614 2783 2768 2823 sacra
2797 2768 2905 2825 Deo
2929 2770 3101 2827 libare
3124 2775 3378 2829 sacerdos

2230 2854 2570 2912 Christisona
2606 2859 2888 2916 exsultans
2913 2862 3047 2929 abit,
3083 2865 3426 2936 atlgaudente
3448 2874 3687 2930 caterva,

2232 2947 2406 3016 Quam
2435 2948 2595 3006 factis
2620 2951 2887 3022 dictisque
2915 2968 3128 3025 regens,
3153 2972 3219 3013 ac
3245 2959 3442 3015 robore
3468 2959 3639 3014 multo

2234 3039 2453 3096 Solatus
2480 3041 2744 3109 solidans,
2769 3045 3025 3115 mysteria
3048 3047 3319 3104 mmnibus
3352 3050 3512 3104 alma:

2157 3125 2202 3187 C
2237 3132 2370 3187 Dttm
2401 3133 2554 3189 ltetus
2587 3135 2827 3191 celebrat
2853 3136 3093 3203 Lucina),
3118 3140 3369 3195 turbidus
3398 3141 3488 3196 ille

2233 3226 2557 3282 Valerianus
2580 3228 2692 3297 agit
2718 3244 2921 3284 cuneos
2957 3237 3013 3284 et
3040 3229 3182 3285 ovile
3216 3231 3466 3301 luporum

2231 3315 2462 3385 Agmine
2493 3315 2755 3382 vallatur,
2788 3317 2983 3383 nescit,
3013 3317 3141 3375 licet
3177 3319 3419 3391 undique
3442 3331 3642 3391 septus,

2233 3404 2427 3460 Pastor
2449 3408 2831 3474 magnanimus
2859 3408 3007 3464 rabie
3034 3409 3312 3479 trepidare
3337 3411 3639 3478 furentum;

2235 3496 2402 3552 Fixus
2426 3505 2479 3552 et
2506 3497 2745 3552 intentus
2768 3498 2964 3562 sacris,
2995 3498 3228 3555 Domino
3249 3500 3493 3571 auspice,
3523 3502 3670 3557 fortis

2234 3589 2647 3660 lmpavidusque
2678 3589 2840 3645 litans
2874 3606 2970 3645 sua
3005 3606 3066 3647 se
3095 3606 3311 3662 quoque
3340 3608 3569 3649 munera
3595 3601 3787 3664 perstat,

2238 3680 2347 3734 Nec
2375 3682 2542 3753 sentit
2565 3681 2784 3736 rabidos
2813 3684 3091 3752 strepitus,
3117 3698 3218 3740 nec
3240 3693 3365 3740 vota
3395 3685 3639 3750 remittit,

2234 3768 2647 3841 lutrepidusqne
2669 3771 2950 3842 libensque
2973 3775 3117 3831 aries
3144 3784 3414 3830 mactatur
3437 3778 3503 3832 ad
3527 3791 3701 3841 aram,

2234 3861 2421 3931 Coepta
2457 3878 2709 3933 sequens.
2758 3864 2915 3922 llunc
2956 3882 3109 3923 sacra
3146 3885 3342 3924 manus
3364 3885 3488 3925 cum
3520 3870 3641 3926 sede
3663 3869 3787 3925 beati

2239 3951 2517 4023 Sanguine
2544 3969 2788 4025 respersa
2814 3958 2987 4027 patris
3010 3974 3139 4015 arce
3173 3961 3419 4016 recondit
3452 3962 3506 4016 in
3533 3960 3659 4033 ipsa.

2010 4103 2239 4171 CAPUT
2286 4108 2348 4162 Il.

1871 4196 1950 4250 De
1975 4208 2159 4262 sancta
2186 4199 2441 4271 Eugenia.

545 4306 781 4362 Carbasa
810 4322 953 4361 nunc
975 4306 1212 4377 zephiris
1239 4307 1570 4374 inflantibus,
1598 4323 1727 4362 arva
1755 4307 1965 4381 Syenes

547 4398 737 4456 Visere
764 4401 1125 4470 Pellaeumqne
1140 4409 1291 4469 juvat
1317 4402 1634 4470 contingere
1662 4402 1833 4466 littus,

548 4490 671 4559 Mox
699 4492 884 4561 rapido
918 4490 1172 4546 Ausonia:
1194 4501 1503 4562 repetamus
1535 4501 1594 4546 ιιι
1621 4493 1763 4546 etlita
1797 4509 1958 4550 cursu
1987 4512 2000 4549 :

545 4580 856 4650 Accipimus
882 4580 1152 4649 siquidem
1180 4579 1284 4636 hoc
1305 4591 1441 4636 testu
1466 4582 1733 4652 praesigne
1767 4584 1954 4637 tulisse

548 4667 793 4741 Martytii
819 4670 984 4725 decus
1006 4670 1323 4741 Eugeniant,
1354 4687 1514 4740 quam
1539 4681 1692 4740 patre
1724 4671 1971 4743 Phil‘ppo

549 4756 711 4813 Urbis
732 4758 1022 4813 Alexandri
1062 4758 1314 4829 praefecto
1342 4760 1565 4830 arvique
1589 4761 1792 4831 Canopi

546 4847 853 4902 JEneadum
877 4864 945 4903 ex
968 4849 1121 4918 apice
1151 4863 1438 4917 procerum
1475 4850 1567 4905 dat
1594 4851 1818 4905 Claudia
1849 4865 2040 4907 mater.

550 4936 687 5002 Quis
716 4935 1003 5004 splendore
1026 4937 1208 4990 nitens
1235 4936 1352 4992 haec
1382 4938 1621 4994 moribus
1651 4938 1812 4995 altior
1835 4955 1957 4996 esse

552 5028 749 5098 Deligit
767 5029 1037 5084 excellens
1060 5039 1214 5084 casto
1236 5031 1452 5099 pietatis
1474 5032 1702 5098 honore,

551 5117 684 5184 Qua:
710 5132 916 5188 pagana
943 5116 1070 5172 licet
1095 5118 1143 5172 vi
1175 5119 1310 5173 casti
1339 5121 1595 5182 numinis,
1625 5122 1731 5176 alta

552 5208 808 5273 Consule,
840 5207 1011 5263 vincla
1035 5207 1191 5264 Proci
1220 5210 1386 5280 geniti
1422 5211 1624 5266 virtute
1649 5214 1953 5281 perhorret,

559 5297 691 5330 nIIIII
725 5297 960 5330 Ol\n'l:lO:L‘
996 5298 1193 5330 nn‘lnno
1223 5300 1334 5330 nun:

996 5298 1193 5330 nnalnno
1223 5300 1365 5330 (IIII-:0
1389 5315 1708 5330 |\nnnnnnnnnn
1731 5318 1955 5330 nan-nn..-

2238 4311 2309 4368 Ut
2333 4327 2544 4368 summo
2573 4311 2715 4382 regis
2743 4311 3078 4368 ﬂammeseat
3103 4329 3291 4370 amore
3316 4315 3535 4388 superni
3560 4333 3575 4372 :

2234 4404 2304 4457 At
2329 4402 2530 4459 Christi
2556 4403 2682 4473 quia
2715 4404 3023 4473 reppulerat
3048 4414 3203 4476 pater
3225 4408 3361 4464 urbe
3382 4408 3606 4465 clientes
3624 4447 3640 4474 ,

2234 4496 2369 4551 Cum
2399 4498 2564 4552 castis
2591 4498 2754 4554 sociis
2774 4500 3052 4570 castisque
3080 4501 3393 4569 sodalibus,
3424 4503 3587 4557 altum

2238 4587 2360 4642 Alta
2391 4604 2623 4658 sequens
2647 4590 2873 4644 rimatur
2902 4590 3024 4651 iter.
3054 4591 3221 4648 Proto
3242 4602 3406 4663 atque
3431 4591 3729 4665 Hyacinthe,

2158 4719 2208 4781 Β
2234 4678 2413 4732 Ardua
2441 4694 2550 4748 quo
2576 4679 2754 4735 valeat
2776 4679 2982 4736 montis
3013 4693 3123 4736 tam
3150 4685 3417 4740 scandere
3445 4686 3593 4740 celsi.

2313 4769 2493 4825 Mente
2514 4770 2636 4841 polo
2659 4771 2846 4842 illapsa
2879 4783 3093 4842 patrem
3118 4775 3255 4844 petit
3278 4791 3409 4831 arva
3438 4776 3635 4836 videre,

2238 4858 2448 4916 Praedia
2474 4860 2793 4917 collustrare
2819 4862 2987 4928 sinat,
3006 4861 3301 4932 jocundior
3329 4867 3435 4921 isto

2240 4948 2440 5004 intuitu
2476 4962 2535 5005 ιιι
2562 4952 2749 5007 redeat
2782 4968 2971 5008 menso
3001 4954 3242 5023 regionis
3275 4970 3512 5012 amomo.

2240 5040 2394 5095 Cedit
2420 5041 2488 5095 ad
2518 5042 2631 5097 haec
2659 5043 2891 5112 genitor,
2917 5045 3252 5116 comitesque
3283 5047 3490 5103 haerere
3518 5044 3685 5103 ﬁdeles

2244 5130 2502 5204 lnjungit,
2529 5134 2803 5190 dominam
2827 5137 2979 5191 salvo
2999 5139 3224 5193 ductare
3246 5141 3473 5210 pudore,

2243 5222 2395 5290 Quae,
2421 5223 2572 5279 Pauli
2599 5225 2959 5282 instrumenta
2986 5227 3172 5298 legens
3200 5230 3328 5283 dum
3361 5228 3535 5285 fertur
3565 5230 3613 5284 in
3637 5238 3784 5296 agros,
