3888 5330
108 281 212 333 G77

109 390 459 449 Curriculum
486 386 574 443 illa
597 384 752 457 jubet
775 384 1096 449 consistere,
1120 381 1365 449 clamque
1387 379 1601 435 sodales

111 480 459 540 Conveniens
490 498 503 534 :
540 497 557 531 ι
600 477 835 548 Sephico
863 484 1077 530 constat
1106 488 1201 529 vos
1223 473 1476 540 dogmate
1500 469 1698 530 claros,

114 572 448 640 Sudatisque
473 567 747 623 hominum
774 579 985 619 mecum
1017 561 1282 633 permulta
1307 558 1570 614 studendo

114 663 317 733 Digna,
344 659 564 729 indigna
595 655 733 710 dolis
759 661 989 722 astuque
1012 659 1222 721 reperta
1251 657 1520 713 catorum,

116 753 364 820 Sernpea
394 745 700 802 Aristotelis
729 742 872 798 docti
901 750 1114 795 versuta
1141 739 1417 808 sephistae,

118 842 343 896 Sectam
373 838 726 907 Epicuream,
746 832 870 887 miri
903 832 1152 901 tigmcnta
1175 827 1414 883 Platonis
1435 867 1450 890 ,

117 933 434 987 Socraticos
462 928 696 984 monitus
717 923 967 979 etStoica
993 921 1122 990 quid
1145 920 1286 989 legat
1305 935 1423 982 ora,

117 1024 279 1093 Quod
304 1034 551 1093 sparsere
579 1016 754 1088 sopiti,
790 1013 934 1084 quod
960 1020 1247 1067 cantavere
1270 1017 1462 1080 poetzr,

118 1116 351 1170 Pellitur
376 1113 477 1167 hac
502 1110 606 1164 odo
632 1105 834 1162 Christi
861 1118 967 1173 qua
992 1103 1182 1158 concio
1210 1101 1423 1171 gaudet.

119 1205 434 1275 Accipimus
458 1199 588 1255 nihil
610 1212 727 1253 esse
749 1196 900 1258 deos,
929 1192 1088 1249 simul
1120 1191 1302 1247 omnia
1337 1204 1475 1242 vana

124 1295 367 1352 Numina
392 1289 664 1359 responsis
685 1295 997 1341 sanctorum
1019 1281 1351 1337 addiscimus
1380 1278 1519 1348 aptis
1545 1294 1558 1329 :

125 1384 338 1440 Divinis
365 1382 528 1452 igitur
552 1375 879 1433 credendum
906 1380 962 1429 et
994 1387 1124 1428 vera
1150 1370 1403 1435 tenenda,

124 1477 188 1532 Ni
221 1474 396 1545 magis
416 1472 653 1529 oblectat
674 1476 884 1524 mentes
905 1480 1001 1537 per
1024 1463 1156 1519 falsa
1183 1462 1383 1534 perire.

126 1572 198 1623 At
234 1565 453 1636 sapiens
477 1561 749 1631 sapienter
778 1564 905 1629 agat
932 1556 1111 1622 decet,
1139 1552 1305 1622 impia
1333 1548 1536 1605 sanctis

129 1659 414 1726 Segreget,
440 1650 667 1706 utilibus
692 1652 950 1719 properet
970 1657 1255 1700 secernere
1286 1641 1464 1710 inepta

128 1746 367 1804 Iustitiae
388 1757 658 1801 summam
680 1742 872 1798 subeat
897 1754 1005 1809 quo
1034 1736 1252 1792 tramite
1279 1739 1507 1804 qumrat.
1542 1749 1562 1782 ι

130 1840 270 1895 Dum
298 1838 432 1893 serit
458 1836 575 1891 haec
607 1834 772 1890 sociis
801 1830 1030 1887 rationis
1056 1829 1110 1883 in
1140 1841 1293 1889 arva,
1323 1832 1587 1894 parantur

131 1929 311 1986 Corda
333 1928 496 1983 trium
526 1927 728 1981 celsam
752 1926 831 1979 ire
853 1923 1015 1985 viam,
1039 1920 1183 1991 parit
1208 1917 1408 1973 innuba
1438 1915 1573 1970 casti

131 2019 432 2076 Consilium
459 2018 567 2072 voti
595 2034 608 2071 :
637 2015 837 2086 pariter
858 2021 1040 2083 petere
1066 2011 1204 2064 alma
1227 2007 1366 2063 beati

130 2108 302 2165 Tecta
330 2107 522 2164 Heleni
553 2106 707 2174 cujus
735 2102 1044 2176 praestantia
1071 2100 1210 2154 facta
1243 2099 1506 2161 nitebant,

136 2203 397 2257 Restituit
422 2201 598 2254 visum
621 2197 779 2252 caecis
805 2205 859 2250 et
887 2194 1127 2248 dzrmoue
1155 2191 1327 2259 captis

141 2292 332 2347 Sobria
359 2291 547 2353 corda,
578 2286 836 2342 adhibens
867 2283 1221 2338 medicamina
1261 2279 1416 2350 plura
1457 2292 1519 2346 gr
1542 2276 1714 2329 .vatis.

134 2382 288 2438 Hunc
312 2381 443 2451 quia
476 2393 630 2435 sacra
664 2376 756 2431 Dei
783 2374 1132 2429 meditantem
1163 2369 1399 2425 invisere
1422 2368 1549 2421 null.
1572 2408 1585 2427 ,

137 2473 322 2528 Sancti
351 2482 443 2526 aut
466 2478 617 2541 septa
641 2468 788 2524 senis
813 2465 1021 2520 licitum
1049 2471 1331 2533 penetrare
1356 2458 1565 2531 puellm,

137 2563 408 2617 Robustos
436 2552 649 2615 animos
682 2557 869 2612 habitu
900 2554 1161 2624 insignire
1190 2551 1330 2606 virili
1391 2567 1395 2570 '

136 2652 298 2723 Virgo
320 2650 474 2721 legit,
506 2663 677 2704 vacua
709 2647 914 2719 ignaris
943 2634 1134 2699 lectica
1160 2644 1409 2707 vehatur,

139 2740 206 2796 Ut
229 2740 456 2810 reliquis
482 2738 754 2794 dominam
779 2735 882 2789 ﬁde
913 2733 1239 2789 comitentur
1266 2729 1489 2784 alumni.

140 2832 207 2886 At
234 2839 529 2902 reparatur
556 2829 750 2894 honos,
777 2834 965 2897 arguta
991 2825 1205 2893 incepta
1231 2830 1495 2892 geruntur
1519 2841 1531 2874 :

144 2921 277 2975 Tres
296 2928 461 2974 caute
481 2916 614 2973 socii
643 2916 908 2970 mundana
940 2913 1179 2985 pericula
1203 2921 1452 2978 tranant;

143 3007 345 3064 Pmsul
383 3006 540 3062 adest
562 3005 749 3059 laudes
772 3003 982 3058 cinctus
1031 3003 1287 3057 reboante
1319 3009 1560 3063 caterva;

74 3082 87 3091 ’
145 3099 230 3154 Fit
245 3100 339 3153 via
362 3108 522 3151 vecta
552 3096 679 3167 piis,
704 3102 1014 3149 sanctorum
1038 3092 1142 3147 iter
1171 3105 1331 3146 omne
1355 3100 1604 3161 paratur;

145 3188 700 3258 Suscipiuntjuvenes
723 3185 900 3239 divina
924 3182 1143 3238 oracula
1172 3182 1299 3250 laeti,

144 3281 570 3351 Auspiciumque
594 3278 693 3330 vim
718 3276 953 3344 rogitant
978 3275 1042 3329 de
1068 3273 1293 3343 praesule
1322 3270 1551 3342 plebem,

145 3372 543 3444 Axipiuntque
567 3378 767 3439 troprca
799 3368 900 3421 viri
937 3367 1027 3435 qui
1056 3365 1310 3436 parvulus
1336 3364 1464 3419 olim

146 3464 374 3520 lmmuni
404 3470 622 3516 vectare
647 3459 767 3514 sinu
793 3457 1136 3513 consueverit
1163 3457 1339 3525 ignem

146 3554 481 3623 Cereamque
509 3566 724 3621 magum
752 3548 980 3603 ﬂammis
1005 3547 1271 3602 exemerit
1302 3545 1502 3615 algeas.

148 3645 283 3701 Tres
308 3660 369 3700 se
401 3643 552 3714 virgo
582 3650 735 3696 notat
763 3639 961 3694 fratres
986 3639 1051 3692 ad
1084 3654 1237 3693 sacra
1262 3636 1451 3691 venire

148 3735 368 3798 Christi.
400 3734 636 3807 postulat
664 3733 782 3789 haec
813 3730 927 3785 ﬁeri
959 3744 1171 3800 quoque
1203 3738 1326 3782 nota
1362 3726 1519 3781 beato

149 3828 476 3886 Prmmonito
501 3828 554 3882 in
577 3826 784 3881 somnis
806 3823 973 3896 patri,
1009 3823 1290 3891 signantur
1316 3821 1525 3874 adesse.

148 3919 239 3976 Ille
266 3933 440 3991 genus
461 3929 766 3985 nomenque
793 3927 986 3983 rogans
1005 3911 1146 3980 capit
1173 3910 1303 3963 urbe
1330 3908 1587 3975 Quirites.

150 4011 557 4078 Germanosque
586 4010 766 4071 domo,
793 4007 885 4062 dat
911 4000 1127 4059 nomina
1158 4004 1311 4073 virgo
1339 4004 1588 4066 duorum,

154 4101 222 4158 Se
250 4100 559 4170 Eugenium
595 4110 900 4151 memorans
928 4094 1191 4149 secretius
1224 4108 1344 4148 esse
1371 4094 1665 4163 prehen..os
1721 4080 1727 4089 ’

152 4194 465 4264 Agnoscunt
490 4203 570 4255 se,
597 4188 991 4259 praepositoque
1015 4180 1233 4239 t'uanere
1252 4184 1508 4255 jubeutur

155 4283 583 4351 Sacranturque,
609 4279 1044 4348 monasterioque
1072 4275 1336 4346 almisque
1361 4276 1651 4345 iugantur;

156 4375 402 4433 Solamen
433 4375 675 4445 capiunt,
703 4371 998 4427 certamina
1025 4383 1251 4440 quaeque
1272 4368 1502 4438 gerenda

156 4466 414 4525 Prtedocti
441 4481 472 4520 a
498 4474 708 4531 Sancto,
740 4464 824 4518 cui
849 4472 1045 4518 cuncta
1074 4461 1371 4517 recluserat
1398 4471 1611 4516 auctor.

218 4558 287 4613 At
310 4564 531 4613 temone
555 4554 658 4610 levi
688 4568 965 4623 vacuoque
990 4553 1221 4605 abeunte
1247 4550 1446 4605 veredo
1495 4598 1499 4605 ,

156 4646 237 4705 Fit
261 4648 499 4719 gemitus
523 4645 719 4719 populo
744 4653 922 4699 tantos
947 4643 1132 4714 lugere
1155 4650 1407 4712 parentes
1445 4670 1449 4679 ι

160 4741 421 4795 Amissum
446 4737 687 4793 sobolem
713 4746 823 4791 tam
846 4750 973 4791 caro
1002 4735 1223 4804 pignore
1245 4741 1453 4803 captos.

163 4829 450 4887 Discutitur
472 4828 639 4900 regio,
670 4827 797 4892 vici,
828 4842 1073 4888 nemora,
1106 4824 1320 4895 Oppida,
1354 4833 1599 4889 montes;

163 4922 407 4991 Delphica
437 4921 727 4985 scitantur,
756 4932 926 4971 vanus
956 4917 1223 4986 rogitatur
1252 4930 1513 4983 aruspex;

162 5012 249 5070 Dis
283 5021 432 5084 rapta
462 5013 724 5068 asseritur
745 5011 977 5079 cwlique
1002 5018 1215 5080 recepta
1246 5009 1499 5075 remotis;

163 5102 404 5160 Creditur
425 5106 651 5162 obscure
679 5103 827 5174 quod
859 5112 980 5173 post
1010 5103 1262 5157 credatur
1287 5113 1511 5171 aperte..

164 5191 263 5248 Dat
285 5206 437 5264 pater
465 5193 689 5266 eﬂigietu
719 5194 899 5248 divam
929 5192 1028 5246 sibi
1053 5193 1277 5248 collocat
1299 5207 1451 5259 auro,

166 5280 448 5330 Contentus
474 5286 708 5330 partitam
739 5296 869 5330 eam
900 5297 1155 5330 nensasse
1187 5281 1417 5330 metallo.

666 273 774 328 'DE
801 270 1075 328 CHRISTI
1098 240 1483 327 TRIUMPIIIS
1518 266 1703 323 APUD
1741 262 2019 319 ITALIAM
2058 261 2237 318 LliiRl
2273 260 2408 317 XlV.
2451 260 2668 317 -Llfl.
2712 260 2776 317 V.

3261 240 3381 306 .678

1735 393 1777 449 Α
1807 375 1940 430 Bina
1968 374 2062 430 Dei
2091 376 2219 430 bino
2245 374 2345 429 sibi
2375 382 2696 430 testamenta
2723 374 2822 429 sub
2847 387 3010 427 anno.

1801 465 1913 519 Nec
1941 465 2099 520 modo
2124 465 2361 520 nescitur
2384 464 2601 530 mulier,
2631 463 2889 519 sectanda
2917 461 3156 518 virorum

1802 556 1936 622 Quis
1961 555 2071 625 agit
2096 555 2347 626 egregiis,
2375 570 2537 624 quam
2567 556 2902 625 virginitate,
2928 556 3132 624 pudore

1802 645 1858 700 lu
1888 645 2144 717 pnecelsa
2174 645 2354 700 ferens
2383 646 2603 701 humilis
2632 646 2850 701 dilectio
2874 647 3081 713 ductat,

1806 736 2078 791 Laudibus
2101 736 2155 790 in
2187 736 2419 801 Domini,
2448 737 2720 806 precibus,
2752 738 2985 807 pietate,
3010 747 3321 794 vacantem.

1806 827 1869 881 At
1900 828 2062 898 prisci
2089 828 2319 883 comites
2345 827 2661 899 dignissima
2688 818 2838 900 gesta
2864 840 3151 900 sequentes

1810 916 1867 970 In
1901 916 2112 971 cunctis
2140 918 2369 972 domina:
2395 926 2650 989 satagunt
2679 933 2871 988 parere
2894 920 3084 975 beatae.

1810 1005 1935 1061 lltec
1962 1006 2015 1061 in
2039 1016 2162 1063 vota
2188 1006 2330 1062 datis
2350 1007 2466 1077 jam
2496 1010 2652 1065 tertia
2680 1010 2913 1064 volvitur
2943 1021 3102 1067 testas

1810 1099 2189 1169 Emeritusque
2221 1100 2324 1155 loci
2352 1110 2506 1168 pater
2537 1100 2642 1155 alta
2670 1102 2736 1155 ad
2767 1103 2987 1172 prmmia
3017 1104 3230 1169 transit,

1811 1190 2072 1261 Quodque
2103 1191 2155 1245 iu
2187 1206 2245 1245 se
2279 1192 2473 1245 melius
2501 1192 2718 1248 sibimet
2750 1209 3063 1263 pra-ponere
3088 1195 3296 1252 cunctis

1812 1279 2147 1351 Complacet,
2177 1281 2584 1352 Eugeniumque
2613 1282 2798 1353 legunt
2817 1324 2831 1347 ,
2858 1283 2985 1341 licet
3013 1286 3122 1340 ima
3163 1300 3403 1357 sequen-

2064 1388 2073 1391 ‘
3172 1374 3329 1448 [tem,

1815 1458 2032 1514 Nisibns
2057 1468 2111 1515 et
2142 1461 2265 1515 totis
2293 1460 2584 1529 fugientem
2610 1478 2825 1519 sumere
2850 1462 3045 1519 fastus.

1816 1550 2056 1605 Tandem
2084 1551 2411 1622 evangelicis
2434 1568 2629 1623 parens
2655 1554 2917 1609 instructa
2943 1555 3168 1625 prolatis

1816 1641 2038 1697 Culmen
2064 1658 2232 1714 prona
2260 1644 2403 1699 subit
2434 1646 2653 1700 monitis
2679 1646 2883 1701 servire
2905 1650 3159 1713 subacta;

1742 1742 1791 1803 Β
1821 1729 2045 1786 Subdita
2077 1731 2369 1802 prmlicitur
2397 1733 2554 1803 quasi
2581 1736 2793 1788 servula
2827 1744 3044 1790 trannte
3073 1735 3296 1791 Christi.

1819 1821 1935 1877 Non
1958 1825 2294 1889 dominetur;
2326 1834 2377 1878 at
2412 1836 2468 1879 ut
2498 1827 2709 1881 cunctis
2742 1826 3001 1882 inserviat
3032 1844 3171 1894 una,

1816 1912 2002 1966 Inﬁma
2030 1914 2347 1981 pnecelleus
2385 1917 2583 1970 renitet
2604 1916 2843 1986 subjecta
2871 1920 3153 1986 ministris,

1818 2000 2018 2055 Ultima
2045 2002 2302 2072 subjectis
2330 2006 2497 2058 servit
2524 2006 2734 2061 servire
2763 2010 2996 2077 paratis;

1816 2090 2033 2145 lnterna
2064 2102 2289 2146 externa
2311 2108 2397 2161 tne
2429 2095 2608 2151 studet
2634 2111 2956 2151 succurrere
2992 2115 3151 2165 cura;

1817 2179 2092 2236 Laudibus
2121 2183 2174 2237 in
2204 2183 2416 2238 Domini
2447 2201 2661 2257 semper
2683 2184 2957 2258 iussisque
2978 2190 3230 2260 supernis

1822 2271 2030 2338 Degere
2057 2288 2177 2328 cum
2210 2276 2371 2330 sociis
2403 2278 2548 2331 omni
2580 2279 2779 2335 virtute
2805 2280 3047 2349 laborat;

1819 2364 2031 2420 Crescit
2059 2375 2115 2420 et
2144 2367 2194 2419 in
2226 2368 2378 2421 miris
2405 2368 2585 2422 animo
2616 2370 2879 2424 mirabilis
2903 2372 3032 2426 olim

1827 2455 2107 2512 Dmmonas
2141 2458 2366 2527 imperio
2396 2461 2676 2528 perturbat
2702 2462 2920 2517 sedibus
2950 2472 3131 2530 actos;

1826 2545 2049 2600 Lninina
2084 2548 2301 2618 pupillis
2323 2565 2591 2604 caecorum
2625 2551 2857 2607 infundit
2882 2555 3108 2623 apertis,

1825 2636 1985 2691 Plura
2016 2654 2209 2709 gerens
2236 2654 2464 2709 quorum
2498 2640 2604 2697 late
2631 2643 2891 2713 respergit
2913 2644 3157 2700 odorem.

1824 2727 2101 2781 Accedunt
2128 2728 2282 2783 multi
2308 2744 2462 2784 vario
2494 2729 2755 2803 languore
2788 2732 2955 2788 levari
2983 2751 2996 2788 :

1827 2816 2091 2873 Febrihus
2113 2830 2233 2874 acta
2264 2819 2353 2875 diu
2382 2822 2628 2892 quaedam
2658 2822 2907 2879 Melantia
2943 2826 3111 2892 venit,
3204 2814 3210 2821 ’

1828 2907 1958 2976 Quae
1980 2925 2102 2964 mox
2132 2911 2417 2966 incolumis
2447 2912 2666 2983 depulsa
2695 2924 2847 2984 peste
2874 2919 3130 2982 recessit;

1831 2997 2049 3053 Munera
2078 3011 2133 3053 at
2163 3000 2254 3055 illa
2280 3012 2438 3071 parat
2460 3004 2739 3059 medicinae
2764 3008 2997 3077 pendere
3023 3010 3163 3064 dono
3186 3028 3199 3063 :

1755 3106 1798 3164 (ς
1832 3087 1995 3143 Mittit
2022 3090 2188 3158 gurda
2218 3093 2450 3162 scyphos
2479 3092 2663 3147 solidis
2688 3111 2929 3164 auroque
2958 3096 3208 3167 repletos.

1834 3176 2058 3247 Respuit
2084 3179 2198 3234 hanc
2231 3181 2441 3256 Domini
2471 3198 2712 3253 praesago
2744 3182 2957 3240 ﬂamine
2980 3186 3167 3255 plena,

1832 3267 1909 3323 Ac
1932 3269 2089 3339 jubet
2118 3271 2352 3342 indignis
2386 3268 2608 3340 tribuat,
2644 3278 3011 3332 marcentibus
3040 3280 3220 3335 addat.

1902 3358 1970 3411 At
2001 3369 2187 3414 contra
2211 3362 2361 3416 dirus
2390 3364 2745 3419 medicamina
2770 3381 3024 3437 prospera
3055 3384 3278 3441 serpens

1833 3445 1992 3501 'l'etra
2022 3462 2226 3502 venena
2257 3452 2466 3520 coquit,
2500 3452 2757 3508 salvatam
2783 3471 3010 3525 corpore
3041 3469 3221 3513 mente

1832 3536 2063 3593 Perdere
2089 3540 2448 3609 prteeipitans,
2481 3558 2614 3612 Opus
2642 3545 2936 3599 obscurare
2963 3548 3274 3618 benignum,

1833 3630 1888 3684 In
1914 3631 2049 3684 bona
2072 3648 2176 3685 non
2206 3641 2460 3702 reputans
2481 3636 2755 3690 Christum
2782 3638 2918 3690 mala
2940 3650 3149 3695 vertere
3171 3654 3417 3708 suetum,

1833 3720 1967 3775 Nam
1990 3733 2179 3777 sanata
2208 3724 2541 3780 salutiferam
2567 3728 2691 3781 dum
2718 3728 2906 3783 sedula
2933 3730 3095 3796 visit,

1832 3814 2118 3869 Assultans
2149 3816 2254 3869 alio
2284 3818 2494 3886 rapitur
2522 3817 2784 3890 languore
2812 3819 3031 3887 luroris,

1837 3903 2226 3974 Egregiamque
2260 3914 2416 3960 tuens
2455 3905 2685 3962 formam
2718 3921 2902 3980 aptum
2945 3912 3119 3981 spirat
3154 3913 3427 3987 ephtbtun

1833 3993 2144 4062 Pellicibus,
2176 4011 2427 4066 cmcoque
2456 3999 2762 4054 miserrima
2786 4002 3028 4070 carpitur
3053 4003 3175 4076 igne
3202 4050 3215 4056 -

1835 4085 1951 4151 Quo
1976 4086 2149 4154 pressi
2175 4086 2376 4156 plures.
2403 4087 2633 4144 Pretibsi
2664 4090 2920 4159 ponderis
2944 4090 3102 4147 offert
3232 4160 3235 4163 Α

1838 4175 1983 4229 Dona
2014 4168 2184 4231 le'vem
2218 4178 2431 4247 spirans
2462 4179 2701 4234 animum
2733 4182 2833 4238 bac
2860 4184 3066 4239 vincire
3089 4193 3279 4240 catena
3306 4227 3320 4252 ,

1836 4266 2027 4322 Omnia
2061 4269 2148 4322 cui
2181 4285 2377 4338 supero
2405 4285 2635 4326 cernens
2665 4273 2887 4327 sordere
2915 4273 3121 4344 vigore,

1840 4360 2028 4416 Uritur
2064 4362 2189 4416 hinc
2210 4363 2430 4434 gravius
2459 4363 2725 4435 furiisque
2758 4366 2958 4436 agitata
2991 4367 3216 4422 recludit

1762 4449 1813 4507 D
1837 4452 2008 4520 Quem
2039 4454 2177 4508 male
2204 4455 2517 4523 concipiens
2541 4455 3067 4517 animo,conl‘overat
3092 4467 3319 4530 aestum;

1842 4545 1951 4602 Nec
1976 4545 2203 4601 sutierre
2226 4545 2414 4599 valens
2445 4554 2623 4599 tantos
2648 4548 2909 4601 secretius
2938 4548 3107 4616 ignes,

1842 4636 2040 4692 Pandit
2069 4645 2256 4707 operta
2285 4635 2409 4689 sinu
2439 4643 2656 4689 vastare
2684 4636 2928 4691 incendia
2962 4644 3174 4690 vestes:

1836 4727 2156 4783 Produutur
2177 4725 2442 4791 llammze;
2471 4726 2685 4796 juvenis
2710 4734 2962 4781 censetur
2992 4726 3134 4781 inani

1837 4818 2084 4889 Frugalis
2110 4817 2252 4872 cultu
2279 4817 2455 4872 macie
2486 4818 2760 4873 tabescere
2788 4832 2952 4885 vana,

1842 4910 2066 4981 Accepti
2097 4909 2308 4965 decoris
2327 4910 2628 4979 juvenilem
2657 4910 2885 4983 perdere
2913 4913 3126 4976 ﬂorem,

1845 5003 1957 5059 Ceu
1988 5003 2172 5059 tristes
2200 5003 2342 5058 Deus
2370 5001 2624 5073 accipiat,
2658 5002 2817 5059 modo
2843 5008 3038 5075 gaudia
3067 5005 3264 5061 charos

1848 5094 2176 5149 Temnentes
2206 5094 2401 5148 habeat
2453 5094 2845 5151 delectamenta
2872 5111 3100 5165 perosos

1847 5185 2094 5259 Colligat,
2122 5193 2215 5238 aut
2243 5184 2528 5240 hominum
2554 5185 2887 5242 cruciatibus
2924 5189 3063 5243 altor
3088 5184 3266 5239 alatur
3290 5229 3311 5256 ,

1850 5276 2187 5330 Ingratisaue
2217 5275 2473 5330 tributori
2506 5275 2671 5330 vilcre
2704 5276 2929 5330 tributa:
