3888 5330
93 170 193 226 63!
692 171 782 227 DE
818 169 1092 228 ClllllSTl
1131 171 1509 230 TRIUIPHIS
1533 172 1572 227 Α

1781 171 2025 227 l‘ALIAM
2060 170 2238 228 LIBRI
2269 170 2407 256 xiv.
2440 201 2509 213 —
2534 172 2661 228 Lis.
2693 171 2756 228 ν.
3262 175 3368 230 oss

90 285 336 354 Fraude,
360 286 506 345 viros
531 300 548 343 :
572 286 829 343 simulant
856 287 1053 349 socios.
1082 296 1372 343 comuntur
1392 287 1548 341 ovlna

92 379 245 434 Pelle
274 380 406 451 lupi,
436 378 710 451 celerique
744 379 874 434 dato
913 380 1197 434 conamine
1226 378 1425 443 fructu,

92 470 200 537 Qui
230 473 451 527 veniant
475 472 735 542 pandunt,
767 470 1023 542 precibus
1050 471 1302 541 votisque
1328 480 1610 525 vacantem

93 557 416 615 Percntinnt
446 559 660 616 Patrem
690 560 924 632 vestigia
962 560 1083 615 diva
1108 570 1450 629 sequentem.

91 650 161 705 At
190 653 418 723 populus
448 651 668 709 monitis
697 662 956 717 structus,
983 651 1278 706 virtutibus
1303 661 1513 715 auctus,

93 742 195 809 Qui
226 759 326 813 per
354 759 478 798 eum
509 747 670 800 ctecis
699 744 875 799 visum
917 744 1192 813 larvisqne
1234 744 1505 814 repulsam

95 834 322 889 Viderat
352 834 540 890 inferri
563 877 579 901 ,
619 836 836 906 stringit
873 836 1148 905 traditque
1181 833 1421 889 latrones

94 923 323 980 Latroni
355 940 372 979 :
409 927 547 996 gerit
578 927 664 981 ille
690 942 818 983 suos
848 927 1159 983 sinuamine
1198 943 1400 993 mores,

98 1016 282 1086 thue
308 1032 430 1073 reos
460 1020 628 1089 capit,
657 1027 717 1074 nt
747 1028 933 1091 gratos
973 1019 1202 1074 dimittit
1238 1020 1465 1076 amicos.

94 1102 349 1180 Hartyris
369 1123 491 1163 ossa
526 1111 915 1166 monasterium
950 1111 1094 1181 quod
1120 1111 1271 1182 virgo
1299 1118 1521 1181 pararat

96 1196 231 1252 Filia
261 1199 568 1270 virginibus
605 1200 825 1271 recipit,
869 1216 977 1273 quo
1003 1200 1230 1256 Claudia
1261 1212 1437 1258 mater

95 1286 428 1357 Pauperibus
454 1288 721 1359 fessisque
750 1290 835 1345 via
866 1292 951 1361 pia
980 1291 1201 1346 domata
1232 1293 1442 1360 condit,

97 1374 301 1431 Praedia
333 1376 563 1449 delegat,
590 1378 766 1450 dignis
788 1395 876 1436 res
900 1381 1088 1437 usibus
1129 1392 1300 1453 aptat.

97 1466 190 1524 llis
220 1468 292 1523 ita
317 1470 614 1539 dispositis,
648 1471 875 1527 Romam
909 1474 1114 1529 natalia
1142 1490 1307 1546 regna

97 1558 227 1614 Cum
258 1562 433 1630 gnatis
461 1563 657 1631 repetit
690 1565 912 1619 robusta
937 1574 993 1619 et
1022 1566 1232 1637 virgine
1261 1576 1441 1638 gnata.

99 1650 340 1707 Pnrfccti
376 1655 588 1723 genitus
615 1655 763 1725 capit
791 1655 1151 1725 applaudente
1183 1667 1405 1713 senatus

100 1743 330 1812 Lzetitia,
369 1747 533 1802 claris
561 1758 616 1802 et
639 1748 942 1803 honoribus
971 1747 1136 1803 afficit
1159 1758 1386 1814 auctos;

99 1833 406 1891 Candidulis
432 1852 633 1893 ornare
659 1838 751 1893 Dei
778 1840 866 1894 hic
891 1854 1108 1910 quoque
1137 1840 1359 1896 floribus
1381 1840 1559 1895 aulam

101 1924 344 1995 Undique
364 1927 607 1983 collectis
628 1945 735 1983 non
760 1939 938 1984 cessat
968 1930 1120 2001 virgo
1148 1930 1344 1997 virilis,

102 2013 341 2086 Dumque
369 2017 502 2072 serit
526 2018 710 2073 nitidis
737 2019 1021 2074 candentia
1047 2018 1157 2073 lilia
1192 2020 1377 2086 sertis,

105 2104 373 2176 Sanguine
395 2108 564 2179 regali
599 2109 811 2165 accedit
838 2109 1061 2165 Bassilla
1087 2110 1358 2176 renidens,

101 2198 220 2265 Quae
248 2198 460 2254 fructus
485 2215 731 2270 respersa
758 2201 847 2269 pie
871 2199 1171 2270 fragrantis
1196 2203 1364 2256 odore

100 2289 221 2344 Tam
250 2290 429 2346 dulcis
452 2293 568 2346 visu
600 2292 812 2348 decoris
842 2292 1074 2364 flagrare
1101 2295 1261 2349 beato
1412 2287 1419 2295 ’

102 2382 303 2451 Cmpit;
339 2391 395 2437 at
424 2384 645 2437 obsistit
668 2384 881 2439 diversa
915 2384 1179 2454 professio
1205 2384 1404 2441 Christi
1436 2403 1452 2453 ;

102 2469 197 2525 Sed
226 2481 381 2540 rogat
413 2472 619 2526 institui
650 2473 794 2529 cultu
823 2483 931 2528 tam
962 2490 1127 2531 suave
1156 2475 1395 2531 reflantis

102 2559 359 2630 Nectaris,
389 2563 601 2620 allectis
627 2565 1140 2631 intercurrentibus,
1165 2583 1319 2621 orsns

103 2650 325 2709 Hascela
355 2655 506 2726 virgo
536 2655 724 2711 hilaris
752 2665 997 2711 votorum
1039 2671 1259 2711 munere
1286 2666 1461 2724 notos,

104 2747 300 2804 Affatur
326 2751 577 2815 comites,
599 2750 808 2823 accingi
828 2751 893 2806 ad
910 2752 1033 2821 jura
1065 2751 1228 2805 duelli

104 2835 310 2893 Mandat
335 2839 657 2906 honoriferi,
681 2841 930 2896 condicta
957 2840 1023 2895 ad
1054 2841 1234 2895 munia
1268 2840 1429 2896 tradit

103 2924 371 2983 Par-clara:
412 2930 528 2983 lucc
558 2928 786 2983 Domino
824 2928 1015 2983 danda:
1038 2944 1134 2999 per
1160 2929 1301 2985 dona
1330 2928 1537 2999 puellm.

106 3017 331 3089 Suscipit
359 3019 448 3073 illa
483 3020 632 3074 velut
672 3019 928 3083 famulos,
962 3028 1249 3073 veneratur
1279 3029 1337 3073 ut
1365 3020 1458 3074 alti

102 3118 318 3180 Legatos
339 3110 553 3167 Domini
590 3126 711 3166 cum
750 3111 906 3181 queis
931 3110 998 3165 ad
1030 3124 1183 3165 sacra
1212 3109 1450 3180 supremi

105 3201 261 3259 docte
292 3205 488 3276 dieque
514 3219 716 3260 vacans
743 3204 923 3260 cultus
967 3214 1193 3260 ornatur
1221 3205 1409 3259 herilis

104 3297 422 3355 Culminibus
448 3298 681 3366 decoris,
710 3308 1011 3369 sanctoque
1039 3298 1107 3353 ad
1133 3306 1320 3353 sancta
1348 3306 1543 3352 vocato

105 3386 378 3444 Periicitur
407 3406 543 3461 papa
581 3391 812 3461 divaque
845 3389 1151 3445 renascitur
1189 3390 1361 3454 unda;

106 3480 232 3535 Lilia
261 3491 465 3536 secreto
489 3480 605 3550 jam
635 3483 832 3551 smpius
863 3481 983 3535 alba
1010 3478 1273 3550 jugaulur
1304 3494 1318 3533 :

111 3570 341 3644 Iungitur
369 3574 623 3646 Engenia:
644 3573 869 3645 pulchro
896 3572 1122 3627 Bassilla
1153 3572 1384 3639 decore,

108 3661 316 3719 λειεωο
344 3665 524 3734 potius
550 3663 807 3734 Splendor
836 3661 1054 3717 radiare
1080 3662 1278 3727 nitore,

109 3752 435 3823 Virgineique
458 3752 609 3808 chori
639 3751 797 3808 celsa:
827 3764 1191 3822 approperare
1226 3751 1505 3823 magistrae

110 3845 190 3899 Fit
215 3846 340 3901 clari
364 3855 540 3902 costus
566 3846 797 3910 decoris,
832 3842 1126 3916 fragrantia
1154 3842 1262 3897 late

112 3938 397 4014 Spargitur,
425 3951 587 4012 atque
613 3940 719 4011 poli
750 3939 1003 4009 przeceisa
1040 3937 1239 4008 palatia
1272 3935 1461 4007 replet,

114 4030 251 4086 Unde
273 4034 480 4088 micans
505 4031 643 4086 lucis
672 4029 833 4086 rutilo
863 4027 1070 4101 fulgore
1096 4035 1368 4083 coruscat.

113 4120 304 4177 Emicat
330 4122 470 4177 alma
500 4121 699 4176 ducum
735 4127 1026 4190 penetrans
1056 4117 1268 4171 interna
1300 4114 1552 4182 duorum,

113 4214 273 4284 Atque
296 4226 531 4270 :cternus
559 4214 733 4270 bonos
760 4221 964 4267 aeterno
991 4209 1195 4265 lumine
1219 4208 1426 4280 gliscit;

112 4303 349 4361 Alterutri
375 4305 591 4362 comitis
622 4304 682 4360 lit
706 4304 951 4375 proxima
979 4310 1104 4356 nota
1136 4315 1359 4356 corona.

113 4396 298 4455 interea
328 4400 582 4472 Eugenia:
612 4397 767 4453 lactis
793 4398 919 4451 dum
949 4410 1073 4450 rore
1099 4396 1342 4465 rigantur

115 4484 325 4544 illustres
350 4493 563 4561 genitte,
599 4486 777 4542 mellis
801 4485 1025 4540 Bassilla
1054 4485 1267 4540 cibatur

115 4576 318 4636 Nectare
345 4583 596 4652 depacto.
629 4578 940 4634 Produntur
968 4584 1117 4647 gesta
1147 4574 1317 4631 sodali

118 4670 358 4742 Pompeio,
386 4652 517 4746 qui:
533 4673 763 4729 sollicita
796 4674 922 4728 dum
963 4680 1143 4726 mente
1173 4669 1401 4740 requirit

122 4760 324 4832 Virginis
349 4763 667 4836 alloquium,
702 4760 761 4817 fit
785 4763 1035 4819 onustior
1065 4776 1159 4817 ore
1188 4767 1382 4829 negato

117 4851 332 4913 Pondere
356 4858 610 4926 fervoris,
643 4873 898 4929 caecoque
924 4855 1228 4912 incenditur
1254 4853 1414 4922 igne:

120 4943 316 5003 Fatibus
340 4951 569 5006 eximias
599 4958 791 5021 gregat
820 4948 1127 5018 allegatque
1156 4944 1382 5015 puellas.

118 5035 235 5103 Qua:
258 5040 407 5097 simul
431 5044 648 5098 ambitte
671 5041 939 5098 dcbcllent
959 5050 1175 5110 pectora
1206 5044 1409 5107 pactae;

120 5124 224 5193 Illa,
246 5132 383 5188 velut
405 5132 572 5188 turris
600 5131 872 5188 constanti
902 5130 1093 5185 robore
1118 5135 1252 5193 tnta,

121 5214 311 5288 Spicula
344 5224 506 5281 missa
533 5225 659 5280 terit
680 5222 843 5279 nullis
868 5235 1088 5277 cessura
1112 5218 1416 5289 pharetris;

121 5306 237 5330 n__2__
366 5315 401 5330 ο.
430 5317 443 5330 1
534 5314 590 5330 ,οι
738 5313 754 5330 ι
804 5320 975 5330 __..__-_
1044 5328 1051 5330 _
1088 5308 1305 5330 I'..2-_---
1340 5318 1446 5330 --.Α

1721 295 1767 354 Α
1798 283 2027 341 Tollitur
2051 285 2105 341 in
2133 285 2281 345 diros
2298 286 2512 357 juvenis
2538 302 2765 343 rancore
2789 288 3020 357 furores,

1789 375 1898 433 Nec
1924 377 2073 448 piget
2098 377 2355 448 Augustis
2379 379 2603 434 miseras
2635 379 2847 449 plorare
2868 388 3148 451 querelas;

1786 468 2043 524 Cernitur
2066 480 2159 523 ant
2183 483 2441 539 sponsum
2470 469 2682 525 tandem
2712 470 2933 526 Bassilla
2965 481 3228 540 resumat,

1785 560 1893 614 Aut
1916 559 2160 632 jugulum
2189 576 2453 632 spernens
2477 560 2656 631 legum
2681 562 2949 633 dependat
2977 564 3200 629 honori;

1787 649 2082 722 Eugeniam
2109 649 2194 706 vel
2221 652 2531 706 numinibus
2555 667 2708 707 saera
2738 654 2973 721 pandere
2993 653 3193 723 jussis,

1788 742 1883 805 Vel
1914 743 2087 813 subigi
2115 743 2290 813 poenis
2317 752 2373 798 et
2397 744 2568 799 atroci
2599 756 2776 800 morte
2804 747 3003 816 perire.
3163 808 3169 813 _

1858 834 2081 889 Diversa
2112 843 2401 905 assurgunt
2429 845 2714 891 ventorum
2741 835 2962 895 ﬂamina
2988 840 3126 896 turri

1786 926 2027 982 Robusto
2055 926 2252 982 innixae
2275 927 2471 998 lapidi;
2497 928 2719 985 Bassilla
2748 929 2952 987 relictis

1787 1017 2050 1073 Suasibus
2077 1017 2380 1086 appetitur,
2407 1017 2636 1072 diversae
2663 1018 3023 1087 conditiones,

1785 1109 2014 1173 Elates,
2041 1122 2222 1172 sexus,
2252 1108 2404 1163 varia
2432 1108 2789 1165 instrumenta
2819 1109 3086 1177 laborum,
3316 1170 3317 1173 η

1786 1200 2032 1255 Machina
2064 1200 2207 1256 nulla
2234 1200 2408 1265 valet;
2440 1199 2656 1256 Christo
2687 1203 2803 1256 lucc
2826 1201 3010 1258 effulta
3039 1204 3244 1260 resistit

1787 1294 2011 1348 immoto
2037 1292 2250 1348 cunctis
2274 1291 2474 1356 animo,
2500 1307 2865 1362 sponsnmque
2895 1309 2997 1349 nec
3022 1308 3153 1349 aure

1786 1384 1847 1440 Ni
1876 1385 2151 1441 Christum
2177 1383 2439 1447 admittit,
2466 1384 2551 1438 cui
2582 1370 2801 1453 pectora
2833 1384 2936 1437 lida
2969 1394 3232 1441 reservat.

1784 1474 1882 1529 Ast
1909 1473 1997 1528 ubi
2031 1482 2108 1528 tot
2129 1473 2326 1528 nimbis
2349 1471 2651 1541 jaculnrmn
2684 1472 2879 1528 invicta
2907 1475 3197 1545 probatur,

1783 1562 2008 1619 Furtivo
2035 1568 2308 1633 appetitur
2334 1565 2458 1617 dum
2488 1563 2578 1617 lux
2607 1562 2802 1620 natalis
2827 1574 3073 1634 apertum

1709 1655 1753 1713 Β
1786 1653 2030 1710 Decutiat
2053 1653 2278 1717 ferrum.
2304 1654 2467 1723 inque
2492 1654 2787 1709 domestica
2814 1664 2965 1724 septa
2995 1656 3324 1727 triumphum

1782 1745 1925 1800 Ense
1952 1746 2118 1815 capit,
2153 1755 2418 1814 terraeque
2443 1744 2566 1815 polo
2602 1746 2883 1816 permittat
2908 1746 3189 1804 honorem.

1782 1836 1902 1891 Mox
1932 1836 2106 1891 sancti
2130 1835 2362 1891 comites
2386 1836 2562 1905 digna;
2590 1837 2677 1906 pia
2703 1837 2842 1892 dona
2870 1838 3146 1907 magistra:

1777 1927 2099 1999 Captantur,
2126 1928 2358 1984 domina:
2381 1926 2653 1983 velluntur
2681 1927 2904 1998 pignere
2932 1937 3127 1997 macta:

1781 2020 1847 2075 Et
1871 2020 2124 2090 despecta
2156 2019 2222 2073 ad
2250 2018 2373 2074 fana
2400 2018 2655 2090 Iovisque
2681 2020 2970 2075 tralnmtur
2994 2021 3061 2076 ad
3086 2035 3232 2079 aras.

1782 2113 1917 2168 llinc
1946 2113 2057 2184 regi
2090 2127 2286 2182 supero
2314 2114 2438 2167 dum
2466 2120 2586 2167 vota
2614 2114 2853 2184 patentia
2880 2115 3059 2183 legant

1776 2206 2003 2262 Labitur
2028 2215 2152 2261 ante
2180 2206 2345 2275 pedes
2367 2215 2519 2261 actus
2542 2206 2743 2262 virtute
2778 2222 3013 2277 supema

1778 2295 1879 2363 Qui
1908 2296 2038 2350 deus
2065 2295 2208 2348 orari
2230 2295 2380 2349 cultu
2406 2293 2691 2349 mandatur
2716 2296 2925 2365 iniquo,

1779 2376 2021 2443 Solvitur
2046 2386 2099 2441 in
2131 2385 2341 2441 cineres
2371 2384 2652 2456 pulvisque
2677 2386 2943 2456 probatur
2967 2389 3165 2446 inanis.

1776 2479 1951 2536 Corde
1979 2479 2079 2534 sub
2106 2479 2338 2534 obscuro
2370 2477 2611 2534 Nicetius
2636 2479 2844 2535 artibus
2875 2480 3019 2535 istud

1777 2571 2007 2641 Deputat
2028 2571 2306 2633 athraeiis,
2344 2570 2681 2641 victoresque
2712 2584 2842 2626 ense
2866 2570 3069 2626 recisos

1777 2662 1963 2733 Regna
1992 2662 2385 2731 triumphantes
2411 2661 2479 2716 ab
2507 2676 2681 2730 agone
2708 2662 2775 2716 ad
2804 2659 2989 2717 ctelica
3018 2661 3205 2718 mittit.
3278 2702 3285 2709 ο

1848 2753 1984 2807 Tum
2015 2752 2148 2822 petit
2181 2751 2473 2820 Eugeniam
2499 2751 2817 2823 religatque,
2846 2750 3103 2824 efﬂagitat
3131 2763 3274 2809 artes

1775 2842 2116 2898 Christicolas
2147 2842 2346 2912 quibus
2376 2841 2536 2896 innisi
2564 2842 2938 2914 magicamque
2964 2844 3195 2911 revelet;

1773 2932 1868 2986 Illa
1896 2932 1990 2986 Dei
2018 2931 2214 2985 summi
2243 2931 2512 3000 prrcconia
2540 2933 2767 3003 mystica
2795 2931 2988 2999 libans,

1700 3009 1746 3070 (ἶ
1778 3024 2043 3079 Prsedicat
2072 3023 2184 3079 haec
2209 3020 2565 3079 Zoroastrteis
2591 3024 2799 3095 potiora
2832 3023 3040 3096 figuris.

1781 3116 1944 3183 Qneis
1966 3115 2210 3184 stupidus
2236 3116 2581 3186 mentemque
2605 3116 2757 3186 nigra
2778 3116 3009 3185 caligine
3026 3124 3224 3184 tectus,

1780 3207 1931 3262 lianc
1963 3204 2251 3276 praefectus
2277 3205 2360 3277 agi
2390 3204 2485 3260 dat
2510 3204 2815 3262 Venatrieis
2843 3206 2911 3262 ad
2937 3220 3091 3265 aram

1779 3298 2186 3369 Trunearique,
2214 3298 2328 3353 deae
2355 3297 2439 3353 vel
2468 3298 2778 3367 sacrificare
2805 3298 3013 3355 Dianae.

1777 3388 1871 3442 illa
1890 3401 2093 3457 preces
2121 3388 2260 3442 creto
2289 3387 2415 3441 dum
2445 3387 2627 3459 dirigit
2664 3397 2791 3441 ante
2819 3388 3077 3443 sacellum

1784 3479 1997 3535 Delubri
2028 3479 2208 3533 tremit
2234 3478 2341 3531 ima
2364 3478 2589 3532 vibrans
2614 3476 2927 3532 fundamina
2960 3479 3150 3546 tellus,

1780 3570 1889 3625 Nec
1914 3569 2111 3641 gentile
2142 3582 2356 3623 sacrum
2386 3569 2709 3623 venerandae
2744 3568 2810 3622 ad
2840 3569 3004 3624 verba
3032 3571 3222 3640 puellae

1775 3664 1941 3718 Stare
1966 3661 2174 3727 valens,
2208 3660 2497 3731 splendore
2522 3661 2671 3716 velut
2702 3661 3015 3719 dissolvitur
3040 3667 3255 3734 umbra,
3294 3680 3295 3685 ‘

1777 3756 2162 3829 Cyclopeaeque
2189 3762 2352 3809 ruunt
2374 3753 2591 3809 fabrica:
2616 3754 2770 3824 quasi
2797 3755 2910 3812 sole
2931 3754 3142 3813 favillas.
3204 3770 3209 3773 '

1781 3851 2058 3908 Acclamat
2081 3848 2307 3920 populus
2334 3857 2611 3913 sanctam;
2638 3862 2767 3918 pars
2791 3849 3019 3918 nequior
3047 3858 3218 3905 atram

1778 3941 2025 3998 infremit
2052 3955 2173 3996 esse
2203 3954 2414 4011 magam
2442 3956 2454 3994 :
2491 3954 2627 3993 saxo
2652 3939 2734 3994 sic
2755 3939 2893 3994 colla
2917 3938 3139 4007 jubetur

1782 4031 1971 4087 Pressa
2003 4029 2117 4085 dari
2147 4027 2324 4084 ilnvio.
2363 4027 2470 4084 Sed
2499 4043 2602 4083 non
2634 4028 2946 4099 immergier
2969 4031 3128 4087 undis

1782 4120 2160 4190 Terrestrique
2187 4118 2327 4173 valet
2355 4117 2592 4174 caelestis
2617 4118 2856 4188 pondere
2880 4118 3079 4174 subdi:

1779 4211 2025 4267 Solvitur
2052 4219 2108 4265 at
2135 4223 2330 4281 supera
2366 4224 2665 4279 saxumque
2694 4208 2947 4265 avellitur
2973 4208 3082 4266 alta

1787 4304 1845 4358 Vi
1876 4301 2203 4366 Salvzztoris;
2234 4300 2440 4372 regitur
2467 4301 2728 4356 secretius
2753 4309 2915 4372 atque

1708 4363 1756 4422 υ
1786 4393 2008 4465 Navigio
2036 4363 2228 4446 victrix
2260 4363 2440 4462 agitur
2464 4405 2626 4460 super
2652 4363 2869 4462 mquora
2904 4392 3056 4460 divo;

1782 4488 2021 4555 Qumque
2045 4497 2236 4538 manus
2262 4480 2478 4535 Petrum
2507 4482 2779 4550 quondam
2806 4496 2905 4551 per
2932 4482 3126 4537 caerula
3152 4485 3316 4551 rexit,

1784 4578 2080 4648 Engeniam
2111 4574 2296 4645 rapido
2323 4573 2489 4628 lateat
2517 4587 2585 4627 ne
2617 4574 2824 4643 gurgite
2852 4574 3021 4628 vexit.

1779 4669 2063 4723 Clauditur
2093 4664 2277 4735 ignitis
2306 4662 2458 4734 virgo
2485 4662 2839 4716 invictissima
2872 4661 3122 4725 thermis;

1782 4758 1892 4814 Sed
1920 4754 2132 4827 fugiunt
2155 4753 2407 4817 flammat,
2433 4759 2660 4808 cunctus
2683 4749 2993 4822 defungitur
3015 4748 3207 4816 ardor;

1783 4848 2140 4916 Admissaque
2166 4844 2339 4914 magis
2364 4842 2614 4900 fornaees
2642 4842 2857 4912 virgine
2891 4842 3086 4915 frigent

1780 4939 1958 5009 Quam
1988 4936 2205 4993 nivibus
2227 4935 2380 5005 lapso
2410 4934 2610 4990 arctois
2636 4934 2683 4990 si
2706 4931 2930 5011 ﬂumine
2953 4944 3174 5004 pressa.

1780 5035 2002 5108 ignibus
2027 5030 2325 5101 absumptis
2353 5029 2740 5099 debellatisque
2760 5028 3013 5091 caminis.

1780 5126 1997 5198 Accipit
2023 5122 2279 5178 immunis
2305 5120 2592 5178 tenebrosa
2617 5119 2894 5189 ergastula
2921 5118 3133 5181 victrix,

1783 5216 2012 5274 Lumine
2038 5214 2272 5270 discluso
2297 5211 2479 5269 multis
2505 5224 2739 5280 escaqne
2763 5209 2984 5275 diebus;

1835 5318 1851 5330 ι
1877 5325 1935 5330 ..-
1954 5318 2086 5330 ,ιη-..ρ-
2116 5306 2327 5330 ξηιΑ-.-.ι
2355 5302 2585 5330 Ληιιῗι-ηιιι
2618 5302 2795 5330 rdinum:
2827 5300 3117 5330 ιιιῖηιιηίηιη
