3888 5330
541 269 644 328 683

538 389 738 447 Visitat
767 395 822 447 et
846 388 1009 446 lldam
1032 387 1282 446 Christus
1309 391 1513 447 solatur
1543 390 1793 457 amicam,

536 481 910 553 Ethereoque
929 481 1348 539 cibat‘dilectam
1377 499 1518 556 pane
1539 482 1818 549 clientem,

536 576 761 646 Quoque
787 574 888 632 sibi
920 574 1091 632 societ
1116 574 1352 630 thalamo
1381 590 1542 645 super
1564 584 1708 630 astra
1741 575 1943 631 revelat

533 664 880 736 lnstituitque
906 664 1049 720 diem
1076 680 1177 733 qua
1208 662 1367 719 terris
1391 665 1565 719 editus
1592 664 1719 720 olint

533 756 754 828 Virgine
780 754 1021 826 virginea
1055 755 1204 810 venit
1229 745 1465 827 gaudere
1496 756 1711 811 marita.

530 847 756 904 Fatibus
780 847 1021 902 immotis
1047 856 1154 902 stat
1183 847 1496 918 pollicitatio
1524 849 1697 917 regis;

531 939 870 1010 Decretaque
896 939 983 994 die
1002 937 1158 1006 iusso
1186 948 1442 994 mucrbne
1469 939 1683 994 satelles

529 1030 796 1088 Horridus
825 1039 1169 1101 approperat,
1204 1030 1453 1101 ferroque
1479 1031 1545 1085 ad
1575 1045 1737 1099 regna
1767 1030 1958 1100 puella!

531 1122 733 1178 Pandit
758 1123 894 1187 iter;
923 1121 1116 1177 cmlum
1148 1121 1235 1175 illa
1266 1122 1399 1191 petit
1428 1121 1785 1192 gaudentibus
1806 1120 1943 1177 anlte

530 1211 824 1283 Spiritibus
856 1227 1095 1281 superae,
1123 1227 1228 1281 qua
1255 1212 1417 1267 missa
1446 1212 1534 1267 die
1560 1226 1707 1267 mera
1735 1220 1893 1266 terra:

528 1303 647 1359 Lux
675 1315 825 1358 ortus
848 1303 1131 1373 splendore
1160 1304 1240 1357 sui
1271 1302 1624 1373 psallentibus
1649 1303 1836 1357 aethra:

526 1395 850 1465 Agminibus
878 1409 1101 1449 summae
1124 1394 1351 1469 divoque
1377 1395 1610 1464 aspersit
1638 1396 1864 1449 honore.

528 1483 772 1554 Virginis
795 1483 995 1554 egregii
1026 1483 1237 1537 thecam
1268 1498 1495 1561 rapuere
1518 1483 1829 1553 propinqui,

526 1576 637 1632 Nec
658 1575 847 1646 procul
875 1574 1008 1629 urbe
1030 1574 1114 1630 ‘via
1146 1577 1364 1646 proprie
1392 1589 1623 1645 posuere
1648 1573 1842 1629 Latina

527 1665 740 1737 Cespite
762 1674 1073 1722 sanctorum
1108 1666 1288 1720 multis
1318 1680 1425 1734 quo
1452 1667 1608 1720 busta
1639 1674 1877 1735 pararat.

525 1754 689 1824 Cujus
715 1754 782 1810 ad
808 1754 1096 1824 exsequias
1117 1754 1262 1825 luget
1288 1754 1413 1808 dum
1443 1752 1664 1808 Claudia
1705 1762 1896 1817 mater,

523 1845 699 1901 Gnata
734 1846 839 1916 piis
864 1846 1119 1900 comitata
1140 1846 1323 1900 choris
1347 1843 1607 1900 solamina
1634 1843 1835 1909 defert;

519 1935 774 1994 Vestibus
799 1944 854 1991 et
873 1935 1038 1991 rutilo
1067 1936 1271 1992 auratis
1298 1951 1418 2007 quae
1442 1944 1655 2004 compta
1684 1935 1861 1990 nitore

520 2027 785 2085 Laatitiam
815 2028 970 2084 matri
996 2042 1356 2098 mansuraque
1384 2026 1575 2100 gaudia
1600 2034 1815 2097 portat;

1246 270 1634 345 FLODOABDI
1662 271 1983 331 canorum

2186 274 2375 333 ΕἱΝὸΙὸ
2406 274 2767 334 OPUSCL'LA
2804 276 3128 338 METIUCA.
3686 284 3768 345 εδδ

2146 396 2194 455 Α
2225 372 2543 463 imperitans
2576 394 2808 464 gaudere
2836 395 2999 452 simul
3026 397 3315 468 proditque
3340 407 3615 472 receptam

2226 479 2387 536 Lucis
2413 496 2472 537 se
2500 482 2768 549 thalamis,
2798 494 3109 541 sanctorum
3138 495 3291 556 patre
3316 498 3541 546 senatus

2226 571 2457 626 Sedibus
2482 573 2736 644 applicito
2765 575 2976 646 superis
3005 577 3252 648 apicique
3281 581 3543 648 perenni;

2229 660 2632 732 Designansque
2659 665 2801 720 diem
2824 682 2929 737 qua
2953 667 3025 722 sit
3046 668 3281 737 petitura
3306 671 3555 740 polorum

2225 750 2362 808 Pace
2386 755 2492 824 pia,
2523 756 2743 811 mandat
2773 758 2937 813 decus
2964 774 3245 815 asservare
3271 776 3568 833 supernum

2222 844 2527 902 Admoneat
2558 847 2753 905 fratres
2778 865 2912 920 quos
2938 854 3113 922 possit
3133 853 3336 909 habere
3361 855 3591 910 sodales.

2220 934 2335 991 Lux
2369 939 2607 994 monitus
2635 942 2893 997 comitata
2924 943 3090 998 micat
3115 943 3402 1016 splendore
3428 946 3660 1003 caducas

2219 1025 2564 1097 Exsuperans
2610 1030 2881 1100 nimioque
2912 1032 3176 1089 hebetans
3205 1034 3506 1090 vibramine
3531 1037 3695 1094 visus.

2218 1112 2498 1171 leicohe
2525 1133 2647 1173 cum
2678 1118 2797 1174 luce
2825 1120 2935 1175 Deo
2965 1122 3327 1178 modulamina
3352 1124 3499 1180 ferre

2224 1202 2464 1262 Vocibus
2488 1208 2662 1263 auditi
2684 1209 2915 1276 melicis,
2950 1227 3053 1266 nec
3077 1213 3146 1266 ab
3176 1228 3271 1268 ore
3300 1213 3537 1270 ferendis

2218 1294 2456 1358 Mortali.
2486 1297 2732 1360 Christus
2761 1309 3077 1372 tantumque
3100 1313 3156 1356 et
3181 1302 3416 1373 Spiritus
3440 1303 3617 1360 almus

2215 1385 2515 1458 Accipitur.
2547 1390 2810 1462 Regressa
2838 1391 3059 1446 domum
3090 1392 3181 1446 dat
3208 1392 3431 1449 Claudia
3462 1395 3642 1467 gnatis

2217 1478 2472 1534 Sollicita:-
2501 1478 2728 1534 fratrum
2755 1480 3000 1536 caelestia
3020 1480 3173 1549 jnssa
3202 1485 3425 1550 sororis,

2212 1567 2391 1638 Atque
2413 1569 2501 1625 die
2525 1580 2746 1626 ostensa
2776 1570 2919 1626 caelo
2946 1571 3176 1628 frnitura
3203 1574 3427 1629 recedit.

2213 1656 2384 1723 Quam
2415 1661 2610 1730 genita:
2637 1661 2806 1730 geniti
2831 1662 3126 1726 associant,
3157 1662 3327 1734 legata
3361 1662 3550 1718 fideles

2141 1753 2183 1812 Β
2212 1748 2368 1804 .lnssa
2395 1750 2581 1805 colunt
2607 1753 2863 1822 dignique
2886 1753 3135 1824 polorum
3166 1768 3390 1809 munere
3420 1755 3637 1821 vivunt;

2215 1840 2496 1913 Lucraque
2517 1855 2773 1900 curantes
2794 1846 3073 1916 acquirere
3097 1846 3230 1901 ditia
3253 1845 3495 1912 Christo,

2213 1929 2415 1987 Damna
2445 1941 2642 2003 parant
2669 1933 2865 2001 Erebo,
2895 1936 3216 1992 densissima
3242 1935 3427 1992 fenora
3455 1935 3595 1992 ccelo

1951 2183 2178 2253 tam
2219 2193 2302 2248 tu.

1743 2301 1818 2356 De
1845 2304 2042 2358 sanctis
2068 2302 2275 2374 [lamna
2302 2312 2350 2357 et
2381 2298 2650 2356 Secunda.

515 2457 783 2517 numnam
805 2455 911 2511 hoc
931 2450 1071 2509 bello
1093 2448 1334 2522 capimus
1358 2432 1669 2520 pariterque
1701 2447 2009 2506 Secundam

513 2553 700 2623 Regna
726 2549 1005 2603 hominum
1031 2543 1226 2600 vicisse
1249 2542 1323 2613 pii
1349 2540 1559 2613 fulgore
1583 2541 1861 2612 triumphi,

511 2646 824 2714 Desponsos
853 2652 1081 2711 quarum
1107 2635 1294 2691 cuneis
1319 2634 1621 2689 desciscere
1645 2632 1847 2688 Christi

514 2736 759 2793 Pessima
786 2731 886 2789 sub
913 2728 1088 2785 dubiis
1114 2725 1368 2781 monitrix
1404 2724 1635 2779 formido
1665 2725 1860 2792 coegit.

510 2827 651 2882 llinc
681 2822 905 2879 infensas
932 2818 1129 2873 animis
1155 2824 1439 2885 pactorum
1468 2813 1673 2868 fmdera
1700 2819 1945 2866 temnunt

508 2920 874 2989 Degenerum,
907 2919 1201 2980 turpesque
1223 2906 1413 2978 legunt
1435 2905 1608 2959 vitare
1640 2903 1873 2959 sodales.

504 3007 832 3066 Praediolum
859 3015 1126 3076 aggressa:
1156 2998 1267 3055 voti
1296 2997 1511 3063 solatia,
1541 3011 1791 3066 magnam

504 3100 755 3157 Nobilius
780 3097 948 3154 multo
983 3096 1278 3151 decernunt
1306 3091 1550 3160 linquere
1579 3088 1828 3153 Romam,

511 3189 893 3258 Sublimesque
927 3183 1147 3240 humilis
1175 3185 1276 3237 sub
1310 3182 1489 3239 culmo
1517 3181 1714 3252 degere
1739 3180 1866 3235 tecti

506 3284 714 3338 Aurato
749 3293 942 3336 mersat
965 3292 1127 3347 quam
1165 3274 1401 3330 culmine
1439 3275 1491 3328 in
1533 3275 1668 3328 urbe
1707 3288 1944 3328 manere.

510 3375 809 3446 Explorsnt
832 3378 1189 3440 releguntque
1214 3367 1399 3457 fugam
1423 3366 1608 3422 comiti
1637 3367 1943 3422 Archisilao

506 3466 695 3523 Eversi
734 3471 789 3520 et
826 3476 1046 3519 causam
1086 3458 1245 3523 socii,
1286 3458 1378 3528 qui
1413 3472 1566 3513 more
1601 3458 1880 3513 columbas

2205 2450 2511 2519 Quaesitor:
2556 2468 2577 2503 ς
2605 2449 2787 2514 ἰδίη-ες,
2811 2447 3055 2506 insanior
3088 2464 3206 2507 esse
3242 2464 3452 2506 sorore.
3482 2455 3505 2505 ὀ

2203 2541 2296 2596 Illa
2322 2561 2336 2597 :
2367 2559 2388 2593 t
2429 2540 2539 2596 Nec
2572 2541 2761 2596 insana
2788 2551 2872 2597 est
2900 2557 3072 2609 soror,
3100 2542 3244 2597 haud
3269 2543 3515 2597 insanior
3541 2542 3675 2612 ipsa;

2207 2634 2409 2690 Christi
2435 2635 2529 2689 sed
2551 2634 2699 2689 cultu
2728 2633 2939 2688 Domini
2969 2635 3342 2689 connectimur
3366 2638 3567 2701 ambae;

2202 2725 2459 2797 Congrnit
2483 2736 2537 2780 et
2556 2726 2762 2797 pariter
2790 2726 2920 2781 credi
2944 2741 3076 2795 quas
3105 2726 3261 2795 culpa
3286 2726 3414 2798 ligat
3443 2716 3546 2796 par

2201 2816 2319 2884 Quo
2346 2818 2504 2871 simul
2536 2832 2796 2871 ornentur
2822 2816 3023 2873 Christi
3055 2828 3113 2871 ut
3145 2817 3307 2871 simul
3331 2817 3473 2870 alma
3499 2816 3760 2872 fatemur.»

2201 2905 2400 2977 Sicque
2426 2907 2584 2963 tidem
2616 2917 2863 2978 prompta
2887 2921 3140 2977 superam
3169 2906 3296 2962 dum
3332 2908 3491 2962 laude
3513 2919 3761 2971 retentat,

2200 2998 2387 3055 Tradit
2410 3014 2503 3055 eas
2527 3000 2790 3064 tenebris,
2817 2998 3135 3068 fumumque
3165 2997 3461 3068 limumque
3489 3000 3741 3053 ministrat

2197 3090 2477 3161 Improbus
2506 3103 2765 3146 exactor:
2806 3090 2900 3145 sed
2932 3101 3177 3144 aromata
3209 3099 3456 3146 stercore
3489 3098 3706 3161 surgunt

2198 3182 2558 3253 Nectareique
2586 3183 2736 3238 locus
2762 3180 2891 3237 ﬂatu
2919 3180 3161 3253 repletur
3179 3181 3394 3248 odoris;

2122 3261 2166 3326 C
2198 3274 2444 3330 Vincitur
2465 3278 2754 3331 obscurum
2784 3275 2957 3332 rutila:
2984 3277 3284 3332 vibramine
3310 3277 3470 3333 lucis.

2197 3366 2333 3422 Tum
2356 3367 2523 3437 iussa:
2552 3368 2675 3423 inde
2702 3370 2816 3438 rapi
2842 3370 3177 3439 thermisque
3198 3369 3517 3424 ardentibus
3548 3368 3652 3424 indi

2196 3459 2330 3517 Dum
2369 3460 2529 3517 simul
2566 3473 2771 3517 enectze
2804 3453 2907 3517 hoc
2946 3461 3098 3517 missi
3136 3460 3351 3517 fervore
3384 3471 3641 3533 putantur
3704 3454 3709 3459 ’

502 3553 794 3626 Aceipitris
827 3551 1093 3621 sequitur,
1129 3548 1520 3618 volucrumque
1550 3547 1808 3602 advectus
1830 3560 2094 3618 equorum
2191 3550 2432 3622 Corpora
2472 3553 2565 3624 qui
2608 3553 2813 3615 tollant,
2855 3547 2952 3608 sed
2989 3566 3173 3623 pressa
3216 3552 3465 3610 incendia
3503 3559 3716 3609 cernunt

503 3645 773 3717 Praecipiti
809 3642 1025 3714 prendit
1062 3639 1334 3711 fugientes
1359 3638 1575 3709 agmine
1602 3636 1821 3703 nidum;

505 3741 655 3807 Quas
692 3750 955 3794 revocans
991 3730 1157 3789 Urbts
1189 3731 1447 3803 praefecto
1484 3747 1548 3787 ac
1587 3731 1794 3801 legibus
1827 3729 1985 3788 oll‘ert

501 3830 735 3895 Donato,
773 3826 986 3884 clausas
1024 3824 1239 3896 gemino
1275 3822 1365 3893 qui
1404 3833 1624 3894 separat
1662 3830 1839 3892 antro,

499 3924 674 3980 Corde
710 3921 1044 3977 coliterentes
1084 3931 1190 3973 uno
1222 3915 1367 3986 quod
1407 3915 1703 3971 dissociare

498 4017 629 4071 Arte
656 4014 800 4068 valet
823 4012 987 4067 nulla.
1023 4009 1149 4066 Post
1176 4010 1291 4064 haec
1320 4009 1445 4063 dum
1475 4009 1632 4065 tertia
1666 4007 1842 4063 reddit

499 4108 617 4162 Lux
650 4105 917 4160 elementa
954 4118 1201 4173 operum,
1240 4108 1439 4170 praesto
1475 4100 1578 4156 sibi
1614 4101 1835 4155 mandat
1874 4086 2084 4163 haberi,

505 4197 898 4266 Excipiensque
937 4194 1088 4263 prius
1110 4190 1475 4262 penetralibus
1500 4192 1704 4262 appetit
1734 4190 1875 4246 orsis

502 4286 771 4343 Itnﬂinam
798 4302 812 4338 :
860 4301 879 4335 ι
907 4283 1200 4346 illecebris,
1224 4289 1356 4336 natu
1383 4296 1506 4336 cum
1538 4280 1751 4347 nobilis,
1784 4280 1977 4351 inquit,

502 4376 744 4438 Eniteas,
784 4388 881 4429 cur
917 4370 1141 4427 serviles
1177 4380 1389 4426 sectare
1427 4368 1659 4433 labores,

504 4466 740 4523 Nexibus
771 4476 831 4520 ut
859 4463 1015 4519 malis
1038 4461 1289 4535 gravibus
1314 4461 1524 4531 captiva
1555 4460 1743 4516 sedere

499 4559 695 4613 Libera
735 4571 896 4627 quam
936 4564 1092 4626 grato
1122 4551 1320 4608 ﬂorens
1359 4551 1594 4623 gaudere
1633 4550 1873 4606 marito?
1913 4570 1933 4605 ι

501 4649 696 4704 Reddit
728 4648 918 4717 virgo:
954 4664 973 4697 t
1011 4643 1125 4700 Duo
1151 4657 1378 4713 prorsus
1404 4642 1641 4697 hortaris
1669 4642 1881 4711 inepta;

496 4737 833 4795 Omnimodis
861 4734 1082 4791 dubium
1112 4734 1350 4791 incertus
1384 4732 1657 4802 promittis
1686 4741 1739 4787 et
1773 4748 1969 4801 unum;

498 4830 667 4886 Sacra
694 4830 852 4885 litare
871 4827 1028 4898 iubes
1064 4839 1225 4895 pmna
1261 4826 1417 4896 queis
1448 4834 1669 4895 perpete
1703 4824 1931 4896 plectar.

497 4920 734 4976 Perdere
768 4917 1091 4975 amore.viri
1126 4919 1224 4972 das
1258 4917 1583 4988 virginitatis
1617 4918 1895 4986 honorem,
1944 4984 1949 4989 θ

451 5013 455 5016 ’
497 5012 737 5054 Tnmnnn
771 5010 998 5054 adversa
1036 5008 1188 5054 senui
1225 5009 1471 5054 durantia
1512 5011 1704 5054 animiin
1744 5012 1914 5054 nanti:

2190 3642 2316 3715 igne
2358 3644 2449 3699 Dei
2488 3644 2789 3716 blandoque
2829 3645 3037 3700 alacres
3075 3645 3258 3715 alg‘ore
3296 3654 3531 3701 sorores.

2187 3734 2453 3805 Adslupet
2475 3736 2559 3789 his
2587 3734 2753 3804 iudex
2782 3734 3137 3806 vietricesque
3161 3752 3319 3791 amne
3351 3737 3608 3808 tegendas

2190 3828 2443 3884 Decernit
2473 3826 2691 3900 Tyberi.
2722 3843 2853 3883 saxo
2880 3843 2999 3899 qua:
3032 3828 3168 3883 colla
3196 3838 3514 3898 gravantur.

2187 3920 2468 3976 Fluctibus
2495 3923 2798 3989 abduntur;
2826 3920 2916 3975 vix
2947 3930 3258 3992 transegere
3283 3922 3383 3975 sub
3413 3921 3568 3975 undis

2188 4010 2344 4066 Horae
2373 4010 2650 4063 dimidium
2681 4020 2734 4065 et
2758 4008 2997 4065 referunt
3025 4024 3119 4064 sua
3154 4009 3391 4080 pondera
3421 4010 3587 4063 laete:

2187 4099 2422 4167 Qumque
2451 4100 2628 4154 ierant
2654 4099 2810 4155 nuda:
2840 4110 3149 4170 legumento
3176 4100 3339 4154 vestis
3366 4100 3422 4154 in
3451 4116 3484 4154 tt
3526 4100 3614 4155 das

2190 4188 2438 4244 Vestibus
2466 4198 2670 4245 ornata)
2693 4199 2974 4259 emergunt
3003 4189 3331 4245 immunibus
3360 4177 3538 4256 amne,

2183 4278 2457 4334 Christum
2488 4278 2768 4333 laudantes
2792 4279 3102 4351 clarumque
3128 4278 3369 4335 celeuma
3393 4288 3656 4335 canentes.

2185 4371 2441 4445 Cognitor
2470 4373 2554 4451 his
2582 4373 2805 4443 pavidus
2829 4373 3010 4429 comiti
3041 4373 3239 4443 pietate
3267 4373 3467 4427 fatetur

2187 4463 2385 4517 Harum
2415 4478 2472 4518 se
2500 4463 2698 4519 victum
2730 4467 2935 4535 magica
2966 4480 3058 4519 seu
3089 4464 3276 4518 fraude
3305 4466 3601 4519 subactum.

2185 4552 2380 4607 Reddit
2406 4561 2461 4607 et
2490 4552 2729 4608 addictus
2752 4552 2866 4623 ipso
2895 4554 2975 4608 vel
2994 4552 3175 4623 judice
3202 4553 3463 4608 mulctant

2103 4620 2158 4680 Ῑ)
2182 4643 2461 4712 Accipiam
2489 4658 2711 4698 censore
2738 4656 2850 4699 sua:
2878 4644 2960 4699 vel
2989 4645 3185 4701 vadere
3210 4646 3436 4716 possint.

2178 4736 2527 4793 Archesilaus
2556 4751 2647 4791 eas
2675 4736 2748 4791 nil
2777 4736 3046 4792 emollitus
3070 4740 3137 4793 ad
3167 4750 3316 4801 acta,
3335 4768 3367 4799 .

2169 4827 2387 4884 Abduci
2416 4840 2720 4892 nemorum,
2750 4829 3077 4897 mandatque
3108 4830 3159 4881 in
3190 4828 3356 4883 lustra
3387 4835 3646 4900 perempta

2179 4918 2378 4974 Pabula
2407 4917 2660 4973 silvicolis
2689 4916 2827 4973 ntitti
2855 4920 3181 4990 alitibusque
3209 4919 3468 4990 ferisque.

2176 5008 2361 5054 Gratia
2395 5008 2487 5054 secl
2520 5007 2727 5054 “nmini
2758 5024 2925 5054 musas
2955 5024 3054 5054 non
3079 5011 3130 5054 in
3171 5010 3350 5054 nlulila
3385 5010 3598 5054 Iinnnil'
