3888 5330
96 301 198 359 685
673 303 762 359 DE
794 302 1066 363 CHRISTI
1097 303 1470 366 TRIUMPlilS
1507 304 1690 362 APUD
1725 304 2005 361 ITALIAM
2042 305 2222 361 LIBRI
2264 305 2398 363 XIV.
2437 337 2503 349 --
2540 307 2668 362 LIB.
2713 306 2776 361 ν.
3248 305 3352 363 683

98 416 410 487 Exsurgens
435 414 630 470 mulier
657 416 893 470 monitus
923 414 1142 484 explere
1166 414 1520 484 propinquat;

96 508 160 562 Et
185 509 314 563 data
346 509 657 579 repperiens
687 508 788 563 sibi
820 523 1065 568 munera.
1099 507 1290 570 credit,
1325 507 1536 571 adorat,

96 598 261 669 Inque
284 599 380 654 Dei
413 599 596 655 laudes
625 600 928 654 veneranda
957 598 1204 668 sepulcra
1241 604 1516 666 perornat.
1600 665 1603 668 _

97 687 209 745 lloc
231 688 414 760 plures
442 698 573 746 aestu
599 691 799 760 passim
830 688 1074 745 ctelestia
1105 688 1398 752 scandunt;

1712 419 1762 478 Α
1791 414 1902 470 Iloc
1929 423 2184 485 superant
2213 414 2450 470 Basileus
2479 417 2785 484 pariterque
2810 413 3032 470 .loviuus
3063 415 3113 468 in
3141 421 3287 469 astra

1785 505 1963 562 Aurea
1993 520 2155 578 regna
2183 506 2268 560 via
2298 506 2422 561 caesi
2450 507 2652 577 petiere
2688 506 2902 574 Latina,

1790 595 2062 653 Lavicana
2096 597 2238 669 parit
2265 598 2389 656 dum
2415 598 2805 670 quinquaginta
2838 599 3184 657 triumphum.

1531 873 1761 932 CAPUT
1799 873 1889 930 IV.

1271 986 1350 1046 De
1385 999 1567 1046 sancto
1598 989 1748 1046 Sixto
1781 1005 1917 1060 papa
1945 997 1995 1043 et
2036 987 2344 1042 Laurentio.

98 1138 341 1206 Regmen
367 1129 646 1203 apostolici
676 1127 877 1184 mundo
906 1125 1213 1182 venerabile
1233 1126 1372 1198 juris

100 1227 230 1280 Post
257 1223 591 1292 Stephanum
617 1219 804 1274 Sixtus
830 1217 1023 1288 dignus
1051 1217 1362 1270 moderatur
1390 1211 1636 1277 habenis,

102 1317 203 1384 Qui
237 1315 469 1369 Romam
502 1310 736 1380 sophicis
764 1307 944 1364 clarus
973 1307 1180 1380 legatur
1207 1304 1451 1360 Athenis.

104 1409 346 1475 Dumque
381 1403 565 1458 furore
598 1402 750 1470 nigro
780 1408 960 1455 tentus
991 1397 1294 1453 detruditur
1319 1393 1544 1460 umbris,

102 1501 165 1554 Et
191 1506 482 1568 penetrare
511 1493 668 1550 simul
700 1490 1026 1546 Laurentius
1051 1489 1255 1559 expetit
1284 1496 1441 1541 antra

103 1591 529 1651 Colluctaturus,
557 1584 746 1655 positis
773 1583 900 1638 huic
927 1582 1102 1646 rebus,
1137 1596 1361 1652 agonem

105 1681 357 1735 Ecclesia}
374 1677 490 1745 jam
516 1675 670 1731 laetus
701 1675 812 1729 adit
837 1674 1129 1744 panditque
1154 1673 1405 1727 ministro

105 1769 355 1824 Proxima
386 1765 560 1831 bella;
594 1765 716 1819 dein
747 1764 940 1817 ductus
972 1762 1136 1816 libare
1165 1760 1441 1826 sacellum,

109 1861 173 1916 Ut
203 1859 405 1930 partim
431 1857 645 1922 sternit,
674 1855 808 1909 libat
835 1863 994 1924 caput
1022 1851 1409 1922 Omnipotenti.

107 1951 286 2006 Juncti
314 1950 492 2005 levita:
520 1947 628 2012 cui,
658 1945 1006 2001 felicissimus
1036 1954 1198 2014 atque

107 2042 388 2110 Agapitus,
414 2038 746 2106 comitesque
773 2035 862 2088 alii
893 2034 993 2089 sibi
1024 2043 1256 2104 quatuor
1283 2029 1452 2094 aucti,

109 2130 396 2195 Traditur;
431 2140 484 2182 et
507 2137 736 2198 quartus
762 2125 1070 2180 veneranda
1101 2133 1296 2192 tropaea
1323 2128 1557 2176 secutus.

108 2221 313 2275 Interea
345 2233 611 2288 expensas
641 2217 853 2286 capitur
880 2214 1204 2269 Laurentius
1229 2211 1400 2266 almas

112 2312 444 2383 Depromens
469 2309 626 2363 dotes
649 2307 809 2362 simul
836 2322 902 2362 ac
927 2321 985 2360 se
1009 2304 1328 2359 occumbere
1349 2309 1687 2372 promptum:

112 2405 313 2473 Nempe
345 2404 503 2457 datas
532 2401 758 2469 largitus
783 2413 914 2468 Opes
943 2397 996 2450 in
1023 2397 1231 2449 viscera
1259 2391 1481 2456 Christi,

115 2495 450 2552 Circntuieus
483 2502 716 2564 eryptas,
753 2490 1088 2560 perlustrans
1117 2495 1270 2539 antra
1300 2485 1535 2556 piorum,

115 2589 363 2658 indignos
389 2583 639 2639 refovens
664 2582 872 2650 gemina
903 2588 1185 2634 curaverat
1212 2591 1366 2642 esca;

116 2677 180 2731 Et
203 2678 424 2731 viduam
456 2674 651 2744 capitis
681 2670 992 2738 Quiriacam
1019 2667 1324 2722 absolverat
1356 2675 1512 2733 aestu,

118 2770 398 2823 Evacuans
428 2767 607 2820 tristes
634 2765 848 2833 longum
882 2776 1015 2831 quos
1040 2775 1196 2830 passa
1226 2758 1468 2825 dolores;

120 2861 383 2916 llauserat
420 2858 679 2912 amissqu
708 2854 907 2930 Christi
937 2850 1251 2908 Crescentia
1272 2850 1426 2920 signo

117 2960 342 3023 Lumen,
374 2956 627 3011 clarificas
657 2952 898 3009 referens
926 2951 1039 3005 haec
1062 2949 1210 3004 lucra
1244 2947 1369 3002 fidei

119 3045 353 3098 Cernere
378 3050 678 3096 certantem
706 3037 827 3092 cali
857 3051 964 3107 qua
990 3034 1196 3105 optavit
1220 3032 1503 3098 athletam,

119 3137 402 3206 Explicitis
432 3133 624 3204 opibus
650 3145 935 3202 properam
965 3128 1054 3198 qui
1085 3125 1346 3192 sanguine
1369 3123 1603 3194 palmam

122 3230 382 3296 Qumrens
414 3226 683 3281 differtur.
713 3222 984 3277 Pctiorem
1009 3217 1150 3272 ferre
1176 3216 1483 3288 palaestram

121 3320 421 3376 Censetur:
462 3317 634 3388 patris
663 3324 872 3370 retrusa
904 3311 1104 3365 talenta
1136 3311 1356 3380 jubetur

123 3412 370 3467 Pandere
391 3409 712 3472 servandus,
740 3407 866 3459 dum
891 3402 1117 3474 quaestio
1141 3415 1282 3455 saeva
1311 3398 1534 3454 feretur.

125 3507 382 3561 Traditur
405 3501 693 3573 llippolyto
720 3498 873 3567 cujus
897 3497 1179 3551 devinctus
1211 3493 1403 3549 ahenis

125 3600 355 3654 Lumina
382 3597 488 3652 fert
516 3597 704 3660 ctecis;
737 3592 998 3647 Lucillum
1030 3590 1298 3644 instaurat
1321 3595 1550 3656 utroque

126 3691 345 3746 Interno
375 3697 709 3756 externoque
732 3684 917 3739 levans
943 3697 1049 3752 qua
1079 3679 1196 3734 luce
1223 3677 1403 3733 refusa

129 3785 290 3838 Plura
322 3781 482 3837 simul
511 3787 738 3848 surgunt
761 3775 997 3831 caelestis
1025 3787 1238 3828 amoena
1264 3783 1495 3826 COI‘USCI.

130 3873 454 3943 Hippolytus
482 3887 603 3925 cum
637 3869 790 3940 plebe
820 3867 1010 3920 domus
1038 3863 1218 3918 divina
1244 3859 1478 3930 capessit

133 3966 386 4030 Numina,
411 3975 466 4019 et
493 3973 697 4018 aeterno
723 3959 918 4014 rutilus
942 3957 1148 4027 fulgore
1175 3952 1408 4008 nitescit.

139 4055 374 4109 Exhibet
397 4052 775 4107 irradiatorem
806 4055 926 4118 post
952 4046 1078 4100 talia
1101 4043 1305 4112 jussus,

139 4143 427 4198 Tectarum
451 4139 718 4210 rogitatus
743 4152 903 4207 opum
926 4135 1016 4204 qui
1034 4132 1244 4204 aperire
1267 4144 1573 4199 crumenas,

139 4235 322 4290 Dulcia
344 4235 436 4288 dat
456 4232 672 4302 sapiens
695 4230 817 4285 teris
845 4238 1102 4284 tractator
1129 4227 1363 4291 honeSti,

138 4326 312 4394 Atque
345 4322 697 4378 interstitium
726 4335 953 4391 poscens
985 4318 1236 4388 opulenta
1265 4317 1467 4372 ferendi

140 4413 330 4479 Xenia,
367 4421 479 4468 tres
505 4413 651 4482 capit
679 4409 853 4479 ampla
880 4410 996 4464 dies
1021 4407 1286 4479 promissa
1308 4407 1556 4470 daturus,

143 4505 388 4574 Magnum
417 4519 543 4560 mox
571 4505 786 4574 inopum
815 4501 1006 4573 vulgus
1042 4501 1313 4569 ditemque
1339 4507 1614 4553 catervam

144 4597 365 4653 Fenoris
389 4598 674 4661 addensat,
701 4595 902 4651 Christi
927 4594 1063 4648 altos
1088 4593 1276 4648 condit
1301 4605 1525 4646 acervos
1541 4628 1556 4656 ,

146 4687 209 4743 Et
235 4692 402 4745 decus
429 4688 683 4744 Ecclesia:
711 4701 998 4741 numerosa
1030 4683 1278 4740 examina
1310 4683 1475 4752 cogit,

147 4782 501 4853 Aggestisque
526 4782 721 4851 apibus
743 4779 943 4849 promit
972 4775 1200 4832 fecunda
1233 4785 1462 4845 tyranno

149 4869 387 4936 ﬂunera,
417 4869 646 4924 mendici
671 4868 918 4940 praebens
946 4865 1114 4920 densa
1146 4864 1358 4933 agmina
1389 4871 1582 4916 coetus.

151 4963 418 5030 Quaesitor
443 4961 762 5016 furibundus
792 4969 1054 5027 atroxque
1084 4956 1322 5012 atrocior
1346 4955 1459 5009 exit

153 5054 439 5126 Riderique
463 5053 645 5109 fremit
673 5052 890 5108 rabidus
916 5065 1068 5121 spem
1091 5061 1292 5121 ponere
1324 5062 1544 5103 avaram
1572 5065 1585 5101 :

156 5146 309 5200 Arma
339 5144 507 5208 acuit,
542 5143 774 5198 trueiore
802 5155 1005 5212 parans
1036 5139 1226 5195 saevire
1259 5135 1444 5192 furore

158 5233 211 5289 In
231 5236 473 5290 vinctum
497 5235 662 5303 virgis
694 5235 948 5301 subigens
978 5247 1134 5300 quem
1162 5229 1336 5284 sulcat
1361 5230 1562 5295 acutis;

1794 1123 2042 1194 Deputat,
2071 1140 2133 1180 ac
2160 1123 2334 1178 valido
2361 1139 2589 1182 caesores
2621 1129 2813 1183 robore
2841 1128 3023 1195 lassat,

1796 1212 2018 1283 Tempta
2047 1213 2150 1270 tide
2172 1216 2382 1270 ardenti
2407 1233 2529 1271 cum
2563 1217 2759 1273 lamina
2791 1221 3021 1276 vincitur
3046 1224 3242 1282 ardens

1794 1303 2050 1361 Plumbea
2080 1308 2357 1376 praestanti
2385 1320 2706 1377 superantur
2735 1312 2972 1381 pondera
3003 1325 3220 1370 mente:

1795 1393 1988 1450 Omnia
2021 1397 2177 1460 ridet,
2205 1412 2371 1452 ovans
2399 1398 2517 1452 cmli
2549 1399 2817 1468 polamine
2847 1402 3032 1468 fortis;

1797 1487 2041 1556 Dunzque
2067 1488 2391 1558 triumphata
2425 1488 2621 1559 frangit
2648 1502 2911 1548 tormenta
2945 1506 3186 1562 catastte,

1796 1575 2025 1630 Lumina
2054 1578 2219 1632 divini
2254 1588 2595 1648 torquentum
2629 1584 2786 1638 corda
2813 1596 3098 1656 capessunt

1794 1667 2035 1724 Praesidii
2064 1687 2076 1722 :
2109 1670 2262 1725 miles
2290 1670 2562 1726 Ilmnanus
2588 1674 2654 1727 ad
2695 1691 2818 1730 orsa
2844 1678 2988 1732 beati

1793 1756 2044 1828 Belligeri
2075 1769 2307 1814 mentem
2340 1760 2542 1816 caelesti
2574 1761 2773 1819 lumine
2805 1774 2999 1834 tactus,

1795 1847 2030 1903 Cernere
2055 1865 2113 1904 se
2142 1849 2338 1906 clamat
2367 1852 2631 1907 radiantia
2659 1855 2851 1911 cmlitis
2879 1873 2974 1912 ora

1722 1948 1766 2005 Β
1795 1939 2008 2010 Oraque
2034 1943 2293 1996 certantis
2321 1943 2444 1996 divo
2470 1943 2674 2013 fulgore
2697 1961 2943 2012 corusca,

1793 2032 2173 2102 Auxiliumque
2201 2034 2334 2103 petit
2360 2049 2427 2088 ne
2457 2034 2510 2087 in
2543 2044 2650 2089 tam
2681 2037 2944 2092 scelerata
2971 2041 3187 2097 residat.

1791 2123 1996 2179 Annuit
2020 2125 2376 2196 Omnipotens
2399 2135 2656 2183 tortorem
2687 2143 2888 2200 angore
2903 2130 3157 2206 fatigans.

1794 2215 2012 2270 Estuat
2039 2230 2169 2285 ergo
2191 2215 2390 2279 animo,
2420 2218 2593 2273 nescit
2618 2234 2724 2288 quo
2749 2237 2807 2276 se
2836 2233 2985 2292 regat
3011 2233 3165 2292 astu;

1798 2306 1975 2376 thue
1998 2308 2380 2363 recrudescens
2397 2307 2604 2364 hostem
2627 2310 2916 2368 ferventior
2939 2315 3020 2368 ira

1801 2401 2086 2466 Conficiat,
2108 2400 2262 2469 jubet
2289 2402 2492 2456 exsolvi
2523 2413 2840 2476 tempusque
2868 2409 3068 2462 remitti

1799 2493 2023 2556 Invicto,
2055 2509 2150 2548 ceu
2189 2493 2449 2548 tractandi
2483 2494 2789 2565 victumque
2819 2497 2986 2552 levari

1801 2581 1873 2639 Se
1897 2598 2146 2652 quatrens
2176 2592 2463 2650 monstrat,
2491 2586 2614 2655 quis
2643 2586 2862 2643 dimicet
2897 2604 3047 2644 arma
3079 2600 3353 2649 retrectat.

1803 2674 1942 2746 Apta
1973 2675 2073 2728 sibi
2105 2673 2231 2729 ferri
2261 2673 2536 2730 Romanus
2563 2685 2804 2748 tempora
2831 2694 3076 2746 cernens,

1807 2765 2294 2836 Approperansque
2336 2765 2460 2834 polo
2502 2766 2752 2839 lymphas
2793 2770 2944 2841 queis
2986 2770 3261 2842 splendeat
3300 2775 3387 2827 af-

3140 2864 3315 2937 [fert;

1805 2950 2147 3021 Victorisque
2175 2949 2341 3022 pedes
2367 2953 2618 3022 precibus
2645 2954 2906 3010 subnixus
2935 2957 3143 3024 adorat,

1809 3040 2023 3095 Salvari
2050 3058 2276 3111 poscens
2305 3052 2551 3099 saerantc
2575 3053 2629 3097 et
2659 3044 2805 3100 fonte
2835 3047 2992 3115 piari.

1811 3131 1921 3185 Nec
1946 3132 2122 3187 differt
2149 3133 2308 3188 levita
2342 3136 2528 3190 rudem
2558 3135 2791 3191 lustrare
2817 3138 3087 3203 sodalem;

1807 3222 2015 3288 Abluit,
2049 3239 2307 3294 armaque
2335 3225 2622 3280 candidulo
2647 3227 2894 3282 victricia
2927 3229 3109 3282 tradit.

1734 3298 1779 3362 C
1811 3312 1956 3383 Tyro
1983 3313 2136 3368 novis
2166 3328 2336 3369 novus
2367 3314 2594 3368 addiscit
2620 3331 2858 3388 pugnare
2885 3319 2986 3374 sub
3008 3319 3175 3375 armis
3200 3339 3214 3375 :

1808 3403 2089 3458 Assuescit
2123 3403 2309 3473 rigidis
2331 3419 2545 3474 quoque
2574 3405 2794 3462 vincere
2823 3408 3053 3466 fustibus
3084 3419 3274 3476 actus;

1809 3494 2130 3565 Eximioque
2162 3495 2395 3564 probans
2420 3511 2539 3550 sese
2568 3497 2863 3554 munimine
2893 3509 3084 3567 tutum,

1810 3583 1999 3640 Victor
2027 3597 2081 3641 et
2107 3595 2365 3655 expertus
2392 3585 2538 3641 ferro
2569 3590 2781 3644 cervice
2812 3591 3004 3655 recisa,
3171 3649 3176 3655 ,

1814 3675 2150 3745 Aspernatus
2174 3675 2398 3730 humum
2425 3677 2682 3747 praecedit
2708 3679 2760 3731 in
2791 3688 2935 3734 astra
2964 3681 3294 3750 magistrum.

1817 3764 2105 3836 Suppliciis
2131 3766 2375 3836 pulsatus
2403 3766 2531 3821 item
2557 3765 2896 3832 Laurentius,
2931 3770 3038 3827 alta

1815 3857 1992 3913 Mente
2014 3856 2200 3912 hilaris
2231 3857 2486 3928 vultuque
2520 3868 2722 3924 manet,
2747 3870 3008 3916 contusus
3024 3871 3080 3917 et
3106 3877 3202 3917 ora

1817 3949 1977 4005 Saxis
2000 3957 2204 4020 perstat
2225 3965 2421 4016 ovans;
2453 3949 2760 4022 Christique
2781 3953 2834 4006 in
2858 3951 3012 4009 laude
3035 3955 3395 4026 triumphans,

1818 4042 2154 4098 Constrictus
2184 4042 2348 4096 nimio
2377 4051 2654 4112 torquetur
2683 4044 2932 4100 tormine.
2962 4046 3178 4113 Tortor,

1820 4133 2024 4190 Cuncta
2049 4135 2238 4189 dolens
2266 4150 2438 4190 vacuo
2465 4137 2705 4192 consumi
2735 4138 2834 4193 tela
2863 4137 3066 4204 furore,

1819 4223 2028 4280 Invidet
2055 4226 2198 4280 hunc
2226 4225 2334 4281 ictu
2365 4226 2527 4282 celeri
2557 4242 2718 4296 super
2745 4228 2943 4282 aethera
2977 4229 3112 4294 tolli,

1820 4315 2195 4387 Invictumque
2221 4317 2312 4371 Dei
2346 4326 2454 4371 tota
2479 4317 2677 4373 virtute
2707 4318 2943 4384 lacessit,

1823 4405 2119 4461 Bellificum
2143 4405 2287 4460 lento
2315 4406 2529 4461 tandem
2562 4407 2870 4461 consumier
2898 4407 3022 4474 igne

1823 4496 2174 4567 Prmeipiens.
2201 4495 2445 4549 flammas
2468 4495 2686 4548 volucer
2709 4510 2776 4548 ne
2809 4504 3049 4549 transeat
3073 4509 3258 4562 acres;

1826 4585 2122 4656 Assarique
2141 4585 2295 4654 jubet
2319 4582 2512 4650 tepidis
2537 4583 2636 4636 sub
2664 4591 2788 4636 vate
2818 4582 3031 4637 favillis.

1749 4647 1802 4707 Β
1827 4675 1954 4746 Igne
1982 4647 2285 4729 ministrate
2313 4647 2605 4741 pruinisque
2629 4671 2945 4726 ardentibus
2974 4670 3162 4734 auctis,

1825 4764 2126 4835 Applicitus
2152 4759 2395 4831 chalybei
2418 4761 2617 4814 nudato
2639 4774 2862 4829 corpore
2887 4760 3011 4816 lecti
3107 4805 3110 4808 .

1828 4856 2062 4911 Coalicus
2085 4867 2180 4908 ore
2211 4852 2342 4906 nitet
2372 4860 2578 4922 martyr
2604 4865 2706 4905 nec
2729 4851 2922 4921 gaudia
2949 4859 3088 4907 tosto

1831 4946 2144 5016 Diffugiunt,
2177 4943 2449 4997 fractusve
2481 4941 2630 5011 lepos
2657 4940 2724 4996 ad
2746 4949 2870 4996 vota
2901 4939 3137 5015 tyranni.

1833 5039 1997 5094 Arma
2022 5037 2224 5092 cadunt
2244 5033 2404 5100 lanio,
2438 5042 2662 5102 surgunt
2691 5032 2922 5101 insignia
2948 5048 3137 5106 passo;

1836 5126 2009 5185 Offert
2039 5141 2096 5183 se
2125 5124 2279 5180 laetus
2303 5123 2674 5179 holocaustum
2709 5121 2890 5180 nobile
2916 5126 3128 5182 Christo

1840 5223 2047 5279 Solanti
2075 5228 2258 5293 grates
2283 5219 2511 5272 Domino
2541 5217 2834 5285 laudesque
2866 5214 3130 5288 rependit,

1842 5311 1882 5330 Α
1961 5315 2030 5330 ,οη
2112 5311 2398 5330 .____!-.n....

2498 5308 2606 5330 -.ι-,ξ
2646 5303 2985 5330 -..Λ-εἶῆηιιιιει.
3012 5303 3136 5330 Λιιησ
