3888 5330
490 295 591 351 087
1205 294 1601 352 FLODOARDI
1629 294 1949 354 CANOMCI
1977 290 2320 350 HEMENSIS
2350 291 2712 351 OPUSCULA
2749 291 3074 351 METRICA.
3634 301 3725 357 688

486 413 691 467 (lerant
716 408 1010 478 exsequiis,
1038 406 1307 475 Quiriact'e
1338 416 1392 463 et
1418 408 1665 463 conditur
1693 422 1844 478 agro.
2103 412 2150 470 Α
2181 404 2287 459 Sed
2321 420 2419 459 nec
2448 403 2895 460 Mediolanenscm
2930 405 3107 459 minor
3134 404 3325 461 extulit
3352 406 3541 462 urbem
3616 442 3624 449 .

485 502 741 575 Jungitur
768 516 832 558 ac
861 501 1062 557 sanctis
1088 500 1398 557 Crsecentia
1431 503 1577 557 caede
1603 501 1915 573 triumphis.
2174 493 2375 551 Levita:
2399 496 2597 566 egregii
2626 495 2818 560 virtus,
2844 494 2934 551 ubi
2965 496 3143 551 nobile
3170 496 3426 569 templum

489 594 802 653 Traduntur
831 595 975 665 passi
1006 602 1132 650 tunc
1159 593 1416 649 Claudius
1444 604 1606 664 atque
1632 594 1894 660 Severus];
2175 585 2404 643 Nomine
2429 586 2628 643 sacrati
2656 595 2909 661 snperato
2936 587 3192 659 martyris
3222 588 3344 658 igne

487 685 753 740 Virtutum
779 684 963 739 eximii
994 687 1283 739 decoratur
1305 684 1513 739 honore
1534 685 1840 755 sepulcrum
2174 677 2405 733 Cristalli
2438 678 2662 733 calicem
2692 677 2937 747 specioso
2966 687 3250 733 stemmate
3278 694 3505 735 servans
3529 695 3549 736 :

485 776 709 842 Lernae,
739 776 1142 846 innumerasque
1166 777 1343 832 nitens
1370 778 1651 847 splendore
1675 777 1896 833 medelte
2177 769 2450 842 Sanguine
2481 770 2662 826 divino
2686 771 2833 826 claro
2858 773 2925 827 de
2950 788 3075 827 vase
3108 773 3334 829 clientes

488 866 733 923 Mirilicis
759 868 935 922 radiat
962 868 1319 923 reverendam
1347 869 1590 923 crebrius
1615 870 1772 933 actis,
2177 857 2405 915 Ροιλιῦειι
2435 860 2557 915 οωίί
2586 860 2765 931 ερθρὶε
2786 860 3024 916 οωιεδιίει
3050 864 3324 934 [tr-£13603;

440 1011 445 1015 _
490 959 556 1016 Et
592 972 1029 1029 quaquaversum
1066 958 1246 1012 decori
1284 957 1399 1013 loca
1441 958 1696 1030 martyris
1732 956 1857 1011 almi
2175 951 2328 1019 Quod
2356 953 2601 1007 manibus
2626 952 2830 1021 lapsum
2862 968 3071 1007 sacram
3106 954 3342 1009 tollentis
3368 954 3433 1007 ad
3469 969 3619 1008 aram

488 1047 751 1108 Eduntur,
793 1046 1101 1101 veneranda
1140 1047 1340 1102 micant
1383 1048 1714 1101 monimenta
1756 1046 1963 1102 salutis.
2175 1042 2471 1099 Frustatim
2509 1044 2675 1098 nimio
2703 1046 3005 1115 dispersum
3039 1043 3519 1117 fragtnitteccssil.

488 1135 579 1191 Sic
612 1133 730 1203 ejus
767 1135 949 1204 templi
985 1135 1111 1189 dmn
1153 1135 1357 1190 fabrica
1392 1134 1542 1206 lapsa
1578 1135 1793 1191 Brionis
2176 1131 2435 1198 Pallidus,
2463 1132 2751 1200 exattimis,
2778 1147 2946 1202 pavor
2982 1133 3148 1188 inﬁcit
3181 1149 3275 1188 ora
3312 1135 3565 1200 ministri,

486 1224 796 1282 Restruitur
828 1242 1090 1298 caesaque
1124 1228 1306 1282 trahes
1338 1235 1394 1282 et
1429 1228 1572 1297 tigna
1611 1236 1892 1296 parantur,
2175 1223 2277 1290 Qtti
2309 1232 2424 1277 sata
2451 1222 2616 1276 frusta
2649 1221 2831 1291 legens
2855 1222 3013 1277 altari
3045 1239 3095 1276 ιιι
3135 1223 3302 1293 rtyris
3332 1222 3523 1288 infert;

488 1317 907 1373 'l'rabs.inventa
937 1317 1115 1373 brevis
1142 1318 1352 1372 meritis
1380 1318 1697 1389 producitur
1725 1318 1900 1387 hujus,
2176 1315 2243 1371 Et
2273 1314 2445 1369 ﬁdens
2471 1314 2671 1370 virtute
2700 1314 2790 1369 Dei
2820 1314 2942 1371 fidei
2974 1330 3125 1370 arma
3154 1318 3388 1386 capessit
3412 1329 3429 1368 :

484 1410 659 1481 Atque
689 1409 837 1465 favet
863 1410 1002 1465 votis
1025 1411 1140 1464 visa
1166 1419 1249 1467 est
1276 1426 1395 1480 qua:
1431 1409 1599 1465 futilis
1624 1410 1819 1475 arbos;
2175 1404 2438 1463 Excubiis
2462 1403 2711 1475 precibus
2740 1403 2994 1476 lacrymis
3018 1407 3152 1461 dans
3180 1414 3419 1477 tempora
3447 1407 3616 1461 noctis

487 1501 707 1556 Robore
724 1510 881 1556 tensa
912 1516 1077 1571 npere
1107 1503 1381 1572 variaeque
1416 1518 1640 1572 repensa
1677 1501 1898 1557 medela;
2175 1499 2339 1553 Aram
2364 1506 2523 1552 ma’ne
2550 1500 2705 1567 petit,
2736 1512 2832 1553 vas
2858 1498 3038 1554 damni
3068 1500 3304 1554 immune
3334 1502 3582 1566 resumit;

486 1593 706 1649 Proficit
736 1594 879 1660 haec;
913 1592 1134 1648 fabrica:
1161 1593 1283 1647 fidei
1313 1609 1528 1663 quoque
1554 1593 1766 1663 prolicit
1796 1600 2001 1658 auctae;
2175 1590 2340 1661 quue
2370 1590 2473 1645 (ide
2495 1588 2664 1646 solida
2696 1589 2981 1646 solidatum
3006 1600 3225 1661 pectore
3258 1591 3431 1655 fulcit,

486 1681 705 1738 Prolicit
734 1683 967 1757 indignis
997 1683 1237 1740 tribuens
1275 1684 1362 1755 pia
1393 1685 1533 1739 dona
1564 1683 1788 1755 vigoris.
2177 1681 2243 1737 Et
2275 1680 2492 1737 cumulo
2520 1679 2647 1737 lldci
2672 1679 2912 1737 cumulat
2939 1681 3200 1737 solemnia
3227 1681 3359 1737 voti.

1950 1874 2173 1932 CAPUT
2215 1872 2282 1929 Υ.

1797 1991 1870 2047 De
1903 2003 2081 2047 sancto
2109 1984 2416 2060 Hippolyto.
2442 2061 2447 2067 '

486 2117 737 2189 Martyris
763 2122 975 2177 exuviis
1003 2122 1202 2179 celebri
1231 2122 1575 2180 decoramine
1605 2125 1821 2194 functis,
2095 2115 2145 2178 B
2170 2122 2389 2179 Jactura
2416 2120 2644 2178 cervicis
2667 2120 2787 2177 heri
2820 2134 2983 2190 super
3013 2121 3216 2178 tethera
3248 2123 3407 2194 bigas

488 2208 810 2283 Hippblytus
840 2211 1048 2282 rapitur
1072 2213 1195 2268 tosti
1224 2213 1366 2283 quod
1393 2214 1635 2270 membra
1665 2218 1912 2289 magistri
2176 2216 2518 2281 Prmcedunt,
2548 2214 2802 2270 metaturi
2828 2213 3054 2270 Domino
3086 2216 3253 2271 ardua
3283 2216 3459 2288 regni.

485 2301 723 2374 Legerit,
754 2306 1027 2376 arguitur;
1057 2306 1259 2362 Christi
1289 2323 1414 2363 mox
1442 2324 1607 2364 verna
1638 2320 1889 2381 repertus
2176 2309 2269 2367 ille
2297 2312 2482 2368 decem
2510 2320 2671 2382 atque
2695 2324 2884 2364 novem
2919 2308 3133 2365 fanmlis
3160 2312 3227 2365 ad
3257 2311 3434 2365 sidera
3467 2311 3639 2367 missis

484 2391 1121 2465 Verberibusquatitur;
1154 2397 1294 2453 ﬁdus
1322 2398 1585 2469 fortisque
1613 2403 1877 2471 probatus
2177 2400 2555 2473 Subsequitur,
2584 2401 2925 2471 completque
2950 2402 3031 2458 sui
3062 2403 3374 2473 integritate
3400 2405 3670 2460 secundam

482 2481 707 2551 Antiqui
738 2483 1009 2557 Hippolyti
1038 2488 1293 2543 mulctam
1321 2489 1562 2559 perferre
1584 2489 1825 2559 jubetur.
2174 2494 2453 2549 Perfectus
2483 2494 2703 2560 seriem,
2737 2495 2903 2549 cmlos
2931 2511 3028 2566 per
3052 2511 3277 2567 scrupea
3306 2507 3519 2553 vectus.

483 2567 865 2643 Christiloqute
895 2577 1075 2633 famuli
1105 2586 1265 2633 secta:
1290 2593 1506 2633 rumore
1536 2581 1704 2635 notati
2178 2582 2348 2650 Quem
2381 2584 2509 2637 smvi
2539 2583 2758 2654 rapiunt
2784 2585 2959 2654 passis
2987 2587 3055 2640 ad
3086 2586 3270 2642 cmlica
3304 2589 3500 2657 plantis

485 2662 791 2730 Ducuntur,
825 2667 1051 2723 Domino
1077 2669 1144 2722 ad
1178 2678 1406 2724 mortem
1443 2670 1648 2725 servire
1673 2671 1883 2742 parati;
2175 2670 2529 2743 Cornipedes,
2561 2683 2973 2746 monstrantque
2998 2675 3181 2747 polum
3212 2678 3401 2733 callem
3432 2680 3514 2735 ire
3548 2696 3629 2750 per
3654 2696 3717 2732 ara

483 2753 823 2815 Conl'essoris
847 2773 941 2812 eos
964 2758 1107 2813 inter
1130 2761 1417 2826 concordia
1453 2761 1658 2824 nutrix,
2826 2782 2835 2793 ·
3251 2784 3255 2789 θ
3488 2770 3671 2845 [ctum,

484 2842 798 2915 Promptior
827 2855 885 2900 ut
915 2847 1138 2917 reliquis
1166 2848 1288 2903 ﬁdei
1318 2848 1532 2904 fervore
1563 2850 1797 2917 videtur,
2174 2852 2244 2908 Et
2269 2854 2480 2909 tribulis
2511 2856 2700 2912 tritum
2737 2859 2959 2914 mittunt
2984 2874 3152 2930 super
3173 2862 3377 2917 aethera
3408 2842 3649 2918 mactnm.

483 2936 731 2994 Culmina
758 2940 940 3009 prima
969 2940 1113 2996 subit
1140 2941 1428 3011 plumbatis
1458 2942 1627 2998 ineita’
1646 2943 1803 3010 cmli;
2027 2972 2036 2980 -
2175 2941 2423 3000 Jusﬁuus
2449 2947 2656 3004 laceros
2684 2950 2852 3005 variis
2880 2952 3194 3022 appulsihus
3225 2964 3379 3010 artus

484 3022 691 3082 Gaztera
724 3044 848 3085 mox
882 3028 1036 3086 fortis
1063 3030 1385 3088 famulorum
1420 3031 1638 3123 inventa
1668 3043 1922 3088 caterva:
2176 3032 2412 3105 Colligit,
2441 3038 2778 3110 emeritoque
2806 3042 2953 3111 pium
2984 3043 3237 3113 dependit
3273 3043 3552 3099 honorem.

1933 3204 2159 3261 CAPUT
2204 3206 2289 3263 Vl.

1668 3298 1746 3366 De
1770 3316 1967 3370 sanctis
1989 3312 2253 3373 Herennio
2284 3328 2335 3373 et
2365 3317 2630 3373 Abundio.

488 3440 752 3513 Tuncque
771 3439 1053 3511 intercepti
1078 3441 1313 3497 subeunt
1338 3439 1640 3498 Herennius
1666 3452 1830 3514 atque
2098 3432 2143 3492 C
2175 3444 2285 3501 Nec
2316 3446 2532 3518 longum
2560 3448 2816 3519 sepelitur
2843 3450 2912 3507 ab
2940 3450 3042 3507 hec
3071 3450 3386 3524 Tryphonia
3417 3457 3666 3527 quondam

488 3530 659 3588 Ollicii
689 3542 917 3586 consors
947 3530 1116 3586 felicis
1141 3530 1423 3587 Abundius
1450 3532 1695 3586 :cthram.
2179 3537 2401 3593 Funesti
2438 3539 2631 3609 conjux
2666 3541 2831 3605 Decii,
2861 3558 3001 3612 quae,
3028 3543 3180 3611 fonte
3208 3546 3355 3616 piata

486 3621 723 3677 Euectos
747 3619 999 3701 idemque
1027 3635 1202 3685 sacer,
1234 3622 1490 3676 sordente
1515 3620 1696 3676 cloaca
2179 3626 2332 3692 Divo,
2363 3645 2483 3682 cum
2506 3632 2688 3707 genita
2719 3634 2932 3702 superis
2967 3638 3242 3691 terrestria
3278 3639 3458 3709 regnis

485 3710 755 3782 Hippolyti
783 3711 910 3781 quia
938 3712 1165 3766 nutricis
1194 3711 1320 3766 hinc
1350 3711 1588 3767 membra
1629 3711 1890 3781 levarunt,
2178 3715 2287 3772 Nec
2314 3732 2464 3772 mora
2495 3729 2789 3789 permutat,
2815 3736 3053 3794 veroque
3080 3726 3296 3782 nitescit
3328 3729 3555 3793 honore,

484 3799 744 3873 Proripit,
775 3802 1114 3873 illustratque
1140 3802 1311 3858 sacris
1338 3816 1494 3859 sacra
1519 3802 1740 3875 pignora
1770 3804 1959 3861 thecis.
2180 3807 2325 3864 Inter
2354 3798 2476 3866 veta
2504 3825 2725 3882 precum
2751 3795 2915 3870 celeri
2945 3826 3101 3886 capta
3131 3819 3346 3890 agmine
3377 3820 3589 3876 emtum.

1938 3956 2164 4013 CAPUT
2190 3958 2308 4015 VII.

1478 4069 1552 4128 De
1582 4066 1780 4131 ultione
1807 4078 1860 4131 in
1895 4076 2236 4135 Valerianum
2259 4090 2308 4137 et
2336 4096 2492 4153 regna
2520 4076 2899 4137 Romanorum.

486 4212 652 4269 Multa
675 4223 776 4282 per
803 4206 1104 4276 Eneadum
1135 4216 1444 4267 Sanctorum
1468 4210 1634 4266 millia
1663 4228 1886 4282 regnum
2173 4214 2272 4280 Ac,
2298 4212 2458 4269 veluti
2488 4216 2761 4284 quondam
2788 4216 2997 4274 Pelusio
3029 4235 3153 4275 rura
3184 4222 3431 4292 locustae,

487 4304 614 4360 Htec
640 4313 929 4375 postquam
959 4312 1222 4356 succensa
1247 4300 1346 4356 feri
1373 4301 1585 4357 fervore
1609 4305 1861 4361 draconis
2173 4303 2481 4360 Barbarica‘:
2504 4303 2743 4361 Romana
2774 4317 2959 4378 tegunt
2987 4312 3056 4365 ita
3084 4314 3319 4370 eulmina
3343 4329 3549 4388 gentes.

489 4397 781 4469 Suppliciis
806 4395 873 4450 ad
898 4407 1061 4464 regna
1088 4392 1205 4448 lues
1226 4392 1467 4448 etelestia
1498 4393 1664 4459 misit,
1757 4425 1760 4429 η
2175 4393 2430 4476 Germani
2458 4394 2665 4450 italiam
2694 4409 2814 4467 post
2844 4398 3068 4456 Rhetiea
3103 4419 3224 4459 rura
3247 4421 3549 4476 pererrant,

487 4489 665 4557 Letho,
688 4503 754 4544 ac
782 4484 1298 4557 suppliciisgravius
1325 4483 1434 4539 fert
1459 4485 1694 4543 dedecus
1715 4496 1935 4557 auctor,
2092 4503 2146 4565 D
2176 4474 2409 4553 Htrcque
2429 4484 2852 4542 Alamannorum
2879 4490 3148 4546 terebrata
3184 4474 3440 4551 ettcallia
3473 4474 3586 4554 trita

487 4579 556 4635 Et
579 4580 669 4650 qui
698 4569 881 4634 servili
909 4568 1107 4632 multos
1131 4576 1237 4631 sub
1268 4576 1384 4646 lege
1410 4577 1616 4633 rotarat
2176 4571 2529 4637 Turbinibus,
2558 4572 2777 4640 Pontus,
2807 4576 3119 4636 Macedonia
3147 4596 3334 4653 pressa
3365 4586 3611 4642 Getarum

487 4674 730 4729 Vertitur
750 4670 928 4729 cilicio
955 4669 1134 4726 servili
1162 4684 1227 4725 ac
1254 4678 1407 4740 turpe
1430 4671 1661 4738 capessit
2173 4663 2471 4731 Fluctibus,
2500 4666 2662 4737 inque
2689 4667 2874 4724 Asiam
2898 4671 2998 4725 hac
3020 4674 3308 4743 populatur
3326 4676 3531 4733 Graecia
3559 4680 3717 4749 plaga;

488 4764 811 4829 Servitium,
836 4771 1025 4831 captus
1055 4760 1381 4832 Babylonica
1408 4775 1569 4831 regna
1593 4770 1872 4832 regentem
1990 4777 1997 4782 ·
2172 4754 2363 4810 Ahlata
2392 4757 2606 4825 penitus
2635 4757 2793 4813 Dacia
2818 4771 3076 4828 quantum
3106 4764 3323 4820 abserat
3350 4766 3488 4823 Ister

487 4855 836 4910 Romulidum
860 4853 1114 4923 princeps
1137 4850 1333 4921 plantis
1363 4860 1420 4906 ut
1448 4852 1606 4907 dorsa
1636 4863 1898 4922 gravatus
2176 4842 2424 4899 Sarmata
2451 4844 2783 4902 Pannoniam
2812 4850 3030 4906 incursu
3060 4838 3306 4925 proﬂigat
3332 4862 3551 4927 eodem;

484 4946 750 5002 Incurvus
777 4942 1025 4998 sustollat
1048 4955 1189 5009 cquo
1214 4941 1525 5010 pensamiue
1554 4940 1736 5014 digne.
2174 4929 2466 5005 Euphratis
2486 4938 2716 4994 Mediam
2744 4939 3025 5000 ﬂuviorum
3054 4958 3119 5002 ac
3154 4948 3331 5018 Tigris
3355 4953 3614 5008 alumnam

486 5034 809 5092 Luminibus
837 5033 1007 5095 miser.
1028 5029 1236 5094 emossis
1260 5046 1366 5101 quo
1400 5029 1727 5089 Valerianus
2059 5036 2063 5041 ‘
2174 5027 2442 5097 Diripiunt
2467 5028 2650 5084 Parthi
2681 5033 3001 5106 Syriamque
3028 5038 3293 5096 abradere
3320 5045 3505 5110 missi;

488 5125 780 5162 l‘nncnnuil
802 5124 1001 5162 minam:
1027 5123 1184 5162 lar-ina
1202 5132 1261 5162 2:!
1293 5123 1473 5162 ἐῖὲὲευι
1494 5124 1748 5162 ῇὺηινηιαί

2164 5118 2562 5162 Ϊζρνηιςιιιίςηιιμ
2586 5127 2883 5162 norunt-inin
2916 5128 3164 5162 "it-mutu.
3192 5135 3332 5162 amt:-
