3888 5330
512 269 617 326 681

514 380 752 438 Credere
774 393 835 435 se
857 376 1041 451 prodit
1067 376 1463 452 chlamidisqne
1486 382 1716 438 obnubit
1739 384 1942 460 amictu

512 473 852 529 Prtebentem
878 473 1025 529 nudo
1053 472 1363 544 spectacula
1392 489 1621 545 corpore
1643 475 1823 546 vulgo.

512 562 625 618 Nec
651 576 828 629 mora,
853 560 1079 618 diluitur
1105 562 1336 633 divaque
1364 564 1671 621 renascitur
1698 565 1865 631 unda,

510 653 650 710 Vitae
672 662 729 709 et
751 667 906 709 sacra
935 653 1057 722 piae,
1083 650 1299 709 Juliano
1326 654 1511 720 dante,
1545 669 1838 725 capessens

511 744 674 801 Fusis
693 759 819 800 mox
843 745 1097 814 precibus
1126 742 1288 801 celeri
1315 745 1451 815 petit
1477 746 1678 802 aethera
1711 745 1872 801 saltu.

506 838 902 912 Presbyterum
951 846 1202 896 sanctum
1249 838 1523 895 lulianum
1576 840 1889 911 almumque
1941 838 2104 895 mini-

1819 929 2030 1003 [strum

505 1022 803 1079 Caesarium
832 1024 1089 1096 princeps
1112 1022 1230 1094 ejus
1256 1039 1414 1097 sacco
1438 1023 1605 1080 insuit
1628 1023 1782 1103 urbis

502 1112 797 1177 Luxurius.
824 1115 1203 1186 parricidalem
1226 1116 1381 1185 quasi
1410 1130 1625 1171 sumere
1659 1113 1917 1169 mulctam

503 1203 856 1267 Promerilos,
888 1207 1094 1275 gremio
1119 1207 1317 1275 sumpti
1345 1206 1439 1277 qui
1476 1207 1527 1260 in
1560 1206 1759 1261 catrula
1794 1193 1943 1275 ponti

506 1292 587 1349 Ne
619 1296 786 1350 maris
818 1296 1095 1352 ebiberent
1123 1296 1318 1352 ﬂuctus
1347 1297 1677 1369 lymphantis
1711 1310 1929 1352 amaros

504 1386 819 1442 Vorticibus
841 1389 1109 1444 scandunt
1139 1388 1382 1463 Thetidis
1410 1389 1657 1444 coelestia
1686 1387 1934 1444 summis.

502 1478 759 1535 Littoreis
791 1482 974 1537 thecas
1003 1483 1288 1538 reddentes
1318 1481 1461 1537 illico
1489 1482 1694 1547 arenis,
1929 1466 1936 1473 ’

504 1568 773 1626 Eusebius
803 1587 938 1642 quas
965 1573 1089 1627 inde
1112 1572 1234 1643 pius
1258 1573 1509 1628 monachi
1538 1566 1714 1627 bonus
1743 1579 1868 1627 actu

498 1661 650 1717 Dans
680 1672 838 1718 terrm
871 1673 1068 1720 terram
1098 1665 1300 1720 dictam
1332 1679 1501 1735 prope
1539 1664 1780 1730 condidit
1806 1662 1995 1719 urbem

1262 269 1658 329 FLODOARDI
1687 272 2011 333 canorvth
2038 254 2387 334 ususnsts
2415 269 2775 328 crescam
2792 252 3138 324 timaret.
3672 224 3765 318 ωε

2131 393 2183 454 Α
2211 384 2348 440 Dum
2379 382 2574 438 multos
2601 379 2802 437 cultum
2828 395 2859 435 a
2882 378 3040 435 vanis
3065 374 3334 433 convertit
3355 373 3425 431 ad
3449 371 3654 429 almum

2204 478 2496 549 Presbyter
2522 476 2762 531 asthereo
2790 472 2919 527 felix
2944 485 3083 542 quos
3107 468 3257 524 fonte
3280 466 3544 543 novabat,

2204 552 2417 624 Elferus
2438 564 2701 635 tequivoci
2724 564 2925 636 pietate
2959 559 3218 616 Leontius
3251 557 3442 614 ambos

2203 657 2362 731 Βεριὶ
2388 659 2764 713 inconcussam
2795 653 3011 721 stringit
3036 650 3301 720 genitoris
3329 649 3396 703 ad
3422 661 3629 727 arcem,

2202 747 2331 803 lude
2355 747 2474 803 foro
2504 745 2706 802 inducti
2737 743 2991 813 nulloque
3024 741 3205 813 rigore
3231 738 3445 794 subacti

2201 840 2338 895 Tum
2371 839 2604 895 tenebris
2633 835 2788 897 trusi,
2819 835 2946 889 dum
2978 822 3121 887 ferre
3155 830 3404 885 litamina
3435 836 3700 903 temnunt,

2203 931 2496 1000 Excipiunt
2515 943 2675 984 enses
2705 927 3047 1003 migrantque
3070 923 3138 980 ad
3165 922 3346 1000 sidera
3375 919 3512 995 laeti};

2101 1079 2107 1087 .
2203 1026 2441 1095 Corpora
2466 1025 2704 1081 ﬂuminei
2734 1024 2967 1097 lymphis
2993 1030 3217 1095 exposta
3245 1019 3452 1075 lavacri

2199 1118 2284 1174 Ad
2317 1114 2464 1174 mare
2494 1119 2815 1180 concedunt,
2848 1117 3126 1171 custodem
3154 1114 3353 1185 quippe
3384 1109 3599 1166 ﬁdelem

2203 1209 2301 1265 Cui
2331 1224 2452 1264 sese
2487 1209 2685 1264 dedant
2710 1207 3008 1279 qua-rentia
3042 1220 3266 1261 munera
3299 1203 3521 1273 dignum
3544 1215 3564 1254 :

2202 1298 2442 1367 Quartus
2465 1300 2531 1353 ad
2561 1298 2612 1352 id
2638 1298 2819 1367 Capua
2850 1298 3143 1366 perductus
3170 1293 3238 1348 ab
3264 1293 3398 1347 urbe
3435 1288 3684 1346 sacerdos

2200 1387 2498 1444 Littoribus
2529 1388 2699 1461 legata
2730 1387 2872 1442 levat
2903 1385 3299 1454 commissaque
3328 1379 3537 1450 perfert

2201 1480 2485 1539 Curriculo
2509 1481 2721 1535 sublata
2758 1494 2969 1543 casam,
2997 1477 3171 1549 capita
3199 1484 3361 1544 atque
3391 1472 3667 1544 requirens

2200 1573 2433 1639 Invenit,
2462 1574 2690 1647 haecque
2711 1571 2815 1645 sibi
2839 1586 2897 1625 se
2929 1568 3072 1650 ultro
3101 1565 3394 1638 pandentia
3419 1564 3586 1620 sumit

2132 1715 2142 1724 .
2201 1662 2504 1736 Juuctaque
2527 1648 2846 1734 corporibus
2875 1648 2983 1731 qua
3012 1648 3239 1735 pignora
3277 1666 3469 1712 sancta
3494 1654 3740 1719 locarunt,

501 1752 746 1822 Quorum
777 1756 845 1813 ad
875 1755 1036 1813 busta
1063 1771 1255 1828 preces
1279 1755 1509 1829 Domino
1539 1772 1605 1815 ac
1626 1754 1832 1830 jejunia
1862 1754 2061 1823 libans,
2124 1772 2174 1835 Β
2203 1756 2500 1820 Ductorum
2532 1753 2756 1811 tumulis
2777 1752 3002 1810 scollata
3026 1747 3270 1808 recondit
3293 1746 3560 1804 honestis.

1405 1926 1875 2074 INCIPIT
1944 1928 2308 2075 LIBER
2378 1973 2835 2089 SEXTUS

1842 2167 2072 2227 CAPUT
2109 2164 2404 2225 PRIMUM.

1750 2281 1831 2339 De
1866 2292 2050 2339 sancto
2077 2279 2257 2365 Felice
2281 2296 2442 2352 papa.

495 2412 649 2469 Felix
678 2413 731 2469 in
763 2413 1038 2471 cathedrae
1064 2413 1336 2486 applicitis
1364 2415 1738 2496 moderamine
1764 2414 1915 2473 Petri

500 2503 832 2573 Succedens,
855 2506 994 2562 bene
1017 2515 1192 2577 gestat
1216 2522 1373 2574 onus,
1405 2509 1542 2565 bene
1567 2495 1765 2564 tractat
1794 2510 2080 2577 honorem,

494 2593 724 2666 llystica
752 2596 1053 2653 decernens
1080 2598 1349 2653 victorum
1372 2597 1440 2653 ad
1474 2599 1631 2654 busta
1663 2599 1809 2655 litari

492 2686 673 2758 Atque
701 2698 996 2745 coronatus
1018 2688 1249 2760 fusoque
1275 2705 1469 2745 cruore
1504 2691 1872 2762 triumphans,

499 2778 672 2847 Quem
696 2779 854 2850 jubet
884 2782 1147 2852 impendi,
1171 2783 1474 2854 impensum
1496 2793 1659 2855 caput
1683 2784 1798 2854 ipse
1818 2784 2090 2840 decorem.

495 2870 814 2929 Euticianus
841 2888 965 2929 eum
992 2873 1279 2944 olllcioque
1305 2874 1517 2944 fideque
1543 2886 1781 2941 secutus,
2085 2862 2089 2867 ’

495 2960 854 3036 Nequaquam
887 2964 1146 3022 inferiore
1171 2966 1355 3021 studet
1383 2965 1602 3036 pietatis
1625 2980 1811 3021 amore

497 3050 741 3111 Gliseere
765 3054 821 3111 in
849 3054 1131 3125 emeritos,
1163 3070 1291 3112 nam
1318 3070 1417 3127 per
1440 3056 1653 3137 diversa
1682 3063 1955 3112 trecentos

2206 2414 2573 2487 Quadraginta
2608 2414 2852 2486 duosque
2876 2415 3057 2470 ferunt
3084 2412 3385 2487 polyandra
3411 2410 3617 2467 locasse

2204 2506 2361 2563 Caede
2385 2516 2690 2572 coronatos,
2732 2507 2984 2562 manibus
3011 2520 3149 2577 quos
3185 2506 3300 2575 ipse
3332 2502 3649 2569 recondens,

2203 2599 2532 2673 Martyribus
2559 2600 2721 2671 digno
2741 2599 2999 2670 cultuque
3025 2598 3204 2653 affecit
3227 2597 3480 2652 honesto.

2202 2689 2316 2746 Nec
2345 2706 2519 2757 mora,
2544 2690 2866 2762 coniunctus
2894 2691 3128 2745 victores
3153 2687 3367 2745 evibrat
3388 2688 3551 2752 inter,

2202 2778 2456 2838 Testibus
2482 2792 2538 2836 et
2567 2783 2722 2838 testis
2757 2782 3095 2836 convertitur
3121 2788 3314 2835 auctus
3345 2778 3572 2834 honore.

2202 2874 2322 2943 lpse
2344 2875 2538 2945 quibus
2568 2874 2772 2931 loculos
2803 2874 2989 2930 habitu
3025 2873 3263 2929 contexit
3295 2885 3517 2927 ammno

2204 2966 2508 3022 Occurrunt
2532 2967 2637 3022 lacti
2666 2969 2813 3024 socio
2844 2983 3008 3022 aurea
3044 2981 3203 3037 regna
3231 2964 3439 3036 petenti

2127 3035 2173 3097 (ἶ
2206 3054 2457 3127 Luceque
2481 3057 2825 3131 conspicuam
2852 3059 3055 3113 ducunt
3088 3035 3366 3141 gratanter
3394 3056 3450 3112 iu
3476 3053 3644 3110 aulae!

2002 3206 2231 3264 CAPUT
2267 3207 2332 3264 ll.

1600 3322 1681 3379 De
1699 3325 1896 3379 sanctis
1923 3305 2183 3395 Basilide,
2221 3323 2467 3382 Mandali
2501 3332 2547 3378 et
2574 3323 2754 3378 sociis.

501 3455 658 3513 Tune
688 3446 988 3533 imperator
1008 3453 1266 3521 incitatus
1288 3453 1540 3512 manibus

497 3546 825 3604 Aurelianus
851 3555 1031 3603 castra
1058 3547 1202 3618 regis
1225 3545 1423 3613 cmlici,

497 3635 688 3693 Edicta
719 3637 926 3708 cudens
950 3653 1126 3694 nonus
1150 3638 1547 3707 indignissima,

496 3724 765 3796 Vexahat,
791 3730 1043 3787 evitanda
1068 3739 1282 3788 certans
1304 3729 1508 3809 praelia.

1051 3965 1117 4004 ,ω

2205 3456 2454 3514 Basilidis
2480 3458 2584 3513 isto
2611 3455 2979 3527 Mandalisque
3004 3455 3236 3528 traditur

2202 3551 2451 3622 Tripodis
2473 3552 2743 3622 simrulque
2769 3552 2853 3609 bis
2877 3552 3067 3609 decem
3094 3552 3364 3613 sodaliqu

2201 3642 2389 3699 Roma:
2424 3644 2756 3714 triumphum
2790 3653 2950 3699 nacta
2980 3644 3154 3698 virtus
3185 3645 3423 3717 impetu;

2202 3734 2303 3789 Via
2334 3726 2581 3805 receptos
2609 3748 2746 3809 quos
2776 3732 2957 3807 ferunt
2984 3732 3219 3799 Aurelia,
3420 3720 3421 3723 “

1951 3888 2179 3947 CAPUT
2227 3888 2315 3944 ill.

1856 4000 1937 4059 De
1966 4013 2149 4058 sancto
2184 4000 2427 4073 Agapito.
2447 4085 2449 4088 ⁴

498 4123 762 4196 Agapitus
786 4123 1177 4183 Praznestiuum
1199 4125 1416 4183 fervore
1438 4130 1541 4183 sub
1570 4129 1686 4200 ipso

497 4214 739 4273 illustrat
760 4217 962 4272 virtute
989 4216 1203 4274 solum:
1231 4220 1324 4290 qui
1352 4220 1473 4276 luce
1500 4221 1645 4276 beati

499 4307 743 4364 Functus
767 4306 1076 4377 Porphorii,
1104 4308 1333 4365 celebris
1355 4310 1559 4381 pietate
1588 4313 1833 4384 magistri
1884 4356 1887 4357 γ

500 4400 576 4458 Ut
599 4400 765 4457 fontis
788 4400 1050 4472 liquidam
1076 4403 1268 4458 sitiens
1294 4403 1568 4460 desiderat
1592 4408 1794 4467 undam

499 4487 748 4562 Martyrii
777 4506 1050 4548 summum
1078 4493 1229 4549 fibris
1258 4492 1486 4551 ardebat
1509 4495 1795 4552 honorem.

501 4581 606 4640 Vix
646 4596 805 4643 natus
847 4594 968 4657 post
1009 4587 1249 4659 quinque
1291 4588 1476 4644 decem
1516 4592 1882 4662 compleverat
1924 4581 2092 4650 annos

503 4676 819 4746 Sceptriferi
844 4676 1012 4745 jussis
1039 4689 1094 4733 et
1122 4688 1302 4734 tentus
1329 4680 1401 4735 ob
1425 4680 1624 4754 inclyta
1650 4684 1853 4741 Christi

503 4764 637 4833 Quze
664 4762 770 4820 non
800 4767 1046 4820 cessabat
1072 4768 1343 4836 praeconia
1365 4784 1620 4841 spargere
1640 4773 1800 4831 dictis
1824 4792 1839 4828 :

503 4853 700 4909 Crudis
722 4854 1018 4923 subrigitur
1041 4857 1222 4910 nervis
1244 4855 1529 4929 ﬂagrisque
1556 4863 1792 4931 severis;

504 4941 743 4996 Invictus
773 4941 986 4996 tandem
1026 4942 1168 4999 lasso
1196 4961 1401 5003 caesare
1424 4951 1684 5018 probatus

505 5032 730 5088 Censori
761 5033 1028 5089 Antiocho
1050 5038 1208 5093 datur
1238 5041 1584 5110 appelleudus
1614 5046 1681 5100 ad
1704 5061 1850 5112 aras,

506 5121 732 5193 Spurcis
755 5125 847 5195 qui
873 5124 1094 5183 latebris
1119 5138 1383 5200 antroque
1410 5133 1658 5203 nigrante
1681 5146 1957 5205 receptum

506 5217 807 5286 Quatriduo
842 5228 987 5275 tenet
1012 5220 1301 5290 impastum
1329 5233 1652 5293 sumptaque
1679 5237 1988 5293 carentem;

512 5306 670 5330 13.4.2:
694 5307 798 5330 ει..-
824 5310 1045 5330 ..--ι1.-,
1080 5310 1219 5330 ._._J-_
1250 5320 1404 5330 .....Δ
1451 5312 1485 5330 .9
1530 5327 1545 5330 _
1584 5327 1605 5330 __

715 5316 798 5330 ι..-
824 5310 1008 5330 ..--ι1.-
1027 5326 1045 5330 -

2193 4133 2499 4213 illeinter:
2534 4149 2558 4187 ε
2584 4131 2810 4187 Frustra
2842 4130 3107 4201 sapientia
3127 4143 3266 4185 vana
3294 4127 3513 4189 laborat

2194 4227 2253 4283 ln
2285 4227 2452 4291 fumo,
2479 4240 2685 4298 praeses
2714 4233 2826 4280 tua.
2857 4243 2878 4277 ι
2908 4223 3184 4281 Turbidus
3213 4223 3302 4279 ille
3330 4221 3562 4293 profatis

2196 4318 2372 4375 Vexat
2402 4316 2530 4372 item
2558 4316 2764 4381 crudis,
2791 4315 2934 4371 lanio
2962 4314 3290 4382 alternante,
3322 4314 3572 4386 ﬂagellis,

2118 4396 2169 4455 ἶ)
2197 4410 2361 4479 Inque
2385 4409 2558 4463 vicem
2594 4406 2811 4462 sibimet
2837 4404 3133 4462 succedere
3155 4415 3419 4475 quattuor
3442 4406 3610 4461 addit.

2195 4500 2335 4555 llinc
2361 4506 2603 4554 ventrem
2631 4497 2870 4567 profudit
2892 4497 2939 4552 ei
2973 4496 3272 4553 ferventior
3299 4498 3468 4563 unda,

2193 4589 2471 4660 Frangunt
2497 4588 2765 4653 maxillas,
2793 4587 3006 4642 laudem
3035 4586 3374 4657 perfringere
3402 4584 3606 4642 Christi

2196 4681 2301 4740 Sed
2331 4681 2479 4738 nulla
2509 4689 2628 4735 arte
2651 4679 2834 4736 valent
2863 4679 3078 4734 Satanm
3105 4687 3398 4748 superante
3429 4675 3656 4732 ministri

2195 4776 2293 4830 Ast
2321 4789 2387 4830 ne
2420 4772 2699 4844 sacrilegis
2724 4771 2938 4842 longum
2966 4770 3227 4826 subsanet
3255 4769 3492 4824 inultum

2195 4866 2453 4935 Cognitor
2476 4864 2736 4919 athletam
2759 4848 2959 4917 Christi
2991 4862 3128 4916 dans
3161 4859 3330 4916 effera
3359 4870 3530 4930 tutus,

2195 4956 2323 5013 lla-c
2347 4957 2492 5011 inter
2520 4956 2698 5012 subito
2723 4954 2951 5025 caligine
2972 4954 3209 5025 cingitur
3235 4964 3379 5020 atra,

2195 5047 2382 5118 Deque
2413 5048 2667 5103 tribunali
2698 5047 2945 5102 recidens
2977 5047 3178 5101 virtute
3208 5047 3501 5102 subactum

2194 5139 2455 5210 Martyris
2475 5139 2705 5195 addiscit
2733 5138 2941 5201 delatus
2969 5142 3164 5193 robore
3193 5140 3395 5208 inanis,

2194 5228 2468 5299 Lectoqu'e
2493 5230 2801 5309 applicitus,
2836 5230 2972 5291 tristi
2999 5230 3076 5285 sic
3107 5228 3300 5285 funere
3329 5231 3568 5309 functus,
