3888 5330
101 320 190 386 ωδ
683 320 771 377 DE
795 316 1068 378 CHRISTI
1099 320 1472 379 TRIUMPHIS
1499 322 1636 381 APU

1828 322 1993 379 UA}!
2018 322 2198 380 LIBRI
2231 324 2371 381 XIV.
2413 356 2480 366 -—
2508 322 2634 380 LIB.
2666 321 2750 378 Vl.
3253 313 3362 373 694

103 435 485 509 ῌληευειεᾳυο
507 439 691 497 ruunt,
715 434 882 490 vincti
907 442 962 490 et
982 434 1204 505 vestigia
1227 432 1496 492 lambunt.
1697 442 1748 502 Α
1777 435 1854 490 Ac
1880 451 2017 492 nova
2047 445 2158 491 tum
2185 436 2381 502 loculo,
2412 435 2590 489 divina
2615 440 2796 488 mente
2823 437 3039 503 parato,

103 525 352 596 Securum
379 537 506 594 ergo
533 522 673 578 feras
698 523 843 579 inter
871 525 1044 597 magis
1071 541 1191 581 esse
1219 527 1465 582 dolentes
1777 525 1925 581 ilicet
1951 527 2171 582 invento
2199 529 2431 598 pretiosa
2465 525 2682 581 monilia
2708 524 2965 578 condunt.

101 612 297 684 Flagiiii
330 612 687 668 fabricatores
718 612 1043 684 scelerisque
1073 615 1319 682 clientes,
1779 616 1892 671 Hoc
1918 618 2062 671 inter
2091 627 2356 672 tormenta
2388 618 2555 671 Deum
2581 617 2706 671 latio
2739 629 2834 669 ore
2861 615 3066 668 fatente

100 703 331 772 Belluina
362 719 524 774 quam
555 703 697 757 inter
722 702 968 760 homines
996 705 1211 760 feritate
1239 707 1499 774 furentes,
1779 705 1896 772 Quo
1926 709 2130 777 regitur
2153 709 2449 772 Christum,
2475 707 2693 776 quidam
2723 718 2791 758 ex
2816 703 3122 758 astantibus
3150 700 3259 759 illic

103 796 167 849 De
195 795 374 860 medio
405 804 598 847 testem
631 794 795 848 multa
825 796 1022 851 virtute
1048 799 1332 866 probatum
1778 798 1986 852 Clamat
2011 802 2326 854 Anastasius
2352 815 2367 854 :
2406 819 2423 850 ε
2454 801 2592 854 Vere
2621 813 2849 868 magnus
2874 797 3016 852 Deus
3041 797 3154 865 ipse

103 886 402 956 Abripiunt,
429 886 613 956 procul
641 888 934 952 abducunt,
960 888 1095 943 eolla
1134 896 1273 944 uitro
1301 891 1541 944 litantem
1779 885 1982 942 Prmter
2004 903 2126 943 eum
2155 890 2350 943 nullus.
2387 908 2406 940 ι
2441 888 2606 942 Dictis
2629 887 2962 956 stupefactus
2992 895 3045 940 et
3073 899 3260 942 amens

102 979 428 1038 Celsithrono
455 979 654 1034 feriunt
677 978 929 1051 ferroque
953 982 1020 1035 ad
1051 983 1229 1036 sidera
1261 983 1468 1038 tollunt.
1781 975 2005 1032 Nuntiat
2028 978 2271 1048 Augusto
2302 979 2583 1034 seductum
2606 976 2865 1047 martyris
2893 984 3010 1029 arte

101 1074 461 1142 Depropcrant
493 1084 762 1142 noctuque
793 1073 978 1144 legunt
1005 1085 1213 1129 sacrata
1243 1075 1427 1132 fideles
1781 1072 1989 1127 Praeses
2019 1074 2384 1138 Anastasium,
2409 1089 2570 1143 quem
2603 1087 2726 1126 mox
2742 1069 2898 1138 jubet
2930 1069 3020 1123 ille
3045 1069 3257 1139 perire;

104 1161 333 1219 Membra
360 1161 568 1232 sibique
592 1177 810 1232 sumque
842 1164 1044 1218 vehunt
1075 1167 1332 1220 tutaniiua
1363 1167 1512 1238 plebi
1781 1163 1980 1235 Sicque
2005 1167 2154 1237 pium
2180 1167 2348 1222 culos
2377 1169 2464 1238 pia
2491 1166 2595 1221 ‘ert
2619 1163 2888 1222 confessio
2912 1171 3129 1218 testem.

1535 1341 1764 1400 CAPUT
1802 1342 1898 1400 IV.

1257 1452 1338 1508 De
1373 1471 1608 1526 repressa
1635 1459 1995 1527 persecutione
2021 1456 2251 1512 Claudii.

102 1584 196 1640 Nec
219 1583 443 1653 longum
472 1582 691 1654 turbare
719 1581 881 1651 datur
908 1579 1108 1636 Christi
1138 1580 1351 1651 agmina
1385 1595 1552 1647 saevo,
1707 1575 1754 1633 B
1785 1583 1893 1640 Nec
1917 1599 2070 1639 mora
2101 1583 2282 1640 Caesar
2310 1591 2411 1640 iter
2433 1598 2662 1654 carpens
2686 1588 2824 1654 perit
2849 1583 3050 1653 impete
3077 1588 3268 1646 turbas

100 1675 187 1742 Qui
213 1691 346 1746 mox,
371 1674 514 1729 Ῑηῑθι·
533 1672 836 1728 θεθΐὺῖεοηί
865 1671 1158 1736 βΐῖιιιοτάῖει
1184 1669 1312 1725 belli
1782 1677 1901 1733 Non
1929 1679 2162 1732 hominis
2190 1693 2287 1748 pro
2310 1677 2443 1732 velle
2471 1677 2705 1748 probans
2728 1676 2918 1732 saevire
2938 1675 3146 1748 ﬂagella

102 1767 219 1821 Dum
247 1768 422 1822 dietat
444 1765 611 1836 leges,
633 1765 757 1836 fera
787 1764 913 1818 dum
941 1763 1155 1818 decreta
1186 1773 1482 1840 recenset.
1780 1769 1838 1824 lu
1865 1767 2094 1822 famulos
2119 1767 2342 1835 Christi,
2373 1783 2568 1839 supero
2596 1782 2752 1839 mage
2777 1767 2999 1822 numine
3020 1765 3171 1821 ferri.

102 1859 416 1914 Turbinibus
445 1859 615 1929 nigris
643 1866 823 1912 actum
851 1871 946 1926 per
979 1854 1158 1910 nubila
1194 1853 1393 1909 fulmen
1782 1859 1940 1914 Pacis
1967 1861 2096 1913 item
2125 1859 2255 1913 suda
2282 1859 2484 1914 Christi
2517 1873 2715 1930 sponsa
2748 1858 2905 1912 unica
2939 1857 3135 1924 gaudet

100 1950 298 2006 Proruit
330 1959 455 2006 ante
485 1950 649 2022 pedes
674 1949 860 2004 feralia
895 1947 1031 2002 scita
1061 1946 1317 2011 serentis,
1783 1949 1918 2005 llinc
1943 1949 2089 2003 nullo
2119 1958 2326 2004 terrore
2353 1949 2529 2019 palam
2557 1949 2850 2004 conterrita
2877 1947 3028 2013 letlti,

101 2040 351 2096 Omnibus
378 2039 615 2094 horrifici
642 2037 868 2108 trepidis
894 2036 1181 2090 formidine
1206 2036 1409 2107 visus;_
1780 2039 2012 2110 Legibus
2044 2053 2174 2096 ense
2201 2039 2345 2102 dato,
2377 2039 2549 2094 donec
2583 2037 2949 2093 Diocletianus

102 2131 235 2186 Haud
266 2146 430 2186 secus
460 2129 696 2202 Egypto
722 2127 922 2182 dudum
950 2126 1178 2196 caligine
1204 2141 1389 2197 pressa
1781 2130 2060 2186 Accensus
2088 2129 2260 2193 furiis,
2291 2129 2504 2182 Bellona
2531 2137 2774 2184 armatus
2793 2127 3014 2193 Averni,

101 2221 379 2276 llorrendae
408 2222 582 2276 noctis
609 2215 880 2290 stupuisse
903 2217 1150 2272 feruntur
1180 2216 1384 2270 alumni
1783 2220 2045 2278 Producit
2069 2219 2316 2292 ﬂammas
2342 2221 2757 2290 Acherontaque
2783 2220 2958 2290 vergit
2984 2218 3036 2273 iu
3063 2215 3264 2272 orbem.

99 2311 377 2370 Serrantes
405 2312 591 2368 Pharii
620 2309 859 2367 crudelia
882 2309 1034 2381 jussa
1061 2307 1318 2380 tyranni.

1557 2462 1786 2518 CAPUT
1827 2465 1892 2520 γ.

1371 2573 1446 2628 De
1474 2576 1670 2628 sanctis
1703 2573 2033 2645 Chrysanin
2055 2580 2102 2626 et
2137 2570 2322 2625 Dariu.

103 2719 153 2775 is
180 2717 438 2790 quosdam
472 2714 707 2772 furuisse
742 2713 868 2769 licet
892 2728 986 2767 rex
1015 2709 1376 2766 Numen-ianus
1713 2693 1758 2754 C
1792 2705 2009 2760 Munere
2036 2696 2310 2773 praecultis
2340 2702 2574 2772 pretioso
2600 2701 2840 2756 vestibus
2862 2707 3017 2754 ornat
3041 2718 3057 2754 :

102 2811 390 2877 Tradatur,
410 2805 579 2862 multo
603 2805 904 2876 palmarum
929 2800 1164 2856 culmine
1193 2806 1428 2852 mactum
1460 2795 1609 2866 (184)
1786 2797 2065 2852 lnvehitur
2083 2795 2230 2850 cellae
2255 2795 2426 2849 nitido
2453 2792 2736 2863 splendore
2759 2801 3014 2857 venustae,

100 2897 220 2951 Cum
244 2897 413 2952 sociis
437 2905 686 2952 sanczum
710 2893 800 2963 qui
824 2891 990 2946 mittit
1011 2890 1066 2944 in
1087 2897 1231 2942 astra
1253 2886 1682 2957 Chrysanthum,
1785 2887 2064 2957 Applicitm
2090 2885 2280 2954 lepidis
2305 2883 2540 2937 animout
2572 2881 2779 2935 mollire
2810 2881 3000 2951 puella:

100 2985 357 3041 Terrenus
387 2983 608 3056 generis
634 2996 957 3052 proavorum
985 2985 1271 3034 stemmate
1301 2976 1431 3031 clari
1787 2977 2018 3033 Lusibus
2044 2976 2227 3030 electae
2254 2974 2510 3043 vultuque
2540 2973 2832 3040 habituque
2861 2972 3071 3026 decora:
3098 2988 3111 3022 :

99 3075 714 3140 AuctorAle_mndrinus
740 3081 858 3127 crat
887 3070 1158 3134 Poletnius
1185 3067 1272 3122 isti
1785 3068 2045 3123 lnfarcire
2073 3067 2256 3135 dapes,
2284 3065 2563 3133 opulentas
2590 3078 2792 3134 ponere
2819 3078 3063 3126 mensas;

99 3166 186 3232 Qui
212 3168 456 3236 genitum
484 3164 678 3220 studiis
706 3165 841 3216 dans
873 3161 1217 3216 liberioribus
1249 3158 1324 3213 uti
1787 3159 2015 3214 Carccre
2040 3173 2160 3226 quae
2189 3157 2434 3227 graviora
2462 3154 2642 3208 fert-ns
2666 3152 2958 3207 immobilis
2980 3153 3162 3207 obstat

98 3257 281 3313 lmbuit
307 3270 366 3313 et
395 3259 648 3327 sophicos
675 3255 872 3310 callere
906 3270 1002 3324 per
1029 3254 1211 3307 abdita
1241 3252 1411 3307 fucos.
1786 3249 1884 3304 Vir
1907 3249 2084 3303 valido
2115 3249 2254 3301 ﬁxus
2280 3245 2439 3315 lapidi
2466 3245 2790 3315 Christoque
2821 3244 3098 3300 cohmrens

95 3345 140 3400 lt
163 3349 285 3404 dum
313 3347 582 3404 sollicitus
613 3346 905 3400 multorum
931 3346 1146 3398 inventa
1175 3343 1407 3398 revolvit
1787 3348 2013 3402 Cautum
2039 3345 2284 3408 delicias,
2317 3358 2517 3413 angues
2548 3351 2911 3412 reputansque
2937 3338 3164 3412 puellas,

99 3434 325 3493 Tandem
352 3436 656 3504 evangelici
682 3435 895 3490 scandit
924 3433 1244 3488 solidamina
1271 3441 1478 3503 portus,

1786 3439 1983 3496 Oscula
2010 3447 2065 3493 et
2095 3438 2394 3506 amplexus,
2427 3436 2598 3506 clypci
2628 3435 2773 3488 velut
2801 3451 2906 3487 arrc
2937 3433 3199 3513 sagittas,

95 3525 485 3594 Doctorcmque
507 3534 690 3579 catum
723 3524 856 3592 legis
878 3533 1161 3592 sectzequze
1193 3523 1495 3592 requirens,
1789 3530 2092 3583 Discutiens
2117 3528 2284 3582 armis
2314 3525 2504 3578 valida:
2528 3523 2848 3591 objectuque
2880 3522 3023 3589 fidei,

96 3613 504 3684 Carpophorum
532 3623 754 3684 reperit,
781 3622 935 3669 casto
965 3613 1056 3684 qui
1082 3614 1206 3682 jure
1231 3613 1510 3676 sacerdos,

1461 3628 1510 3676 S.
1788 3620 1995 3675 Sternit
2024 3620 2230 3689 SOpiiaS
2257 3626 2416 3672 cantu
2446 3616 2687 3684 sapiente
2713 3613 2960 3668 colubras
2984 3632 2995 3666 :

97 3704 267 3760 Civica
290 3707 418 3776 jura
453 3720 672 3772 cavens,
706 3721 986 3760 nemorum
1015 3705 1208 3776 spelaea
1237 3703 1479 3759 fovebat.
1791 3711 1960 3765 Victis
1983 3709 2214 3763 nobilior
2242 3708 2431 3777 primis
2462 3707 2685 3760 rationis
2709 3713 2881 3759 acutae

97 3792 204 3868 Quo
235 3796 377 3851 duce
405 3796 606 3854 siderei
631 3797 845 3851 modico
867 3797 967 3851 sub
999 3805 1244 3865 tempore
1273 3795 1425 3850 callis
1789 3802 2031 3865 Fulihus,
2070 3801 2340 3872 exquisita
2372 3800 2540 3865 venit,
2581 3798 2876 3868 speciosior
2905 3810 3021 3861 ore,

96 3884 288 3942 Nactus
317 3887 444 3950 iter,
475 3887 722 3958 graditur
747 3886 947 3946 clivosa
977 3901 1077 3957 per
1103 3887 1270 3940 ardua
1301 3887 1436 3941 liber
1457 3927 1472 3950 ,
1789 3894 2046 3965 conjugio
2068 3893 2227 3948 naria
2258 3893 2403 3947 velut
2428 3891 2681 3946 socianda
2709 3889 2909 3954 sodali;

97 3977 477 4048 ιηιτενὶἀοίιυε
505 3978 683 4048 Palam
714 3977 991 4033 Christum
1014 3994 1266 4034 sermone
1291 3978 1512 4034 ἶειῑεῑυν·
1719 4053 1740 4057 _
1790 3987 1957 4057 Capto
1983 3987 2109 4040 dum
2138 3985 2326 4040 reddet
2351 3983 2598 4055 patrique
2627 3983 2846 4052 deisque
2871 3980 3251 4052 Chrysantum,

98 4066 282 4124 Fertur
305 4070 364 4125 id
398 4071 466 4125 ad
494 4079 724 4140 patrem,
751 4086 1040 4141 procerum
1077 4071 1167 4140 qui
1188 4070 1312 4141 jura
1342 4071 1684 4134 tremiscens,
1719 4053 1762 4111 υ
1790 4053 2020 4142 Crescit,
2053 4093 2118 4133 ea
2144 4053 2430 4142 subeunte,
2456 4075 2639 4129 datum
2667 4073 2814 4127 varia
2847 4080 2964 4127 arte
2994 4068 3227 4124 duellum
3255 4085 3268 4120 :

95 4158 304 4216 Claudit
325 4162 386 4216 in
420 4161 658 4218 obscuro
689 4161 818 4216 findi
844 4163 1204 4232 spurcaminis
1232 4171 1390 4218 antro
1791 4169 2074 4232 Nuhiiitas,
2105 4169 2332 4239 species,
2365 4167 2553 4236 lepida:
2577 4164 2828 4220 facundia
2856 4163 3070 4235 linguae,

99 4251 465 4322 Afficiensque
488 4263 640 4309 arcto
669 4265 911 4325 gnatum,
934 4251 1136 4322 jejunia
1161 4254 1320 4309 solvit
1791 4259 2109 4330 lmpugnant
2133 4259 2307 4313 valido
2337 4266 2658 4312 temncntem
2685 4264 2880 4312 cuncta
2911 4255 3115 4309 renisu.

97 4343 254 4399 Grata
283 4346 449 4410 cibo;
479 4346 678 4417 gaudet
695 4344 910 4414 juvenis
934 4347 1159 4416 quaesita
1186 4346 1413 4412 subisse,
1791 4348 1976 4404 Gratia
2003 4363 2183 4418 quem,
2210 4348 2440 4418 ﬁdeique
2467 4347 2650 4411 decus,
2682 4345 2944 4414 sapientia
2971 4359 3096 4398 vera

94 4435 372 4502 Gratatur,
407 4436 580 4504 favet,
612 4438 855 4504 assultat,
880 4438 1278 4507 complectitur,
1308 4439 1495 4504 ambit,
1792 4439 2067 4506 Cinxcrat,
2098 4440 2440 4503 alterutrum,
2468 4438 2706 4492 adversis
2731 4435 3035 4507 conﬂigitur
3064 4433 3230 4488 armis

96 4525 285 4598 Sicque
309 4529 407 4584 diu
439 4543 497 4584 se
520 4529 762 4584 exerceri
791 4529 1228 4600 promptissimus
1253 4536 1401 4598 optat
1425 4546 1438 4582 :
1790 4529 1885 4586 llla
1917 4533 2043 4587 deos
2071 4531 2287 4602 praefert
2316 4530 2496 4583 divino
2516 4528 2639 4598 jure
2668 4529 2940 4592 colendos,

97 4618 424 4692 Suggeritur
455 4621 688 4692 genitori
717 4622 881 4676 ardor
907 4622 1180 4692 genitique
1202 4621 1469 4692 voluptas,
1792 4623 1898 4679 Iste
1922 4623 2078 4678 docet
2101 4624 2326 4677 miseros
2354 4621 2585 4688 divoque
2609 4620 2783 4673 nitore
2809 4627 3085 4684 vacantes,

97 4708 167 4764 De
193 4727 365 4768 cruce
390 4712 636 4783 pendere
660 4711 931 4782 etjejunia
963 4712 1115 4767 laetus
1146 4713 1306 4778 inire,
1361 4761 1370 4770 .
1794 4715 1956 4785 idque
1978 4713 2172 4784 probat
2201 4713 2346 4767 veris
2374 4712 2675 4781 patulisque
2708 4710 2958 4765 edisserit
2985 4710 3139 4764 actis.

98 4801 550 4860 Christicolarum
580 4806 790 4860 animos
821 4806 912 4861 tali
941 4805 1042 4866 sub
1072 4822 1220 4862 more
1250 4815 1453 4870 suetos,
1796 4806 1960 4878 Virgo
1985 4805 2151 4876 probe
2177 4806 2376 4860 cedens
2405 4803 2627 4857 rationis
2651 4801 2902 4857 acumine
2925 4800 3138 4855 tandem

96 4887 268 4947 Gloria
293 4893 467 4965 queis
487 4901 544 4949 et
567 4894 737 4949 honor
765 4895 867 4950 hoc
892 4909 1140 4952 crescere
1162 4896 1286 4964 jure
1311 4904 1552 4965 putatur,
1795 4899 1996 4954 Christi
2026 4899 2162 4951 victa
2185 4895 2315 4967 jugo
2341 4895 2549 4950 accedit
2578 4893 2895 4948 submittere
2919 4891 3056 4946 colla
3081 4908 3096 4943 :

100 4988 229 5053 Quin
263 4990 520 5045 studium
548 4997 744 5054 vertat,
781 4989 914 5044 tales
939 5006 1046 5044 non
1074 4991 1240 5044 haece
1266 4986 1588 5058 premendus
1799 4990 2088 5062 Yirginitas
2117 4987 2382 5044 servanda
2412 4988 2609 5058 placet,
2638 4986 2932 5054 ﬁctumque
2957 4982 3138 5038 snbire

97 5077 229 5150 Lege
252 5082 434 5143 viros,
469 5090 774 5150 contempta
804 5081 960 5143 ferat,
990 5081 1157 5135 vitata
1181 5088 1446 5150 reponat,
1796 5081 2040 5153 Conjugii
2067 5080 2240 5137 multo
2267 5079 2556 5135 decoranJi
2584 5079 2804 5149 pignore
2836 5089 3053 5130 nomen.

98 5171 307 5226 Deliciis
335 5170 588 5240 subigat,
623 5173 890 5227 connubia
915 5171 1059 5226 clara
1088 5179 1358 5242 procuret,
1798 5174 2046 5227 Abluitur
2066 5186 2224 5226 sacro
2256 5169 2448 5237 conjux
2474 5170 2794 5240 baptismate
2821 5165 2994 5235 virgo,

97 5258 332 5316 Nexibus
363 5261 461 5314 his
489 5259 673 5322 nodet,
708 5261 885 5318 trahat
913 5263 1014 5316 hac
1043 5262 1095 5315 in
1127 5270 1250 5313 vota
1278 5269 1490 5313 catena.
1797 5263 1997 5330 Sicque
2026 5278 2183 5330 pares
2217 5272 2369 5319 casto
2394 5261 2592 5318 Christi
2621 5255 2910 5312 vincimine
2931 5248 3103 5321 juncti
