3888 5330
519 237 628 298 693
1224 232 1612 295 FLODOABDI
1643 232 1961 293 CANONICI
1999 227 2342 288 REMENSIS
2379 225 2743 296 OPUSCULA
2771 222 3096 279 METRICA.
3160 224 3168 237 '

2123 346 2177 429 Α
2200 342 2593 423 Basilicamque
2623 354 2804 410 super,
2835 350 2936 407 pro
2961 349 3123 407 posse
3148 334 3202 391 in
3224 332 3462 390 eulmina
3491 330 3699 390 tollunt.

591 350 817 425 Agmina
841 350 994 421 plura
1018 349 1208 406 videns
1234 349 1407 411 hostis
1430 358 1539 405 tota
1568 347 1712 406 Urbe
1739 348 1888 404 coire

518 445 576 498 lo
600 440 801 505 Christi
828 455 981 496 sacra
1004 439 1129 509 jura
1154 439 1325 506 ducis,
1356 437 1664 510 claramque
1686 437 1957 510 repulsam

520 532 687 590 Indici
712 532 926 602 penitus
955 531 1148 599 priscis
1180 530 1399 600 arisque
1416 530 1664 600 jugisque

520 623 708 681 Livida
739 622 843 680 tela
870 622 1090 685 vibrans
1113 621 1234 677 diro
1256 621 1460 677 excitat
1490 621 1686 689 impete
1701 618 1914 684 turbas,

518 714 688 783 inque
717 714 835 785 pios
860 722 1037 779 movet
1071 721 1284 769 atroces
1310 713 1503 768 ardore
1524 711 1787 767 tumultus

521 804 685 864 Urbis
722 814 850 874 tunc
878 804 1249 874 pnetecturam
1287 803 1566 860 Cclerinns
1593 801 1808 867 agebat,

522 894 624 963 Qui
658 897 757 950 hos
787 895 1001 957 cuidam
1028 894 1169 966 legat
1200 904 1376 950 lentos
1406 896 1472 948 ad
1501 894 1667 963 ﬂagra
1697 894 1951 958 tribuno;

521 986 776 1042 Claudius
804 986 929 1041 bu'c
950 1001 1143 1042 nomen
1173 985 1262 1054 qui
1295 985 1632 1055 septuaginta
1654 983 1997 1054 Chrysantbo

494 1110 498 1115 -
528 1074 786 1150 ITortores
814 1075 1075 1137 adhibens
1104 1076 1287 1130 crudis
1313 1076 1615 1144 astringere
1642 1072 1822 1130 nervis

480 1149 485 1154 “
529 1162 685 1220 Hune
724 1166 941 1236 satagit,
975 1164 1066 1221 sed
1092 1174 1200 1221 stat
1225 1164 1406 1219 subito
1436 1165 1633 1218 virtute
1661 1163 1870 1218 solutus

528 1252 754 1310 Siderea
799 1254 1049 1324 nulloque
1069 1255 1197 1323 jugo
1225 1254 1324 1307 sibi
1353 1251 1526 1308 vincla
1551 1253 1825 1305 colueret
1854 1265 1871 1304 :

526 1344 825 1414 Stringitur
854 1346 980 1399 hinc
1005 1344 1161 1398 validi
1201 1344 1407 1400 nodoso
1438 1346 1631 1398 ro‘..ore
1655 1340 1816 1411 cippi,

524 1437 740 1492 Tertius
767 1438 854 1492 hic
884 1452 1096 1493 morsus
1123 1451 1251 1491 crus
1279 1446 1336 1490 ut
1361 1422 1854 1499 divaricet'actum,

522 1523 691 1597 Ligna
721 1527 815 1581 sed
842 1525 896 1580 in
934 1524 1149 1579 tenuem
1179 1524 1319 1593 cippi
1360 1522 1590 1577 resoluta
1618 1520 1850 1576 favillam

523 1613 633 1671 Nec
662 1617 791 1681 vim,
821 1632 920 1671 nec
950 1617 1159 1687 pondus
1185 1615 1400 1670 valuere
1431 1612 1668 1669 indicere
1695 1618 1916 1677 sancto;

524 1707 754 1766 Putente
785 1711 907 1765 inde
932 1710 1117 1766 lavant
1153 1720 1325 1766 artem
1352 1709 1620 1781 depellere
1651 1710 1816 1766 mictu

525 1797 815 1858 Sudantes.
847 1800 900 1854 in
932 1810 1243 1855 nectareum
1270 1800 1364 1856 sed
1391 1815 1576 1854 versus
1596 1801 1820 1854 odorem

524 1892 848 1965 Belligerum
868 1894 1003 1949 laeto
1033 1895 1281 1967 fragrans
1303 1896 1598 1969 spiramine
1619 1897 1850 1967 mulcet;

525 1981 654 2036 Inde
683 1999 871 2040 recens
897 1994 1048 2056 rapto
1074 1986 1223 2041 vituli
1248 1988 1346 2041 sub
1376 1974 1585 2056 tergore
1612 1995 1765 2042 sutus

530 2073 831 2145 Stringitur
856 2065 1234 2147 urgendusqne
1262 2076 1366 2133 faci
1404 2079 1564 2132 datur
1588 2076 1933 2147 Hyperionis,

527 2161 657 2219 Jura
685 2166 791 2220 sed»
808 2166 1017 2234 ignorat
1045 2167 1282 2223 Pltoebus
1312 2170 1567 2238 ponitque
1595 2169 1862 2239 vigorem,

526 2257 585 2311 in
615 2258 766 2314 testis
791 2268 999 2312 tantum
1028 2258 1188 2314 validi
1225 2257 1521 2328 tepefactus
1543 2261 1797 2325 amictus,

527 2345 638 2403 Nec
669 2349 835 2404 sentit
868 2348 1075 2404 fervere
1097 2352 1237 2405 cutis
1261 2351 1542 2406 mitissima
1573 2351 1740 2407 solem
1774 2370 1786 2406 :

527 2437 767 2493 Artuhus
793 2449 849 2494 ut
878 2439 1120 2495 detracta
1148 2457 1372 2496 manens
1406 2459 1471 2497 ex
1498 2458 1725 2511 corpore
1752 2443 1915 2498 rolmr

527 2526 690 2582 Forte
716 2529 937 2583 trahens
959 2539 1150 2585 sancto
1174 2531 1337 2586 cessit
1360 2532 1444 2585 cui
1482 2532 1745 2602 Cynthius
1772 2516 1967 2595 ardor;

529 2618 660 2676 Inde
689 2636 990 2688 mzmusque
1016 2622 1284 2690 pedesque
1313 2620 1598 2677 subactum
1632 2630 1693 2691 et
1730 2622 1866 2675 colla
1905 2621 2113 2677 catenis

531 2708 780 2764 Carceris
819 2709 1065 2776 injicinnt
1096 2710 1354 2771 barathro
1378 2711 1643 2780 caecisque
1668 2709 1890 2764 latebris
1921 2727 1936 2764 :

536 2796 648 2853 Nec
675 2815 844 2862 mora,
877 2798 1158 2877 solvuntur
1187 2800 1365 2854 cuncti
1395 2800 1679 2854 nodatnina
1712 2798 1865 2861 ferri.

535 2886 654 2941 Lux
680 2890 844 2959 micat
874 2889 1173 2949 innumeris
1205 2890 1424 2945 radians
1449 2899 1506 2945 ut
1537 2890 1744 2946 consita
1778 2890 2008 2962 lychnis.

548 2976 807 3047 Snpplicii
837 2978 1076 3033 artiﬁces
1102 2978 1345 3033 referunt
1368 2978 1480 3033 haec
1506 2989 1695 3034 cuncta
1722 2980 1940 3035 tribuno

535 3065 631 3121 ille
655 3068 756 3121 sibi
780 3068 1079 3124 exhibitum
1111 3083 1395 3124 nemoroso
1424 3069 1644 3122 verbere
1675 3068 1808 3124 muli

544 3155 782 3221 Mandat,
809 3167 865 3211 at
894 3157 1159 3232 applicitae
1187 3158 1510 3226 rigidissima
1539 3158 1758 3212 brachia
1784 3157 1933 3212 silva:

542 3245 762 3300 Laedcre
795 3246 1032 3300 membra
1063 3256 1281 3316 pavent,
1319 3247 1462 3302 lento
1507 3263 1572 3303 ac
1615 3247 1935 3302 ftaccescere
1967 3246 2118 3316 lapsu

539 3332 831 3403 incipiunt,
852 3350 1064 3389 onmem
1098 3336 1261 3407 inque
1288 3351 1481 3391 manus
1503 3351 1731 3405 posuere
1756 3336 2009 3406 rigorem.

541 3418 798 3479 Claudius
838 3426 938 3481 ista
972 3434 1128 3480 tuens
1154 3435 1400 3481 sanctum
1432 3425 1623 3481 tellure
1648 3424 1816 3479 levari

542 3516 796 3586 Pneeipit
823 3526 985 3586 atque
1015 3502 1139 3584 tegi,
1169 3518 1498 3587 genibusque
1524 3516 1828 3572 advolvitur
1851 3528 2015 3571 orans

544 3608 725 3679 Seque
753 3624 985 3679 suosque
1013 3609 1097 3678 pia
1122 3618 1430 3667 sanctorum
1461 3608 1578 3680 lege
1607 3608 1835 3665 sacrari.

539 3700 659 3753 Mox
693 3699 1061 3754 catechizatus
1089 3702 1297 3754 divinas
1319 3700 1521 3769 excipit
1551 3701 1745 3766 undas,

538 3791 789 3847 Pluribus
814 3781 1081 3865 applicitis
1109 3793 1329 3863 paribus
1361 3794 1616 3863 sociaqne
1634 3791 1827 3861 jugali,

539 3883 740 3938 Hilaris
762 3883 965 3952 junctis
987 3886 1204 3955 genitis,
1242 3886 1333 3957 qui
1361 3884 1601 3949 Maurus,
1628 3883 1803 3948 lason,

540 3974 800 4029 Militibus
824 3975 1028 4046 pariter
1051 3989 1267 4044 quoque
1292 3975 1632 4044 septuaginta
1653 3971 1877 4045 jugatis.

538 4062 638 4120 llis
662 4054 771 4119 sibi
805 4064 1065 4133 subjectis
1086 4065 1377 4134 multisque
1408 4066 1738 4119 ltzcreutilus
1765 4062 1941 4117 auctis

541 4153 902 4210 Numerianus
941 4162 997 4206 ut
1029 4161 1151 4207 acta
1183 4154 1349 4222 capit,
1378 4155 1549 4207 vitreo
1577 4168 1795 4221 aequore
1827 4152 1985 4208 subdi

540 4241 747 4312 lugenti
777 4229 1091 4313 implicitum
1121 4256 1255 4296 saxo
1284 4241 1496 4296 fervore
1525 4241 1802 4295 tribunum

545 4337 778 4413 Deputat
806 4336 1017 4399 insano,
1057 4344 1166 4393 tum
1202 4336 1543 4407 septuaginta
1564 4333 1783 4403 jugatos

545 4425 761 4484 Iasonis
786 4437 841 4484 et
862 4416 1040 4482 Mauri
1065 4427 1267 4497 pariter
1292 4428 1468 4497 capita
1490 4441 1621 4504 ense
1652 4423 1840 4482 recidi.

543 4521 780 4592 Antiqua
809 4505 1028 4578 latitans
1057 4529 1176 4576 erat
1209 4530 1326 4575 arte
1346 4519 1630 4575 cuniculus
1659 4518 1768 4574 illic

545 4615 663 4684 Qua
692 4615 813 4671 caesi
848 4620 1032 4679 testes,
1057 4628 1215 4683 quem
1244 4623 1404 4668 noctu
1434 4611 1594 4666 sorde
1618 4611 1857 4667 levantes

544 4708 878 4762 Christicolae
903 4708 1087 4763 multis
1114 4707 1419 4761 decorando
1450 4706 1739 4759 monilibus
1762 4709 1976 4758 ornant.

543 4798 757 4867 Colligit
790 4797 986 4854 lllaris
1009 4797 1313 4870 genitornm
1354 4797 1594 4852 membra
1622 4794 1824 4849 tribuni

546 4888 836 4955 Exscquiis
859 4886 1138 4956 perfuncta
1172 4887 1297 4956 piis,
1326 4887 1415 4942 ubi
1458 4897 1580 4940 vota
1610 4880 1942 4954 prefundens

547 4975 999 5046 Centinuansque.
1017 4992 1203 5046 preces
1228 4959 1482 5031 iaretatnr
1510 4975 1577 5030 ad
1605 4986 1724 5029 acta
1759 4973 2021 5043 profanis.

549 5066 686 5121 Dum
720 5069 950 5125 trahitur
976 5070 1145 5138 poscit
1185 5085 1241 5123 se
1279 5068 1502 5139 implere
1530 5068 1838 5137 precamina
1869 5067 2122 5132 mittant;

552 5155 754 5227 Sicque
776 5161 998 5229 gradum
1023 5161 1192 5232 signis
1218 5161 1420 5221 Christi
1457 5161 1582 5221 dum
1620 5159 1842 5231 mystica
1865 5158 2033 5214 sumit

553 5247 733 5317 Atque
766 5253 1132 5320 genuﬂectens
1159 5254 1369 5322 palmas
1399 5252 1467 5307 ad
1496 5249 1672 5305 sidera
1705 5248 1909 5319 patulit,

3666 214 3764 281 απ

2271 453 2479 508 Interea
2505 451 2777 521 Augustus
2801 446 3038 503 truciore
3069 445 3278 501 furebat
3313 445 3366 500 in
3394 442 3535 501 altos

2203 546 2504 618 Signiferos
2535 546 2647 610 ira;
2680 545 2846 600 trudit
2869 543 3120 615 squalore
3147 523 3557 614 Chrysanthuni

2202 639 2448 695 Carceris
2468 638 2771 703 honorifici,
2795 653 2900 708 qua
2928 646 3165 693 stercora
3191 635 3331 691 ﬂuxa
3355 635 3569 691 cloacas

2202 730 2508 785 Extenuant
2536 746 2549 784 :
2582 722 2796 793 Dariam
2825 728 3132 783 meretricia
3160 737 3309 797 septa
3340 714 3640 796 receptant.

2204 822 2521 891 Suggeritur
2543 820 2726 875 clauso
2752 818 2842 875 sed
2876 819 2962 873 lux
2994 820 3173 873 divina
3198 817 3565 888 Chrysantho,
3638 808 3645 815 ”

2201 911 2447 969 Balsama
2475 912 2749 982 respirans
2767 911 2969 980 pariter
2991 909 3283 980 fragrantia
3306 910 3501 965 fertur.

2202 1000 2450 1056 Evadens
2475 1016 2693 1056 caveam
2728 1000 2902 1054 Dariaa
2928 999 3012 1054 leo
3039 1000 3271 1054 mittitur
3300 1001 3477 1054 audax

2204 1092 2463 1148 Servator
2495 1093 2708 1148 decoris
2737 1092 3039 1160 cellamqnc
3068 1076 3346 1160 ingressus
3376 1089 3612 1145 honorat

2202 1182 2480 1247 Orantem,
2513 1192 2751 1237 astratus
2778 1182 3095 1251 placidoque
3120 1181 3296 1251 rigore
3324 1189 3531 1243 tuetur,

2202 1273 2446 1341 Dumque
2474 1272 2650 1327 ferunt
2673 1272 2888 1327 Christo
2914 1271 3092 1339 plures
3121 1278 3431 1324 reverenter
3452 1270 3702 1325 honorem

2202 1360 2442 1418 Mirificis
2467 1363 2657 1431 trepidi
2682 1361 2831 1427 visis,
2861 1360 3146 1431 praefectus
3176 1360 3228 1414 in
3256 1360 3374 1429 ipso
3701 1352 3710 1358 ’

2202 1452 2451 1509 Fornicis
2483 1454 2657 1522 ignem
2681 1451 2826 1506 aditu
2859 1450 3026 1505 multa
3061 1450 3213 1504 trabe
3238 1447 3484 1525 prmeipit
3508 1447 3594 1503 edi
3624 1463 3643 1513 ξ

2202 1545 2385 1600 Bellua
2418 1546 2704 1600 raucisono
2733 1542 2965 1599 [intumis
2992 1541 3271 1613 pavefacta
3300 1542 3484 1614 rugitu

2203 1636 2528 1692 Perturbare
2554 1634 2754 1707 locum.
2777 1635 2862 1690 cui
2894 1635 3045 1704 virgo
3069 1632 3367 1686 animosior
3397 1646 3413 1685 :
3452 1650 3474 1685 ι
3508 1631 3609 1686 Exi

2130 1696 2180 1759 Β
2209 1718 2434 1791 Secure,
2460 1704 2732 1795 emigrans
2756 1724 2904 1780 nullo
2933 1723 3129 1779 laedere
3153 1731 3363 1792 tenore,

2206 1816 2426 1872 Liberat
2459 1816 2545 1870 ille
2571 1817 2785 1885 quidem
2823 1823 2876 1869 te
2899 1815 2951 1869 in
2980 1828 3067 1869 me
3087 1828 3249 1884 quem
3287 1812 3438 1868 mitis
3470 1812 3712 1867 bouoras.
3743 1831 3759 1865 ι

2207 1906 2491 1962 Evbibitus
2519 1905 2740 1974 posthac
2766 1902 3021 1973 prmfccto
3048 1913 3262 1972 aptatur
3286 1903 3495 1972 equino

2210 1995 2322 2050 Sub
2353 1994 2503 2049 trabe
2542 2004 2808 2050 tormento
2841 2003 3090 2064 porrecta
3124 1993 3359 2047 immane
3389 1990 3762 2062 Chrysanthus.

2210 2086 2457 2141 Machina
2485 2088 2578 2140 sed
2612 2082 2824 2155 refugit,
2851 2084 3159 2154 rapiturque
3183 2083 3234 2138 in
3262 2082 3433 2136 tiabra
3465 2082 3678 2136 tninutis

2212 2175 2492 2232 Dissiliens
2517 2175 2724 2237 frustis,
2756 2162 3083 2245 sparguntur
3111 2169 3320 2226 vincula
3352 2172 3581 2242 passim,

2212 2267 2513 2335 Lampados
2540 2266 2824 2335 applicitae,
2863 2265 3086 2335 depulso
3115 2264 3333 2329 ardore,
3359 2249 3637 2334 gelantur.

2213 2359 2284 2413 At
2314 2356 2614 2419 Celerinus,
2641 2371 2706 2411 co
2729 2372 3021 2411 concussus
3044 2356 3207 2411 corda
3231 2364 3477 2425 stupore,

2214 2450 2374 2504 Gesta
2411 2448 2578 2503 refert
2607 2448 2843 2513 domino,
2876 2448 3106 2518 magicis
3135 2448 3226 2517 qui
3257 2448 3541 2504 fraudibus
3567 2456 3684 2525 acta.

2216 2538 2551 2609 Dependens,
2580 2545 2756 2593 castos
2780 2539 3017 2608 pretioso
3039 2538 3143 2593 fine
3160 2538 3373 2617 jugalcs
3556 2611 3561 2617 ν

2215 2631 2489 2687 Grandine
2519 2631 2768 2702 saxigcro
2797 2630 3067 2702 submergi
3108 2614 3328 2686 mandat
3356 2614 3575 2693 arenis;

2219 2722 2461 2779 Tramite
2484 2739 2593 2794 quo
2621 2723 2744 2779 creti
2777 2723 3111 2795 Stephanum
3138 2739 3301 2793 super
3325 2722 3434 2777 alta
3463 2716 3630 2778 secuti

2219 2814 2471 2870 Lactcolo
2507 2829 2768 2884 roSeoqnc
2795 2814 3021 2869 inncxas
3052 2813 3181 2867 flore
3212 2813 3473 2883 gemellas

2227 2906 2525 2962 Stemmate
2544 2916 2805 2976 perpetuo
2836 2906 2980 2961 rutili
3017 2920 3268 2961 meruere
3298 2920 3538 2960 coronas
3564 2921 3578 2968 ;

2221 2997 2504 3068 Largoquc
2531 3014 2627 3067 per
2658 2995 2879 3067 populos
2917 2996 3040 3049 dum
3067 3006 3330 3066 spargunt
3364 2998 3504 3052 dena
3534 2994 3715 3077 salutis1

2143 3068 2189 3131 (ἶ
2223 3088 2419 3162 Crypta
2448 3105 2607 3158 supra
2636 3088 2868 3143 tumulos
2897 3087 3045 3142 claro
3070 3085 3371 3143 fabricatur
3401 3089 3605 3142 honore
3632 3100 3647 3138 :

2223 3181 2341 3247 Quo
2369 3181 2494 3234 dum
2525 3194 2664 3249 scepe
2694 3178 2801 3233 coit
2832 3179 3008 3232 v0tiva
3041 3176 3343 3248 frequentia
3377 3176 3568 3249 plebis,

2222 3268 2524 3325 {Eneadum
2553 3269 2657 3322 dux
2691 3282 2829 3321 Stcva
2858 3266 3118 3328 fremens,
3144 3265 3454 3321 celebrante
3476 3274 3681 3319 caterva

2222 3358 2465 3429 Mystica,
2492 3358 2599 3410 voti
2632 3357 2810 3410 aditus
2837 3343 3015 3410 claudi.
3036 3352 3190 3425 jubet
3219 3369 3313 3408 ora
3337 3353 3516 3406 levato

2220 3447 2451 3513 l’ariete,
2485 3445 2902 3514 conclusumque
2923 3444 3093 3513 premi
3117 3453 3267 3497 vasto
3291 3457 3489 3513 aggere
3521 3436 3766 3509 templum,

2225 3538 2422 3606 S’cque
2450 3544 2629 3589 manet
2649 3535 2774 3589 dum
2803 3534 2966 3589 cruda
2991 3533 3109 3611 pios
3140 3532 3420 3586 tribulatio
3447 3531 3618 3585 tundit

2224 3628 2559 3697 Sculptilium
2587 3625 2738 3696 pulsa
2763 3626 2933 3680 donec
2954 3623 3094 3680 Urbs
3117 3626 3274 3678 sorde
3300 3623 3484 3693 piatur

2221 3720 2285 3776 Et
2317 3719 2534 3774 Chri~to
2567 3732 2721 3771 sacra
2747 3699 2929 3780 busta,
2967 3714 3077 3770 Dco
3115 3699 3414 3785 retegente,
3446 3722 3708 3766 notantur.

2224 3811 2440 3867 Restitit
2470 3818 2524 3863 at
2544 3808 2786 3879 quaedam
2810 3805 2979 3863 sacris
3018 3806 3212 3860 intecta
3244 3803 3481 3859 fenestra
3705 3790 3710 3794 ’

2224 3902 2336 3969 Qua
2365 3908 2676 3956 sanctorum
2714 3897 3005 3966 inspectari
3033 3890 3389 3951 monumenta
3418 3894 3614 3948 licebat
3638 3909 3649 3944 :

2225 3995 2430 4048 Visitur
2458 3976 2749 4062 argentum
2771 3991 2875 4045 hac
2904 3978 3047 4043 intus
3075 3989 3216 4060 quod
3245 3987 3370 4042 vina
3400 3987 3558 4041 litare

2224 4087 2387 4143 Plebs
2419 4087 2551 4142 olim
2579 4085 2861 4149 intulerat,
2886 4083 3177 4152 clausaque
3204 4082 3488 4136 resederat
3516 4080 3651 4133 aula.

2226 4180 2340 4235 llac
2365 4180 2605 4250 quidam,
2642 4170 2825 4246 jnSsus
2848 4175 3048 4246 specie,
3089 4172 3413 4244 penetralia,
3440 4173 3632 4242 praeda:

2228 4271 2358 4341 8pc,
2386 4270 2597 4340 irrepit,
2628 4268 2943 4337 rapiturque
2967 4276 3132 4334 rapax
3164 4262 3409 4331 rapiente
3439 4262 3653 4331 rapina;

2230 4365 2320 4419 Sic
2348 4371 2532 4432 raptus
2561 4359 2776 4430 rapiens
2800 4369 2952 4412 extra
2983 4358 3272 4425 pr’orcpcrc
3301 4352 3476 4415 nisus,

2233 4455 2382 4509 llaud
2410 4453 2551 4507 valet
2579 4465 2856 4521 egressum
2885 4448 3141 4503 introitus
3166 4446 3409 4516 reperire
3438 4443 3655 4513 reperti,

2226 4544 2567 4599 Circumiens
2592 4551 2703 4597 tota
2733 4554 2974 4615 gyroque
3005 4545 3235 4608 vagante
3261 4534 3521 4588 laborans

2228 4636 2393 4691 Nocte
2421 4650 2518 4689 nec
2546 4634 2827 4688 inveniens
2866 4631 3068 4686 aditum
3096 4644 3204 4698 quo
3230 4627 3467 4682 claustra
3501 4625 3769 4693 relinquat;

2228 4729 2362 4783 llum
2393 4726 2529 4781 lucis
2558 4725 2735 4795 spatio
2763 4723 2958 4780 coelum
2987 4722 3321 4791 nigresceret
3361 4727 3485 4773 acto

2225 4819 2415 4874 Exitus
2438 4818 2565 4872 hinc
2589 4830 2801 4870 rursum
2832 4816 3035 4885 petitur
3058 4802 3387 4879 rursumque
3416 4818 3659 4879 negatur,

2227 4908 2393 4964 Nocte
2418 4917 2600 4963 notata
2633 4908 2722 4961 die
2745 4914 2855 4960 tota
2886 4912 3161 4961 cataracta
3189 4900 3422 4962 recedit;
3506 4896 3511 4899 Α

2228 5011 2320 5066 Sic
2347 5012 2518 5064 tribus
2542 5008 2750 5063 elusum
2774 5006 2886 5076 jam
2916 5002 3167 5062 noctibus
3192 5017 3331 5073 trgra
3367 4999 3558 5070 fatigat

2226 5113 2367 5168 Cura
2398 5110 2655 5177 laborque
2682 5123 2909 5173 vacans;
2939 5104 3116 5160 reddit
3142 5105 3229 5158 lux
3258 5090 3418 5158 tertia
3449 5111 3644 5155 cuncto

2225 5207 2353 5265 Jara
2378 5207 2513 5273 foro,
2546 5204 2953 5283 puerosferulis
2982 5188 3277 5276 vulgusque
3304 5200 3517 5287 plateis,

2234 5309 2563 5330 ῇε--------.-
2597 5322 2743 5330 -.ιι.....
2781 5305 3072 5330 -.ι-...ιυιξ-ιη
3110 5318 3295 5330 Ann-anni!
3317 5301 3471 5330 -.ἲ-ι.νῖ
