3888 5330
114 322 216 391 σει-ι

114 434 410 506 Egrediens
430 433 670 503 tandem,
699 437 898 509 populo
926 448 1226 509 spectante.
1257 439 1455 497 fatetur

115 526 423 617 flagitium,
452 539 739 603 pressante
765 530 993 602 probro,
1028 547 1137 589 non
1167 548 1274 589 :ere
1296 542 1576 605 gravatus.

644 320 736 395 DE
771 322 1047 383 CHRISTI
1092 326 1473 385 τιιιυιιιηιιε
1508 326 1701 404 APUD
1731 322 1860 409 lTAI

1775 322 2012 409 l‘ALlMl
2068 331 2250 388 unm
2292 331 2433 403 xiv.
2461 307 2532 374 -ἰ
2566 330 2696 389 ua.
2750 330 2840 416 vt,

3270 328 3380 415 esse

1714 447 1764 507 Α
1794 444 2060 498 Damasus
2094 451 2154 497 ut
2182 442 2383 498 factum
2402 437 2569 512 longo
2598 428 2715 512 post
2739 448 2984 511 tempore
3005 438 3201 508 sumit,

1796 533 2013 606 Obtcgit
2035 549 2097 590 os
2121 532 2275 600 tedis,
2305 547 2461 588 sacra
2490 530 2678 621 limina
2705 530 2953 623 versibus
2982 539 3173 625 ornat:
3200 524 3211 539 “

1547 688 1775 759 CAPUT
1835 688 1922 745 vr

1457 798 1538 854 De
1569 814 1753 879 sancte
1782 797 1918 855 Gaio
1941 815 2100 871 papa.

120 933 271 991 Sedis
304 932 612 1003 apostolica:
639 931 805 988 Gaius
830 940 951 1003 post
978 932 1375 1006 Eutyrbianum

118 1027 359 1084 Culmina
388 1026 633 1083 sortitus.
662 1040 751 1078 mo
772 1025 1030 1079 leramine
1061 1036 1256 1080 tractat
1286 1028 1543 1095 honesto;

118 1102 244 1174 Nam
274 1118 460 1173 statuit
489 1117 748 1187 gradibus
773 1132 1061 1172 scansurus
1088 1118 1229 1173 celsa
1258 1120 1441 1174 subire
1462 1161 1477 1187 ,
1534 1160 1541 1167 .

121 1209 356 1271 Saltibus
379 1225 408 1263 a
433 1211 582 1263 nullo
613 1208 866 1263 Ecclesiae
898 1210 1209 1280 superarier
1232 1227 1432 1279 arcent,

120 1302 318 1359 Militia:
346 1302 549 1357 Christi
575 1302 865 1373 primatum
899 1311 956 1358 ut
989 1318 1146 1357 nemo
1174 1302 1435 1376 capessat

118 1393 174 1446 Ni
207 1393 459 1448 tirocinio
484 1410 582 1462 per
601 1395 813 1463 singula
839 1395 1018 1449 munia
1052 1405 1257 1467 surgat.

121 1484 206 1540 llis
232 1485 464 1554 aliisque
489 1488 569 1540 nit
587 1502 667 1542 -ns
691 1497 1004 1543 sanctorum
1029 1489 1278 1544 ductibus
1306 1488 1475 1544 altum

120 1577 275 1631 Sacra
310 1579 560 1632 columba
587 1579 742 1646 petit,
775 1594 970 1649 supera
1006 1579 1057 1632 in
1086 1580 1293 1648 fastigia
1328 1579 1525 1647 fertur,

118 1668 369 1733 Augetur,
398 1668 616 1733 colitur,
639 1678 851 1731 vernat,
885 1671 1148 1736 ntttnitur,
1181 1679 1415 1735 amatur,

118 1756 370 1828 Regnitta
402 1760 608 1825 ditat-al,
634 1761 944 1822 decoratur,
981 1762 1382 1832 umgnilimtut‘.

121 1845 329 1903 Lividns
350 1850 632 1920 antiquum
658 1851 892 1922 nigranti
921 1851 1041 1906 lelle
1071 1866 1332 1907 venenum

120 1937 311 2005 Anguis
343 1941 676 1997 inexhausta:
698 1944 895 1999 mentis
917 1930 1069 1999 torvo
1105 1961 1172 2016 ag
1194 1946 1317 1999 niue
1341 1944 1580 2010 volvens,

121 2026 362 2098 Saggcrit
404 2047 557 2085 arma
602 2034 739 2087 dolis
775 2036 1091 2105 animosque
1133 2036 1383 2091 accendit
1441 2037 1510 2091 ab
1563 2036 1694 2094 atris

120 2117 274 2172 Cociti
299 2119 532 2188 facibus,
559 2124 860 2194 suadetque
886 2126 1178 2181 domestica
1209 2126 1368 2188 bella,

121 2207 281 2264 Fratri
316 2210 484 2266 frater
510 2223 564 2267 ιιι
600 2215 834 2268 invideat
863 2231 1197 2287 carpensque
1224 2217 1475 2284 lacessat,

124 2298 367 2363 Mordeat,
398 2302 626 2367 incusct,
652 2306 824 2359 civilis
853 2307 1060 2362 ferveat
1086 2308 1267 2368 ardor.

126 2390 203 2477 Sic
223 2393 394 2464 magis
416 2394 710 2465 inspiciens
731 2406 953 2452 externa
984 2399 1217 2470 pericula
1246 2413 1404 2469 posse

1795 945 2023 986 eumete
2050 937 2368 999 proventum
2401 936 2684 999 postquam
2721 935 2911 983 intlma
2936 933 3142 985 viscera
3175 934 3382 1016 turbat.

1793 1023 2183 1095 Languidulum
2216 1024 2266 1076 in
2298 1024 2486 1091 vulgus
2515 1022 2793 1074 robustum
2823 1020 3048 1075 suscitat
3081 1020 3290 1075 hostem
3353 1008 3394 1025 Ἴ

1795 1112 2069 1170 Tartareis
2093 1126 2313 1165 aramus
2346 1110 2577 1164 [intumis
2606 1108 3022 1175 Diocletianum,

1792 1205 1851 1264 In
1891 1205 2090 1261 Chrisﬁ
2120 1204 2347 1259 faqulos
2380 1212 2546 1258 totttm
2578 1203 2669 1273 qui
2699 1202 2936 1257 concitat
2966 1202 3155 1259 orbem
3189 1219 3206 1257 :

1793 1299 1862 1355 Et
1883 1300 2007 1369 quia
2037 1294 2324 1352 nonnullos
2348 1296 2637 1351 constabat
2667 1295 2902 1351 fascibus
2928 1295 3068 1351 altos
3206 1284 3213 1291 ’

1796 1389 1984 1444 Militia
2009 1388 2199 1447 claros.
2234 1388 2408 1458 primo
2437 1387 2534 1441 hos
2572 1387 2861 1457 depellere,
2895 1386 3075 1457 ﬂagris

1798 1479 1895 1537 Vel
1918 1492 2103 1534 censet
2135 1479 2332 1549 subigi,
2367 1488 2536 1532 totum
2567 1494 2688 1533 mox
2718 1478 2868 1532 smvit
2892 1478 2942 1532 in
2970 1491 3163 1547 agmen
3191 1492 3207 1535 :

1798 1572 1944 1627 Scita
1968 1573 2131 1632 dicat.
2179 1571 2394 1625 decreta
2422 1579 2589 1633 notat,
2621 1579 2886 1638 prmccpta
2914 1568 3174 1637 resignat,

1796 1662 2159 1720 Et'clesiartttn
2182 1661 2316 1715 aulae
2339 1659 2565 1729 lapidem
2581 1667 2899 1713 evertuntur
2926 1657 2991 1710 ad
3019 1656 3209 1721 imum,

1798 1758 2094 1825 Scriptura:
2119 1769 2327 1824 supera:
2356 1753 2474 1806 diro
2504 1761 2806 1807 exurantnr
2833 1750 2883 1805 in
2915 1750 3071 1820 igne;

1801 1847 2033 1916 Quilibet
2056 1845 2248 1917 insigni
2276 1854 2517 1899 nostrum
2541 1841 2790 1896 sullultus
2812 1842 3017 1895 honore

1799 1938 2047 1993 (lumine
2073 1936 2285 1991 sublato
2315 1950 2506 1987 nomen
2538 1931 2832 2002 praetendat
2871 1930 3067 1984 inane:

1800 2029 2094 2083 Servorum
2124 2029 2168 2082 si
2194 2028 2315 2098 quis
2340 2027 2558 2081 Christo
2594 2024 2907 2080 famularier
2930 2029 3079 2094 optet

1800 2120 1892 2175 Sic
1926 2131 2138 2176 maneat
2168 2121 2383 2191 penitus
2412 2135 2506 2190 spe
2534 2118 2799 2171 libertatis
2823 2117 3092 2185 adempta.

1801 2211 1985 2267 Primo
2007 2214 2123 2267 lucc
2148 2212 2415 2283 legantur,
2442 2220 2562 2281 post
2592 2210 2718 2265 hinc
2755 2209 2994 2263 truciora
3024 2213 3318 2263 seruntur:

1799 2307 2052 2361 Ecclesiae
2078 2320 2330 2375 proceres
2355 2302 2521 2373 redigi
2550 2301 2651 2356 sub
2676 2299 2851 2355 vincla
2893 2306 3181 2354 monentur

1799 2396 2243 2467 OmnimoJisque
2261 2394 2403 2465 adigi
2427 2393 2605 2466 pomis
2630 2391 2698 2451 ad
2723 2406 2878 2448 sacra
2906 2388 3186 2459 jul.enlur.

1244 2646 1249 2651 ,
1561 2574 1791 2631 carm
1834 2576 1938 2631 vn.
2306 2652 2311 2657 .

1041 2664 1119 2719 De
1148 2667 1343 2721 sanctis
1382 2666 1814 2736 Marcelliano,ct
1844 2670 2046 2734 Marco,
2081 2676 2237 2739 atque
2260 2663 2592 2722 Sebastiano.

124 2793 211 2850 His
230 2795 480 2850 incitatos
506 2780 641 2851 orbe
665 2805 774 2851 toto
803 2795 1020 2852 fomites

124 2885 409 2941 Comitatur
429 2898 583 2941 atrox
606 2886 816 2943 llannna
841 2889 1039 2943 Christi
1076 2905 1173 2958 per
1205 2901 1347 2959 sata,

126 2976 293 3031 Solum
317 2995 542 3033 vacasse
567 2982 713 3034 caede
739 2980 940 3033 nullum
976 2983 1236 3049 creditur,

126 3068 323 3133 Quanto
347 3070 528 3124 minus
554 3071 789 3125 [incana
818 3072 939 3126 belli
968 3073 1217 3129 incendia

125 3158 369 3214 llaustum
405 3164 617 3216 cruoris
657 3163 897 3218 ttesciere
925 3165 1143 3220 muenia.

126 3249 213 3304 Hic
231 3254 604 3322 comprehensi
641 3256 982 3310 destinantur
1013 3258 1240 3312 vinculis

125 3338 322 3412 Gemini
347 3354 630 3410 parentum
658 3345 803 3399 clara
835 3346 1031 3401 fratres
1063 3347 1288 3416 lumina,

126 3430 488 3490 Marcellianus
512 3446 675 3506 atque
704 3436 936 3504 Marcus,
967 3439 1132 3494 nobili

127 3524 399 3598 SatStirpc
435 3530 580 3584 celsa
620 3532 977 3600 provehentes
999 3542 1307 3595 stemmata.

129 3616 211 3672 Es
233 3620 498 3692 simulque
529 3623 743 3677 traditis
764 3623 1051 3679 clientibus

132 3706 491 3773 Sebastianus.
528 3714 611 3765 vir
636 3712 743 3770 Deo
776 3714 1145 3783 plenissimus,

131 3800 231 3854 Sub
260 3802 479 3857 militari
503 3813 655 3859 veste
689 3807 937 3873 quamvis
972 3808 1208 3875 abditus,

131 3889 331 3947 llonore
354 3895 555 3957 clarus,
591 3897 805 3966 regibus
826 3914 935 3968 gra'
950 3899 1188 3968 issimus,

129 3983 249 4055 lnge
269 3988 564 4043 exhibebat
593 3990 645 4042 in
675 3991 788 4044 dies
824 3989 1072 4045 solatiqu

129 4077 373 4135 Cunsulta
396 4082 624 4136 firmans
646 4086 693 4137 vi
704 4083 944 4139 vidorum
968 4095 1268 4155 pectorum,

131 4169 237 4237 Quo
259 4173 451 4229 blanda
473 4175 703 4235 calcent.
732 4179 865 4231 dura
892 4187 1131 4235 temnunt
1162 4177 1372 4245 saeculi,

132 4260 290 4317 Fluxu
318 4264 556 4321 labantis
580 4282 700 4336 qua:
730 4267 987 4323 {discunt
1012 4269 1271 4338 pulveris.

132 4352 217 4408 llis
250 4357 375 4411 dum
404 4359 644 4414 calorem
678 4361 872 4415 mentis
904 4361 1071 4417 armis
1098 4363 1356 4417 roborant

133 4446 399 4521 uiuasque
424 4451 606 4507 stabili
636 4461 690 4506 et
728 4453 894 4525 ﬂagra
932 4454 1094 4509 corde
1125 4464 1422 4523 transeunt,

133 4539 318 4610 Capitis
346 4545 556 4600 subacti
595 4545 699 4600 lteti
729 4558 857 4600 eunt
886 4547 1187 4611 sententiaz,

136 4627 332 4687 Pariter
348 4634 607 4704 genitrix,
639 4634 895 4704 coniuges
921 4652 986 4689 ac
1011 4636 1187 4703 liberi,

134 4720 229 4777 Eos
253 4740 434 4779 amore
466 4740 867 4795 prosi-quantm
904 4728 1087 4787 nexili.

138 4812 241 4876 Quo
264 4816 322 4870 lit
348 4816 558 4870 dierum
585 4828 643 4870 ut
670 4818 958 4887 impetrent
982 4818 1224 4875 inducias

138 4898 383 4958 PaL-fectu
404 4906 471 4959 ab
505 4904 667 4973 Urbis
706 4908 961 4963 tredecim
988 4907 1328 4977 Cbromatio;

144 4990 441 5047 Reddantur
471 4995 585 5049 aris
615 5005 670 5049 ut
690 4994 987 5067 junguntur
1012 4998 1243 5068 legibus.

145 5080 418 5143 l’ulsantur
442 5103 578 5158 ergo
609 5088 956 5157 plurimarum
996 5090 1213 5147 ﬂatibus

144 5178 395 5238 Aurarum
426 5202 440 5239 :
467 5200 568 5240 eos
606 5187 772 5242 amica
806 5186 954 5244 turba
985 5187 1250 5253 concutit,

146 5269 266 5324 Ouid
298 5276 473 5324 saxei-
500 5260 992 5324 nitidum-severam
1017 5278 1207 5324 ferrei:

1800 2806 2112 2862 Meminisse
2141 2804 2401 2875 pandant,
2428 2801 2511 2857 vel
2533 2799 2684 2858 citati
2721 2797 3067 2870 pulsibus(?).

1800 2902 1921 2956 Mox
1952 2910 2125 2954 mater
2152 2900 2317 2951 intrat
2337 2911 2398 2952 se
2423 2893 2686 2955 misellam
2711 2891 3000 2949 clamitans

1802 2992 1989 3046 Soluta
2017 3004 2182 3045 canos
2202 2985 2506 3042 exhibendo
2532 2984 2756 3048 lacteos,

1800 3082 1996 3136 Pectus
2020 3088 2243 3141 retecta,
2278 3075 2382 3143 fert
2410 3074 2637 3145 papillas
2669 3071 2959 3143 pendulas

1725 3194 1773 3258 ο
1802 3173 2082 3243 Lacrymis
2112 3179 2362 3224 retexens
2386 3165 2637 3237 ejulautlo
2657 3163 2976 3235 crepundia,

1802 3266 2051 3323 Pressam
2091 3280 2191 3318 nec
2215 3262 2336 3316 ullis
2358 3258 2686 3316 conferenda
2710 3272 2771 3311 se
2793 3255 2949 3313 malis

1803 3359 2199 3419 Tribnlationc,
2228 3364 2420 3425 sponte
2447 3352 2654 3407 lethurn
2700 3350 2900 3405 liberos

1803 3449 1965 3517 Sequi
2000 3456 2267 3516 petentes,
2293 3458 2431 3513 qttos
2450 3441 2699 3499 tulissent
2727 3436 2941 3500 barbari

1803 3537 2134 3608 Sequeretur
2161 3535 2334 3589 audax
2360 3549 2457 3601 per
2483 3541 2730 3587 catervas
2752 3529 3012 3591 hosticas,

1802 3631 1953 3688 Novo
1971 3630 2224 3700 applicari
2263 3628 2557 3699 pugionem
2581 3626 2791 3688 funere,

1804 3726 2052 3782 Gladium
2077 3722 2289 3794 neganti
2323 3722 2429 3774 vim
2455 3720 2572 3775 neci
2596 3719 2770 3775 diram
2802 3715 2928 3770 inici

1806 3819 1978 3872 Senes
2005 3825 2256 3886 parentes
2277 3812 2570 3880 liberorum
2595 3808 2896 3867 ultroneam

1808 3908 2068 3975 Spectare
2102 3914 2354 3967 mortem,
2391 3900 2519 3956 filiis
2548 3898 2890 3969 superstites.

1808 3998 1936 4053 llaec.
1963 3997 2089 4050 dum
2114 4002 2392 4059 seruntur,
2416 4002 2527 4048 tum
2558 4006 2723 4071 senex
2742 3999 2804 4047 et
2830 3990 3024 4046 debilis

1807 4089 1970 4145 Pater
1999 4087 2068 4142 ab
2087 4086 2304 4157 sequela
2329 4084 2664 4141 servulorum
2696 4083 2985 4141 adducitur

1809 4184 1911 4252 Qui
1934 4182 2154 4253 pulvere
2179 4189 2339 4249 caput
2364 4179 2691 4245 sordidando
2715 4193 3002 4251 cygneum,

1811 4274 2128 4344 llujusmodi
2156 4287 2331 4343 aegras
2357 4270 2543 4341 implet
2581 4285 2744 4327 auras
2771 4270 2993 4327 vocibus
3021 4285 3036 4324 :

1817 4386 1836 4418 ι
1880 4365 2009 4419 Vale
2048 4365 2272 4418 daturus
2302 4363 2446 4416 ultro
2472 4361 2682 4419 lethum
2719 4361 3045 4419 adeuntibus

1784 4456 2025 4511 .Arcedo
2058 4454 2255 4524 gnatis,
2276 4468 2407 4521 qua:
2439 4468 2559 4506 meo
2596 4467 2914 4521 paraveram

1813 4549 1869 4603 lu
1895 4547 2186 4601 lihemrum
2215 4543 2536 4613 prmbiturus
2564 4542 2797 4596 [ηυξ-ιη.-

1741 4608 1788 4668 θ
1814 4640 1875 4694 Et
1911 4653 2031 4708 quae
2067 4608 2287 4719 repente
2316 4641 2468 4695 nata,
2505 4630 2675 4700 gnati,
2703 4630 2911 4685 insania

1813 4733 2014 4787 Amare
2043 4725 2452 4804 mortem,.prob
2482 4722 2660 4779 dolor!
2689 4737 2786 4778 vos
2812 4723 3061 4786 addocet,

1816 4821 1965 4889 Quos
1991 4819 2273 4874 imbuebat
2293 4815 2539 4870 eminens
2569 4813 2762 4885 peritia

1816 4915 1887 4970 Et
1913 4910 2210 4981 singularis
2242 4908 2439 4968 mentis
2466 4906 2693 4963 ornabat
2718 4905 2915 4975 vigor!

1820 5006 1985 5061 vobis
2009 5001 2140 5073 quid
2166 5000 2410 5081 appetita
2434 4999 2605 5056 soluat
2628 4998 2681 5053 in
2703 4999 2983 5068 prosperis

1815 5099 2054 5153 Adversa
2093 5099 2265 5163 unua
2300 5108 2455 5165 quam
2479 5090 2652 5147 timeri
2680 5104 2785 5153 non
2805 5086 3037 5156 iubent?

1816 5188 2026 5247 Venite.
2060 5172 2295 5255 patres.
2334 5183 2567 5240 inhibere
2594 5179 2742 5245 talia,

1814 5280 2109 5324 Contingat.
2149 5295 2195 5324 ιι
2207 5263 2416 5324 naniam
2442 5289 2507 5324 ne
2526 5271 2633 5324 uati
2657 5282 2749 5323 vos
2772 5265 2921 5323 talia.
