3888 5330
538 123 642 184 699
1352 153 1745 222 FLODOARD!
1783 166 2102 235 CANONIC]
2129 177 2481 246 REMENSIS‘
2511 191 2876 258 OPUSCULA
2895 203 3226 267 METRICA.

538 236 852 315 r‘erulisque
881 252 1152 319 quondam
1181 263 1501 332 vapulantes
1526 273 1733 333 horrui.
1773 299 1794 343 ρ

537 327 698 388 Natos
727 334 962 398 ferentes
995 327 1398 422 prosequuntur
1434 363 1688 437 conjuges

533 424 926 504 Obtutibusque
952 448 1106 506 grata
1128 444 1354 519 pignora
1385 424 1659 527 ingerunt,

529 516 770 585 Quorum
797 526 1107 599 relinquant
1129 516 1504 610 seiquerentes
1529 516 1760 613 fastibus

527 608 764 682 )ugalem
788 633 1030 679 amorem
1058 631 1213 696 queis
1229 608 1500 704 putentur
1525 648 1776 717 perdere,

525 703 781 765 Dominus
810 711 1093 794 domorum
1127 738 1192 779 ac
1214 727 1445 788 filiorum
1473 751 1607 806 quos
1637 745 1872 819 probent

525 795 610 819 οε-
653 798 668 819 I
727 818 730 819 ν
778 804 790 818 ο
876 816 885 819 -
961 811 972 819 -
1051 813 1064 819 -

522 795 614 854 Sic
652 798 972 863 lancinatori
1012 813 1156 873 ultro
1183 823 1320 878 tradi
1348 795 1638 901 gaudeant,

521 888 791 959 Spernant
820 915 1072 970 parentes
1102 920 1265 981 atque
1293 921 1497 978 amicos
1526 929 1792 1000 nesciant,

521 980 559 1000 η
715 995 726 1000 _
877 993 889 1000 .

1181 980 1190 981 ί
1530 980 1536 982 .
1575 980 1792 1000 η---ηνι

518 980 731 1042 Pcllant
756 993 975 1051 maritas
1003 1000 1362 1079 abdicentque
1390 1011 1614 1076 liberos.
1793 1007 1796 1010 i

518 1070 626 1126 llas
649 1072 790 1132 inter
817 1096 978 1156 auras
1005 1091 1399 1168 conjugumque
1422 1101 1689 1178 lacrymas

517 1165 593 1219 Ac
615 1170 916 1230 nesciorum
953 1180 1234 1257 pignorum
1263 1194 1493 1263 suspiria

511 1257 689 1315 Animi
723 1268 917 1324 resolvi
943 1275 1265 1337 militantnm
1297 1300 1597 1360 coeperant,

514 1346 929 1415 Lacsodolorem
961 1373 1348 1432 contrahentes
1383 1393 1632 1462 pectore._

514 1437 687 1462 Ιῐημμη
740 1447 752 1462 ⁵
845 1459 855 1462 Α
988 1456 999 1462 “
1122 1461 1129 1462 “

513 1437 712 1497 Horum
739 1447 925 1506 beatus
951 1456 1091 1513 altor
1116 1461 1244 1520 lmic
1268 1437 1583 1543 spectaculo.

509 1527 861 1595 Sebastianus
883 1545 1102 1611 militari
1141 1527 1420 1616 schemate

503 1711 818 1825 ridensque.
838 1725 961 1783 belli
990 1731 1138 1791 fasce
1167 1737 1341 1813 frangi
1373 1711 1598 1825 milites,»

500 1801 1016 1886 Perrumpitagmen
1039 1829 1317 1899 corncionis
1349 1835 1548 1907 lividas,

501 1893 732 1954 Medium
761 1908 1020 1967 tumultus
1045 1898 1108 1970 se
1125 1918 1375 1990 ingerens
1399 1929 1656 2001 victorias,

497 1983 802 2060 Lassosque
825 1999 1046 2059 adortus
1075 2007 1161 2081 his
1184 2023 1374 2082 petens
1413 2022 1785 2092 palaestrides:

502 2095 520 2126 σ
554 2077 598 2134 Ο
626 2083 820 2140 milites
846 2077 1498 2184 virtutejam-fortissimi

495 2166 540 2223 O
564 2175 734 2254 praelii
764 2181 1006 2242 caelestis
1035 2179 1468 2272 instructissimi,

1228 2252 1238 2253 ί
1257 2252 1468 2272 "“"""

489 2252 689 2320 Palma:
722 2270 903 2342 vigore
933 2284 1131 2341 mentis
1170 2288 1292 2346 altae
1320 2300 1574 2370 proximi,

491 2349 548 2370 ο-

491 2349 581 2409 Sic
604 2373 745 2415 nunc
769 2378 996 2428 coronas
1021 2373 1232 2437 frivolis
1261 2385 1480 2458 ineptiis

485 2442 645 2501 Juvat
672 2467 938 2520 perennes
966 2470 1288 2537 ungularum
1315 2493 1517 2548 ponere
1555 2503 1569 2540 :

486 2533 615 2603 Sed,
643 2556 846 2615 quaeso,
881 2533 1069 2612 discat
1089 2533 1351 2625 fortitudo
1382 2575 1595 2634 mitium

481 2626 589 2686 Per
618 2650 714 2691 vos
746 2639 848 2696 fide
886 2651 1098 2716 potiore
1131 2665 1339 2720 cunctis
1376 2667 1571 2729 instrui

481 2724 665 2784 Armis
702 2733 883 2804 rigore
908 2756 1029 2812 quae
1063 2763 1324 2818 parantur
1356 2759 1568 2833 ferreo;

481 2813 542 2833 ν.
584 2828 594 2833 _
671 2823 682 2833 .
833 2829 862 2833 --

481 2813 732 2880 Victoria:
757 2829 926 2888 nolite
957 2848 1150 2896 vestrae
1180 2845 1413 2921 insignia

477 2903 582 2962 Per
603 2911 798 2971 blanda
830 2928 1059 2991 perdere
1088 2931 1413 3000 feminarum
1440 2963 1739 3014 murmura.

475 2997 659 3058 llostis
686 3009 894 3069 subacti
917 3019 1053 3075 colla
1080 3040 1151 3082 ne
1177 3031 1452 3105 dimittite,

475 3087 690 3149 Calcate
726 3099 864 3158 bella
897 3123 964 3163 ne
994 3128 1281 3188 resurgant
1304 3127 1500 3196 vivida,

1151 3176 1180 3188 υ
1268 3176 1275 3178 ἡ
1317 3176 1500 3196 παπ.

472 3176 587 3233 Neu
613 3183 751 3242 victa
781 3193 930 3251 vobis
950 3215 1008 3254 se
1033 3206 1245 3277 erigant
1278 3215 1520 3277 victricia
1551 3239 1568 3278 :

469 3269 623 3329 Licet
653 3279 814 3348 hujus
837 3295 1046 3360 experti
1074 3269 1201 3358 aere
1233 3305 1392 3367 fortis
1426 3317 1668 3385 praelium

469 3362 718 3436 Repetita
747 3377 885 3434 scite
912 3383 1130 3446 duriora
1163 3398 1410 3473 vulnera,

468 3455 606 3523 Quin
627 3462 859 3532 gloriosa
887 3475 1028 3534 celsa
1053 3481 1178 3540 belli
1207 3455 1446 3552 culmina

462 3549 662 3610 Amore
689 3555 847 3632 longe
875 3573 1050 3626 terreo
1081 3581 1373 3653 sustollite,

461 3638 570 3750 Nec
603 3653 944 3750 parvulorum
973 3662 1188 3727 ﬂetibus
1218 3638 1494 3750 deponite;

1266 3728 1494 3750 τμη-ν.

459 3728 593 3787 Nam
624 3736 875 3812 lugubres
895 3767 1094 3823 angore
1121 3777 1257 3832 quos
1278 3775 1556 3832 attenditis

355 3838 364 3846 κ
457 3821 703 3885 Gaudere
722 3847 914 3906 staret,
943 3861 1227 3910 noscerent
1253 3875 1374 3930 quze
1398 3870 1545 3923 nosci
1554 3871 1652 3940 tis;

457 3914 616 3940 MM,
641 3939 647 3940 ί
785 3931 795 3940 .

1269 3914 1285 3930 ι
1335 3914 1370 3917 ,_
1398 3914 1652 3940 _._-,....-,

455 3914 658 3990 Nempe
681 3931 951 3992 testin'iant
977 3941 1079 4000 hoc
1107 3963 1227 4006 esse
1254 3956 1427 4013 solum
1463 3963 1680 4022 vincere

455 4009 607 4075 Quod
640 4025 916 4091 temporali
940 4031 1066 4098 jure
1091 4046 1292 4100 mundo
1321 4049 1539 4120 vivitur,

454 4104 571 4168 Quo
599 4109 877 4174 desinente
899 4125 1004 4180 vita
1043 4132 1188 4189 nulla
1219 4139 1496 4207 splendeat

453 4195 668 4255 Scirent
697 4207 840 4264 enim
869 4213 913 4267 si
944 4221 1135 4278 mortis
1169 4241 1232 4281 ac
1261 4232 1520 4292 molestia:

450 4287 708 4351 Securum
749 4311 801 4356 et
833 4305 885 4360 in
921 4324 1024 4379 qua
1060 4330 1247 4384 regnat
1273 4324 1673 4403 immortalitas,

456 4379 478 4403 ι
501 4397 521 4403 _
555 4399 602 4403 __
633 4402 636 4403 ν
709 4391 740 4403 ,Α

443 4379 523 4436 Ac
550 4391 877 4460 sempiterna
905 4415 1310 4470 commorantur
1333 4425 1525 4489 gaudia

450 4475 734 4538 Vobiscum
765 4489 832 4543 ad
859 4493 1003 4551 illam
1031 4515 1312 4564 currerent
1336 4518 1679 4593 pertingere;
1754 4573 1758 4579 .

450 4566 552 4593 ll..-
582 4573 642 4593 ΩΑ
663 4591 674 4593 Α
719 4577 731 4590 °

441 4566 554 4625 llac
579 4573 731 4632 ﬂocci
753 4595 942 4649 pensa.
966 4599 1410 4666 concupiscerent
1438 4566 1558 4667 eat;

437 4658 494 4712 in
521 4669 882 4732 gratulatione
908 4695 1028 4749 quae
1048 4683 1162 4758 jugi
1205 4709 1448 4768 manens,

929 4748 936 4749 ί
1049 4748 1065 4753 _
1112 4748 1141 4758 ν
1267 4748 1448 4768 κη-ν---ι

437 4748 670 4809 Omnino
696 4759 897 4819 habere
923 4774 1094 4828 nescit
1121 4792 1356 4851 unquam
1387 4795 1672 4854 terminum
1711 4819 1725 4856 :

436 4837 604 4955 [Augur
631 4846 746 4918 (sic)
769 4851 893 4908 inde
917 4860 1021 4915 vita
1044 4837 1226 4934 qualis:
1254 4875 1355 4932 ista
1398 4890 1652 4955 transeat,

1060 4926 1077 4934 _
1207 4926 1212 4927 ,
1255 4926 1355 4932 η--
1399 4926 1652 4955 “ensem,

437 4926 607 4992 Quam
629 4935 784 5006 falsa,
815 4959 973 5014 quam
997 4951 1201 5026 dolosa,
1235 4981 1393 5034 quam
1422 4975 1705 5038 celerrima

437 5017 486 5038 Il
525 5021 536 5038 I
692 5031 705 5038 “

435 5017 760 5098 Malcsuada,
793 5038 962 5108 vafra,
993 5046 1325 5122 circulatrix,
1354 5064 1581 5134 perfida,

435 5109 560 5134 Α.-.-
601 5117 640 5134 1⁸

1256 5109 1325 5122 νη.
1354 5109 1577 5134 τν---ι-*ι

435 5109 564 5176 Quae
589 5117 702 5174 dira
733 5140 927 5194 pravos
952 5134 1171 5197 invehat
1196 5159 1292 5214 per
1322 5155 1577 5225 erimina,

435 5199 545 5225 αἱ..-
584 5207 667 5225 1'“
905 5224 910 5225 ⁷

433 5199 550 5314 ἓξιο
577 5207 857 5282 diligentes
881 5224 1063 5296 ducat,
1094 5199 1304 5304 etquid

441 5289 652 5330 13.1mm.-
681 5319 865 5330 ---ιι---Δ

2143 292 2198 354 Α
2223 292 2360 354 Vitae
2388 308 2644 372 perennis
2678 310 2965 372 destitutos
2991 324 3186 390 patria.

2215 385 2342 446 llaec
2367 406 2483 459 vos,
2514 399 2694 468 amici,
2723 401 2880 473 fallit,
2915 385 3050 466 istos
3083 413 3270 473 ludere

2214 476 2392 534 Vitam
2413 493 2658 553 petentes
2687 506 2823 560 quos
2852 511 3158 557 manentem
3186 506 3411 578 sistitis;

2209 567 2338 627 Haec
2363 590 2460 630 vos
2480 593 2732 648 parentes
2759 587 2824 641 ad
2855 588 3104 650 decorem
3131 599 3383 658 cmlicum

2207 660 2412 720 Gnatos
2437 680 2629 728 euntes
2657 674 2900 735 detinuere
2928 689 3199 756 suggerit:

2205 751 2332 810 Haec
2355 760 2612 834 coniuges
2649 767 2856 826 honore
2885 751 3082 832 blando
3109 791 3425 858 martyrum,

2203 843 2425 915 Lethale
2452 866 2630 910 mente
2659 857 2802 932 ferre
2831 867 2976 939 cogit
2999 843 3274 940 poculum:

2200 935 2436 994 Assensa
2466 945 2618 1000 vobis
2644 951 2797 1019 queis
2825 935 3078 1014 adessent
3107 972 3375 1043 tempora,

2199 1027 2318 1084 Jam
2347 1039 2586 1105 separari
2610 1027 2928 1115 contigisset
2955 1056 3238 1124 perpetim,
3373 1041 3388 1049 Ἀ

2202 1121 2364 1179 Vobis
2389 1143 2486 1195 nec
2519 1130 2637 1188 illos
2662 1147 2861 1193 aeterna
2892 1142 3032 1198 inter
3062 1151 3305 1220 tonnina

2198 1212 2446 1286 Unquam
2477 1220 2671 1281 deinde
2699 1231 2983 1289 cederetur
3013 1239 3207 1312 visere,

2196 1303 2599 1380 lncredulorum
2626 1303 2713 1372 ubi
2741 1319 2957 1395 illainma
2987 1332 3160 1402 carpit
3185 1345 3429 1407 pectora,

2195 1396 2372 1455 Edunt
2398 1404 2661 1464 dracones
2687 1412 2824 1469 labia
2853 1416 3345 1489 blasphemantium

2196 1489 2401 1548 Vorant
2429 1497 2664 1560 colubrtP.
2692 1508 3018 1573 perﬁdorum
3049 1516 3278 1586 viscera,

2197 1579 2399 1655 Strepit
2424 1588 2672 1666 ejulatus,
2701 1597 2855 1657 tletIIs
2880 1604 2969 1660 hic
2995 1615 3050 1661 et
3078 1609 3352 1681 dissonus,

2192 1673 2424 1748 Plangor
2447 1697 2753 1751 gementum
2780 1707 2936 1762 quem
2968 1699 3188 1768 exigunt
3214 1702 3480 1770 incendia~

2187 1761 2478 1839 Paznzpque
2504 1775 2650 1831 nullo
2679 1761 2926 1840 ﬁniendae
2959 1761 3209 1858 termino,

2187 1851 2351 1914 Ustus
2377 1869 2700 1926 cremandus
2724 1873 2850 1930 dum
2879 1891 3112 1936 novatur
3136 1885 3353 1948 millies.

2182 1946 2310 2008 Haec
2335 1970 2464 2027 ergo
2485 1969 2538 2014 et
2562 1961 2694 2018 istos
2727 1970 3025 2036 transilisse
3051 1975 3321 2059 linquite,

2182 2039 2366 2102 Vitare
2394 2059 2448 2104 et
2475 2051 2575 2120 ipsi
2605 2068 2786 2114 mente
2810 2073 2966 2122 cauta
2988 2069 3230 2137 pendite,

2178 2132 2398 2208 ﬂosque
2425 2143 2490 2196 ad
2513 2159 2740 2204 coronas
2760 2132 3060 2213 destinatas
3083 2161 3302 2231 mittite,

2178 2226 2289 2284 Nec
2318 2246 2664 2306 separantur,
2693 2244 2829 2300 absit
2857 2247 2946 2302 hic
2977 2249 3129 2307 vobis
3153 2255 3316 2310 timor
3339 2274 3358 2313 :

2177 2317 2386 2378 Yadunt
2411 2344 2606 2398 parare
2635 2336 2761 2402 quin
2791 2338 2980 2396 domus
3007 2342 3059 2398 in
3083 2346 3290 2403 asthera

2175 2410 2392 2469 Manere
2417 2419 2692 2478 vobiscum
2718 2437 2879 2498 atque
2908 2430 3013 2487 lzeti
3043 2436 3226 2493 vivere

2174 2503 2275 2560 Ubi
2300 2511 2626 2580 sempiterna
2653 2520 2994 2588 gratulentur
3016 2528 3186 2597 gloria
3213 2549 3227 2586 :

2172 2594 2324 2662 Quod
2352 2601 2396 2654 si
2416 2602 2614 2670 domus
2636 2607 2724 2664 hic
2747 2594 3040 2682 diliguntur
3065 2630 3257 2678 terrea:

2169 2685 2341 2752 Quam
2372 2705 2496 2748 sunt
2521 2699 2752 2767 petenda
2775 2713 2981 2760 structa
3009 2709 3221 2766 domata
3249 2715 3454 2788 obryzp

2167 2776 2432 2838 Praeclara
2465 2791 2692 2857 gemmis
2717 2791 2915 2866 fulgide
2943 2800 3281 2861 stellantibus

2169 2871 2283 2938 Qua
2309 2892 2413 2931 non
2445 2881 2610 2935 decor
2637 2889 2924 2946 marcescit
2947 2907 3182 2964 unquam
3209 2896 3427 2970 ﬂoreus,

2090 2996 2134 3060 Ο
2168 2961 2367 3021 Nemus
2389 2969 2599 3026 virente
2625 2989 2682 3028 se
2713 2992 2863 3032 coma
2895 2998 3168 3056 nunquam
3198 2992 3349 3060 exuit

2164 3052 2316 3110 Rivis
2341 3057 2597 3116 decenter
2623 3065 2842 3138 irrigata
2874 3052 3108 3144 melleis;

2160 3146 2260 3202 llic
2297 3165 2568 3223 nunquam
2597 3174 2871 3219 alumnum
2896 3179 3049 3238 prata
3076 3175 3311 3242 perdunt
3333 3176 3570 3250 ﬂoscida,

2159 3239 2324 3298 Grato
2354 3261 2642 3315 perennem
2668 3255 2833 3312 odore
2857 3245 3018 3316 vitam
3045 3263 3258 3335 ﬂantiag

2156 3331 2362 3392 Lumen
2395 3340 2513 3394 sine
2547 3345 2756 3412 umbra,
2781 3366 2880 3406 nec
2904 3353 3044 3408 diem
3073 3373 3176 3411 nox
3203 3362 3473 3429 terminat,

2156 3424 2515 3488 Serenitatem
2543 3452 2818 3510 nunquam
2848 3445 3158 3506 inumbrant
3183 3455 3386 3526 nubila,

2156 3512 2517 3578 Securitatem
2540 3527 2683 3583 nulla
2710 3546 2960 3604 rumpunt
2985 3537 3232 3610 improba

2150 3607 2325 3677 Dapes
2345 3614 2586 3672 celebres
2610 3622 2752 3677 nulla
2777 3625 2977 3682 sistunt
3005 3607 3178 3690 tristia

2146 3695 2432 3767 Lamenta,
2458 3703 2663 3775 luctus,
2678 3711 2928 3784 ejulatus,
2954 3719 3142 3778 sibilus

2145 3786 2262 3844 Non
2291 3793 2583 3851 audiuntur
2609 3785 2843 3866 hic,ncc
2867 3823 3100 3880 unquam
3125 3824 3472 3889 perstrepunt
3496 3840 3511 3877 :

2143 3881 2447 3952 Horrenda,
2479 3898 2635 3956 tetra,
2662 3897 2876 3952 sordida
2906 3912 2998 3954 aut
3026 3903 3285 3962 deformia

2140 3973 2256 4029 Non
2286 3978 2376 4033 hic
2407 3981 2686 4052 videntur;
2715 3988 3076 4057 pulchritudo,
3105 4000 3417 4070 amtrnitas,

2139 4065 2407 4137 Splendor
2431 4087 2654 4131 serenus
2677 4093 2738 4134 ac
2766 4082 2962 4148 nitens,
2989 4083 3298 4148 formositas

2138 4159 2332 4218 Oculos
2359 4164 2543 4221 fovent
2573 4169 2920 4243 bteclsemper
2947 4177 3266 4237 intuentium
3292 4204 3306 4238 :

2138 4251 2286 4320 Quod
2317 4259 2483 4313 corda
2504 4271 2662 4317 vexet
2693 4263 2822 4318 nihil
2850 4269 3073 4324 resultat
3097 4273 3317 4331 auribus

2056 4348 2106 4408 D
2137 4345 2233 4401 Ubi
2260 4350 2573 4421 angelorum
2595 4354 2714 4410 lmta
2742 4359 2977 4428 psallunt
3007 4378 3210 4435 organa
3236 4384 3249 4419 :

2131 4437 2228 4494 ll'c
2250 4440 2446 4514 fulgur,
2469 4456 2558 4501 aut
2586 4463 2866 4516 coruscus,
2902 4462 2994 4508 aut
3021 4458 3252 4512 tonitrua

2127 4527 2411 4600 Nunquam
2439 4534 2700 4593 nitentem
2732 4541 3084 4599 verberarunt
3112 4549 3350 4617 mthcra;

2123 4609 2444 4682 Aniaritndo
2471 4630 2615 4685 nulla
2646 4645 2857 4705 gustum
2885 4640 3103 4696 coniicit
3128 4657 3143 4696 :

2127 4713 2364 4786 Virgulta
2397 4719 2621 4790 gignunt
2646 4727 3044 4786 cinnamomum
3069 4745 3121 4788 et
3154 4735 3452 4793 balsamum

2121 4807 2362 4873 Quorum
2388 4827 2634 4882 saporem
2663 4825 2812 4887 grata
2843 4819 2947 4874 fert
2975 4821 3303 4894 fragrantia;

2118 4895 2234 4952 Non
2265 4899 2371 4954 ulla
2400 4912 2607 4960 stercus
2629 4921 2751 4962 esca
2775 4911 2936 4980 cogit,
2968 4916 3205 4974 nectaris

2118 4987 2479 5057 Digestionem
2503 5009 2610 5049 non
2632 4998 2742 5068 agit
2769 5001 3017 5070 refectio;

2119 5079 2185 5134 Ut
2209 5097 2332 5136 cum
2359 5083 2501 5140 bono
2527 5101 2818 5156 pascuntur
2845 5109 3004 5151 aures
3029 5098 3216 5156 nuntio

2114 5171 2282 5231 Nares
2310 5178 2474 5234 odore
2507 5179 2685 5237 lumen
2720 5195 2936 5256 aspectu
2967 5192 3192 5259 optimo.

2111 5267 2263 5330 Quod
2295 5271 2520 5330 quisque
2549 5289 2764 5330 sumere
2793 5279 2984 5330 ambit.
3014 5282 3100 5330 hic.
3131 5299 3249 5330 mm
3280 5287 3539 5330 nominin-
