3888 5330
89 354 191 413 ’Νι
662 351 753 409 DE
780 349 1054 409 CHRISTI
1079 350 1454 410 TRIUMPHIS
1489 351 1674 410 APUD
1713 349 1990 408 ITALIAM
2030 352 2208 410 LIBRI
2239 356 2376 413 XIV.
2407 388 2476 399 —
2501 357 2630 412 UB.
2671 355 2764 413 Ἣ.

92 464 506 534 Multiplicatum
531 474 895 534 consequetur
920 465 1147 524 centies.
1177 483 1196 518 ι

95 557 232 612 Vita:
265 565 530 622 creatum,
561 568 738 613 morte
756 557 910 624 juxta
947 559 1178 624 consita,

91 643 173 698 llo
198 646 378 698 vinem
406 645 600 702 timere
629 647 784 717 cujus
811 657 968 702 antra
997 647 1204 718 debeat,

92 732 228 790 Vita:
257 735 641 809 futurequale
673 755 896 808 regnum
931 755 1178 810 qua-rere

93 827 202 883 Cur
230 830 320 885 hic
349 830 598 900 voluptas
627 833 696 887 sit
725 834 990 889 domanda
1020 835 1284 903 corporis,

92 920 236 974 Bona
275 925 572 992 respuenda
599 941 719 995 qtae
741 925 969 980 Creator
990 926 1176 988 edidit.

90 1007 372 1067 Narrnndo
400 1029 654 1080 promens
683 1015 828 1070 clara
860 1017 1054 1070 doctor
1080 1016 1302 1080 lumina,

92 1101 264 1156 Verus
291 1119 420 1171 Opes
447 1115 501 1158 et
529 1122 656 1160 vera
687 1108 873 1175 pandit
894 1108 1087 1177 gaudia
1115 1125 1129 1160 :

92 1193 170 1244 Ab
198 1195 286 1247 bis
316 1195 382 1247 ad
413 1196 499 1249 illa
533 1213 640 1265 quo
670 1199 932 1268 migretur
963 1198 1180 1254 tramite

93 1282 406 1353 llorurnquc
434 1287 626 1343 amicis
655 1288 784 1358 quid
814 1297 1037 1357 paretur
1066 1298 1272 1358 postea,

94 1372 262 1438 Quam
293 1384 430 1431 tetra
457 1377 568 1430 sint
599 1387 887 1441 tormenta,
917 1395 1081 1448 quam
1108 1377 1346 1434 crudelia
1367 1419 1384 1444 ,

95 1461 285 1516 Sinant
312 1464 501 1520 beatos
531 1467 644 1520 tunc
671 1483 864 1522 cavere
887 1479 1155 1538 martyres

93 1554 367 1611 Patienter
395 1558 499 1612 ista
528 1559 597 1615 ob
623 1559 710 1613 illa
744 1559 885 1614 ferre
917 1561 1005 1630 qui
1035 1562 1242 1626 sciant;

95 1644 382 1701 Ver-tantur
408 1650 460 1702 in
496 1650 781 1719 tranquilla
815 1653 1007 1720 gaudia
1037 1651 1318 1722 lacrymte;

95 1737 317 1806 Jarnjam
347 1743 631 1810 quiescant
653 1743 964 1798 desinentes
991 1743 1244 1813 plangere

99 1829 336 1898 llcgnare
360 1849 495 1901 quos
525 1836 796 1889 constabit
820 1834 931 1889 alto
954 1834 1192 1890 culmine

96 1920 413 1991 Christoque
437 1923 658 1992 junctos
685 1936 897 1995 sceptra
934 1925 1054 1980 caeli
1087 1940 1328 1990 sumere;

98 2010 223 2072 Quin
253 2010 319 2062 ad
357 2026 589 2076 coronas
613 2029 672 2068 se
702 2015 962 2083 petendas
992 2014 1247 2075 excitent,

97 2098 417 2171 llostemque
447 2116 660 2173 partam
695 2105 860 2159 inisse
884 2105 1093 2159 foveam
1120 2103 1386 2160 noverint.

96 2189 209 2256 llaec
240 2191 365 2244 dum
397 2192 590 2248 beatus
620 2193 773 2249 miles
800 2195 937 2264 Λευὶ
969 2189 1188 2250 disserit

95 2281 184 2344 Qui
215 2280 436 2334 mlitem
467 2297 562 2337 ore
593 2284 900 2352 proferebat
927 2285 1130 2347 smculi,

97 2373 327 2427 F.rmare
349 2374 520 2445 signis
546 2377 689 2430 dicta
720 2391 974 2445 supremo
1003 2377 1152 2435 Patri

95 2467 283 2530 Placet,
315 2484 544 2523 corusco
570 2468 879 2539 fulgurante
911 2470 1145 2537 caelitus,

97 2558 436 2613 llluminando
466 2560 858 2628 disputatoretn
884 2577 1040 2616 suum

96 2648 206 2703 Mox
231 2651 546 2705 catlicorum
580 2653 798 2706 visitatu
823 2653 1022 2708 civium

96 2739 330 2796 Gaudens
361 2743 592 2808 renidet,
623 2755 771 2799 veste
800 2744 1222 2814 praeclarissima

97 2832 406 2905 Juvenisque
439 2837 654 2908 fulgens
674 2839 918 2893 osculum
949 2839 1053 2894 fert
1079 2839 1337 2910 pollicens

99 2921 180 2976 Sui
211 2941 499 2994 perennem
534 2928 764 2997 gratiam
790 2931 1071 2987 consortii.

159 3018 279 3082 Zoe,
312 3018 604 3073 Nicostrati
633 3037 791 3084 uxor,
826 3022 878 3074 in
906 3022 1062 3091 cujus
1091 3024 1255 3079 domu

97 3107 188 3159 lata
214 3120 268 3164 et
293 3122 558 3179 geruntur
586 3127 681 3166 ore
707 3127 806 3166 sex
831 3113 1016 3168 clauso
1047 3114 1211 3170 silens

99 3197 324 3253 Manebat
355 3201 513 3255 annis
541 3218 724 3270 pressa
757 3203 806 3257 vi
832 3206 1200 3274 aegritudinis;

99 3290 213 3351 Qua:
239 3300 416 3344 mente
446 3307 577 3345 sana
610 3293 734 3346 dum
769 3295 1004 3363 capessit
1027 3297 1190 3358 edita,

99 3377 263 3432 'fuens
291 3381 508 3450 superni
544 3389 753 3437 tantum
785 3383 1043 3440 honorem
1075 3385 1314 3451 luminis,

100 3467 317 3538 Stupore
352 3474 506 3527 tertis
540 3474 658 3545 (sic)
686 3476 1025 3544 exprobrans
1052 3492 1213 3530 manu
1246 3479 1422 3534 innuit

98 3559 234 3624 Quod
273 3571 378 3614 tam
410 3565 615 3631 patenti
646 3567 809 3618 corda
843 3580 948 3618 non
979 3567 1109 3620 dent
1139 3565 1328 3621 famini

97 3649 150 3706 Et
182 3653 422 3708 advoluta
457 3655 580 3723 quis
606 3655 747 3708 valet
774 3665 927 3724 rogat
957 3656 1121 3711 notis.

101 3742 461 3809 Sebastianus,
495 3755 554 3800 ut
579 3746 725 3816 capit
760 3746 959 3801 silentii

98 3830 305 3896 Causas,
333 3829 358 3886 ἰ
393 3836 529 3906 Ego,
560 3837 756 3906 inquit,
789 3852 951 3891 verus
981 3852 1102 3893 esse
1129 3837 1172 3894 si
1198 3840 1390 3910 probo-

99 3927 284 3980 Servus
311 3927 595 3992 Tonantis,
626 3945 752 3983 vera
783 3929 826 3984 si
850 3937 976 3984 sunt
997 3930 1178 3984 omnia

98 4017 133 4066 A
163 4031 242 4070 me
274 4017 462 4084 relata,
491 4019 608 4073 haac
638 4020 872 4074 credidit
898 4036 1017 4089 quae
1047 4019 1272 4091 femina,

99 4105 301 4162 Solutor
327 4109 442 4178 ejus
472 4112 650 4166 solvat
674 4128 768 4166 ora
799 4114 1098 4174 Zachariae.
1134 4135 1164 4168 ι

99 4194 354 4253 Exclamat
384 4202 486 4256 hac
513 4204 614 4257 sub
641 4220 772 4260 voce
798 4207 904 4262 Zoe
933 4210 1211 4277 gratulans

99 4292 373 4362 Gratesqne
405 4311 645 4366 pangens
675 4313 738 4352 ac
770 4301 1072 4358 medentem
1103 4305 1404 4374 praedicans

104 4377 293 4435 Vidisse
327 4395 532 4439 testans
562 4387 630 4442 ab
655 4391 906 4459 supernis
933 4393 1184 4462 angelum

100 4470 298 4529 Missum
325 4479 571 4533 volumen
597 4482 845 4536 attulisse
872 4485 1124 4542 caalicum

102 4559 374 4635 Virumque
397 4584 565 4637 pansa
598 4570 886 4629 Iuntinasse
913 4576 1128 4646 pagina,

102 4651 183 4709 Bis
202 4660 490 4730 adstupens
518 4663 602 4717 vir
627 4662 741 4730 ejus
770 4667 1156 4738 indulgentiam

101 4746 324 4805 Astratus
353 4754 480 4807 almi
514 4754 718 4820 ﬂagitat
743 4760 1002 4829 vestigiis.

100 4839 274 4898 Christi
300 4848 530 4928 clientes
561 4851 700 4916 quod
728 4863 1009 4921 gravasset
1040 4853 1290 4922 nexibus,

102 4933 374 5008 Mariusque
415 4943 596 5014 buccis
619 4957 910 5014 occupatas
937 4949 1203 5015 eximens,

102 5027 289 5099 Rogare
317 5046 543 5091 sanctos
575 5038 728 5093 liberi
761 5020 1072 5098 recederent

102 5117 214 5175 Sese
239 5125 456 5180 beatum
483 5138 532 5182 et
559 5131 880 5198 expiandum
907 5147 1243 5207 prosequens

101 5207 280 5267 llorum
312 5232 530 5271 recessu
551 5221 596 5273 si
626 5233 923 5278 mereretur
951 5227 1076 5293 pati.

105 5316 121 5330 ι
148 5301 253 5330 ΠηΛ
283 5306 366 5330 Ω...
429 5308 571 5330 “in...
610 5326 682 5330 ____
716 5328 724 5330 _
756 5315 808 5330 ν.

1699 467 1749 525 Α
1777 462 1992 519 Potiora
2017 465 2264 535 praebens
2293 483 2455 537 quam
2482 475 2704 536 rogatur
2728 480 2951 527 munera

1778 555 1880 620 Qui
1909 563 2016 608 tam
2041 571 2294 624 supremo
2321 571 2417 611 vos
2446 558 2680 612 nitentes
2701 556 2936 612 culmine

1777 647 2133 704 Perfectionis
2158 651 2318 704 addet
2339 651 2653 704 eminentia.
2685 669 2706 704 ι

1777 740 1902 795 llaec
1927 756 2090 811 atque
2113 743 2266 812 plura
2296 744 2421 797 dum
2450 744 2731 812 profantur
2762 741 2949 815 inclyti

1777 830 2015 894 Fratres,
2037 823 2303 902 parentes
2325 843 2485 901 atque
2514 834 2669 887 amici
2697 832 2913 903 perfida:

1776 924 2152 982 Persuasionis
2185 926 2360 981 flendo
2388 927 2799 997 pmnitndinem,

1776 1015 1943 1081 Par-ti,
1967 1016 2098 1086 jugo
2123 1033 2335 1086 coepere
2357 1017 2558 1071 Christi
2591 1029 2874 1086 promere:

1777 1107 1891 1163 Sibi
1915 1118 2105 1163 sant-ta
2137 1109 2274 1163 tradi
2309 1124 2498 1177 urgere
2524 1107 2951 1178 primiscrinius;

1778 1201 2132 1256 Sebastianus
2163 1203 2306 1256 hunc
2330 1203 2578 1255 redactos
2601 1201 2832 1254 vinculis

1778 1293 1935 1349 Jnhet
1962 1309 2210 1364 grcgarc,
2237 1295 2394 1347 simul
2421 1303 2710 1364 capessant
2749 1292 2999 1364 mystica,

1777 1388 2007 1457 Sznpcre
2034 1388 2369 1443 Nicostratus
2403 1398 2460 1440 nt
2492 1389 2729 1442 rentibus

1777 1481 1953 1536 Prcssi
1996 1481 2178 1536 subire
2215 1496 2370 1534 sacra
2411 1481 2616 1549 possint
2655 1479 2858 1545 munia,

1777 1573 1930 1643 Capit
1959 1589 2207 1643 supernae
2241 1571 2519 1639 dignitatis
2544 1570 2833 1641 prcesulem

1779 1658 1880 1714 Pro
1908 1660 2202 1714 liberandus
2225 1668 2397 1712 morte
2420 1657 2793 1727 peccatoribus

1780 1750 2082 1803 Mortalium
2111 1765 2168 1804 se
2195 1747 2488 1804 contulisse
2511 1746 2816 1808 obtutibus;

1703 1845 1748 1905 Β
1779 1843 1831 1896 Id
1857 1842 2144 1896 tradidisse
2170 1839 2405 1894 credulis
2435 1839 2751 1910 mysterium

1777 1935 1955 1990 Funes
1983 1933 2176 1988 resolvi
2207 1948 2313 2002 quo
2337 1931 2579 1985 valerent
2608 1926 2916 1983 criminum.

1775 2026 1936 2080 Paret
1962 2043 2174 2080 reorum
2203 2026 2456 2079 obsessor
2478 2037 2667 2076 omnes
2687 2033 3006 2091 aggregans,

1775 2121 1921 2185 Quos
1951 2118 2214 2173 allocutus
2243 2115 2400 2170 miles
2426 2114 2600 2168 almus
2623 2113 2830 2167 invenit

1773 2210 2060 2279 Promptos
2089 2209 2325 2277 supremi
2357 2205 2603 2261 servituti
2636 2203 2918 2275 principis.

1776 2303 2111 2375 Polycarpus
2135 2302 2330 2355 exhinc
2356 2300 2653 2354 advocatus
2681 2298 2966 2366 presbyter

1774 2394 1984 2448 Gaudet
2019 2394 2218 2447 tuendo
2254 2391 2403 2445 lucra
2437 2391 2601 2443 divini
2631 2389 2813 2443 horrei

1776 2485 2119 2552 llortansque
2141 2484 2280 2536 divis
2310 2481 2501 2535 imbuit
2527 2478 2828 2549 profatibus

1774 2578 1940 2632 Casto
1961 2575 2256 2631 sacrandos
2281 2584 2608 2644 praestruens
2634 2571 2856 2642 jc‘junio.

1775 2671 1899 2724 llaec
1925 2685 2054 2738 ergo
2074 2668 2410 2723 Nicostratus
2434 2673 2492 2719 ut
2512 2665 2614 2719 fert
2635 2662 2819 2717 omnia

1774 2761 1990 2815 Patrata
2023 2757 2508 2812 Commentariensi
2536 2755 2780 2821 Claudio,

1774 2852 1891 2905 Mox
1919 2851 2003 2905 ille
2029 2860 2243 2920 gnatos,
2272 2860 2423 2919 peste
2454 2849 2602 2902 varia
2635 2845 2940 2917 languidos,

1772 2945 2008 3010 Quorum
2044 2942 2211 2996 [litore
2234 2949 2422 2994 venter
2452 2955 2616 2993 unum
2651 2938 2942 3008 turgidum,

1772 3037 2048 3106 Frequens
2075 3035 2344 3101 leprosum
2375 3032 2504 3103 feeit
2532 3035 2683 3086 ulcus
2710 3030 2964 3094 alterum,

1772 3125 2018 3188 Adducit,
2054 3125 2159 3177 imo
2189 3140 2247 3178 se
2279 3123 2438 3176 ﬁdem
2469 3123 2566 3175 sub
2597 3130 2816 3190 pectore

1697 3228 1740 3286 ς
1776 3217 1982 3268 Tenere
2013 3214 2209 3276 fassus,
2238 3213 2485 3267 Christus
2513 3213 2702 3265 horum
2726 3209 2897 3280 gloria
2967 3273 2971 3280 ,

1773 3304 1924 3370 Quod
1954 3304 2268 3357 imminente
2295 3302 2485 3356 mortis
2510 3317 2537 3354 a
2571 3301 2810 3370 periculo

1774 3397 2036 3450 ltestitnet
2058 3395 2175 3449 illos
2200 3396 2430 3449 sanitate
2457 3394 2686 3448 reddita.

1770 3490 1914 3552 Quos
1941 3487 2067 3539 dum
2094 3486 2287 3540 beatus
2314 3484 2460 3538 fonte
2487 3483 2816 3555 Polycarpus
2836 3495 2996 3538 sacro

1769 3577 1968 3644 Tingit,
1997 3575 2244 3629 residunt
2268 3575 2410 3628 nulla
2441 3576 2612 3628 morbi
2639 3574 2914 3644 stigmata.

1765 3665 1916 3719 Felix
1943 3673 2201 3716 notantur
2228 3671 2390 3730 atque
2421 3663 2618 3717 Felicis
2641 3661 2803 3716 simul
2826 3661 2891 3733 [ι’.
2924 3659 3289 3716 Felicissimus
3303 3654 3345 3727 ἶ,

1766 3755 2062 3809 Feliciores
2078 3753 2188 3821 jam
2213 3753 2321 3821 pati
2351 3753 2686 3821 parentibus,

1764 3847 1896 3902 Post
1929 3847 2050 3900 inde
2077 3845 2484 3915 Tranquillin‘us
2512 3859 2656 3914 :eger
2682 3842 2930 3915 artubus,

1768 3937 2098 3993 Marcelliani
2127 3936 2308 3988 fratris
2334 3946 2498 4004 atque
2520 3944 2785 4004 prosator,

1768 4030 1902 4084 Dum
1933 4042 1989 4080 se
2016 4027 2219 4081 fatetur
2247 4026 2408 4080 corde
2443 4040 2578 4094 puro
2608 4025 2832 4078 credere

1766 4120 1831 4173 Et
1858 4129 1977 4188 post
2002 4118 2298 4178 lavacrum,
2329 4117 2372 4170 si
2402 4115 2533 4177 luet,
2560 4129 2668 4168 non
2699 4113 2933 4179 desinat,

1765 4210 1914 4265 Litus
1942 4220 2154 4264 sacrato
2175 4209 2469 4278 sospitatur
2494 4206 2768 4276 unguine;

1764 4303 1926 4356 Liber
1947 4301 2132 4356 dolore
2155 4299 2446 4372 pndagrico
2467 4314 2532 4352 ac
2558 4297 2889 4369 chiragrico,

1767 4393 1832 4448 Ut
1863 4393 2141 4447 absolutus
2164 4401 2350 4462 stagna
2379 4393 2519 4446 saltu
2543 4392 2887 4458 irrutnperet,

1766 4483 1962 4539 Verum
1992 4485 2268 4547 invocans,
2292 4497 2452 4551 quem
2483 4483 2714 4536 mundus
2742 4481 2974 4548 ignorat,
3010 4475 3203 4530 Deum.

1691 4586 1746 4646 Ῑ)
1843 4576 1972 4630 Post
1998 4576 2142 4629 hunc
2164 4574 2322 4626 amici
2346 4574 2622 4627 diluuntur
2649 4571 2931 4638 pignorum
2959 4583 2973 4618 :

1766 4669 2204 4728 Crescentianus.
2238 4665 2442 4722 Justus.
2472 4663 2723 4717 Urbanus
2747 4673 2985 4728 quoque,

1769 4766 1976 4828 \‘italis,
2007 4763 2398 4834 Eutbyeianus,
2429 4764 2590 4812 aucto
2615 4756 2906 4818 Aristone;

1766 4856 1968 4909 Deinde
2004 4853 2338 4908 Nicostratus
2363 4859 2418 4904 et
2445 4848 2749 4910 Castorius,

1767 4949 2128 5019 Sequiturque
2159 4941 2674 5002 Commentariensis
2693 4938 2972 4995 Claudius.
3041 4967 3047 4971 ι

1766 5043 1874 5096 Zee
1905 5041 2096 5094 dehinc
2123 5049 2180 5092 et
2211 5037 2581 5108 Symphorosa
2615 5049 2679 5088 ac
2707 5032 2926 5100 Martia,

1769 5133 2195 5186 Vernaculorum
2223 5139 2280 5186 et
2302 5131 2454 5182 turba
2479 5125 2855 5199 primiscriuii,

1765 5223 1899 5278 Cum
1924 5223 2190 5278 carcerali
2222 5225 2287 5276 de
2316 5221 2494 5289 rigore
2521 5220 2707 5274 liberis

1767 5312 1806 5330 Α
2109 5322 2120 5330 .
2237 5314 2249 5326 ο
2293 5314 2452 5330 ι-..’--
2493 5307 2862 5330 ..------..ι2Α-
