3888 5330
490 164 596 220 703
1235 167 1633 226 Ριοῡολιιῡι
1673 169 1993 229 ωΝθΝιαῑ

1606 169 1633 224 ›ι
1673 169 1993 229 ωΝθΝιαι
2027 171 2370 234 REilENSlS
2407 171 2776 247 OPUSCULA
2809 172 3141 248 METR‘ICA,

484 281 681 336 Grates
704 279 1009 352 rependens
1037 279 1267 339 redditis
1289 298 1389 354 pro
1424 283 1634 351 liberis,

485 375 691 442 Quibus
711 376 905 430 astruit
928 391 986 430 se
1016 377 1307 443 redditum,
1341 378 1489 448 ipsos
1515 387 1571 434 et
1590 378 1717 446 sibi,

485 465 764 544 Adgauilet
790 466 872 520 his
898 465 1182 537 praefectus
1203 476 1257 522 et
1281 462 1633 540 ferantjiibet
1722 460 1725 463 ’

487 557 577 610 Dis
600 555 778 620 thura,
821 556 916 610 sed
948 555 1148 612 Christi
1176 557 1328 612 audit
1357 567 1415 613 ut
1440 559 1732 630 praeconia,

483 649 696 702 Clamat
725 649 1010 704 subactum
1035 649 1335 721 liberorum
1367 650 1591 710 insania:
1734 635 1742 641 ’

491 742 692 798 Errore
721 753 937 812 captum
968 743 1110 797 haud
1152 745 1360 798 eruisse
1386 743 1685 797 erroribus.

489 835 558 888 At
591 835 691 890 iste
715 834 844 905 quid
873 835 944 889 sit
976 850 1133 890 error
1155 837 1398 904 apprime
1417 835 1715 906 explicans,

487 925 659 991 Quam
684 927 877 998 dogma
905 934 1153 981 nostrum
1176 942 1365 1005 errore
1393 927 1466 982 sit
1501 911 1855 1003 liberrimum

490 1018 719 1090 [latione
755 1019 890 1073 lucis
910 1029 1032 1075 orat
1056 1019 1438 1074 invictissiina.

492 1112 585 1166 Ast
613 1112 703 1184 qui
737 1113 1043 1186 triumphos
1071 1114 1337 1168 destinavi
1367 1113 1576 1184 percito

487 1201 717 1271 Sigiiare
741 1221 902 1259 curru
957 1206 1163 1260 fervido
1194 1221 1295 1261 axe
1327 1205 1563 1273 volvere,

487 1293 692 1350 Oiiitto
725 1307 779 1350 et
818 1298 916 1350 ista
953 1297 1317 1362 transvolans,
1343 1305 1393 1350 et
1426 1296 1682 1366 plurima.

489 1384 784 1457 Priel'eclos
815 1385 960 1438 illum
990 1387 1234 1460 sessione
1267 1386 1514 1457 proxima

497 1477 562 1531 lft
587 1478 928 1548 tliltllClltllllll_
946 1479 1207 1532 iliinovei'i
1241 1479 1520 1547 postulans

492 1554 776 1644 Nocttique
805 1572 1042 1647 ιιιίιιυιιξ
1066 1573 1295 1651 advocat
1321 1571 1604 1640 secretius,

490 1663 730 1741 Aurique
763 1649 954 1734 magna
984 1647 1323 1734 praeferendo
1347 1649 1614 1731 pondera-

493 1755 632 1809 l’etit
663 1739 865 1831 revolet
897 1758 1023 1823 quis
1055 1754 1202 1827 viget.
1225 1739 1591 1831 iuedicaiiiina

493 1831 609 1916 Ipse
635 1829 913 1921 utfsalutis
938 1846 1028 1917 his
1047 1829 1304 1922 resumat
1323 1833 1542 1899 robora.
1600 1829 1604 1832 ἢ

494 1921 520 1984 ἐ
558 1923 726 2002 Scito,
761 1939 936 2009 inquit
963 1940 1086 2006 iste,
1118 1941 1210 1994 Dei
1239 1939 1474 2002 furorem
1503 1922 1728 2011 perpeti,-

493 2032 697 2111 Christi
727 2041 979 2113 putantes
1010 2031 1360 2109 iiiindintilcm
1395 2032 1652 2101 gratiam,

495 2109 625 2207 [fide
653 2127 829 2210 parari
862 2109 982 2210 qua:
1012 2127 1173 2208 valet,
1205 2109 1311 2182 non
1347 2111 1578 2198 obryzo;

492 2202 697 2271 Credas
734 2202 895 2270 modo
915 2202 1082 2271 illum.
1101 2202 1362 2272 sanitatis
1388 2215 1694 2286 praesulem,

500 2309 634 2382 Vitae
664 2309 928 2376 datorem,
955 2309 1236 2380 sospitatis
1265 2310 1556 2380 prmﬁceni,
1703 2293 1710 2298 ’

494 2399 742 2472 Gaudere
775 2399 953 2470 quibis
986 2401 1194 2471 integra
1223 2414 1346 2454 cum
1379 2388 1576 2470 gaudio

496 2491 683 2546 S.ilute
710 2493 907 2547 mentis
931 2492 1208 2569 gratulans
1235 2499 1288 2548 et
1313 2492 1576 2562 corporis.
1623 2509 1642 2543 ι

495 2581 665 2638 Judex
701 2583 767 2637 ad
800 2583 902 2639 ista
937 2584 1143 2654 pandat
1175 2583 1321 2638 hunc
1348 2583 1554 2654 ﬂagitat

496 2657 616 2747 Quo
645 2671 992 2729 Christianus
1013 2673 1064 2728 vi
1093 2673 1284 2728 salutis
1305 2673 1560 2744 gaudeat.

501 2784 534 2844 ς
555 2765 790 2830 Possim,
822 2767 1017 2836 inquit,
1052 2767 1170 2844 ipse
1203 2764 1805 2843 Clii'istianttsdegerc‘.

499 2859 569 2914 Ut
592 2859 844 2915 sanitatis
880 2843 1147 2914 nuntiarit
1170 2858 1388 2930 gaudia.
1420 2877 1439 2910 ι

498 2952 855 3024 Polycarpum
886 2962 942 3007 at
975 2954 1063 3008 ille
1090 2954 1230 3010 dicta
1255 2963 1307 3008 et
1338 2960 1458 3008 acta
1485 2950 1739 3022 digerens

395 3089 400 3094 .
497 3047 640 3102 Ante
669 3061 764 3100 ora
789 3061 973 3101 secum
1008 3047 1235 3118 proripit
1261 3044 1588 3109 Chromatii,

500 3135 736 3190 Medium
767 3137 1030 3190 bonorum
1073 3137 1161 3191 cui
1191 3136 1385 3192 salutis
1414 3148 1640 3190 munere

501 3226 798 3283 Praefectus
823 3225 1005 3292 oﬁ‘ert,
1038 3242 1254 3293 cmnum
1281 3234 1339 3280 ut
1374 3225 1474 3280 iste
1499 3223 1732 3294 respuit,

499 3318 778 3374 Christum
801 3317 1085 3372 colendum
1118 3301 1396 3388 sospitatis
1421 3315 1608 3386 fenore

502 3408 660 3467 Modo
694 3409 796 3463 hac
827 3407 1053 3463 salutem
1087 3423 1268 3463 merce
1291 3405 1526 3462 dandam
1559 3401 1883 3474 prmdieans,

505 3499 683 3555 Struit
719 3484 991 3554 faventem
1033 3513 1097 3554 ac
1126 3499 1358 3568 imperat
1383 3495 1671 3567 jejunium,

503 3589 614 3646 Nec
639 3592 823 3662 segnis
854 3590 1043 3659 implet
1079 3591 1223 3659 quod
1252 3589 1488 3644 ﬁenduin
1514 3595 1833 3661 praemonet,

505 3682 833 3754 Sebastiano
866 3681 1034 3738 l‘ultiis
1063 3681 1268 3753 inclyto
1295 3682 1432 3737 duce
1457 3697 1475 3736 :

505 3772 619 3827 lloc
638 3771 764 3840 jure
792 3783 1080 3844 postquam
1105 3773 1431 3829 dedicarunt
1456 3771 1714 3836 triduum,

503 3866 939 3921 Commilitoneui
970 3867 1191 3922 visitare
1225 3873 1358 3933 eunt
1387 3879 1616 3931 novum;

507 3955 665 4012 llonc
695 3959 1055 4014 sustinentem
1081 3959 1208 4013 dum
1231 3957 1472 4030 salutant
1496 3965 1716 4014 actuum

507 4048 697 4104 Fidem
726 4051 908 4120 vigere
935 4049 1049 4120 jam
1081 4049 1329 4103 medullis
1354 4047 1611 4104 hauriunt
1635 4064 1650 4102 :

509 4139 710 4202 Poscit,
741 4149 1022 4209 parentem
1043 4137 1385 4208 ceu'piorum
1415 4123 1731 4206 erexerant,

512 4226 828 4282 Nodositate
863 4243 924 4283 se
947 4226 1220 4282 resolvant
1246 4237 1499 4292 artuum;

512 4318 590 4373 Illi
627 4319 839 4375 dolores
867 4319 1232 4390 sempiternos
1258 4317 1566 4398 praeferunt

511 4410 843 4467 Crudelitate
876 4411 1236 4469 terminandis
1265 4412 1523 4482 impares,

513 4503 622 4559 Eos
651 4503 939 4570 timendos,
985 4504 1374 4574 praicavendos
1409 4503 1749 4560 admonent:

513 4595 711 4651 Charis
739 4595 969 4652 salutem
998 4598 1408 4668 competenilam
1441 4607 1739 4668 perpetem.

515 4685 832 4751 Praefectus,
861 4697 919 4742 ut
951 4703 1068 4743 nios
1099 4697 1182 4752 est
1207 4690 1512 4754 sacraiidis,
1547 4689 1768 4748 unicum

517 4780 621 4834 Dit
650 4795 866 4844 nomen,
898 4796 1103 4850 augens
1130 4781 1297 4836 ﬁlium
1326 4781 1653 4837 'l‘ibiirtium.

519 4869 875 4924 Sebastianus
904 4881 1092 4925 sancta
1127 4880 1314 4926 sancte
1341 4873 1554 4928 tradere

521 4958 724 5014 Doctus
748 4961 936 5016 salutis
965 4963 1262 5032 corporalis
1283 4975 1582 5034 praemonet

521 5048 721 5106 Szibire
759 5068 914 5107 sacra
940 5071 1006 5108 ne
1037 5063 1186 5124 petat
1221 5057 1381 5114 modo
1405 5059 1602 5126 gratia,

527 5141 558 5192 \
578 5143 661 5197 ita:
689 5147 940 5214 perennis
975 5147 1138 5204 corde
1157 5151 1290 5220 quin
1323 5167 1474 5222 spem
1507 5152 1724 5222 colligat

530 5229 876 5305 blentemque
901 5253 1110 5304 veram,
1135 5241 1180 5295 si
1210 5241 1440 5298 salutem
1469 5243 1682 5312 diligat,

2103 301 2150 358 Α
2184 287 2423 358 Frangat
2454 288 2654 360 ﬁguras
2683 301 2819 357 quas
2844 285 3060 342 colebat
3081 287 3310 354 ﬁctiles;
3345 335 3360 346 .

2124 378 2128 380 ’
2181 376 2291 431 Nec
2313 392 2468 446 posse
2498 376 2649 432 fonte
2679 376 2994 432 sanctitatis
3017 376 3160 432 ablui
3319 364 3322 366 ⁷

2181 467 2350 523 Secus
2381 468 2484 524 nisi
2515 482 2706 524 omnes
2739 467 3006 523 idolorum
3042 468 3270 539 niigulas

2180 560 2337 616 Prius
2363 561 2650 625 abdicarit,
2681 571 2864 632 strage
2895 576 3131 630 quorum
3162 561 3391 628 sanitas

2183 652 2558 724 ltedititegrari
2583 651 2829 707 sauciato
2855 652 3071 726 debeat.

2180 744 2344 818 Qucis
2371 754 2647 799 annuente
2669 752 2727 800 et
2753 743 3014 800 vernulas
3049 743 3380 799 Chromatio

2178 837 2258 890 Ad
2290 837 2404 890 huic
2431 835 2678 906 juheiite,
2708 850 2814 891 non
2844 836 3033 890 siiiuiit
3057 834 3360 890 doctissimi

2179 930 2356 985 Duces
2384 931 2613 984 inertem
2645 929 2749 983 hoc
2773 928 2956 998 praelio
2981 943 3203 982 manum
3225 928 3376 992 dari;

2179 1021 2328 1076 Bello
2351 1021 2607 1092 supernis
2643 1021 2752 1074 imo
2783 1020 2879 1074 tiiti
2910 1019 3188 1089 principes

2178 1113 2483 1182 Cingiiiitiir
2504 1111 2695 1176 armis,
2725 1127 2862 1165 vana
2889 1111 3066 1166 adorti
3099 1111 3395 1176 schemata

2183 1205 2407 1269 liotare,
2441 1207 2622 1261 divum
2659 1219 2780 1259 mox
2809 1205 3044 1278 ducenta
3082 1203 3166 1258 vel
3193 1203 3423 1272 amplius

2181 1298 2462 1368 Figineuta
2493 1297 2658 1350 larvis
2686 1295 2954 1350 labi-icata
2981 1302 3310 1361 conterunt;

2182 1389 2346 1458 Queis
2373 1387 2724 1461 (comminutis
2745 1386 2951 1456 gratias
2977 1385 3086 1439 Deo
3115 1381 3336 1465 ferunt.~

2184 1483 2357 1537 Di'ata
2386 1483 2581 1537 suadet
2609 1495 2741 1535 cura
2771 1479 3106 1551 diligentius

2185 1575 2340 1629 lliinc
2373 1573 2666 1637 sciscitari,
2694 1572 2938 1645 pressius
2970 1571 3114 1631 hunc
3136 1566 3358 1624 discuti.

2115 1669 2157 1736 Β
2185 1667 2321 1735 Quid
2353 1675 2531 1725 mente
2559 1675 2755 1738 gestet,
2793 1665 2836 1720 si
2867 1679 2976 1734 qua,
3010 1662 3092 1717 vel
3125 1661 3448 1716 resederint-

2181 1758 2350 1813 llliesa
2385 1768 2627 1814 monstra
2656 1757 2995 1814 turbidoruin
3028 1757 3334 1817 numinum,

2185 1848 2424 1904 Dubiove
2453 1849 2619 1903 corde
2657 1849 3011 1902 siibiiotatum
3054 1845 3396 1922 scrupulum:

2182 1938 2496 1994 Adiilterina
2529 1940 2719 2009 pandit
2748 1938 2837 1993 ille
2869 1939 3180 1994 machinam
3217 1938 3219 1941 ’

2186 2028 2356 2106 Vitrei
2388 2031 2585 2086 cubilis
2608 2041 2726 2086 arte
2759 2031 2961 2086 cultant
2993 2030 3211 2094 cuilica,

2185 2120 2549 2176 Portciituoso
2578 2123 2732 2193 signa
2765 2106 2981 2177 daiiteiii
3013 2122 3338 2192 :cniginate;

2186 2215 2230 2280 A
2262 2225 2416 2285 patre
2438 2215 2588 2286 plura
2613 2213 2833 2269 fabrica:
2866 2213 3026 2283 litijus
3057 2214 3297 2283 pondera
3351 2200 3356 2202 ⁷

2188 2291 2318 2361 Auri
2349 2307 2498 2362 litata
2529 2308 2602 2362 nil
2630 2308 2774 2364 domi
2805 2324 2927 2362 esse
2958 2308 3178 2362 cliarius

2190 2398 2496 2476 i‘lluiistraiit
2525 2399 2783 2454 docentes
2813 2399 2863 2453 id
2895 2399 3088 2453 salutis
3115 2396 3370 2452 aemulum

2189 2491 2273 2544 Nil
2300 2505 2421 2545 esse
2453 2492 2641 2556 ﬁdunt,
2676 2500 2770 2546 aut
2793 2491 3008 2566 veritati
3036 2503 3360 2561 consonum

2189 2582 2472 2658 Figmeiita
2502 2566 2836 2650 val‘risgcaica
2861 2583 3021 2654 nugis
3055 2581 3273 2637 volvere
3299 2595 3314 2634 :

2189 2672 2274 2728 Nil
2303 2674 2578 2743 puritatis,
2605 2673 2677 2727 nil
2703 2672 3001 2742 jiivaminis
3025 2673 3212 2737 edere,

2190 2766 2540 2843 Ifrobantqiie
2563 2750 2712 2822 clara
2744 2766 2862 2821 luce
2894 2765 3004 2820 divi
3035 2764 3276 2818 mulieri!~

2191 2857 2275 2912 Nil
2307 2857 2556 2912 veritatis
2587 2857 2674 2912 his
2701 2856 2871 2911 latere
2902 2854 3207 2910 nitncliicis.

2194 2949 2394 3019 Stupet
2423 2957 2626 3004 retecta
2661 2948 2780 3003 luce
2807 2961 2932 3001 vere
2953 2945 3260 3016 languidus,

2115 3027 2161 3092 C
2194 3040 2473 3111 Deumque
2495 3039 2668 3094 solum
2695 3038 2827 3108 legis
2857 3035 3015 3105 hujus
3041 3036 3325 3106 praidicat,

2193 3131 2294 3198 Qui
2325 3141 2432 3185 taiu
2463 3146 2654 3187 serena
2688 3131 2806 3184 luce
2828 3143 3016 3184 servos
3035 3129 3266 3193 evibrat,

2193 3224 2474 3297 Favetqiie
2494 3221 2716 3276 demum
2733 3215 3046 3290 'coiil'ragosi
3077 3217 3316 3273 numinis

2195 3315 2392 3372 Stibire
2421 3315 2638 3379 damna,
2660 3312 2908 3387 salutatis
2929 3325 3110 3367 arcem
3142 3311 3385 3381 duplicis,

2195 3409 2288 3465 Sic
2313 3407 2668 3478 appetendam
2701 3405 2968 3462 conﬁtens
2989 3419 3051 3460 se
3077 3403 3322 3460 credere.

2195 3501 2425 3570 Exponit
2452 3514 2583 3569 ergo
2615 3499 2659 3554 si
2691 3499 2820 3568 quid
2847 3497 3106 3552 ornandae
3128 3497 3322 3550 donius

2195 3590 2348 3656 Signi
2374 3590 2560 3644 residit
2587 3589 2816 3659 geinuiei
2841 3603 2935 3642 seu
2959 3587 3115 3642 vitrei
3136 3603 3176 3668 ;⁸

2193 3683 2428 3754 Fragilis
2453 3682 2654 3755 metalli
2679 3683 2807 3736 dum
2833 3691 3081 3737 teruntur
3104 3689 3438 3759 stemmata,

2196 3775 2498 3832 Chromatii
2522 3790 2582 3831 se
2608 3775 2904 3844 prieferens
2928 3773 3204 3828 obtutibus

2196 3865 2420 3922 Juvciiis
2449 3880 2678 3921 corusco
2703 3865 2942 3934 splendet
2975 3879 3070 3918 ore
3094 3862 3378 3926 ﬁaiumeis,

2198 3959 2423 4015 Missum
2455 3973 2772 4015 asseverans
2801 3973 2862 4012 se
2885 3956 3133 4026 supernis
3155 3954 3386 4019 sedibus,

2199 4053 2242 4107 A
2269 4067 2394 4122 rege
2413 4051 2632 4107 Christo
2657 4049 2972 4120 sospitatem
3003 4046 3234 4102 vividam

2201 4141 2486 4198 Credentis
2515 4140 2672 4210 trgi'is
2695 4149 2754 4193 ut
2781 4137 3032 4193 refundat
3050 4136 3296 4191 artubus.

2201 4233 2280 4289 Ad
2313 4235 2428 4288 hazc
2450 4233 2662 4302 vigente
2692 4245 2860 4286 sanus
2876 4231 3022 4285 omni
3057 4243 3298 4299 corpore.

2202 4323 2499 4379 Praefectus
2527 4325 2700 4378 audax
2729 4331 2852 4394 post
2879 4322 3184 4377 medentem
3206 4334 3456 4385 currere,

2123 4387 2184 4447 Β·
2204 4416 2438 4486 (Σαξιρειο
2466 4430 2662 4484 corpus
2695 4387 2968 4469 inhibetur
2991 4422 3241 4482 tangere;

2203 4508 2506 4563 Sebastiani
2534 4508 2628 4563 sed
2655 4516 2846 4562 tenens
2883 4506 3112 4574 vestigia

2205 4601 2428 4656 Fatetur
2453 4615 2572 4656 esse
2599 4600 2741 4655 celsa
2783 4598 2980 4653 Christi
3005 4596 3264 4660 culmina,

2205 4696 2392 4751 Solum
2427 4695 2570 4752 hunc
2601 4694 2882 4749 colendum
2915 4690 3174 4763 praedicat
3203 4687 3506 4756 Tiburtius,

2205 4785 2374 4843 Paulo
2395 4768 2522 4840 ante
2550 4793 2770 4839 sanctos
2795 4782 3078 4837 destinans
3105 4779 3438 4844 fornacibus,

2210 4879 2562 4933 Sebastianus
2589 4876 2788 4931 Christi
2817 4873 3068 4935 alendum
3100 4871 3335 4941 tegmine

2213 4970 2463 5040 Spoliare
2488 4968 2688 5023 mundo
2718 4966 2905 5036 deligit
2932 4964 3328 5029 Chromatium,

2211 5059 2522 5129 Suadetqiie
2552 5069 2868 5110 successore
2899 5053 3055 5109 laetus
3087 5061 3247 5120 exeat

2211 5149 2395 5204 Mundi
2422 5147 2810 5217 occupatione;
2841 5146 3018 5215 poscit
3042 5144 3218 5214 gratia

2209 5240 2323 5296 Deo
2347 5239 2571 5294 vacandi
2598 5239 2760 5292 rebus
2781 5237 3049 5292 arbitrum
3083 5233 3306 5288 urbicis.
